filing_date,code,fiscal_year_end,quarterly_period,net_sales,net_sales_change,revenue,revenue_change,operating_revenue,operating_revenue_change,operating_profit,operating_profit_change,ordinary_profit,ordinary_profit_change,net_income,net_income_of_parent,net_income_change,eps,diluted_eps,roe,roa,operating_profit_to_net_sales,operating_profit_to_revenue,total_assets,net_assets,equity_ratio,bps,owner_equity,operating_cash_flow,investing_cash_flow,financing_cash_flow,cash,dividend_per_share,payout_ratio,commemorative_dividend,extra_dividend,number_of_shares,number_of_treqsury_shares,avg_number_of_shares,is_consolidated,is_forecast,duration,period_start,period_end,period_pos
2015-05-08,85720,2015-03-31,,,,,,219289000000,0.084,14073000000,-0.018,14747000000,-0.053,12864000000,,0.210,8.21,,0.042,0.013,,,1190368000000,328315000000,0.263,199.53,312587000000,-38249000000,-5155000000,13503000000,122306000000,,,,,,,,true,false,12,2014-04-01,2015-03-31,0
2015-05-08,85720,2014-03-31,,,,,,202240000000,0.048,14333000000,-0.316,15567000000,-0.287,10632000000,,-0.490,6.79,,0.037,0.013,,,1155203000000,306726000000,0.255,187.92,294393000000,-29135000000,-9342000000,-21392000000,151711000000,,,,,,,,true,false,12,2013-04-01,2014-03-31,-1
2015-05-08,85720,2016-03-31,,,,,,113200000000,0.061,27900000000,-0.077,28200000000,-0.076,,25200000000,,16.09,,,,,,,,,,,,,,,,,,,,,,true,true,6,2015-04-01,2015-09-30,1
2015-05-08,85720,2016-03-31,,,,,,230000000000,0.049,57600000000,3.093,57800000000,2.919,,51000000000,,32.55,,,,,,,,,,,,,,,,,,,,,,true,true,12,2015-04-01,2016-03-31,1
2015-05-08,85720,2015-03-31,,,,,,163644000000,0.051,1132000000,-0.763,4161000000,-0.492,9316000000,,0.123,5.95,,,,,,975799000000,290252000000,0.297,185.27,290252000000,,,,,0.00,,,,1596282800,29668519,1566614308,false,false,12,2014-04-01,2015-03-31,0
2015-05-08,85720,2014-03-31,,,,,,155659000000,-0.002,4780000000,-0.628,8192000000,-0.556,8297000000,,-0.622,5.30,,,,,,972335000000,278173000000,0.286,177.56,278173000000,,,,,0.00,,,,1596282800,29668359,1566614961,false,false,12,2013-04-01,2014-03-31,-1
2015-05-08,85720,2016-03-31,,,,,,84700000000,0.056,21600000000,-0.106,22700000000,-0.154,22600000000,,-0.185,14.43,,,,,,,,,,,,,,,,,,,,,,false,true,6,2015-04-01,2015-09-30,1
2015-05-08,85720,2016-03-31,,,,,,171500000000,0.048,45100000000,,46300000000,,46100000000,,3.948,29.43,,,,,,,,,,,,,,,0.00,,,,,,,false,true,12,2015-04-01,2016-03-31,1
2015-07-29,85720,2016-03-31,1,,,,,58660000000,0.114,18610000000,0.215,18794000000,0.217,,16938000000,,10.81,,,,,,1181527000000,345358000000,0.279,,329289000000,,,,,,,,,,,,true,false,3,2015-04-01,2015-06-30,0
2015-07-29,85720,2015-03-31,1,,,,,52653000000,0.070,15315000000,-0.020,15442000000,-0.023,,13991000000,,8.93,,,,,,,,,,,,,,,,,,,,,,true,false,3,2014-04-01,2014-06-30,-1
2015-07-29,85720,2016-03-31,1,,,,,113200000000,0.061,27900000000,-0.077,28200000000,-0.076,,25200000000,,16.09,,,,,,,,,,,,,,,,,,,,,,true,true,6,2015-04-01,2015-09-30,0
2015-07-29,85720,2016-03-31,1,,,,,230000000000,0.049,57600000000,3.093,57800000000,2.919,,51000000000,,32.55,,,,,,,,,,,,,,,,,,,,,,true,true,12,2015-04-01,2016-03-31,0
2015-07-29,85720,2015-03-31,1,,,,,,,,,,,,,,,,,,,,1190368000000,328315000000,0.263,,312587000000,,,,,,,,,,,,true,false,12,2014-04-01,2015-03-31,-1
2015-07-29,85720,2015-03-31,1,,,,,,,,,,,,,,,,,,,,,,,,,,,,,0.00,,,,1596282800,29668519,,false,false,12,2014-04-01,2015-03-31,-1
2015-07-29,85720,2016-03-31,1,,,,,,,,,,,,,,,,,,,,,,,,,,,,,0.00,,,,,,,false,true,12,2015-04-01,2016-03-31,0
2015-07-29,85720,2016-03-31,1,,,,,,,,,,,,,,,,,,,,,,,,,,,,,,,,,1596282800,29668519,1566614281,false,false,3,2015-04-01,2015-06-30,0
2015-07-29,85720,2015-03-31,1,,,,,,,,,,,,,,,,,,,,,,,,,,,,,,,,,,,1566614342,false,false,3,2014-04-01,2014-06-30,-1
2015-10-28,85720,2016-03-31,,,,,,118400000000,0.046,36900000000,0.323,37100000000,0.316,,33800000000,,21.58,,,,,,,,,,,,,,,,,,,,,,true,true,6,2015-04-01,2015-09-30,0
2015-10-28,85720,2015-03-31,,,,,,106738000000,,30219000000,,30506000000,,,28090000000,,17.93,,,,,,,,,,,,,,,,,,,,,,true,false,6,2014-04-01,2014-09-30,-1
2015-10-28,85720,2016-03-31,,,,,,87200000000,0.030,29000000000,0.343,30400000000,0.339,30300000000,,0.341,19.34,,,,,,,,,,,,,,,,,,,,,,false,true,6,2015-04-01,2015-09-30,0
2015-10-28,85720,2015-03-31,,,,,,80220000000,,24158000000,,26835000000,,27718000000,,,17.69,,,,,,,,,,,,,,,,,,,,,,false,false,6,2014-04-01,2014-09-30,-1
2015-11-05,85720,2016-03-31,2,,,,,118407000000,0.109,36917000000,0.222,37179000000,0.219,,33814000000,,21.58,,,,,,1203896000000,362349000000,0.287,,345682000000,,,,,,,,,,,,true,false,6,2015-04-01,2015-09-30,0
2015-11-05,85720,2015-03-31,2,,,,,106738000000,0.070,30219000000,-0.033,30506000000,-0.040,,28090000000,,17.93,,,,,,,,,,,,,,,,,,,,,,true,false,6,2014-04-01,2014-09-30,-1
2015-11-05,85720,2016-03-31,2,,,,,230000000000,0.049,57600000000,3.093,57800000000,2.919,,51000000000,,32.55,,,,,,,,,,,,,,,,,,,,,,true,true,12,2015-04-01,2016-03-31,0
2015-11-05,85720,2015-03-31,2,,,,,,,,,,,,,,,,,,,,1190368000000,328315000000,0.263,,312587000000,,,,,,,,,,,,true,false,12,2014-04-01,2015-03-31,-1
2015-11-05,85720,2015-03-31,2,,,,,,,,,,,,,,,,,,,,,,,,,,,,,0.00,,,,1596282800,29668519,,false,false,12,2014-04-01,2015-03-31,-1
2015-11-05,85720,2016-03-31,2,,,,,,,,,,,,,,,,,,,,,,,,,,,,,0.00,,,,,,,false,false,12,2015-04-01,2016-03-31,0
2015-11-05,85720,2016-03-31,2,,,,,,,,,,,,,,,,,,,,,,,,,,,,,,,,,1596282800,29668592,1566614263,false,false,6,2015-04-01,2015-09-30,0
2015-11-05,85720,2015-03-31,2,,,,,,,,,,,,,,,,,,,,,,,,,,,,,,,,,,,1566614332,false,false,6,2014-04-01,2014-09-30,-1
2016-01-29,85720,2016-03-31,3,,,,,177924000000,0.095,40950000000,0.073,41516000000,0.073,,35538000000,,22.68,,,,,,1166374000000,358713000000,0.296,,345019000000,,,,,,,,,,,,true,false,9,2015-04-01,2015-12-31,0
2016-01-29,85720,2015-03-31,3,,,,,162541000000,0.077,38173000000,-0.187,38681000000,-0.189,,34958000000,,22.31,,,,,,,,,,,,,,,,,,,,,,true,false,9,2014-04-01,2014-12-31,-1
2016-01-29,85720,2016-03-31,3,,,,,230000000000,0.049,57600000000,3.093,57800000000,2.919,,51000000000,,32.55,,,,,,,,,,,,,,,,,,,,,,true,true,12,2015-04-01,2016-03-31,0
2016-01-29,85720,2015-03-31,3,,,,,,,,,,,,,,,,,,,,1190368000000,328315000000,0.263,,312587000000,,,,,,,,,,,,true,false,12,2014-04-01,2015-03-31,-1
2016-01-29,85720,2015-03-31,3,,,,,,,,,,,,,,,,,,,,,,,,,,,,,0.00,,,,1596282800,29668519,,false,false,12,2014-04-01,2015-03-31,-1
2016-01-29,85720,2016-03-31,3,,,,,,,,,,,,,,,,,,,,,,,,,,,,,0.00,,,,,,,false,false,12,2015-04-01,2016-03-31,0
2016-01-29,85720,2016-03-31,3,,,,,,,,,,,,,,,,,,,,,,,,,,,,,,,,,1596282800,29668592,1566614245,false,false,9,2015-04-01,2015-12-31,0
2016-01-29,85720,2015-03-31,3,,,,,,,,,,,,,,,,,,,,,,,,,,,,,,,,,,,1566614316,false,false,9,2014-04-01,2014-12-31,-1
2016-04-25,85720,2016-03-31,,,,,,237600000000,0.033,15500000000,-0.731,16200000000,-0.720,,14500000000,,9.26,,,,,,,,,,,,,,,,,,,,,,true,true,12,2015-04-01,2016-03-31,0
2016-04-25,85720,2015-03-31,,,,,,219289000000,,14073000000,,14747000000,,,12864000000,,8.21,,,,,,,,,,,,,,,,,,,,,,true,false,12,2014-04-01,2015-03-31,-1
2016-04-25,85720,2016-03-31,,,,,,175300000000,0.022,1000000000,-0.978,5100000000,-0.890,9800000000,,-0.787,6.26,,,,,,,,,,,,,,,0.00,,,,,,,false,true,12,2015-04-01,2016-03-31,0
2016-04-25,85720,2015-03-31,,,,,,163644000000,,1132000000,,4161000000,,9316000000,,,5.95,,,,,,,,,,,,,,,0.00,,,,,,,false,false,12,2014-04-01,2015-03-31,-1
2016-04-25,85720,2016-03-31,,,,,,,,,,,,,,,,,,,,,,,,,,,,,,0.00,,,,,,,false,false,12,2015-04-01,2016-03-31,0
2016-05-09,85720,2016-03-31,,,,,,237683000000,0.084,15516000000,0.103,16200000000,0.099,,14598000000,,9.32,,0.046,0.014,,,1175063000000,338132000000,0.275,206.42,323377000000,-43045000000,-2368000000,6589000000,83275000000,,,,,,,,true,false,12,2015-04-01,2016-03-31,0
2016-05-09,85720,2015-03-31,,,,,,219289000000,0.084,14073000000,-0.018,14747000000,-0.053,,12864000000,,8.21,,0.042,0.013,,,1190368000000,328315000000,0.263,199.53,312587000000,-38249000000,-5155000000,13503000000,122306000000,,,,,,,,true,false,12,2014-04-01,2015-03-31,-1
2016-05-09,85720,2017-03-31,,,,,,120100000000,0.014,33000000000,-0.106,33300000000,-0.104,,29800000000,,19.02,,,,,,,,,,,,,,,,,,,,,,true,true,6,2016-04-01,2016-09-30,1
2016-05-09,85720,2017-03-31,,,,,,242300000000,0.019,64800000000,3.176,65300000000,3.031,,58500000000,,37.34,,,,,,,,,,,,,,,,,,,,,,true,true,12,2016-04-01,2017-03-31,1
2016-05-09,85720,2016-03-31,,,,,,175380000000,0.072,1028000000,-0.091,5171000000,0.243,9857000000,,0.058,6.29,,,,,,970803000000,300109000000,0.309,191.57,300109000000,,,,,0.00,,,,1596282800,29668592,1566614236,false,false,12,2015-04-01,2016-03-31,0
2016-05-09,85720,2015-03-31,,,,,,163644000000,0.051,1132000000,-0.763,4161000000,-0.492,9316000000,,0.123,5.95,,,,,,975799000000,290252000000,0.297,185.27,290252000000,,,,,0.00,,,,1596282800,29668519,1566614308,false,false,12,2014-04-01,2015-03-31,-1
2016-05-09,85720,2017-03-31,,,,,,90000000000,0.032,25600000000,-0.120,26600000000,-0.127,26500000000,,-0.128,16.92,,,,,,,,,,,,,,,,,,,,,,false,true,6,2016-04-01,2016-09-30,1
2016-05-09,85720,2017-03-31,,,,,,180900000000,0.031,51300000000,,52500000000,9.153,52300000000,,4.306,33.38,,,,,,,,,,,,,,,0.00,,,,,,,false,true,12,2016-04-01,2017-03-31,1
2016-07-28,85720,2017-03-31,1,,,,,59878000000,0.021,18491000000,-0.006,18578000000,-0.011,,17211000000,,10.99,,,,,,1159750000000,353510000000,0.292,,339070000000,,,,,,,,,,,,true,false,3,2016-04-01,2016-06-30,0
2016-07-28,85720,2016-03-31,1,,,,,58660000000,0.114,18610000000,0.215,18794000000,0.217,,16938000000,,10.81,,,,,,,,,,,,,,,,,,,,,,true,false,3,2015-04-01,2015-06-30,-1
2016-07-28,85720,2017-03-31,1,,,,,120100000000,0.014,33000000000,-0.106,33300000000,-0.104,,29800000000,,19.02,,,,,,,,,,,,,,,,,,,,,,true,true,6,2016-04-01,2016-09-30,0
2016-07-28,85720,2017-03-31,1,,,,,242300000000,0.019,64800000000,3.176,65300000000,3.031,,58500000000,,37.34,,,,,,,,,,,,,,,,,,,,,,true,true,12,2016-04-01,2017-03-31,0
2016-07-28,85720,2016-03-31,1,,,,,,,,,,,,,,,,,,,,1175063000000,338132000000,0.275,,323377000000,,,,,,,,,,,,true,false,12,2015-04-01,2016-03-31,-1
2016-07-28,85720,2016-03-31,1,,,,,,,,,,,,,,,,,,,,,,,,,,,,,0.00,,,,1596282800,29668592,,false,false,12,2015-04-01,2016-03-31,-1
2016-07-28,85720,2017-03-31,1,,,,,,,,,,,,,,,,,,,,,,,,,,,,,0.00,,,,,,,false,true,12,2016-04-01,2017-03-31,0
2016-07-28,85720,2017-03-31,1,,,,,,,,,,,,,,,,,,,,,,,,,,,,,,,,,1596282800,29668592,1566614208,false,false,3,2016-04-01,2016-06-30,0
2016-07-28,85720,2016-03-31,1,,,,,,,,,,,,,,,,,,,,,,,,,,,,,,,,,,,1566614281,false,false,3,2015-04-01,2015-06-30,-1
2016-11-01,85720,2017-03-31,2,,,,,121023000000,0.022,38266000000,0.037,38484000000,0.035,,35927000000,,22.93,,,,,,1166819000000,369023000000,0.304,,354921000000,,,,,,,,,,,,true,false,6,2016-04-01,2016-09-30,0
2016-11-01,85720,2016-03-31,2,,,,,118407000000,0.109,36917000000,0.222,37179000000,0.219,,33814000000,,21.58,,,,,,,,,,,,,,,,,,,,,,true,false,6,2015-04-01,2015-09-30,-1
2016-11-01,85720,2017-03-31,2,,,,,242300000000,0.019,64800000000,3.176,65300000000,3.031,,58500000000,,37.34,,,,,,,,,,,,,,,,,,,,,,true,true,12,2016-04-01,2017-03-31,0
2016-11-01,85720,2016-03-31,2,,,,,,,,,,,,,,,,,,,,1175063000000,338132000000,0.275,,323377000000,,,,,,,,,,,,true,false,12,2015-04-01,2016-03-31,-1
2016-11-01,85720,2016-03-31,2,,,,,,,,,,,,,,,,,,,,,,,,,,,,,0.00,,,,1596282800,29668592,,false,false,12,2015-04-01,2016-03-31,-1
2016-11-01,85720,2017-03-31,2,,,,,,,,,,,,,,,,,,,,,,,,,,,,,0.00,,,,,,,false,false,12,2016-04-01,2017-03-31,0
2016-11-01,85720,2017-03-31,2,,,,,,,,,,,,,,,,,,,,,,,,,,,,,,,,,1596282800,29668592,1566614208,false,false,6,2016-04-01,2016-09-30,0
2016-11-01,85720,2016-03-31,2,,,,,,,,,,,,,,,,,,,,,,,,,,,,,,,,,,,1566614263,false,false,6,2015-04-01,2015-09-30,-1
2017-01-30,85720,2017-03-31,3,,,,,182516000000,0.026,43194000000,0.055,43621000000,0.051,,39629000000,,25.30,,,,,,1166922000000,372944000000,0.307,,358229000000,,,,,,,,,,,,true,false,9,2016-04-01,2016-12-31,0
2017-01-30,85720,2016-03-31,3,,,,,177924000000,0.095,40950000000,0.073,41516000000,0.073,,35538000000,,22.68,,,,,,,,,,,,,,,,,,,,,,true,false,9,2015-04-01,2015-12-31,-1
2017-01-30,85720,2017-03-31,3,,,,,242300000000,0.019,64800000000,3.176,65300000000,3.031,,58500000000,,37.34,,,,,,,,,,,,,,,,,,,,,,true,true,12,2016-04-01,2017-03-31,0
2017-01-30,85720,2016-03-31,3,,,,,,,,,,,,,,,,,,,,1175063000000,338132000000,0.275,,323377000000,,,,,,,,,,,,true,false,12,2015-04-01,2016-03-31,-1
2017-01-30,85720,2016-03-31,3,,,,,,,,,,,,,,,,,,,,,,,,,,,,,0.00,,,,1596282800,29668592,,false,false,12,2015-04-01,2016-03-31,-1
2017-01-30,85720,2017-03-31,3,,,,,,,,,,,,,,,,,,,,,,,,,,,,,0.00,,,,,,,false,false,12,2016-04-01,2017-03-31,0
2017-01-30,85720,2017-03-31,3,,,,,,,,,,,,,,,,,,,,,,,,,,,,,,,,,1596282800,29668592,1566614208,false,false,9,2016-04-01,2016-12-31,0
2017-01-30,85720,2016-03-31,3,,,,,,,,,,,,,,,,,,,,,,,,,,,,,,,,,,,1566614245,false,false,9,2015-04-01,2015-12-31,-1
2017-04-26,85720,2017-03-31,,,,,,245100000000,0.012,-70100000000,,-69500000000,,,-72100000000,,-46.02,,,,,,,,,,,,,,,,,,,,,,true,true,12,2016-04-01,2017-03-31,0
2017-04-26,85720,2016-03-31,,,,,,237683000000,,15516000000,,16200000000,,,14598000000,,9.32,,,,,,,,,,,,,,,,,,,,,,true,false,12,2015-04-01,2016-03-31,-1
2017-04-26,85720,2017-03-31,,,,,,183900000000,0.017,-85300000000,,-84000000000,,-79200000000,,,-50.55,,,,,,,,,,,,,,,0.00,,,,,,,false,true,12,2016-04-01,2017-03-31,0
2017-04-26,85720,2016-03-31,,,,,,175380000000,,1028000000,,5171000000,,9857000000,,,6.29,,,,,,,,,,,,,,,0.00,,,,,,,false,false,12,2015-04-01,2016-03-31,-1
2017-04-26,85720,2017-03-31,,,,,,,,,,,,,,,,,,,,,,,,,,,,,,0.00,,,,,,,false,false,12,2016-04-01,2017-03-31,0
2017-05-10,85720,2017-03-31,,,,,,245148000000,0.031,-70166000000,,-69543000000,,,-72187000000,,-46.08,,-0.252,-0.058,,,1228930000000,267226000000,0.203,159.58,250006000000,-37451000000,-2858000000,58863000000,101719000000,,,,,,,,true,false,12,2016-04-01,2017-03-31,0
2017-05-10,85720,2016-03-31,,,,,,237683000000,0.084,15516000000,0.103,16200000000,0.099,,14598000000,,9.32,,0.046,0.014,,,1175063000000,338132000000,0.275,206.42,323377000000,-43045000000,-2368000000,6589000000,83275000000,,,,,,,,true,false,12,2015-04-01,2016-03-31,-1
2017-05-10,85720,2018-03-31,,,,,,127100000000,0.050,35400000000,-0.075,35700000000,-0.072,,31800000000,,20.30,,,,,,,,,,,,,,,,,,,,,,true,true,6,2017-04-01,2017-09-30,1
2017-05-10,85720,2018-03-31,,,,,,257000000000,0.048,71300000000,,71800000000,,,64200000000,,40.98,,,,,,,,,,,,,,,,,,,,,,true,true,12,2017-04-01,2018-03-31,1
2017-05-10,85720,2017-03-31,,,,,,183997000000,0.049,-85390000000,,-84054000000,,-79289000000,,,-50.61,,,,,,1021927000000,220816000000,0.216,140.95,220816000000,,,,,0.00,,,,1596282800,29668592,1566614208,false,false,12,2016-04-01,2017-03-31,0
2017-05-10,85720,2016-03-31,,,,,,175380000000,0.072,1028000000,-0.091,5171000000,0.243,9857000000,,0.058,6.29,,,,,,970803000000,300109000000,0.309,191.57,300109000000,,,,,0.00,,,,1596282800,29668592,1566614236,false,false,12,2015-04-01,2016-03-31,-1
2017-05-10,85720,2018-03-31,,,,,,95000000000,0.045,27600000000,-0.087,30900000000,-0.011,30700000000,,-0.044,19.60,,,,,,,,,,,,,,,,,,,,,,false,true,6,2017-04-01,2017-09-30,1
2017-05-10,85720,2018-03-31,,,,,,191600000000,0.041,54200000000,,57600000000,,58100000000,,,37.09,,,,,,,,,,,,,,,0.00,,,,,,,false,true,12,2017-04-01,2018-03-31,1
2017-07-28,85720,2018-03-31,1,,,,,63457000000,0.060,18036000000,-0.025,18386000000,-0.010,,16353000000,,10.44,,,,,,1204475000000,283798000000,0.221,,266305000000,,,,,,,,,,,,true,false,3,2017-04-01,2017-06-30,0
2017-07-28,85720,2017-03-31,1,,,,,59878000000,0.021,18491000000,-0.006,18578000000,-0.011,,17211000000,,10.99,,,,,,,,,,,,,,,,,,,,,,true,false,3,2016-04-01,2016-06-30,-1
2017-07-28,85720,2018-03-31,1,,,,,127100000000,0.050,35400000000,-0.075,35700000000,-0.072,,31800000000,,20.30,,,,,,,,,,,,,,,,,,,,,,true,true,6,2017-04-01,2017-09-30,0
2017-07-28,85720,2018-03-31,1,,,,,257000000000,0.048,71300000000,,71800000000,,,64200000000,,40.98,,,,,,,,,,,,,,,,,,,,,,true,true,12,2017-04-01,2018-03-31,0
2017-07-28,85720,2017-03-31,1,,,,,,,,,,,,,,,,,,,,1228930000000,267226000000,0.203,,250006000000,,,,,,,,,,,,true,false,12,2016-04-01,2017-03-31,-1
2017-07-28,85720,2017-03-31,1,,,,,,,,,,,,,,,,,,,,,,,,,,,,,0.00,,,,1596282800,29668592,,false,false,12,2016-04-01,2017-03-31,-1
2017-07-28,85720,2018-03-31,1,,,,,,,,,,,,,,,,,,,,,,,,,,,,,0.00,,,,,,,false,true,12,2017-04-01,2018-03-31,0
2017-07-28,85720,2018-03-31,1,,,,,,,,,,,,,,,,,,,,,,,,,,,,,,,,,1596282800,29668592,1566614208,false,false,3,2017-04-01,2017-06-30,0
2017-07-28,85720,2017-03-31,1,,,,,,,,,,,,,,,,,,,,,,,,,,,,,,,,,,,1566614208,false,false,3,2016-04-01,2016-06-30,-1
2017-11-01,85720,2018-03-31,2,,,,,128986000000,0.066,38383000000,0.003,38828000000,0.009,,34442000000,,21.99,,,,,,1229693000000,303333000000,0.232,,284693000000,,,,,,,,,,,,true,false,6,2017-04-01,2017-09-30,0
2017-11-01,85720,2017-03-31,2,,,,,121023000000,0.022,38266000000,0.037,38484000000,0.035,,35927000000,,22.93,,,,,,,,,,,,,,,,,,,,,,true,false,6,2016-04-01,2016-09-30,-1
2017-11-01,85720,2018-03-31,2,,,,,257000000000,0.048,71300000000,,71800000000,,,64200000000,,40.98,,,,,,,,,,,,,,,,,,,,,,true,true,12,2017-04-01,2018-03-31,0
2017-11-01,85720,2017-03-31,2,,,,,,,,,,,,,,,,,,,,1228930000000,267226000000,0.203,,250006000000,,,,,,,,,,,,true,false,12,2016-04-01,2017-03-31,-1
2017-11-01,85720,2017-03-31,2,,,,,,,,,,,,,,,,,,,,,,,,,,,,,0.00,,,,1596282800,29668592,,false,false,12,2016-04-01,2017-03-31,-1
2017-11-01,85720,2018-03-31,2,,,,,,,,,,,,,,,,,,,,,,,,,,,,,0.00,,,,,,,false,false,12,2017-04-01,2018-03-31,0
2017-11-01,85720,2018-03-31,2,,,,,,,,,,,,,,,,,,,,,,,,,,,,,,,,,1596282800,29668592,1566614208,false,false,6,2017-04-01,2017-09-30,0
2017-11-01,85720,2017-03-31,2,,,,,,,,,,,,,,,,,,,,,,,,,,,,,,,,,,,1566614208,false,false,6,2016-04-01,2016-09-30,-1
2018-01-31,85720,2018-03-31,3,,,,,195951000000,0.074,60652000000,0.404,61278000000,0.405,,54023000000,,34.48,,,,,,1252635000000,325374000000,0.244,,305317000000,,,,,,,,,,,,true,false,9,2017-04-01,2017-12-31,0
2018-01-31,85720,2017-03-31,3,,,,,182516000000,0.026,43194000000,0.055,43621000000,0.051,,39629000000,,25.30,,,,,,,,,,,,,,,,,,,,,,true,false,9,2016-04-01,2016-12-31,-1
2018-01-31,85720,2018-03-31,3,,,,,257000000000,0.048,71300000000,,71800000000,,,64200000000,,40.98,,,,,,,,,,,,,,,,,,,,,,true,true,12,2017-04-01,2018-03-31,0
2018-01-31,85720,2017-03-31,3,,,,,,,,,,,,,,,,,,,,1228930000000,267226000000,0.203,,250006000000,,,,,,,,,,,,true,false,12,2016-04-01,2017-03-31,-1
2018-01-31,85720,2017-03-31,3,,,,,,,,,,,,,,,,,,,,,,,,,,,,,0.00,,,,1596282800,29668592,,false,false,12,2016-04-01,2017-03-31,-1
2018-01-31,85720,2018-03-31,3,,,,,,,,,,,,,,,,,,,,,,,,,,,,,0.00,,,,,,,false,false,12,2017-04-01,2018-03-31,0
2018-01-31,85720,2018-03-31,3,,,,,,,,,,,,,,,,,,,,,,,,,,,,,,,,,1596282800,29668592,1566614208,false,false,9,2017-04-01,2017-12-31,0
2018-01-31,85720,2017-03-31,3,,,,,,,,,,,,,,,,,,,,,,,,,,,,,,,,,,,1566614208,false,false,9,2016-04-01,2016-12-31,-1
2018-05-10,85720,2018-03-31,,,,,,263453000000,0.075,80942000000,,81694000000,,,70572000000,,45.05,,0.246,0.065,,,1280851000000,344437000000,0.252,206.12,322916000000,-32634000000,-1711000000,21259000000,88551000000,,0.022,,,,,,true,false,12,2017-04-01,2018-03-31,0
2018-05-10,85720,2017-03-31,,,,,,245148000000,0.031,-70166000000,,-69543000000,,,-72187000000,,-46.08,,-0.252,-0.058,,,1228930000000,267226000000,0.203,159.58,250006000000,-37451000000,-2858000000,58863000000,101719000000,,,,,,,,true,false,12,2016-04-01,2017-03-31,-1
2018-05-10,85720,2019-03-31,,,,,,134500000000,0.043,38300000000,-0.002,38600000000,-0.006,,31900000000,,20.36,,,,,,,,,,,,,,,,,,,,,,true,true,6,2018-04-01,2018-09-30,1
2018-05-10,85720,2019-03-31,,,,,,269900000000,0.024,77200000000,-0.046,77700000000,-0.049,,63600000000,,40.60,,,,,,,,,,,,,,,,0.049,,,,,,true,true,12,2018-04-01,2019-03-31,1
2018-05-10,85720,2018-03-31,,,,,,195310000000,0.061,61767000000,,65471000000,,63184000000,,,40.33,,,,,,1049913000000,283997000000,0.270,181.28,283997000000,,,,,1.00,,,,1596282800,29668592,1566614208,false,false,12,2017-04-01,2018-03-31,0
2018-05-10,85720,2017-03-31,,,,,,183997000000,0.049,-85390000000,,-84054000000,,-79289000000,,,-50.61,,,,,,1021927000000,220816000000,0.216,140.95,220816000000,,,,,0.00,,,,1596282800,29668592,1566614208,false,false,12,2016-04-01,2017-03-31,-1
2018-05-10,85720,2019-03-31,,,,,,99700000000,0.033,29900000000,-0.009,33500000000,-0.006,30800000000,,-0.062,19.66,,,,,,,,,,,,,,,,,,,,,,false,true,6,2018-04-01,2018-09-30,1
2018-05-10,85720,2019-03-31,,,,,,200300000000,0.026,58200000000,-0.058,62000000000,-0.053,56900000000,,-0.099,36.32,,,,,,,,,,,,,,,2.00,,,,,,,false,true,12,2018-04-01,2019-03-31,1
2018-07-27,85720,2019-03-31,1,,,,,68049000000,0.072,23060000000,0.279,23215000000,0.263,,18965000000,,12.11,,,,,,1263519000000,360744000000,0.268,,339008000000,,,,,,,,,,,,true,false,3,2018-04-01,2018-06-30,0
2018-07-27,85720,2018-03-31,1,,,,,63457000000,0.060,18036000000,-0.025,18386000000,-0.010,,16353000000,,10.44,,,,,,,,,,,,,,,,,,,,,,true,false,3,2017-04-01,2017-06-30,-1
2018-07-27,85720,2019-03-31,1,,,,,134500000000,0.043,38300000000,-0.002,38600000000,-0.006,,31900000000,,20.36,,,,,,,,,,,,,,,,,,,,,,true,true,6,2018-04-01,2018-09-30,0
2018-07-27,85720,2019-03-31,1,,,,,269900000000,0.024,77200000000,-0.046,77700000000,-0.049,,63600000000,,40.60,,,,,,,,,,,,,,,,,,,,,,true,true,12,2018-04-01,2019-03-31,0
2018-07-27,85720,2018-03-31,1,,,,,,,,,,,,,,,,,,,,1275957000000,344437000000,0.253,,322916000000,,,,,,,,,,,,true,false,12,2017-04-01,2018-03-31,-1
2018-07-27,85720,2018-03-31,1,,,,,,,,,,,,,,,,,,,,,,,,,,,,,1.00,,,,1596282800,29668592,,false,false,12,2017-04-01,2018-03-31,-1
2018-07-27,85720,2019-03-31,1,,,,,,,,,,,,,,,,,,,,,,,,,,,,,2.00,,,,,,,false,true,12,2018-04-01,2019-03-31,0
2018-07-27,85720,2019-03-31,1,,,,,,,,,,,,,,,,,,,,,,,,,,,,,,,,,1596282800,29668592,1566614208,false,false,3,2018-04-01,2018-06-30,0
2018-07-27,85720,2018-03-31,1,,,,,,,,,,,,,,,,,,,,,,,,,,,,,,,,,,,1566614208,false,false,3,2017-04-01,2017-06-30,-1
2018-11-01,85720,2019-03-31,2,,,,,137323000000,0.065,47956000000,0.249,48207000000,0.242,,39839000000,,25.43,,,,,,1291495000000,381258000000,0.278,,358807000000,,,,,,,,,,,,true,false,6,2018-04-01,2018-09-30,0
2018-11-01,85720,2018-03-31,2,,,,,128986000000,0.066,38383000000,0.003,38828000000,0.009,,34442000000,,21.99,,,,,,,,,,,,,,,,,,,,,,true,false,6,2017-04-01,2017-09-30,-1
2018-11-01,85720,2019-03-31,2,,,,,269900000000,0.024,77200000000,-0.046,77700000000,-0.049,,63600000000,,40.60,,,,,,,,,,,,,,,,,,,,,,true,true,12,2018-04-01,2019-03-31,0
2018-11-01,85720,2018-03-31,2,,,,,,,,,,,,,,,,,,,,1275957000000,344437000000,0.253,,322916000000,,,,,,,,,,,,true,false,12,2017-04-01,2018-03-31,-1
2018-11-01,85720,2018-03-31,2,,,,,,,,,,,,,,,,,,,,,,,,,,,,,1.00,,,,1596282800,29668592,,false,false,12,2017-04-01,2018-03-31,-1
2018-11-01,85720,2019-03-31,2,,,,,,,,,,,,,,,,,,,,,,,,,,,,,1.00,,,,,,,false,false,12,2018-04-01,2019-03-31,0
2018-11-01,85720,2019-03-31,2,,,,,,,,,,,,,,,,,,,,,,,,,,,,,2.00,,,,,,,false,true,12,2018-04-01,2019-03-31,0
2018-11-01,85720,2019-03-31,2,,,,,,,,,,,,,,,,,,,,,,,,,,,,,,,,,1596282800,29668592,1566614208,false,false,6,2018-04-01,2018-09-30,0
2018-11-01,85720,2018-03-31,2,,,,,,,,,,,,,,,,,,,,,,,,,,,,,,,,,,,1566614208,false,false,6,2017-04-01,2017-09-30,-1
2019-01-31,85720,2019-03-31,3,,,,,206933000000,0.056,73615000000,0.214,74020000000,0.208,,57826000000,,36.91,,,,,,1291748000000,402255000000,0.292,,377594000000,,,,,,,,,,,,true,false,9,2018-04-01,2018-12-31,0
2019-01-31,85720,2018-03-31,3,,,,,195951000000,0.074,60652000000,0.404,61278000000,0.405,,54023000000,,34.48,,,,,,,,,,,,,,,,,,,,,,true,false,9,2017-04-01,2017-12-31,-1
2019-01-31,85720,2019-03-31,3,,,,,269900000000,0.024,77200000000,-0.046,77700000000,-0.049,,63600000000,,40.60,,,,,,,,,,,,,,,,,,,,,,true,true,12,2018-04-01,2019-03-31,0
2019-01-31,85720,2018-03-31,3,,,,,,,,,,,,,,,,,,,,1275957000000,344437000000,0.253,,322916000000,,,,,,,,,,,,true,false,12,2017-04-01,2018-03-31,-1
2019-01-31,85720,2018-03-31,3,,,,,,,,,,,,,,,,,,,,,,,,,,,,,1.00,,,,1596282800,29668592,,false,false,12,2017-04-01,2018-03-31,-1
2019-01-31,85720,2019-03-31,3,,,,,,,,,,,,,,,,,,,,,,,,,,,,,1.00,,,,,,,false,false,12,2018-04-01,2019-03-31,0
2019-01-31,85720,2019-03-31,3,,,,,,,,,,,,,,,,,,,,,,,,,,,,,2.00,,,,,,,false,true,12,2018-04-01,2019-03-31,0
2019-01-31,85720,2019-03-31,3,,,,,,,,,,,,,,,,,,,,,,,,,,,,,,,,,1596282800,29668592,1566614208,false,false,9,2018-04-01,2018-12-31,0
2019-01-31,85720,2018-03-31,3,,,,,,,,,,,,,,,,,,,,,,,,,,,,,,,,,,,1566614208,false,false,9,2017-04-01,2017-12-31,-1
2019-04-19,85720,2019-03-31,,,,,,277000000000,0.026,57600000000,-0.254,58200000000,-0.251,,37700000000,,24.06,,,,,,,,,,,,,,,,,,,,,,true,true,12,2018-04-01,2019-03-31,0
2019-04-19,85720,2018-03-31,,,,,,263453000000,,80942000000,,81694000000,,,70572000000,,45.05,,,,,,,,,,,,,,,,,,,,,,true,false,12,2017-04-01,2018-03-31,-1
2019-04-19,85720,2019-03-31,,,,,,203600000000,0.016,33600000000,-0.423,37400000000,-0.397,29900000000,,-0.475,19.09,,,,,,,,,,,,,,,,,,,,,,false,true,12,2018-04-01,2019-03-31,0
2019-04-19,85720,2018-03-31,,,,,,195310000000,,61767000000,,65471000000,,63184000000,,,40.33,,,,,,,,,,,,,,,,,,,,,,false,false,12,2017-04-01,2018-03-31,-1
2019-05-14,85720,2019-03-31,,,,,,277069000000,0.052,57607000000,-0.288,58205000000,-0.288,,37781000000,,24.12,,0.111,0.045,,,1301908000000,381501000000,0.274,227.35,356174000000,7329000000,-1165000000,-12573000000,82346000000,,0.083,,,,,,true,false,12,2018-04-01,2019-03-31,0
2019-05-14,85720,2018-03-31,,,,,,263453000000,0.075,80942000000,,81694000000,,,70572000000,,45.05,,0.246,0.065,,,1275957000000,344437000000,0.253,206.12,322916000000,-32634000000,-1711000000,21259000000,88551000000,,0.022,,,,,,true,false,12,2017-04-01,2018-03-31,-1
2019-05-14,85720,2020-03-31,,,,,,138000000000,0.005,44700000000,-0.068,44900000000,-0.069,,40500000000,,25.85,,,,,,,,,,,,,,,,,,,,,,true,true,6,2019-04-01,2019-09-30,1
2019-05-14,85720,2020-03-31,,,,,,275500000000,-0.006,87600000000,0.521,87900000000,0.510,,75500000000,,48.19,,,,,,,,,,,,,,,,0.083,,,,,,true,true,12,2019-04-01,2020-03-31,1
2019-05-14,85720,2019-03-31,,,,,,203636000000,0.043,33635000000,-0.455,37472000000,-0.428,29927000000,,-0.526,19.10,,,,,,1070518000000,310792000000,0.290,198.38,310792000000,,,,,2.00,,,,1596282800,29668592,1566614208,false,false,12,2018-04-01,2019-03-31,0
2019-05-14,85720,2018-03-31,,,,,,195310000000,0.061,61767000000,,65471000000,,63184000000,,,40.33,,,,,,1048349000000,283997000000,0.271,181.28,283997000000,,,,,1.00,,,,1596282800,29668592,1566614208,false,false,12,2017-04-01,2018-03-31,-1
2019-05-14,85720,2020-03-31,,,,,,102000000000,0.006,33100000000,-0.088,38300000000,-0.040,41000000000,,0.115,26.17,,,,,,,,,,,,,,,,,,,,,,false,true,6,2019-04-01,2019-09-30,1
2019-05-14,85720,2020-03-31,,,,,,205200000000,0.008,63700000000,0.894,69000000000,0.841,70300000000,,1.349,44.87,,,,,,,,,,,,,,,4.00,,,,,,,false,true,12,2019-04-01,2020-03-31,1
2019-07-29,85720,2020-03-31,1,,,,,69735000000,0.025,24959000000,0.082,24231000000,0.044,,26670000000,,17.02,,,,,,1245846000000,406357000000,0.308,,384052000000,,,,,,,,,,,,true,false,3,2019-04-01,2019-06-30,0
2019-07-29,85720,2019-03-31,1,,,,,68049000000,0.072,23060000000,0.279,23215000000,0.263,,18965000000,,12.11,,,,,,,,,,,,,,,,,,,,,,true,false,3,2018-04-01,2018-06-30,-1
2019-07-29,85720,2020-03-31,1,,,,,138000000000,0.005,44700000000,-0.068,44900000000,-0.069,,40500000000,,25.85,,,,,,,,,,,,,,,,,,,,,,true,true,6,2019-04-01,2019-09-30,0
2019-07-29,85720,2020-03-31,1,,,,,275500000000,-0.006,87600000000,0.521,87900000000,0.510,,75500000000,,48.19,,,,,,,,,,,,,,,,,,,,,,true,true,12,2019-04-01,2020-03-31,0
2019-07-29,85720,2019-03-31,1,,,,,,,,,,,,,,,,,,,,1301908000000,381501000000,0.274,,356174000000,,,,,,,,,,,,true,false,12,2018-04-01,2019-03-31,-1
2019-07-29,85720,2019-03-31,1,,,,,,,,,,,,,,,,,,,,,,,,,,,,,2.00,,,,1596282800,29668592,,false,false,12,2018-04-01,2019-03-31,-1
2019-07-29,85720,2020-03-31,1,,,,,,,,,,,,,,,,,,,,,,,,,,,,,4.00,,,,,,,false,true,12,2019-04-01,2020-03-31,0
2019-07-29,85720,2020-03-31,1,,,,,,,,,,,,,,,,,,,,,,,,,,,,,,,,,1596282800,29668592,1566614208,false,false,3,2019-04-01,2019-06-30,0
2019-07-29,85720,2019-03-31,1,,,,,,,,,,,,,,,,,,,,,,,,,,,,,,,,,,,1566614208,false,false,3,2018-04-01,2018-06-30,-1
2019-11-05,85720,2020-03-31,2,,,,,139290000000,0.014,50812000000,0.060,50144000000,0.040,,45098000000,,28.79,,,,,,1265097000000,426454000000,0.318,,402743000000,,,,,,,,,,,,true,false,6,2019-04-01,2019-09-30,0
2019-11-05,85720,2019-03-31,2,,,,,137323000000,0.065,47956000000,0.249,48207000000,0.242,,39839000000,,25.43,,,,,,,,,,,,,,,,,,,,,,true,false,6,2018-04-01,2018-09-30,-1
2019-11-05,85720,2020-03-31,2,,,,,275500000000,-0.006,87600000000,0.521,87900000000,0.510,,75500000000,,48.19,,,,,,,,,,,,,,,,,,,,,,true,true,12,2019-04-01,2020-03-31,0
2019-11-05,85720,2019-03-31,2,,,,,,,,,,,,,,,,,,,,1301908000000,381501000000,0.274,,356174000000,,,,,,,,,,,,true,false,12,2018-04-01,2019-03-31,-1
2019-11-05,85720,2019-03-31,2,,,,,,,,,,,,,,,,,,,,,,,,,,,,,2.00,,,,1596282800,29668592,,false,false,12,2018-04-01,2019-03-31,-1
2019-11-05,85720,2020-03-31,2,,,,,,,,,,,,,,,,,,,,,,,,,,,,,2.00,,,,,,,false,false,12,2019-04-01,2020-03-31,0
2019-11-05,85720,2020-03-31,2,,,,,,,,,,,,,,,,,,,,,,,,,,,,,4.00,,,,,,,false,true,12,2019-04-01,2020-03-31,0
2019-11-05,85720,2020-03-31,2,,,,,,,,,,,,,,,,,,,,,,,,,,,,,,,,,1596282800,29668592,1566614208,false,false,6,2019-04-01,2019-09-30,0
2019-11-05,85720,2019-03-31,2,,,,,,,,,,,,,,,,,,,,,,,,,,,,,,,,,,,1566614208,false,false,6,2018-04-01,2018-09-30,-1
2020-01-30,85720,2020-03-31,3,,,,,208986000000,0.010,75370000000,0.024,74769000000,0.010,,64702000000,,41.30,,,,,,1272413000000,445106000000,0.330,,419817000000,,,,,,,,,,,,true,false,9,2019-04-01,2019-12-31,0
2020-01-30,85720,2019-03-31,3,,,,,206933000000,0.056,73615000000,0.214,74020000000,0.208,,57826000000,,36.91,,,,,,,,,,,,,,,,,,,,,,true,false,9,2018-04-01,2018-12-31,-1
2020-01-30,85720,2020-03-31,3,,,,,275500000000,-0.006,87600000000,0.521,87900000000,0.510,,75500000000,,48.19,,,,,,,,,,,,,,,,,,,,,,true,true,12,2019-04-01,2020-03-31,0
2020-01-30,85720,2019-03-31,3,,,,,,,,,,,,,,,,,,,,1301908000000,381501000000,0.274,,356174000000,,,,,,,,,,,,true,false,12,2018-04-01,2019-03-31,-1
2020-01-30,85720,2019-03-31,3,,,,,,,,,,,,,,,,,,,,,,,,,,,,,2.00,,,,1596282800,29668592,,false,false,12,2018-04-01,2019-03-31,-1
2020-01-30,85720,2020-03-31,3,,,,,,,,,,,,,,,,,,,,,,,,,,,,,2.00,,,,,,,false,false,12,2019-04-01,2020-03-31,0
2020-01-30,85720,2020-03-31,3,,,,,,,,,,,,,,,,,,,,,,,,,,,,,4.00,,,,,,,false,true,12,2019-04-01,2020-03-31,0
2020-01-30,85720,2020-03-31,3,,,,,,,,,,,,,,,,,,,,,,,,,,,,,,,,,1596282800,29668632,1566614207,false,false,9,2019-04-01,2019-12-31,0
2020-01-30,85720,2019-03-31,3,,,,,,,,,,,,,,,,,,,,,,,,,,,,,,,,,,,1566614208,false,false,9,2018-04-01,2018-12-31,-1
2020-04-24,85720,2020-03-31,,,,,,279500000000,0.015,75600000000,-0.137,75100000000,-0.146,,59600000000,,38.04,,,,,,,,,,,,,,,,,,,,,,true,true,12,2019-04-01,2020-03-31,0
2020-04-24,85720,2019-03-31,,,,,,277069000000,,57607000000,,58205000000,,,37781000000,,24.12,,,,,,,,,,,,,,,,,,,,,,true,false,12,2018-04-01,2019-03-31,-1
2020-04-24,85720,2020-03-31,,,,,,206900000000,0.008,49200000000,-0.228,56300000000,-0.184,53600000000,,-0.238,34.21,,,,,,,,,,,,,,,,,,,,,,false,true,12,2019-04-01,2020-03-31,0
2020-04-24,85720,2019-03-31,,,,,,203636000000,,33635000000,,37472000000,,29927000000,,,19.10,,,,,,,,,,,,,,,,,,,,,,false,false,12,2018-04-01,2019-03-31,-1
2020-05-14,85720,2020-03-31,,,,,,279510000000,0.009,75636000000,0.313,75104000000,0.290,,59600000000,,38.04,,0.155,0.058,,,1282389000000,442496000000,0.324,265.11,415322000000,19698000000,6214000000,-24339000000,82545000000,,0.105,,,,,,true,false,12,2019-04-01,2020-03-31,0
2020-05-14,85720,2019-03-31,,,,,,277069000000,0.052,57607000000,-0.288,58205000000,-0.288,,37781000000,,24.12,,0.111,0.045,,,1301908000000,381501000000,0.274,227.35,356174000000,7329000000,-1165000000,-12573000000,82346000000,,0.083,,,,,,true,false,12,2018-04-01,2019-03-31,-1
2020-05-14,85720,2020-03-31,,,,,,206968000000,0.016,49273000000,0.465,56352000000,0.504,53673000000,,0.793,34.26,,,,,,1090351000000,359765000000,0.330,229.65,359765000000,,,,,4.00,,,,1596282800,29668632,1566614197,false,false,12,2019-04-01,2020-03-31,0
2020-05-14,85720,2019-03-31,,,,,,203636000000,0.043,33635000000,-0.455,37472000000,-0.428,29927000000,,-0.526,19.10,,,,,,1070518000000,310792000000,0.290,198.38,310792000000,,,,,2.00,,,,1596282800,29668592,1566614208,false,false,12,2018-04-01,2019-03-31,-1
2020-07-30,85720,2021-03-31,1,,,,,67474000000,-0.032,25796000000,0.034,25926000000,0.070,,21611000000,,13.80,,,,,,1231768000000,453283000000,0.348,,428562000000,,,,,,,,,,,,true,false,3,2020-04-01,2020-06-30,0
2020-07-30,85720,2020-03-31,1,,,,,69735000000,0.025,24959000000,0.082,24231000000,0.044,,26670000000,,17.02,,,,,,,,,,,,,,,,,,,,,,true,false,3,2019-04-01,2019-06-30,-1
2020-07-30,85720,2020-03-31,1,,,,,,,,,,,,,,,,,,,,1282389000000,442496000000,0.324,,415322000000,,,,,,,,,,,,true,false,12,2019-04-01,2020-03-31,-1
2020-07-30,85720,2020-03-31,1,,,,,,,,,,,,,,,,,,,,,,,,,,,,,4.00,,,,1596282800,29668632,,false,false,12,2019-04-01,2020-03-31,-1
2020-07-30,85720,2021-03-31,1,,,,,,,,,,,,,,,,,,,,,,,,,,,,,,,,,1596282800,29668672,1566614160,false,false,3,2020-04-01,2020-06-30,0
2020-07-30,85720,2020-03-31,1,,,,,,,,,,,,,,,,,,,,,,,,,,,,,,,,,,,1566614208,false,false,3,2019-04-01,2019-06-30,-1
2020-10-23,85720,2021-03-31,,,,,,263000000000,,89500000000,,90500000000,,70300000000,,,44.87,,,,,,,,,,,,,,,,,,,,,,true,true,12,2020-04-01,2021-03-31,0
2020-10-23,85720,2020-03-31,,,,,,279510000000,,75636000000,,75104000000,,59600000000,,,38.04,,,,,,,,,,,,,,,,,,,,,,true,false,12,2019-04-01,2020-03-31,-1
2020-10-23,85720,2021-03-31,,,,,,196800000000,,65500000000,,72400000000,,63600000000,,,40.60,,,,,,,,,,,,,,,6.00,,,,,,,false,true,12,2020-04-01,2021-03-31,0
2020-10-23,85720,2020-03-31,,,,,,206968000000,,49273000000,,56352000000,,53763000000,,,34.26,,,,,,,,,,,,,,,4.00,,,,,,,false,false,12,2019-04-01,2020-03-31,-1
2020-11-05,85720,2021-03-31,2,,,,,134945000000,-0.031,54499000000,0.073,55410000000,0.105,,43505000000,,27.77,,,,,,1223056000000,480717000000,0.371,,453471000000,,,,,,,,,,,,true,false,6,2020-04-01,2020-09-30,0
2020-11-05,85720,2020-03-31,2,,,,,139290000000,0.014,50812000000,0.060,50144000000,0.040,,45098000000,,28.79,,,,,,,,,,,,,,,,,,,,,,true,false,6,2019-04-01,2019-09-30,-1
2020-11-05,85720,2021-03-31,2,,,,,263000000000,-0.059,89500000000,0.183,90500000000,0.205,,70300000000,,44.87,,,,,,,,,,,,,,,,,,,,,,true,true,12,2020-04-01,2021-03-31,0
2020-11-05,85720,2020-03-31,2,,,,,,,,,,,,,,,,,,,,1282389000000,442496000000,0.324,,415322000000,,,,,,,,,,,,true,false,12,2019-04-01,2020-03-31,-1
2020-11-05,85720,2020-03-31,2,,,,,,,,,,,,,,,,,,,,,,,,,,,,,4.00,,,,1596282800,29668632,,false,false,12,2019-04-01,2020-03-31,-1
2020-11-05,85720,2021-03-31,2,,,,,,,,,,,,,,,,,,,,,,,,,,,,,3.00,,,,,,,false,false,12,2020-04-01,2021-03-31,0
2020-11-05,85720,2021-03-31,2,,,,,,,,,,,,,,,,,,,,,,,,,,,,,6.00,,,,,,,false,true,12,2020-04-01,2021-03-31,0
2020-11-05,85720,2021-03-31,2,,,,,,,,,,,,,,,,,,,,,,,,,,,,,,,,,1596282800,29668702,1566614131,false,false,6,2020-04-01,2020-09-30,0
2020-11-05,85720,2020-03-31,2,,,,,,,,,,,,,,,,,,,,,,,,,,,,,,,,,,,1566614208,false,false,6,2019-04-01,2019-09-30,-1
2021-01-29,85720,2021-03-31,3,,,,,201021000000,-0.038,81878000000,0.086,82889000000,0.109,,66188000000,,42.25,,,,,,1205021000000,496137000000,0.389,,468751000000,,,,,,,,,,,,true,false,9,2020-04-01,2020-12-31,0
2021-01-29,85720,2020-03-31,3,,,,,208986000000,0.010,75370000000,0.024,74769000000,0.010,,64702000000,,41.30,,,,,,,,,,,,,,,,,,,,,,true,false,9,2019-04-01,2019-12-31,-1
2021-01-29,85720,2021-03-31,3,,,,,263000000000,-0.059,89500000000,0.183,90500000000,0.205,,70300000000,,44.87,,,,,,,,,,,,,,,,,,,,,,true,true,12,2020-04-01,2021-03-31,0
2021-01-29,85720,2020-03-31,3,,,,,,,,,,,,,,,,,,,,1282389000000,442496000000,0.324,,415322000000,,,,,,,,,,,,true,false,12,2019-04-01,2020-03-31,-1
2021-01-29,85720,2020-03-31,3,,,,,,,,,,,,,,,,,,,,,,,,,,,,,4.00,,,,1596282800,29668632,,false,false,12,2019-04-01,2020-03-31,-1
2021-01-29,85720,2021-03-31,3,,,,,,,,,,,,,,,,,,,,,,,,,,,,,3.00,,,,,,,false,false,12,2020-04-01,2021-03-31,0
2021-01-29,85720,2021-03-31,3,,,,,,,,,,,,,,,,,,,,,,,,,,,,,6.00,,,,,,,false,true,12,2020-04-01,2021-03-31,0
2021-01-29,85720,2021-03-31,3,,,,,,,,,,,,,,,,,,,,,,,,,,,,,,,,,1596282800,29668702,1566614120,false,false,9,2020-04-01,2020-12-31,0
2021-01-29,85720,2020-03-31,3,,,,,,,,,,,,,,,,,,,,,,,,,,,,,,,,,,,1566614207,false,false,9,2019-04-01,2019-12-31,-1
2021-05-13,85720,2021-03-31,,,,,,266316000000,-0.047,98896000000,0.308,100014000000,0.332,,78864000000,,50.34,,0.175,0.080,,,1219109000000,515128000000,0.398,310.02,485684000000,113179000000,-4566000000,-108786000000,82233000000,,0.119,,,,,,true,false,12,2020-04-01,2021-03-31,0
2021-05-13,85720,2020-03-31,,,,,,279510000000,0.009,75636000000,0.313,75104000000,0.290,,59600000000,,38.04,,0.155,0.058,,,1282389000000,442496000000,0.324,265.11,415322000000,19698000000,6214000000,-24339000000,82545000000,,0.105,,,,,,true,false,12,2019-04-01,2020-03-31,-1
2021-05-13,85720,2022-03-31,,,,,,129700000000,-0.039,39900000000,-0.268,40000000000,-0.278,,30800000000,,19.66,,,,,,,,,,,,,,,,,,,,,,true,true,6,2021-04-01,2021-09-30,1
2021-05-13,85720,2022-03-31,,,,,,260700000000,-0.021,79900000000,-0.192,80100000000,-0.199,,61000000000,,38.94,,,,,,,,,,,,,,,,0.154,,,,,,true,true,12,2021-04-01,2022-03-31,1
2021-05-13,85720,2021-03-31,,,,,,197986000000,-0.043,73938000000,0.501,81254000000,0.442,70915000000,,0.321,45.27,,,,,,1034887000000,422847000000,0.409,269.91,422925000000,,,,,6.00,,,,1596282800,29668702,1566614115,false,false,12,2020-04-01,2021-03-31,0
2021-05-13,85720,2020-03-31,,,,,,206968000000,0.016,49273000000,0.465,56352000000,0.504,53673000000,,0.793,34.26,,,,,,1090351000000,359765000000,0.330,229.65,359765000000,,,,,4.00,,,,1596282800,29668632,1566614197,false,false,12,2019-04-01,2020-03-31,-1
2021-05-13,85720,2022-03-31,,,,,,96500000000,-0.038,29500000000,-0.282,33900000000,-0.271,29200000000,,-0.271,18.64,,,,,,,,,,,,,,,,,,,,,,false,true,6,2021-04-01,2021-09-30,1
2021-05-13,85720,2022-03-31,,,,,,193800000000,-0.021,58800000000,-0.205,64800000000,-0.203,55400000000,,-0.219,35.36,,,,,,,,,,,,,,,6.00,,,,,,,false,true,12,2021-04-01,2022-03-31,1
2021-05-13,85720,2021-03-31,,,,,,266316000000,-0.047,98896000000,0.308,100014000000,0.332,,78864000000,,50.34,,0.175,0.080,,,1219109000000,515128000000,0.398,310.02,485684000000,113179000000,-4566000000,-108786000000,82233000000,,0.119,,,,,,true,false,12,2020-04-01,2021-03-31,0
2021-05-13,85720,2020-03-31,,,,,,279510000000,0.009,75636000000,0.313,75104000000,0.290,,59600000000,,38.04,,0.155,0.058,,,1282389000000,442496000000,0.324,265.11,415322000000,19698000000,6214000000,-24339000000,82545000000,,0.105,,,,,,true,false,12,2019-04-01,2020-03-31,-1
2021-05-13,85720,2022-03-31,,,,,,129700000000,-0.039,39900000000,-0.268,40000000000,-0.278,,30800000000,,19.66,,,,,,,,,,,,,,,,,,,,,,true,true,6,2021-04-01,2021-09-30,1
2021-05-13,85720,2022-03-31,,,,,,260700000000,-0.021,79900000000,-0.192,80100000000,-0.199,,61000000000,,38.94,,,,,,,,,,,,,,,,0.154,,,,,,true,true,12,2021-04-01,2022-03-31,1
2021-05-13,85720,2021-03-31,,,,,,197986000000,-0.043,73938000000,0.501,81254000000,0.442,70915000000,,0.321,45.27,,,,,,1034887000000,422847000000,0.409,269.91,422847000000,,,,,6.00,,,,1596282800,29668702,1566614115,false,false,12,2020-04-01,2021-03-31,0
2021-05-13,85720,2020-03-31,,,,,,206968000000,0.016,49273000000,0.465,56352000000,0.504,53673000000,,0.793,34.26,,,,,,1090351000000,359765000000,0.330,229.65,359765000000,,,,,4.00,,,,1596282800,29668632,1566614197,false,false,12,2019-04-01,2020-03-31,-1
2021-05-13,85720,2022-03-31,,,,,,96500000000,-0.038,29500000000,-0.282,33900000000,-0.271,29200000000,,-0.271,18.64,,,,,,,,,,,,,,,,,,,,,,false,true,6,2021-04-01,2021-09-30,1
2021-05-13,85720,2022-03-31,,,,,,193800000000,-0.021,58800000000,-0.205,64800000000,-0.203,55400000000,,-0.219,35.36,,,,,,,,,,,,,,,6.00,,,,,,,false,true,12,2021-04-01,2022-03-31,1
2021-07-29,85720,2022-03-31,1,,,,,65467000000,-0.030,25055000000,-0.029,25145000000,-0.030,,19921000000,,12.72,,,,,,1211850000000,533292000000,0.415,,503110000000,,,,,,,,,,,,true,false,3,2021-04-01,2021-06-30,0
2021-07-29,85720,2021-03-31,1,,,,,67474000000,-0.032,25796000000,0.034,25926000000,0.070,,21611000000,,13.80,,,,,,,,,,,,,,,,,,,,,,true,false,3,2020-04-01,2020-06-30,-1
2021-07-29,85720,2022-03-31,1,,,,,129700000000,-0.039,39900000000,-0.268,40000000000,-0.278,,30800000000,,19.66,,,,,,,,,,,,,,,,,,,,,,true,true,6,2021-04-01,2021-09-30,0
2021-07-29,85720,2022-03-31,1,,,,,260700000000,-0.021,79900000000,-0.192,80100000000,-0.199,,61000000000,,38.94,,,,,,,,,,,,,,,,,,,,,,true,true,12,2021-04-01,2022-03-31,0
2021-07-29,85720,2021-03-31,1,,,,,,,,,,,,,,,,,,,,1219109000000,515128000000,0.398,,485684000000,,,,,,,,,,,,true,false,12,2020-04-01,2021-03-31,-1
2021-07-29,85720,2021-03-31,1,,,,,,,,,,,,,,,,,,,,,,,,,,,,,6.00,,,,1596282800,29668702,,false,false,12,2020-04-01,2021-03-31,-1
2021-07-29,85720,2022-03-31,1,,,,,,,,,,,,,,,,,,,,,,,,,,,,,6.00,,,,,,,false,true,12,2021-04-01,2022-03-31,0
2021-07-29,85720,2022-03-31,1,,,,,,,,,,,,,,,,,,,,,,,,,,,,,,,,,1566614098,,1566614098,false,false,3,2021-04-01,2021-06-30,0
2021-07-29,85720,2021-03-31,1,,,,,,,,,,,,,,,,,,,,,,,,,,,,,,,,,,,1566614160,false,false,3,2020-04-01,2020-06-30,-1
2021-11-09,85720,2022-03-31,2,,,,,131423000000,-0.026,48370000000,-0.112,48868000000,-0.118,,39147000000,,24.99,,,,,,1206119000000,550610000000,0.431,,520158000000,,,,,,,,,,,,true,false,6,2021-04-01,2021-09-30,0
2021-11-09,85720,2021-03-31,2,,,,,134945000000,-0.031,54499000000,0.073,55410000000,0.105,,43505000000,,27.77,,,,,,,,,,,,,,,,,,,,,,true,false,6,2020-04-01,2020-09-30,-1
2021-11-09,85720,2022-03-31,2,,,,,260700000000,-0.021,79900000000,-0.192,80100000000,-0.199,,61000000000,,38.94,,,,,,,,,,,,,,,,,,,,,,true,true,12,2021-04-01,2022-03-31,0
2021-11-09,85720,2021-03-31,2,,,,,,,,,,,,,,,,,,,,1219109000000,515128000000,0.398,,485684000000,,,,,,,,,,,,true,false,12,2020-04-01,2021-03-31,-1
2021-11-09,85720,2021-03-31,2,,,,,,,,,,,,,,,,,,,,,,,,,,,,,6.00,,,,1596282800,29668702,,false,false,12,2020-04-01,2021-03-31,-1
2021-11-09,85720,2022-03-31,2,,,,,,,,,,,,,,,,,,,,,,,,,,,,,3.00,,,,,,,false,false,12,2021-04-01,2022-03-31,0
2021-11-09,85720,2022-03-31,2,,,,,,,,,,,,,,,,,,,,,,,,,,,,,6.00,,,,,,,false,true,12,2021-04-01,2022-03-31,0
2021-11-09,85720,2022-03-31,2,,,,,,,,,,,,,,,,,,,,,,,,,,,,,,,,,1566614098,,1566614098,false,false,6,2021-04-01,2021-09-30,0
2021-11-09,85720,2021-03-31,2,,,,,,,,,,,,,,,,,,,,,,,,,,,,,,,,,,,1566614131,false,false,6,2020-04-01,2020-09-30,-1
2022-01-31,85720,2022-03-31,3,,,,,196922000000,-0.020,59963000000,-0.268,60519000000,-0.270,,46584000000,,29.74,,,,,,1181740000000,549517000000,0.440,,519886000000,,,,,,,,,,,,true,false,9,2021-04-01,2021-12-31,0
2022-01-31,85720,2021-03-31,3,,,,,201021000000,-0.038,81878000000,0.086,82889000000,0.109,,66188000000,,42.25,,,,,,,,,,,,,,,,,,,,,,true,false,9,2020-04-01,2020-12-31,-1
2022-01-31,85720,2022-03-31,3,,,,,260700000000,-0.021,79900000000,-0.192,80100000000,-0.199,,61000000000,,38.94,,,,,,,,,,,,,,,,,,,,,,true,true,12,2021-04-01,2022-03-31,0
2022-01-31,85720,2021-03-31,3,,,,,,,,,,,,,,,,,,,,1219109000000,515128000000,0.398,,485684000000,,,,,,,,,,,,true,false,12,2020-04-01,2021-03-31,-1
2022-01-31,85720,2021-03-31,3,,,,,,,,,,,,,,,,,,,,,,,,,,,,,6.00,,,,1596282800,29668702,,false,false,12,2020-04-01,2021-03-31,-1
2022-01-31,85720,2022-03-31,3,,,,,,,,,,,,,,,,,,,,,,,,,,,,,3.00,,,,,,,false,false,12,2021-04-01,2022-03-31,0
2022-01-31,85720,2022-03-31,3,,,,,,,,,,,,,,,,,,,,,,,,,,,,,6.00,,,,,,,false,true,12,2021-04-01,2022-03-31,0
2022-01-31,85720,2022-03-31,3,,,,,,,,,,,,,,,,,,,,,,,,,,,,,,,,,1566614098,,1566614098,false,false,9,2021-04-01,2021-12-31,0
2022-01-31,85720,2021-03-31,3,,,,,,,,,,,,,,,,,,,,,,,,,,,,,,,,,,,1566614120,false,false,9,2020-04-01,2020-12-31,-1
2022-04-20,85720,2022-03-31,,,,,,262100000000,0.005,34800000000,-0.564,35400000000,-0.558,,55700000000,,35.55,,,,,,,,,,,,,,,,,,,,,,true,true,12,2021-04-01,2022-03-31,0
2022-04-20,85720,2021-03-31,,,,,,266316000000,,98896000000,,100014000000,,,78864000000,,50.34,,,,,,,,,,,,,,,,,,,,,,true,false,12,2020-04-01,2021-03-31,-1
2022-04-20,85720,2022-03-31,,,,,,194600000000,0.004,11600000000,-0.803,17900000000,-0.724,48100000000,,-0.132,30.70,,,,,,,,,,,,,,,7.00,,,,,,,false,true,12,2021-04-01,2022-03-31,0
2022-04-20,85720,2021-03-31,,,,,,197986000000,,73938000000,,81254000000,,70915000000,,,45.27,,,,,,,,,,,,,,,6.00,,,,,,,false,false,12,2020-04-01,2021-03-31,-1
2022-04-20,85720,2022-03-31,,,,,,,,,,,,,,,,,,,,,,,,,,,,,,3.00,,,,,,,false,false,12,2021-04-01,2022-03-31,0
2022-05-13,85720,2022-03-31,,,,,,262155000000,-0.016,34779000000,-0.648,35441000000,-0.646,,55678000000,,35.54,,0.109,0.029,,,1263296000000,563963000000,0.421,339.51,531880000000,46089000000,-4032000000,-50162000000,74242000000,,0.197,,,,,,true,false,12,2021-04-01,2022-03-31,0
2022-05-13,85720,2021-03-31,,,,,,266316000000,-0.047,98896000000,0.308,100014000000,0.332,,78864000000,,50.34,,0.175,0.080,,,1219109000000,515128000000,0.398,310.02,485684000000,113179000000,-4566000000,-108786000000,82233000000,,0.119,,,,,,true,false,12,2020-04-01,2021-03-31,-1
2022-05-13,85720,2023-03-31,,,,,,132800000000,0.010,44300000000,-0.084,44400000000,-0.091,,31800000000,,20.30,,,,,,,,,,,,,,,,,,,,,,true,true,6,2022-04-01,2022-09-30,1
2022-05-13,85720,2023-03-31,,,,,,268300000000,0.023,87900000000,1.527,88200000000,1.489,,62400000000,,39.83,,,,,,,,,,,,,,,,0.251,,,,,,true,true,12,2022-04-01,2023-03-31,1
2022-05-13,85720,2022-03-31,,,,,,194670000000,-0.017,11660000000,-0.842,17962000000,-0.779,48082000000,,-0.322,30.69,,,,,,1080514000000,461531000000,0.427,294.60,461531000000,,,,,7.00,,,,1566614098,50,1566614094,false,false,12,2021-04-01,2022-03-31,0
2022-05-13,85720,2021-03-31,,,,,,197986000000,-0.043,73938000000,0.501,81254000000,0.442,70915000000,,0.321,45.27,,,,,,1034887000000,422847000000,0.409,269.91,422847000000,,,,,6.00,,,,1596282800,29668702,1566614115,false,false,12,2020-04-01,2021-03-31,-1
2022-05-13,85720,2023-03-31,,,,,,99200000000,0.019,33000000000,-0.056,38900000000,-0.023,31700000000,,-0.119,20.23,,,,,,,,,,,,,,,,,,,,,,false,true,6,2022-04-01,2022-09-30,1
2022-05-13,85720,2023-03-31,,,,,,201100000000,0.033,65700000000,4.635,73400000000,3.086,57900000000,,0.204,36.96,,,,,,,,,,,,,,,10.00,,,,,,,false,true,12,2022-04-01,2023-03-31,1
2022-07-28,85720,2023-03-31,1,,,,,66514000000,0.016,25394000000,0.014,25387000000,0.010,,16594000000,,10.59,,,,,,1273470000000,582574000000,0.430,,548082000000,,,,,,,,,,,,true,false,3,2022-04-01,2022-06-30,0
2022-07-28,85720,2022-03-31,1,,,,,65467000000,-0.030,25055000000,-0.029,25145000000,-0.030,,19921000000,,12.72,,,,,,,,,,,,,,,,,,,,,,true,false,3,2021-04-01,2021-06-30,-1
2022-07-28,85720,2023-03-31,1,,,,,132800000000,0.010,44300000000,-0.084,44400000000,-0.091,,31800000000,,20.30,,,,,,,,,,,,,,,,,,,,,,true,true,6,2022-04-01,2022-09-30,0
2022-07-28,85720,2023-03-31,1,,,,,268300000000,0.023,87900000000,1.527,88200000000,1.489,,62400000000,,39.83,,,,,,,,,,,,,,,,,,,,,,true,true,12,2022-04-01,2023-03-31,0
2022-07-28,85720,2022-03-31,1,,,,,,,,,,,,,,,,,,,,1263296000000,563963000000,0.421,,531880000000,,,,,,,,,,,,true,false,12,2021-04-01,2022-03-31,-1
2022-07-28,85720,2022-03-31,1,,,,,,,,,,,,,,,,,,,,,,,,,,,,,7.00,,,,1566614098,50,,false,false,12,2021-04-01,2022-03-31,-1
2022-07-28,85720,2023-03-31,1,,,,,,,,,,,,,,,,,,,,,,,,,,,,,10.00,,,,,,,false,true,12,2022-04-01,2023-03-31,0
2022-07-28,85720,2023-03-31,1,,,,,,,,,,,,,,,,,,,,,,,,,,,,,,,,,1566614098,50,1566614048,false,false,3,2022-04-01,2022-06-30,0
2022-07-28,85720,2022-03-31,1,,,,,,,,,,,,,,,,,,,,,,,,,,,,,,,,,,,1566614098,false,false,3,2021-04-01,2021-06-30,-1
2022-11-08,85720,2023-03-31,2,,,,,135068000000,0.028,48798000000,0.009,48846000000,-0.000,,33016000000,,21.08,,,,,,1309403000000,605702000000,0.434,,568543000000,,,,,,,,,,,,true,false,6,2022-04-01,2022-09-30,0
2022-11-08,85720,2022-03-31,2,,,,,131423000000,-0.026,48370000000,-0.112,48868000000,-0.118,,39147000000,,24.99,,,,,,,,,,,,,,,,,,,,,,true,false,6,2021-04-01,2021-09-30,-1
2022-11-08,85720,2023-03-31,2,,,,,268300000000,0.023,87900000000,1.527,88200000000,1.489,,62400000000,,39.83,,,,,,,,,,,,,,,,,,,,,,true,true,12,2022-04-01,2023-03-31,0
2022-11-08,85720,2022-03-31,2,,,,,,,,,,,,,,,,,,,,1263296000000,563963000000,0.421,,531880000000,,,,,,,,,,,,true,false,12,2021-04-01,2022-03-31,-1
2022-11-08,85720,2022-03-31,2,,,,,,,,,,,,,,,,,,,,,,,,,,,,,7.00,,,,1566614098,50,,false,false,12,2021-04-01,2022-03-31,-1
2022-11-08,85720,2023-03-31,2,,,,,,,,,,,,,,,,,,,,,,,,,,,,,5.00,,,,,,,false,false,12,2022-04-01,2023-03-31,0
2022-11-08,85720,2023-03-31,2,,,,,,,,,,,,,,,,,,,,,,,,,,,,,10.00,,,,,,,false,true,12,2022-04-01,2023-03-31,0
2022-11-08,85720,2023-03-31,2,,,,,,,,,,,,,,,,,,,,,,,,,,,,,,,,,1566614098,50,1566614048,false,false,6,2022-04-01,2022-09-30,0
2022-11-08,85720,2022-03-31,2,,,,,,,,,,,,,,,,,,,,,,,,,,,,,,,,,,,1566614098,false,false,6,2021-04-01,2021-09-30,-1
2023-01-31,85720,2023-03-31,3,,,,,204060000000,0.036,70646000000,0.178,70766000000,0.169,,44333000000,,28.30,,,,,,1293746000000,608949000000,0.441,,571054000000,,,,,,,,,,,,true,false,9,2022-04-01,2022-12-31,0
2023-01-31,85720,2022-03-31,3,,,,,196922000000,-0.020,59963000000,-0.268,60519000000,-0.270,,46584000000,,29.74,,,,,,,,,,,,,,,,,,,,,,true,false,9,2021-04-01,2021-12-31,-1
2023-01-31,85720,2023-03-31,3,,,,,268300000000,0.023,87900000000,1.527,88200000000,1.489,,62400000000,,39.83,,,,,,,,,,,,,,,,,,,,,,true,true,12,2022-04-01,2023-03-31,0
2023-01-31,85720,2022-03-31,3,,,,,,,,,,,,,,,,,,,,1263296000000,563963000000,0.421,,531880000000,,,,,,,,,,,,true,false,12,2021-04-01,2022-03-31,-1
2023-01-31,85720,2022-03-31,3,,,,,,,,,,,,,,,,,,,,,,,,,,,,,7.00,,,,1566614098,50,,false,false,12,2021-04-01,2022-03-31,-1
2023-01-31,85720,2023-03-31,3,,,,,,,,,,,,,,,,,,,,,,,,,,,,,5.00,,,,,,,false,false,12,2022-04-01,2023-03-31,0
2023-01-31,85720,2023-03-31,3,,,,,,,,,,,,,,,,,,,,,,,,,,,,,10.00,,,,,,,false,true,12,2022-04-01,2023-03-31,0
2023-01-31,85720,2023-03-31,3,,,,,,,,,,,,,,,,,,,,,,,,,,,,,,,,,1566614098,50,1566614048,false,false,9,2022-04-01,2022-12-31,0
2023-01-31,85720,2022-03-31,3,,,,,,,,,,,,,,,,,,,,,,,,,,,,,,,,,,,1566614098,false,false,9,2021-04-01,2021-12-31,-1
2023-05-11,85720,2023-03-31,,,,,,273793000000,0.044,87287000000,1.510,87485000000,1.468,,54926000000,,35.06,,0.099,0.068,,,1297316000000,619837000000,0.448,370.92,581087000000,-1318000000,-2692000000,-12933000000,57666000000,,0.285,,,,,,true,false,12,2022-04-01,2023-03-31,0
2023-05-11,85720,2022-03-31,,,,,,262155000000,-0.016,34779000000,-0.648,35441000000,-0.646,,55678000000,,35.54,,0.109,0.029,,,1263296000000,563963000000,0.421,339.51,531880000000,46089000000,-4032000000,-50162000000,74242000000,,0.197,,,,,,true,false,12,2021-04-01,2022-03-31,-1
2023-05-11,85720,2024-03-31,,,,,,140000000000,0.037,45600000000,-0.066,45700000000,-0.064,,29500000000,,18.83,,,,,,,,,,,,,,,,,,,,,,true,true,6,2023-04-01,2023-09-30,1
2023-05-11,85720,2024-03-31,,,,,,284300000000,0.038,90400000000,0.036,90600000000,0.036,,57900000000,,36.96,,,,,,,,,,,,,,,,0.325,,,,,,true,true,12,2023-04-01,2024-03-31,1
2023-05-11,85720,2023-03-31,,,,,,200679000000,0.031,62826000000,4.388,70417000000,2.920,48985000000,,0.019,31.27,,,,,,1090256000000,496416000000,0.455,316.87,496416000000,,,,,10.00,,,,1566614098,50,1566614048,false,false,12,2022-04-01,2023-03-31,0
2023-05-11,85720,2022-03-31,,,,,,194670000000,-0.017,11660000000,-0.842,17962000000,-0.779,48082000000,,-0.322,30.69,,,,,,1080514000000,461531000000,0.427,294.60,461531000000,,,,,7.00,,,,1566614098,50,1566614094,false,false,12,2021-04-01,2022-03-31,-1
2023-05-11,85720,2024-03-31,,,,,,104100000000,0.045,33700000000,-0.052,37800000000,-0.085,27000000000,,-0.166,17.23,,,,,,,,,,,,,,,,,,,,,,false,true,6,2023-04-01,2023-09-30,1
2023-05-11,85720,2024-03-31,,,,,,210600000000,0.049,67000000000,0.066,72700000000,0.032,51400000000,,0.049,32.81,,,,,,,,,,,,,,,12.00,,,,,,,false,true,12,2023-04-01,2024-03-31,1
2023-07-28,85720,2024-03-31,1,,,,,70926000000,0.066,21927000000,-0.137,22082000000,-0.130,,13776000000,,8.79,,,,,,1319562000000,629463000000,0.447,,589788000000,,,,,,,,,,,,true,false,3,2023-04-01,2023-06-30,0
2023-07-28,85720,2023-03-31,1,,,,,66514000000,0.016,25394000000,0.014,25387000000,0.010,,16594000000,,10.59,,,,,,,,,,,,,,,,,,,,,,true,false,3,2022-04-01,2022-06-30,-1
2023-07-28,85720,2024-03-31,1,,,,,140000000000,0.037,45600000000,-0.066,45700000000,-0.064,,29500000000,,18.83,,,,,,,,,,,,,,,,,,,,,,true,true,6,2023-04-01,2023-09-30,0
2023-07-28,85720,2024-03-31,1,,,,,284300000000,0.038,90400000000,0.036,90600000000,0.036,,57900000000,,36.96,,,,,,,,,,,,,,,,,,,,,,true,true,12,2023-04-01,2024-03-31,0
2023-07-28,85720,2023-03-31,1,,,,,,,,,,,,,,,,,,,,1297316000000,619837000000,0.448,,581087000000,,,,,,,,,,,,true,false,12,2022-04-01,2023-03-31,-1
2023-07-28,85720,2023-03-31,1,,,,,,,,,,,,,,,,,,,,,,,,,,,,,10.00,,,,1566614098,50,,false,false,12,2022-04-01,2023-03-31,-1
2023-07-28,85720,2024-03-31,1,,,,,,,,,,,,,,,,,,,,,,,,,,,,,12.00,,,,,,,false,true,12,2023-04-01,2024-03-31,0
2023-07-28,85720,2024-03-31,1,,,,,,,,,,,,,,,,,,,,,,,,,,,,,,,,,1566614098,50,1566614048,false,false,3,2023-04-01,2023-06-30,0
2023-07-28,85720,2023-03-31,1,,,,,,,,,,,,,,,,,,,,,,,,,,,,,,,,,,,1566614048,false,false,3,2022-04-01,2022-06-30,-1
2023-11-09,85720,2024-03-31,2,,,,,144299000000,0.068,44218000000,-0.094,44382000000,-0.091,,27287000000,,17.42,,,,,,1359973000000,650192000000,0.447,,607392000000,,,,,,,,,,,,true,false,6,2023-04-01,2023-09-30,0
2023-11-09,85720,2023-03-31,2,,,,,135068000000,0.028,48798000000,0.009,48846000000,-0.000,,33016000000,,21.08,,,,,,,,,,,,,,,,,,,,,,true,false,6,2022-04-01,2022-09-30,-1
2023-11-09,85720,2024-03-31,2,,,,,293100000000,0.071,84500000000,-0.032,84800000000,-0.031,,52900000000,,33.77,,,,,,,,,,,,,,,,,,,,,,true,true,12,2023-04-01,2024-03-31,0
2023-11-09,85720,2023-03-31,2,,,,,,,,,,,,,,,,,,,,1297316000000,619837000000,0.448,,581087000000,,,,,,,,,,,,true,false,12,2022-04-01,2023-03-31,-1
2023-11-09,85720,2023-03-31,2,,,,,,,,,,,,,,,,,,,,,,,,,,,,,10.00,,,,1566614098,50,,false,false,12,2022-04-01,2023-03-31,-1
2023-11-09,85720,2024-03-31,2,,,,,,,,,,,,,,,,,,,,,,,,,,,,,6.00,,,,,,,false,false,12,2023-04-01,2024-03-31,0
2023-11-09,85720,2024-03-31,2,,,,,,,,,,,,,,,,,,,,,,,,,,,,,12.00,,,,,,,false,true,12,2023-04-01,2024-03-31,0
2023-11-09,85720,2024-03-31,2,,,,,,,,,,,,,,,,,,,,,,,,,,,,,,,,,1566614098,50,1566614048,false,false,6,2023-04-01,2023-09-30,0
2023-11-09,85720,2023-03-31,2,,,,,,,,,,,,,,,,,,,,,,,,,,,,,,,,,,,1566614048,false,false,6,2022-04-01,2022-09-30,-1
2023-11-09,85720,2024-03-31,,,,,,293100000000,0.031,84500000000,-0.065,84800000000,-0.064,,52900000000,,33.77,,,,,,,,,,,,,,,,,,,,,,true,true,12,2023-04-01,2024-03-31,0
2023-11-09,85720,2023-03-31,,,,,,273793000000,,87287000000,,87485000000,,,54926000000,,35.06,,,,,,,,,,,,,,,,,,,,,,true,false,12,2022-04-01,2023-03-31,-1
2023-11-09,85720,2024-03-31,,,,,,214600000000,0.019,58500000000,-0.127,64600000000,-0.111,45800000000,,-0.109,29.24,,,,,,,,,,,,,,,,,,,,,,false,true,12,2023-04-01,2024-03-31,0
2023-11-09,85720,2023-03-31,,,,,,200679000000,,62826000000,,70417000000,,48985000000,,,31.27,,,,,,,,,,,,,,,,,,,,,,false,false,12,2022-04-01,2023-03-31,-1
2024-01-31,85720,2024-03-31,3,,,,,218986000000,0.073,66867000000,-0.053,67013000000,-0.053,,41717000000,,26.63,,,,,,1390350000000,657023000000,0.441,,612984000000,,,,,,,,,,,,true,false,9,2023-04-01,2023-12-31,0
2024-01-31,85720,2023-03-31,3,,,,,204060000000,0.036,70646000000,0.178,70766000000,0.169,,44333000000,,28.30,,,,,,,,,,,,,,,,,,,,,,true,false,9,2022-04-01,2022-12-31,-1
2024-01-31,85720,2024-03-31,3,,,,,293100000000,0.071,84500000000,-0.032,84800000000,-0.031,,52900000000,,33.77,,,,,,,,,,,,,,,,,,,,,,true,true,12,2023-04-01,2024-03-31,0
2024-01-31,85720,2023-03-31,3,,,,,,,,,,,,,,,,,,,,1297316000000,619837000000,0.448,,581087000000,,,,,,,,,,,,true,false,12,2022-04-01,2023-03-31,-1
2024-01-31,85720,2023-03-31,3,,,,,,,,,,,,,,,,,,,,,,,,,,,,,10.00,,,,1566614098,50,,false,false,12,2022-04-01,2023-03-31,-1
2024-01-31,85720,2024-03-31,3,,,,,,,,,,,,,,,,,,,,,,,,,,,,,6.00,,,,,,,false,false,12,2023-04-01,2024-03-31,0
2024-01-31,85720,2024-03-31,3,,,,,,,,,,,,,,,,,,,,,,,,,,,,,12.00,,,,,,,false,true,12,2023-04-01,2024-03-31,0
2024-01-31,85720,2024-03-31,3,,,,,,,,,,,,,,,,,,,,,,,,,,,,,,,,,1566614098,50,1566614048,false,false,9,2023-04-01,2023-12-31,0
2024-01-31,85720,2023-03-31,3,,,,,,,,,,,,,,,,,,,,,,,,,,,,,,,,,,,1566614048,false,false,9,2022-04-01,2022-12-31,-1
2024-05-13,85720,2024-03-31,,,,,,294730000000,0.076,86347000000,-0.011,86715000000,-0.009,,53091000000,,33.89,,0.088,0.064,,,1417403000000,674175000000,0.443,400.87,628011000000,-36759000000,-6178000000,57163000000,71900000000,,0.354,,,,,,true,false,12,2023-04-01,2024-03-31,0
2024-05-13,85720,2023-03-31,,,,,,273793000000,0.044,87287000000,1.510,87485000000,1.468,,54926000000,,35.06,,0.099,0.068,,,1297316000000,619837000000,0.448,370.92,581087000000,-1318000000,-2692000000,-12933000000,57666000000,,0.285,,,,,,true,false,12,2022-04-01,2023-03-31,-1
2024-05-13,85720,2025-03-31,,,,,,153900000000,0.067,42500000000,-0.039,42700000000,-0.038,,25800000000,,16.47,,,,,,,,,,,,,,,,,,,,,,true,true,6,2024-04-01,2024-09-30,1
2024-05-13,85720,2025-03-31,,,,,,313500000000,0.064,87100000000,0.009,87500000000,0.009,,55600000000,,35.49,,,,,,,,,,,,,,,,0.394,,,,,,true,true,12,2024-04-01,2025-03-31,1
2024-05-13,85720,2024-03-31,,,,,,215467000000,0.074,60803000000,-0.032,66986000000,-0.049,46290000000,,-0.055,29.55,,,,,,1184819000000,525474000000,0.444,335.42,525474000000,,,,,12.00,,,,1566614098,120,1566614042,false,false,12,2023-04-01,2024-03-31,0
2024-05-13,85720,2023-03-31,,,,,,200679000000,0.031,62826000000,4.388,70417000000,2.920,48985000000,,0.019,31.27,,,,,,1090256000000,496416000000,0.455,316.87,496416000000,,,,,10.00,,,,1566614098,50,1566614048,false,false,12,2022-04-01,2023-03-31,-1
2024-05-13,85720,2025-03-31,,,,,,114000000000,0.079,32500000000,0.096,35800000000,0.049,24700000000,,0.012,15.77,,,,,,,,,,,,,,,,,,,,,,false,true,6,2024-04-01,2024-09-30,1
2024-05-13,85720,2025-03-31,,,,,,232500000000,0.079,67100000000,0.104,72100000000,0.076,49900000000,,0.078,31.85,,,,,,,,,,,,,,,14.00,,,,,,,false,true,12,2024-04-01,2025-03-31,1
2024-07-29,85720,2025-03-31,1,,,,,77236000000,0.089,21958000000,0.001,22097000000,0.001,,13632000000,,8.70,,,,,,1416976000000,679822000000,0.447,,633061000000,,,,,,,,,,,,true,false,3,2024-04-01,2024-06-30,0
2024-07-29,85720,2024-03-31,1,,,,,70926000000,0.066,21927000000,-0.137,22082000000,-0.130,,13776000000,,8.79,,,,,,,,,,,,,,,,,,,,,,true,false,3,2023-04-01,2023-06-30,-1
2024-07-29,85720,2025-03-31,1,,,,,153900000000,0.067,42500000000,-0.039,42700000000,-0.038,,25800000000,,16.47,,,,,,,,,,,,,,,,,,,,,,true,true,6,2024-04-01,2024-09-30,0
2024-07-29,85720,2025-03-31,1,,,,,313500000000,0.064,87100000000,0.009,87500000000,0.009,,55600000000,,35.49,,,,,,,,,,,,,,,,,,,,,,true,true,12,2024-04-01,2025-03-31,0
2024-07-29,85720,2024-03-31,1,,,,,,,,,,,,,,,,,,,,1417403000000,674175000000,0.443,,628011000000,,,,,,,,,,,,true,false,12,2023-04-01,2024-03-31,-1
2024-07-29,85720,2024-03-31,1,,,,,,,,,,,,,,,,,,,,,,,,,,,,,12.00,,,,1566614098,120,,false,false,12,2023-04-01,2024-03-31,-1
2024-07-29,85720,2025-03-31,1,,,,,,,,,,,,,,,,,,,,,,,,,,,,,14.00,,,,,,,false,true,12,2024-04-01,2025-03-31,0
2024-07-29,85720,2025-03-31,1,,,,,,,,,,,,,,,,,,,,,,,,,,,,,,,,,1566614098,120,1566613978,false,false,3,2024-04-01,2024-06-30,0
2024-07-29,85720,2024-03-31,1,,,,,,,,,,,,,,,,,,,,,,,,,,,,,,,,,,,1566614048,false,false,3,2023-04-01,2023-06-30,-1
2024-11-11,85720,2025-03-31,2,,,,,156299000000,0.083,48022000000,0.086,48239000000,0.087,,29859000000,,19.06,,,,,,1439995000000,704855000000,0.455,,654722000000,,,,,,,,,,,,true,false,6,2024-04-01,2024-09-30,0
2024-11-11,85720,2024-03-31,2,,,,,144299000000,0.068,44218000000,-0.094,44382000000,-0.091,,27287000000,,17.42,,,,,,,,,,,,,,,,,,,,,,true,false,6,2023-04-01,2023-09-30,-1
2024-11-11,85720,2025-03-31,2,,,,,313500000000,0.064,87100000000,0.009,87500000000,0.009,,55600000000,,35.49,,,,,,,,,,,,,,,,,,,,,,true,true,12,2024-04-01,2025-03-31,0
2024-11-11,85720,2024-03-31,2,,,,,,,,,,,,,,,,,,,,1417403000000,674175000000,0.443,,628011000000,,,,,,,,,,,,true,false,12,2023-04-01,2024-03-31,-1
2024-11-11,85720,2024-03-31,2,,,,,,,,,,,,,,,,,,,,,,,,,,,,,12.00,,,,1566614098,120,,false,false,12,2023-04-01,2024-03-31,-1
2024-11-11,85720,2025-03-31,2,,,,,,,,,,,,,,,,,,,,,,,,,,,,,7.00,,,,,,,false,false,12,2024-04-01,2025-03-31,0
2024-11-11,85720,2025-03-31,2,,,,,,,,,,,,,,,,,,,,,,,,,,,,,14.00,,,,,,,false,true,12,2024-04-01,2025-03-31,0
2024-11-11,85720,2025-03-31,2,,,,,,,,,,,,,,,,,,,,,,,,,,,,,,,,,1566614098,120,1566613978,false,false,6,2024-04-01,2024-09-30,0
2024-11-11,85720,2024-03-31,2,,,,,,,,,,,,,,,,,,,,,,,,,,,,,,,,,,,1566614048,false,false,6,2023-04-01,2023-09-30,-1
2025-01-31,85720,2025-03-31,3,,,,,236825000000,0.081,74679000000,0.117,74965000000,0.119,,46915000000,,29.95,,,,,,1466547000000,713550000000,0.451,,661857000000,,,,,,,,,,,,true,false,9,2024-04-01,2024-12-31,0
2025-01-31,85720,2024-03-31,3,,,,,218986000000,0.073,66867000000,-0.053,67013000000,-0.053,,41717000000,,26.63,,,,,,,,,,,,,,,,,,,,,,true,false,9,2023-04-01,2023-12-31,-1
2025-01-31,85720,2025-03-31,3,,,,,313500000000,0.064,87100000000,0.009,87500000000,0.009,,55600000000,,35.49,,,,,,,,,,,,,,,,,,,,,,true,true,12,2024-04-01,2025-03-31,0
2025-01-31,85720,2024-03-31,3,,,,,,,,,,,,,,,,,,,,1417403000000,674175000000,0.443,,628011000000,,,,,,,,,,,,true,false,12,2023-04-01,2024-03-31,-1
2025-01-31,85720,2024-03-31,3,,,,,,,,,,,,,,,,,,,,,,,,,,,,,12.00,,,,1566614098,120,,false,false,12,2023-04-01,2024-03-31,-1
2025-01-31,85720,2025-03-31,3,,,,,,,,,,,,,,,,,,,,,,,,,,,,,7.00,,,,,,,false,false,12,2024-04-01,2025-03-31,0
2025-01-31,85720,2025-03-31,3,,,,,,,,,,,,,,,,,,,,,,,,,,,,,14.00,,,,,,,false,true,12,2024-04-01,2025-03-31,0
2025-01-31,85720,2025-03-31,3,,,,,,,,,,,,,,,,,,,,,,,,,,,,,,,,,1566614098,120,1566613978,false,false,9,2024-04-01,2024-12-31,0
2025-01-31,85720,2024-03-31,3,,,,,,,,,,,,,,,,,,,,,,,,,,,,,,,,,,,1566614048,false,false,9,2023-04-01,2023-12-31,-1
2025-04-21,85720,2025-03-31,,,,,,317700000000,0.013,58500000000,-0.328,58900000000,-0.327,,32100000000,,20.49,,,,,,,,,,,,,,,,,,,,,,true,true,12,2024-04-01,2025-03-31,0
2025-04-21,85720,2024-03-31,,,,,,294730000000,,86347000000,,86715000000,,,53091000000,,33.89,,,,,,,,,,,,,,,,,,,,,,true,false,12,2023-04-01,2024-03-31,-1
2025-04-21,85720,2025-03-31,,,,,,233200000000,0.003,35600000000,-0.469,40000000000,-0.445,25900000000,,-0.481,16.53,,,,,,,,,,,,,,,,,,,,,,false,true,12,2024-04-01,2025-03-31,0
2025-04-21,85720,2024-03-31,,,,,,215467000000,,60803000000,,66986000000,,46290000000,,,29.55,,,,,,,,,,,,,,,,,,,,,,false,false,12,2023-04-01,2024-03-31,-1
2025-05-12,85720,2025-03-31,,,,,,317742000000,0.078,58561000000,-0.322,58919000000,-0.321,,32124000000,,20.51,,0.050,0.041,,,1486409000000,709035000000,0.440,417.18,653561000000,876000000,-6478000000,-6410000000,60157000000,,0.683,,,,,,true,false,12,2024-04-01,2025-03-31,0
2025-05-12,85720,2024-03-31,,,,,,294730000000,0.076,86347000000,-0.011,86715000000,-0.009,,53091000000,,33.89,,0.088,0.064,,,1417403000000,674175000000,0.443,400.87,628011000000,-36759000000,-6178000000,57163000000,71900000000,,0.354,,,,,,true,false,12,2023-04-01,2024-03-31,-1
2025-05-12,85720,2026-03-31,,,,,,164100000000,0.050,47500000000,-0.011,47600000000,-0.013,,44500000000,,28.41,,,,,,,,,,,,,,,,,,,,,,true,true,6,2025-04-01,2025-09-30,1
2025-05-12,85720,2026-03-31,,,,,,331800000000,0.044,88600000000,0.513,88900000000,0.509,,72200000000,,46.09,,,,,,,,,,,,,,,,0.434,,,,,,true,true,12,2025-04-01,2026-03-31,1
2025-05-12,85720,2025-03-31,,,,,,233250000000,0.083,35585000000,-0.415,40036000000,-0.402,25922000000,,-0.440,16.55,,,,,,1236083000000,531031000000,0.430,338.97,531031000000,,,,,14.00,,,,1566614098,120,1566613978,false,false,12,2024-04-01,2025-03-31,0
2025-05-12,85720,2024-03-31,,,,,,215467000000,0.074,60803000000,-0.032,66986000000,-0.049,46290000000,,-0.055,29.55,,,,,,1184819000000,525474000000,0.444,335.42,525474000000,,,,,12.00,,,,1566614098,120,1566614042,false,false,12,2023-04-01,2024-03-31,-1
2025-05-12,85720,2026-03-31,,,,,,122000000000,0.062,37300000000,0.043,41400000000,0.060,43300000000,,0.597,27.64,,,,,,,,,,,,,,,,,,,,,,false,true,6,2025-04-01,2025-09-30,1
2025-05-12,85720,2026-03-31,,,,,,246500000000,0.057,68500000000,0.925,73800000000,0.843,67200000000,,1.592,42.90,,,,,,,,,,,,,,,20.00,,,,,,,false,true,12,2025-04-01,2026-03-31,1
