filing_date,code,fiscal_year_end,quarterly_period,net_sales,net_sales_change,revenue,revenue_change,operating_revenue,operating_revenue_change,operating_profit,operating_profit_change,ordinary_profit,ordinary_profit_change,net_income,net_income_of_parent,net_income_change,eps,diluted_eps,roe,roa,operating_profit_to_net_sales,operating_profit_to_revenue,total_assets,net_assets,equity_ratio,bps,owner_equity,operating_cash_flow,investing_cash_flow,financing_cash_flow,cash,dividend_per_share,payout_ratio,commemorative_dividend,extra_dividend,number_of_shares,number_of_treqsury_shares,avg_number_of_shares,is_consolidated,is_forecast,duration,period_start,period_end,period_pos
2015-05-08,85850,2015-03-31,,,,,,206398000000,-0.006,20737000000,-0.225,20737000000,-0.225,18481000000,,-0.186,22.95,10.75,0.078,0.004,,,4928726000000,249973000000,0.051,-20.07,249861000000,8288000000,-648000000,1125000000,131983000000,,,,,,,,true,false,12,2014-04-01,2015-03-31,0
2015-05-08,85850,2014-03-31,,,,,,207546000000,-0.015,26747000000,5.591,26747000000,5.591,22699000000,,6.513,29.35,13.21,0.107,0.006,,,4776000000000,225804000000,0.047,-56.16,225702000000,-34756000000,-30417000000,36474000000,123131000000,,,,,,,,true,false,12,2013-04-01,2014-03-31,-1
2015-05-08,85850,2016-03-31,,,,,,101100000000,-0.004,9000000000,-0.227,9000000000,-0.227,,8000000000,,9.80,,,,,,,,,,,,,,,,,,,,,,true,true,6,2015-04-01,2015-09-30,1
2015-05-08,85850,2016-03-31,,,,,,209200000000,0.014,24500000000,0.181,24500000000,0.181,,21000000000,,25.73,,,,,,,,,,,,,,,,,,,,,,true,true,12,2015-04-01,2016-03-31,1
2015-05-08,85850,2015-03-31,,,,,,194956000000,0.001,19021000000,-0.246,19021000000,-0.246,18481000000,,-0.145,22.95,10.75,,,,,4863479000000,253759000000,0.048,-37.44,235678000000,,,,,0.00,,,,816193418,21434,805288772,false,false,12,2014-04-01,2015-03-31,0
2015-05-08,85850,2014-03-31,,,,,,194826000000,-0.021,25225000000,7.758,25225000000,7.758,21627000000,,8.276,27.96,12.59,,,,,4717286000000,214741000000,0.046,-70.14,214672000000,,,,,0.00,,,,789099918,29734,773451938,false,false,12,2013-04-01,2014-03-31,-1
2015-05-08,85850,2016-03-31,,,,,,95500000000,-0.006,8200000000,-0.244,8200000000,-0.244,7500000000,,-0.344,9.19,,,,,,,,,,,,,,,,,,,,,,false,true,6,2015-04-01,2015-09-30,1
2015-05-08,85850,2016-03-31,,,,,,197900000000,0.015,23000000000,0.209,23000000000,0.209,20000000000,,0.082,24.50,,,,,,,,,,,,,,,0.00,,,,,,,false,true,12,2015-04-01,2016-03-31,1
2015-07-30,85850,2016-03-31,1,,,,,51492000000,0.043,6724000000,-0.195,6724000000,-0.195,,4585000000,,5.62,2.67,,,,,4946683000000,256396000000,0.052,,256255000000,,,,,,,,,,,,true,false,3,2015-04-01,2015-06-30,0
2015-07-30,85850,2015-03-31,1,,,,,49377000000,-0.030,8351000000,-0.044,8351000000,-0.044,,8771000000,,11.12,5.10,,,,,,,,,,,,,,,,,,,,,true,false,3,2014-04-01,2014-06-30,-1
2015-07-30,85850,2016-03-31,1,,,,,101100000000,-0.004,9000000000,-0.227,9000000000,-0.227,,8000000000,,9.80,,,,,,,,,,,,,,,,,,,,,,true,true,6,2015-04-01,2015-09-30,0
2015-07-30,85850,2016-03-31,1,,,,,209200000000,0.014,24500000000,0.181,24500000000,0.181,,21000000000,,25.73,,,,,,,,,,,,,,,,,,,,,,true,true,12,2015-04-01,2016-03-31,0
2015-07-30,85850,2015-03-31,1,,,,,,,,,,,,,,,,,,,,4928726000000,249973000000,0.051,,249861000000,,,,,,,,,,,,true,false,12,2014-04-01,2015-03-31,-1
2015-07-30,85850,2015-03-31,1,,,,,,,,,,,,,,,,,,,,,,,,,,,,,0.00,,,,816193418,21434,,false,false,12,2014-04-01,2015-03-31,-1
2015-07-30,85850,2016-03-31,1,,,,,,,,,,,,,,,,,,,,,,,,,,,,,0.00,,,,,,,false,true,12,2015-04-01,2016-03-31,0
2015-07-30,85850,2016-03-31,1,,,,,,,,,,,,,,,,,,,,,,,,,,,,,,,,,816236918,21500,816198332,false,false,3,2015-04-01,2015-06-30,0
2015-07-30,85850,2015-03-31,1,,,,,,,,,,,,,,,,,,,,,,,,,,,,,,,,,,,789133897,false,false,3,2014-04-01,2014-06-30,-1
2015-09-29,85850,2016-03-31,,,,,,102800000000,0.017,13300000000,0.478,13300000000,0.478,,10100000000,,9.20,,,,,,,,,,,,,,,,,,,,,,true,true,6,2015-04-01,2015-09-30,0
2015-09-29,85850,2015-03-31,,,,,,101552000000,,11642000000,,11642000000,,,11916000000,,15.00,,,,,,,,,,,,,,,,,,,,,,true,false,6,2014-04-01,2014-09-30,-1
2015-09-29,85850,2016-03-31,,,,,,96900000000,0.015,12200000000,0.488,12200000000,0.488,9400000000,,0.253,8.56,,,,,,,,,,,,,,,,,,,,,,false,true,6,2015-04-01,2015-09-30,0
2015-09-29,85850,2015-03-31,,,,,,96077000000,,10843000000,,10843000000,,11435000000,,,14.39,,,,,,,,,,,,,,,,,,,,,,false,false,6,2014-04-01,2014-09-30,-1
2015-10-30,85850,2016-03-31,2,,,,,103070000000,0.015,13474000000,0.157,13474000000,0.157,,10447000000,,9.52,6.08,,,,,5012439000000,261816000000,0.052,,261672000000,,,,,,,,,,,,true,false,6,2015-04-01,2015-09-30,0
2015-10-30,85850,2015-03-31,2,,,,,101552000000,-0.004,11642000000,-0.264,11642000000,-0.264,,11916000000,,15.00,6.93,,,,,,,,,,,,,,,,,,,,,true,false,6,2014-04-01,2014-09-30,-1
2015-10-30,85850,2016-03-31,2,,,,,209200000000,0.014,24500000000,0.181,24500000000,0.181,,21000000000,,14.92,,,,,,,,,,,,,,,,,,,,,,true,true,12,2015-04-01,2016-03-31,0
2015-10-30,85850,2015-03-31,2,,,,,,,,,,,,,,,,,,,,4928726000000,249973000000,0.051,,249861000000,,,,,,,,,,,,true,false,12,2014-04-01,2015-03-31,-1
2015-10-30,85850,2015-03-31,2,,,,,,,,,,,,,,,,,,,,,,,,,,,,,0.00,,,,816193418,21434,,false,false,12,2014-04-01,2015-03-31,-1
2015-10-30,85850,2016-03-31,2,,,,,,,,,,,,,,,,,,,,,,,,,,,,,0.00,,,,,,,false,false,12,2015-04-01,2016-03-31,0
2015-10-30,85850,2016-03-31,2,,,,,,,,,,,,,,,,,,,,,,,,,,,,,0.00,,,,,,,false,true,12,2015-04-01,2016-03-31,0
2015-10-30,85850,2016-03-31,2,,,,,,,,,,,,,,,,,,,,,,,,,,,,,,,,,1717951203,21881,1097841456,false,false,6,2015-04-01,2015-09-30,0
2015-10-30,85850,2015-03-31,2,,,,,,,,,,,,,,,,,,,,,,,,,,,,,,,,,,,794464882,false,false,6,2014-04-01,2014-09-30,-1
2016-01-29,85850,2016-03-31,3,,,,,155012000000,0.026,21416000000,0.367,21416000000,0.367,,17706000000,,13.57,10.30,,,,,5036385000000,269083000000,0.053,,268930000000,,,,,,,,,,,,true,false,9,2015-04-01,2015-12-31,0
2016-01-29,85850,2015-03-31,3,,,,,151047000000,-0.009,15667000000,-0.362,15667000000,-0.362,,15752000000,,19.65,9.17,,,,,,,,,,,,,,,,,,,,,true,false,9,2014-04-01,2014-12-31,-1
2016-01-29,85850,2016-03-31,3,,,,,209200000000,0.014,24500000000,0.181,24500000000,0.181,,21000000000,,14.92,,,,,,,,,,,,,,,,,,,,,,true,true,12,2015-04-01,2016-03-31,0
2016-01-29,85850,2015-03-31,3,,,,,,,,,,,,,,,,,,,,4928726000000,249973000000,0.051,,249861000000,,,,,,,,,,,,true,false,12,2014-04-01,2015-03-31,-1
2016-01-29,85850,2015-03-31,3,,,,,,,,,,,,,,,,,,,,,,,,,,,,,0.00,,,,816193418,21434,,false,false,12,2014-04-01,2015-03-31,-1
2016-01-29,85850,2016-03-31,3,,,,,,,,,,,,,,,,,,,,,,,,,,,,,0.00,,,,,,,false,false,12,2015-04-01,2016-03-31,0
2016-01-29,85850,2016-03-31,3,,,,,,,,,,,,,,,,,,,,,,,,,,,,,0.00,,,,,,,false,true,12,2015-04-01,2016-03-31,0
2016-01-29,85850,2016-03-31,3,,,,,,,,,,,,,,,,,,,,,,,,,,,,,,,,,1717951203,22002,1305289011,false,false,9,2015-04-01,2015-12-31,0
2016-01-29,85850,2015-03-31,3,,,,,,,,,,,,,,,,,,,,,,,,,,,,,,,,,,,801726995,false,false,9,2014-04-01,2014-12-31,-1
2016-04-12,85850,2016-03-31,,,,,,211800000000,0.012,29400000000,0.200,29400000000,0.200,,24500000000,,17.40,,,,,,,,,,,,,,,,,,,,,,true,true,12,2015-04-01,2016-03-31,0
2016-04-12,85850,2015-03-31,,,,,,206398000000,,20737000000,,20737000000,,,18481000000,,22.95,,,,,,,,,,,,,,,,,,,,,,true,false,12,2014-04-01,2015-03-31,-1
2016-04-12,85850,2016-03-31,,,,,,199700000000,0.009,27500000000,0.196,27500000000,0.196,23100000000,,0.155,16.41,,,,,,,,,,,,,,,,,,,,,,false,true,12,2015-04-01,2016-03-31,0
2016-04-12,85850,2015-03-31,,,,,,194956000000,,19021000000,,19021000000,,18481000000,,,22.95,,,,,,,,,,,,,,,,,,,,,,false,false,12,2014-04-01,2015-03-31,-1
2016-05-10,85850,2016-03-31,,,,,,211804000000,0.026,29486000000,0.422,29486000000,0.422,,24577000000,,17.46,14.30,0.094,0.006,,,5152900000000,274023000000,0.053,77.95,273904000000,-42279000000,-22434000000,111787000000,178792000000,,,,,,,,true,false,12,2015-04-01,2016-03-31,0
2016-05-10,85850,2015-03-31,,,,,,206398000000,-0.006,20737000000,-0.225,20737000000,-0.225,,18481000000,,22.95,10.75,0.078,0.004,,,4928726000000,249973000000,0.051,-20.07,249861000000,8288000000,-648000000,1125000000,131983000000,,,,,,,,true,false,12,2014-04-01,2015-03-31,-1
2016-05-10,85850,2017-03-31,,,,,,105100000000,0.020,16000000000,0.187,16000000000,0.187,,13100000000,,7.63,,,,,,,,,,,,,,,,,,,,,,true,true,6,2016-04-01,2016-09-30,1
2016-05-10,85850,2017-03-31,,,,,,213500000000,0.008,30800000000,0.045,30800000000,0.045,,27000000000,,15.72,,,,,,,,,,,,,,,,,,,,,,true,true,12,2016-04-01,2017-03-31,1
2016-05-10,85850,2016-03-31,,,,,,199799000000,0.025,27501000000,0.446,27501000000,0.446,23139000000,,0.252,16.44,13.46,,,,,5081940000000,258551000000,0.051,68.95,258453000000,,,,,0.00,,,,1717951203,22195,1407885314,false,false,12,2015-04-01,2016-03-31,0
2016-05-10,85850,2015-03-31,,,,,,194956000000,0.001,19021000000,-0.246,19021000000,-0.246,18481000000,,-0.145,22.95,10.75,,,,,4863479000000,235759000000,0.048,-37.44,235678000000,,,,,0.00,,,,816193418,21434,805288772,false,false,12,2014-04-01,2015-03-31,-1
2016-05-10,85850,2017-03-31,,,,,,99300000000,0.023,15300000000,0.230,15300000000,0.230,12700000000,,0.303,7.39,,,,,,,,,,,,,,,,,,,,,,false,true,6,2016-04-01,2016-09-30,1
2016-05-10,85850,2017-03-31,,,,,,201200000000,0.007,28900000000,0.051,28900000000,0.051,25500000000,,0.102,14.84,,,,,,,,,,,,,,,0.00,,,,,,,false,true,12,2016-04-01,2017-03-31,1
2016-07-28,85850,2017-03-31,1,,,,,51666000000,0.003,7804000000,0.161,7804000000,0.161,,6233000000,,3.63,3.63,,,,,5152416000000,279827000000,0.054,,279706000000,,,,,,,,,,,,true,false,3,2016-04-01,2016-06-30,0
2016-07-28,85850,2016-03-31,1,,,,,51492000000,0.043,6724000000,-0.195,6724000000,-0.195,,4585000000,,5.62,2.67,,,,,,,,,,,,,,,,,,,,,true,false,3,2015-04-01,2015-06-30,-1
2016-07-28,85850,2017-03-31,1,,,,,105100000000,0.020,16000000000,0.187,16000000000,0.187,,13100000000,,7.63,,,,,,,,,,,,,,,,,,,,,,true,true,6,2016-04-01,2016-09-30,0
2016-07-28,85850,2017-03-31,1,,,,,213500000000,0.008,30800000000,0.045,30800000000,0.045,,27000000000,,15.72,,,,,,,,,,,,,,,,,,,,,,true,true,12,2016-04-01,2017-03-31,0
2016-07-28,85850,2016-03-31,1,,,,,,,,,,,,,,,,,,,,5152900000000,274023000000,0.053,,273904000000,,,,,,,,,,,,true,false,12,2015-04-01,2016-03-31,-1
2016-07-28,85850,2016-03-31,1,,,,,,,,,,,,,,,,,,,,,,,,,,,,,0.00,,,,1717951203,22195,,false,false,12,2015-04-01,2016-03-31,-1
2016-07-28,85850,2017-03-31,1,,,,,,,,,,,,,,,,,,,,,,,,,,,,,0.00,,,,,,,false,true,12,2016-04-01,2017-03-31,0
2016-07-28,85850,2017-03-31,1,,,,,,,,,,,,,,,,,,,,,,,,,,,,,,,,,1717960203,20195,1717940008,false,false,3,2016-04-01,2016-06-30,0
2016-07-28,85850,2016-03-31,1,,,,,,,,,,,,,,,,,,,,,,,,,,,,,,,,,,,816198332,false,false,3,2015-04-01,2015-06-30,-1
2016-10-27,85850,2017-03-31,2,,,,,106196000000,0.030,17002000000,0.262,17002000000,0.262,,13622000000,,7.93,7.93,,,,,5189455000000,287142000000,0.055,,287038000000,,,,,,,,,,,,true,false,6,2016-04-01,2016-09-30,0
2016-10-27,85850,2016-03-31,2,,,,,103070000000,0.015,13474000000,0.157,13474000000,0.157,,10447000000,,9.52,6.08,,,,,,,,,,,,,,,,,,,,,true,false,6,2015-04-01,2015-09-30,-1
2016-10-27,85850,2017-03-31,2,,,,,213500000000,0.008,30800000000,0.045,30800000000,0.045,,27000000000,,15.72,,,,,,,,,,,,,,,,,,,,,,true,true,12,2016-04-01,2017-03-31,0
2016-10-27,85850,2016-03-31,2,,,,,,,,,,,,,,,,,,,,5152900000000,274023000000,0.053,,273904000000,,,,,,,,,,,,true,false,12,2015-04-01,2016-03-31,-1
2016-10-27,85850,2016-03-31,2,,,,,,,,,,,,,,,,,,,,,,,,,,,,,0.00,,,,1717951203,22195,,false,false,12,2015-04-01,2016-03-31,-1
2016-10-27,85850,2017-03-31,2,,,,,,,,,,,,,,,,,,,,,,,,,,,,,0.00,,,,,,,false,false,12,2016-04-01,2017-03-31,0
2016-10-27,85850,2017-03-31,2,,,,,,,,,,,,,,,,,,,,,,,,,,,,,,,,,1718163703,20318,1718041712,false,false,6,2016-04-01,2016-09-30,0
2016-10-27,85850,2016-03-31,2,,,,,,,,,,,,,,,,,,,,,,,,,,,,,,,,,,,1097841456,false,false,6,2015-04-01,2015-09-30,-1
2017-01-31,85850,2017-03-31,3,,,,,159516000000,0.029,26844000000,0.253,26844000000,0.253,,22491000000,,13.09,13.09,,,,,5226818000000,296220000000,0.057,,296108000000,,,,,,,,,,,,true,false,9,2016-04-01,2016-12-31,0
2017-01-31,85850,2016-03-31,3,,,,,155012000000,0.026,21416000000,0.367,21416000000,0.367,,17706000000,,13.57,10.30,,,,,,,,,,,,,,,,,,,,,true,false,9,2015-04-01,2015-12-31,-1
2017-01-31,85850,2017-03-31,3,,,,,213500000000,0.008,30800000000,0.045,30800000000,0.045,,27000000000,,15.72,,,,,,,,,,,,,,,,,,,,,,true,true,12,2016-04-01,2017-03-31,0
2017-01-31,85850,2016-03-31,3,,,,,,,,,,,,,,,,,,,,5152900000000,274023000000,0.053,,273904000000,,,,,,,,,,,,true,false,12,2015-04-01,2016-03-31,-1
2017-01-31,85850,2016-03-31,3,,,,,,,,,,,,,,,,,,,,,,,,,,,,,0.00,,,,1717951203,22195,,false,false,12,2015-04-01,2016-03-31,-1
2017-01-31,85850,2017-03-31,3,,,,,,,,,,,,,,,,,,,,,,,,,,,,,0.00,,,,,,,false,false,12,2016-04-01,2017-03-31,0
2017-01-31,85850,2017-03-31,3,,,,,,,,,,,,,,,,,,,,,,,,,,,,,2.00,,,,,,,false,true,12,2016-04-01,2017-03-31,0
2017-01-31,85850,2017-03-31,3,,,,,,,,,,,,,,,,,,,,,,,,,,,,,,,,,1718163703,20386,1718075596,false,false,9,2016-04-01,2016-12-31,0
2017-01-31,85850,2016-03-31,3,,,,,,,,,,,,,,,,,,,,,,,,,,,,,,,,,,,1305289011,false,false,9,2015-04-01,2015-12-31,-1
2017-05-11,85850,2017-03-31,,,,,,213693000000,0.009,33515000000,0.137,33515000000,0.137,,28690000000,,15.44,15.43,0.099,0.006,,,5329058000000,303908000000,0.057,95.33,303790000000,-104697000000,-27962000000,152420000000,198498000000,,0.130,,,,,,true,false,12,2016-04-01,2017-03-31,0
2017-05-11,85850,2016-03-31,,,,,,211804000000,0.026,29486000000,0.422,29486000000,0.422,,24577000000,,17.46,14.30,0.094,0.006,,,5152900000000,274023000000,0.053,77.95,273904000000,-42279000000,-22434000000,111787000000,178792000000,,,,,,,,true,false,12,2015-04-01,2016-03-31,-1
2017-05-11,85850,2018-03-31,,,,,,110900000000,0.044,17100000000,0.006,17100000000,0.006,,14200000000,,8.26,,,,,,,,,,,,,,,,,,,,,,true,true,6,2017-04-01,2017-09-30,1
2017-05-11,85850,2018-03-31,,,,,,221100000000,0.035,34100000000,0.017,34100000000,0.017,,30000000000,,,,,,,,,,,,,,,,,,,,,,,,true,true,12,2017-04-01,2018-03-31,1
2017-05-11,85850,2017-03-31,,,,,,201526000000,0.009,31641000000,0.151,31641000000,0.151,27138000000,,0.173,14.61,14.60,,,,,5252718000000,287591000000,0.055,85.84,287494000000,,,,,2.00,,,,1718163703,20594,1718092483,false,false,12,2016-04-01,2017-03-31,0
2017-05-11,85850,2016-03-31,,,,,,199799000000,0.025,27501000000,0.446,27501000000,0.446,23139000000,,0.252,16.44,13.46,,,,,5081940000000,258551000000,0.051,68.95,258453000000,,,,,0.00,,,,1717951203,22195,1407885314,false,false,12,2015-04-01,2016-03-31,-1
2017-05-11,85850,2018-03-31,,,,,,104400000000,0.042,15800000000,-0.010,15800000000,-0.010,13300000000,,0.042,7.74,,,,,,,,,,,,,,,,,,,,,,false,true,6,2017-04-01,2017-09-30,1
2017-05-11,85850,2018-03-31,,,,,,207800000000,0.031,31300000000,-0.011,31300000000,-0.011,28000000000,,0.032,,,,,,,,,,,,,,,,2.00,,,,,,,false,true,12,2017-04-01,2018-03-31,1
2017-07-28,85850,2018-03-31,1,,,,,52857000000,0.023,5015000000,-0.357,5015000000,-0.357,,4877000000,,0.70,0.70,,,,,5270237000000,230662000000,0.044,,230418000000,,,,,,,,,,,,true,false,3,2017-04-01,2017-06-30,0
2017-07-28,85850,2017-03-31,1,,,,,51666000000,0.003,7804000000,0.161,7804000000,0.161,,6233000000,,3.63,3.63,,,,,,,,,,,,,,,,,,,,,true,false,3,2016-04-01,2016-06-30,-1
2017-07-28,85850,2018-03-31,1,,,,,110900000000,0.044,17100000000,0.006,17100000000,0.006,,14200000000,,6.15,,,,,,,,,,,,,,,,,,,,,,true,true,6,2017-04-01,2017-09-30,0
2017-07-28,85850,2018-03-31,1,,,,,221100000000,0.035,34100000000,0.017,34100000000,0.017,,30000000000,,,,,,,,,,,,,,,,,,,,,,,,true,true,12,2017-04-01,2018-03-31,0
2017-07-28,85850,2017-03-31,1,,,,,,,,,,,,,,,,,,,,5329058000000,303908000000,0.057,,303790000000,,,,,,,,,,,,true,false,12,2016-04-01,2017-03-31,-1
2017-07-28,85850,2017-03-31,1,,,,,,,,,,,,,,,,,,,,,,,,,,,,,2.00,,,,1718163703,20594,,false,false,12,2016-04-01,2017-03-31,-1
2017-07-28,85850,2018-03-31,1,,,,,,,,,,,,,,,,,,,,,,,,,,,,,2.00,,,,,,,false,true,12,2017-04-01,2018-03-31,0
2017-07-28,85850,2018-03-31,1,,,,,,,,,,,,,,,,,,,,,,,,,,,,,,,,,1718346703,20644,1718224092,false,false,3,2017-04-01,2017-06-30,0
2017-07-28,85850,2017-03-31,1,,,,,,,,,,,,,,,,,,,,,,,,,,,,,,,,,,,1717940008,false,false,3,2016-04-01,2016-06-30,-1
2017-10-27,85850,2018-03-31,2,,,,,111810000000,0.053,15816000000,-0.070,15816000000,-0.070,,13843000000,,5.71,5.71,,,,,5353358000000,239408000000,0.045,,239158000000,,,,,,,,,,,,true,false,6,2017-04-01,2017-09-30,0
2017-10-27,85850,2017-03-31,2,,,,,106196000000,0.030,17002000000,0.262,17002000000,0.262,,13622000000,,7.93,7.93,,,,,,,,,,,,,,,,,,,,,true,false,6,2016-04-01,2016-09-30,-1
2017-10-27,85850,2018-03-31,2,,,,,226300000000,0.059,34100000000,0.017,34100000000,0.017,,30000000000,,14.42,,,,,,,,,,,,,,,,,,,,,,true,true,12,2017-04-01,2018-03-31,0
2017-10-27,85850,2017-03-31,2,,,,,,,,,,,,,,,,,,,,5329058000000,303908000000,0.057,,303790000000,,,,,,,,,,,,true,false,12,2016-04-01,2017-03-31,-1
2017-10-27,85850,2017-03-31,2,,,,,,,,,,,,,,,,,,,,,,,,,,,,,0.00,,,,1718163703,20594,,false,false,12,2016-04-01,2017-03-31,-1
2017-10-27,85850,2018-03-31,2,,,,,,,,,,,,,,,,,,,,,,,,,,,,,0.00,,,,,,,false,false,12,2017-04-01,2018-03-31,0
2017-10-27,85850,2018-03-31,2,,,,,,,,,,,,,,,,,,,,,,,,,,,,,2.00,,,,,,,false,true,12,2017-04-01,2018-03-31,0
2017-10-27,85850,2018-03-31,2,,,,,,,,,,,,,,,,,,,,,,,,,,,,,,,,,1718346703,1493200,1718029519,false,false,6,2017-04-01,2017-09-30,0
2017-10-27,85850,2017-03-31,2,,,,,,,,,,,,,,,,,,,,,,,,,,,,,,,,,,,1718041712,false,false,6,2016-04-01,2016-09-30,-1
2017-10-27,85850,2018-03-31,2,,,,,111810000000,0.053,15816000000,-0.070,15816000000,-0.070,,13843000000,,5.71,5.71,,,,,5353358000000,239408000000,0.045,,239158000000,,,,,,,,,,,,true,false,6,2017-04-01,2017-09-30,0
2017-10-27,85850,2017-03-31,2,,,,,106196000000,0.030,17002000000,0.262,17002000000,0.262,,13622000000,,7.93,7.93,,,,,,,,,,,,,,,,,,,,,true,false,6,2016-04-01,2016-09-30,-1
2017-10-27,85850,2018-03-31,2,,,,,226300000000,0.059,34100000000,0.017,34100000000,0.017,,30000000000,,14.42,,,,,,,,,,,,,,,,,,,,,,true,true,12,2017-04-01,2018-03-31,0
2017-10-27,85850,2017-03-31,2,,,,,,,,,,,,,,,,,,,,5329058000000,303908000000,0.057,,303790000000,,,,,,,,,,,,true,false,12,2016-04-01,2017-03-31,-1
2017-10-27,85850,2017-03-31,2,,,,,,,,,,,,,,,,,,,,,,,,,,,,,2.00,,,,1718163703,20594,,false,false,12,2016-04-01,2017-03-31,-1
2017-10-27,85850,2018-03-31,2,,,,,,,,,,,,,,,,,,,,,,,,,,,,,0.00,,,,,,,false,false,12,2017-04-01,2018-03-31,0
2017-10-27,85850,2018-03-31,2,,,,,,,,,,,,,,,,,,,,,,,,,,,,,2.00,,,,,,,false,true,12,2017-04-01,2018-03-31,0
2017-10-27,85850,2018-03-31,2,,,,,,,,,,,,,,,,,,,,,,,,,,,,,,,,,1718346703,1493200,1718029519,false,false,6,2017-04-01,2017-09-30,0
2017-10-27,85850,2017-03-31,2,,,,,,,,,,,,,,,,,,,,,,,,,,,,,,,,,,,1718041712,false,false,6,2016-04-01,2016-09-30,-1
2018-01-31,85850,2018-03-31,3,,,,,166201000000,0.042,20255000000,-0.245,20255000000,-0.245,,17993000000,,8.04,8.03,,,,,5365611000000,243722000000,0.045,,243467000000,,,,,,,,,,,,true,false,9,2017-04-01,2017-12-31,0
2018-01-31,85850,2017-03-31,3,,,,,159516000000,0.029,26844000000,0.253,26844000000,0.253,,22491000000,,13.09,13.09,,,,,,,,,,,,,,,,,,,,,true,false,9,2016-04-01,2016-12-31,-1
2018-01-31,85850,2018-03-31,3,,,,,226300000000,0.059,34100000000,0.017,34100000000,0.017,,30000000000,,14.43,,,,,,,,,,,,,,,,,,,,,,true,true,12,2017-04-01,2018-03-31,0
2018-01-31,85850,2017-03-31,3,,,,,,,,,,,,,,,,,,,,5329058000000,303908000000,0.057,,303790000000,,,,,,,,,,,,true,false,12,2016-04-01,2017-03-31,-1
2018-01-31,85850,2017-03-31,3,,,,,,,,,,,,,,,,,,,,,,,,,,,,,2.00,,,,1718163703,20594,,false,false,12,2016-04-01,2017-03-31,-1
2018-01-31,85850,2018-03-31,3,,,,,,,,,,,,,,,,,,,,,,,,,,,,,0.00,,,,,,,false,false,12,2017-04-01,2018-03-31,0
2018-01-31,85850,2018-03-31,3,,,,,,,,,,,,,,,,,,,,,,,,,,,,,2.00,,,,,,,false,true,12,2017-04-01,2018-03-31,0
2018-01-31,85850,2018-03-31,3,,,,,,,,,,,,,,,,,,,,,,,,,,,,,,,,,1718346703,1493506,1717637442,false,false,9,2017-04-01,2017-12-31,0
2018-01-31,85850,2017-03-31,3,,,,,,,,,,,,,,,,,,,,,,,,,,,,,,,,,,,1718075596,false,false,9,2016-04-01,2016-12-31,-1
2018-04-27,85850,2018-03-31,,,,,,224300000000,-0.009,30000000000,-0.120,30000000000,-0.120,,28000000000,,13.26,,,,,,,,,,,,,,,,,,,,,,true,true,12,2017-04-01,2018-03-31,0
2018-04-27,85850,2017-03-31,,,,,,213693000000,,33515000000,,33515000000,,,28690000000,,15.44,,,,,,,,,,,,,,,,,,,,,,true,false,12,2016-04-01,2017-03-31,-1
2018-05-10,85850,2018-03-31,,,,,,224398000000,0.050,30088000000,-0.102,30088000000,-0.102,,28021000000,,13.28,13.27,0.100,0.006,,,5475341000000,259405000000,0.047,109.25,259152000000,-77634000000,-36614000000,160011000000,244240000000,,0.151,,,,,,true,false,12,2017-04-01,2018-03-31,0
2018-05-10,85850,2017-03-31,,,,,,213693000000,0.009,33515000000,0.137,33515000000,0.137,,28690000000,,15.44,15.43,0.099,0.006,,,5329058000000,303908000000,0.057,95.33,303790000000,-104697000000,-27962000000,152420000000,198498000000,,0.130,,,,,,true,false,12,2016-04-01,2017-03-31,-1
2018-05-10,85850,2019-03-31,,,,,,234700000000,0.046,20500000000,-0.319,20500000000,-0.319,,20000000000,,,,,,,,,,,,,,,,,,,,,,,,true,true,12,2018-04-01,2019-03-31,1
2018-05-10,85850,2017-03-31,,,,,,,,,,,,,,,,,,,,,,,,,,,,,,2.00,,,,1718163703,20594,1718092483,false,false,12,2016-04-01,2017-03-31,-1
2018-05-10,85850,2018-03-31,,,,,,,,,,,,,,,,,,,,,,,,,,,,,,2.00,,,,1718346703,1493868,1717441335,false,false,12,2017-04-01,2018-03-31,0
2018-05-10,85850,2019-03-31,,,,,,,,,,,,,,,,,,,,,,,,,,,,,,2.00,,,,,,,false,true,12,2018-04-01,2019-03-31,1
2018-07-27,85850,2019-03-31,1,,,,,55703000000,0.054,5654000000,0.127,5654000000,0.127,,3415000000,,1.91,1.91,,,,,5452514000000,257143000000,0.047,,256892000000,,,,,,,,,,,,true,false,3,2018-04-01,2018-06-30,0
2018-07-27,85850,2018-03-31,1,,,,,52857000000,0.023,5015000000,-0.357,5015000000,-0.357,,4877000000,,0.70,0.70,,,,,,,,,,,,,,,,,,,,,true,false,3,2017-04-01,2017-06-30,-1
2018-07-27,85850,2019-03-31,1,,,,,234700000000,0.046,20500000000,-0.319,20500000000,-0.319,,20000000000,,,,,,,,,,,,,,,,,,,,,,,,true,true,12,2018-04-01,2019-03-31,0
2018-07-27,85850,2018-03-31,1,,,,,,,,,,,,,,,,,,,,5475341000000,259405000000,0.047,,259152000000,,,,,,,,,,,,true,false,12,2017-04-01,2018-03-31,-1
2018-07-27,85850,2018-03-31,1,,,,,,,,,,,,,,,,,,,,,,,,,,,,,2.00,,,,1718346703,1493868,,false,false,12,2017-04-01,2018-03-31,-1
2018-07-27,85850,2019-03-31,1,,,,,,,,,,,,,,,,,,,,,,,,,,,,,2.00,,,,,,,false,true,12,2018-04-01,2019-03-31,0
2018-07-27,85850,2019-03-31,1,,,,,,,,,,,,,,,,,,,,,,,,,,,,,,,,,1718346703,1493918,1716852802,false,false,3,2018-04-01,2018-06-30,0
2018-07-27,85850,2018-03-31,1,,,,,,,,,,,,,,,,,,,,,,,,,,,,,,,,,,,1718224092,false,false,3,2017-04-01,2017-06-30,-1
2018-10-30,85850,2019-03-31,2,,,,,115280000000,0.031,11401000000,-0.279,11401000000,-0.279,,20150000000,,11.28,11.27,,,,,5487454000000,273147000000,0.050,,272891000000,,,,,,,,,,,,true,false,6,2018-04-01,2018-09-30,0
2018-10-30,85850,2018-03-31,2,,,,,111810000000,0.053,15816000000,-0.070,15816000000,-0.070,,13843000000,,5.71,5.71,,,,,,,,,,,,,,,,,,,,,true,false,6,2017-04-01,2017-09-30,-1
2018-10-30,85850,2019-03-31,2,,,,,234700000000,0.046,20500000000,-0.319,20500000000,-0.319,,28000000000,,14.68,,,,,,,,,,,,,,,,,,,,,,true,true,12,2018-04-01,2019-03-31,0
2018-10-30,85850,2018-03-31,2,,,,,,,,,,,,,,,,,,,,5475341000000,259405000000,0.047,,259152000000,,,,,,,,,,,,true,false,12,2017-04-01,2018-03-31,-1
2018-10-30,85850,2018-03-31,2,,,,,,,,,,,,,,,,,,,,,,,,,,,,,2.00,,,,1718346703,1493868,,false,false,12,2017-04-01,2018-03-31,-1
2018-10-30,85850,2019-03-31,2,,,,,,,,,,,,,,,,,,,,,,,,,,,,,0.00,,,,,,,false,false,12,2018-04-01,2019-03-31,0
2018-10-30,85850,2019-03-31,2,,,,,,,,,,,,,,,,,,,,,,,,,,,,,2.00,,,,,,,false,true,12,2018-04-01,2019-03-31,0
2018-10-30,85850,2019-03-31,2,,,,,,,,,,,,,,,,,,,,,,,,,,,,,,,,,1718383203,1474572,1716880724,false,false,6,2018-04-01,2018-09-30,0
2018-10-30,85850,2018-03-31,2,,,,,,,,,,,,,,,,,,,,,,,,,,,,,,,,,,,1718029519,false,false,6,2017-04-01,2017-09-30,-1
2019-01-31,85850,2019-03-31,3,,,,,172019000000,0.035,14724000000,-0.273,14724000000,-0.273,,22914000000,,12.20,12.20,,,,,5422239000000,253800000000,0.047,,253548000000,,,,,,,,,,,,true,false,9,2018-04-01,2018-12-31,0
2019-01-31,85850,2018-03-31,3,,,,,166201000000,0.042,20255000000,-0.245,20255000000,-0.245,,17993000000,,8.04,8.03,,,,,,,,,,,,,,,,,,,,,true,false,9,2017-04-01,2017-12-31,-1
2019-01-31,85850,2019-03-31,3,,,,,234700000000,0.046,20500000000,-0.319,20500000000,-0.319,,28000000000,,14.68,,,,,,,,,,,,,,,,,,,,,,true,true,12,2018-04-01,2019-03-31,0
2019-01-31,85850,2018-03-31,3,,,,,,,,,,,,,,,,,,,,5475341000000,259405000000,0.047,,259152000000,,,,,,,,,,,,true,false,12,2017-04-01,2018-03-31,-1
2019-01-31,85850,2018-03-31,3,,,,,,,,,,,,,,,,,,,,,,,,,,,,,2.00,,,,1718346703,1493868,,false,false,12,2017-04-01,2018-03-31,-1
2019-01-31,85850,2019-03-31,3,,,,,,,,,,,,,,,,,,,,,,,,,,,,,0.00,,,,,,,false,false,12,2018-04-01,2019-03-31,0
2019-01-31,85850,2019-03-31,3,,,,,,,,,,,,,,,,,,,,,,,,,,,,,2.00,,,,,,,false,true,12,2018-04-01,2019-03-31,0
2019-01-31,85850,2019-03-31,3,,,,,,,,,,,,,,,,,,,,,,,,,,,,,,,,,1718383203,1474847,1716889974,false,false,9,2018-04-01,2018-12-31,0
2019-01-31,85850,2018-03-31,3,,,,,,,,,,,,,,,,,,,,,,,,,,,,,,,,,,,1717637442,false,false,9,2017-04-01,2017-12-31,-1
2019-05-09,85850,2019-03-31,,,,,,233369000000,0.040,21964000000,-0.270,21964000000,-0.270,,28877000000,,15.19,15.19,0.112,0.004,,,5542940000000,256468000000,0.046,119.27,256208000000,-41723000000,-27452000000,148318000000,323415000000,,0.132,,,,,,true,false,12,2018-04-01,2019-03-31,0
2019-05-09,85850,2018-03-31,,,,,,224398000000,0.050,30088000000,-0.102,30088000000,-0.102,,28021000000,,13.28,13.27,0.100,0.006,,,5475341000000,259405000000,0.047,109.25,259152000000,-77634000000,-36614000000,160011000000,244240000000,,0.151,,,,,,true,false,12,2017-04-01,2018-03-31,-1
2019-05-09,85850,2020-03-31,,,,,,240000000000,0.028,25000000000,0.138,25000000000,0.138,,21000000000,,,,,,,,,,,,,,,,,,,,,,,,true,true,12,2019-04-01,2020-03-31,1
2019-05-09,85850,2018-03-31,,,,,,,,,,,,,,,,,,,,,,,,,,,,,,2.00,,,,1718346703,1493868,1717441335,false,false,12,2017-04-01,2018-03-31,-1
2019-05-09,85850,2019-03-31,,,,,,,,,,,,,,,,,,,,,,,,,,,,,,2.00,,,,1718383203,1468692,1716896116,false,false,12,2018-04-01,2019-03-31,0
2019-05-09,85850,2020-03-31,,,,,,,,,,,,,,,,,,,,,,,,,,,,,,3.00,,,,,,,false,true,12,2019-04-01,2020-03-31,1
2019-07-30,85850,2020-03-31,1,,,,,58499000000,0.050,6235000000,0.103,6235000000,0.103,,4516000000,,2.56,2.56,,,,,5529327000000,255922000000,0.046,,255677000000,,,,,,,,,,,,true,false,3,2019-04-01,2019-06-30,0
2019-07-30,85850,2019-03-31,1,,,,,55703000000,0.054,5654000000,0.127,5654000000,0.127,,3415000000,,1.91,1.91,,,,,,,,,,,,,,,,,,,,,true,false,3,2018-04-01,2018-06-30,-1
2019-07-30,85850,2020-03-31,1,,,,,240000000000,0.028,25000000000,0.138,25000000000,0.138,,21000000000,,,,,,,,,,,,,,,,,,,,,,,,true,true,12,2019-04-01,2020-03-31,0
2019-07-30,85850,2019-03-31,1,,,,,,,,,,,,,,,,,,,,5542940000000,256468000000,0.046,,256208000000,,,,,,,,,,,,true,false,12,2018-04-01,2019-03-31,-1
2019-07-30,85850,2019-03-31,1,,,,,,,,,,,,,,,,,,,,,,,,,,,,,2.00,,,,1718383203,1468692,,false,false,12,2018-04-01,2019-03-31,-1
2019-07-30,85850,2020-03-31,1,,,,,,,,,,,,,,,,,,,,,,,,,,,,,3.00,,,,,,,false,true,12,2019-04-01,2020-03-31,0
2019-07-30,85850,2020-03-31,1,,,,,,,,,,,,,,,,,,,,,,,,,,,,,,,,,1718494703,1441842,1717012528,false,false,3,2019-04-01,2019-06-30,0
2019-07-30,85850,2019-03-31,1,,,,,,,,,,,,,,,,,,,,,,,,,,,,,,,,,,,1716852802,false,false,3,2018-04-01,2018-06-30,-1
2019-10-30,85850,2020-03-31,2,,,,,122658000000,0.064,15998000000,0.403,15998000000,0.403,,12927000000,,7.32,7.31,,,,,5644736000000,264401000000,0.047,,264150000000,,,,,,,,,,,,true,false,6,2019-04-01,2019-09-30,0
2019-10-30,85850,2019-03-31,2,,,,,115280000000,0.031,11401000000,-0.279,11401000000,-0.279,,20150000000,,11.28,11.27,,,,,,,,,,,,,,,,,,,,,true,false,6,2018-04-01,2018-09-30,-1
2019-10-30,85850,2020-03-31,2,,,,,240000000000,0.028,25000000000,0.138,25000000000,0.138,,21000000000,,11.05,,,,,,,,,,,,,,,,,,,,,,true,true,12,2019-04-01,2020-03-31,0
2019-10-30,85850,2019-03-31,2,,,,,,,,,,,,,,,,,,,,5542940000000,256468000000,0.046,,256208000000,,,,,,,,,,,,true,false,12,2018-04-01,2019-03-31,-1
2019-10-30,85850,2019-03-31,2,,,,,,,,,,,,,,,,,,,,,,,,,,,,,2.00,,,,1718383203,1468692,,false,false,12,2018-04-01,2019-03-31,-1
2019-10-30,85850,2020-03-31,2,,,,,,,,,,,,,,,,,,,,,,,,,,,,,0.00,,,,,,,false,false,12,2019-04-01,2020-03-31,0
2019-10-30,85850,2020-03-31,2,,,,,,,,,,,,,,,,,,,,,,,,,,,,,3.00,,,,,,,false,true,12,2019-04-01,2020-03-31,0
2019-10-30,85850,2020-03-31,2,,,,,,,,,,,,,,,,,,,,,,,,,,,,,,,,,1718494703,1404554,1717051344,false,false,6,2019-04-01,2019-09-30,0
2019-10-30,85850,2019-03-31,2,,,,,,,,,,,,,,,,,,,,,,,,,,,,,,,,,,,1716880724,false,false,6,2018-04-01,2018-09-30,-1
2020-01-31,85850,2020-03-31,3,,,,,181178000000,0.053,21535000000,0.463,21535000000,0.463,,17035000000,,9.14,9.14,,,,,5604640000000,252567000000,0.045,,252311000000,,,,,,,,,,,,true,false,9,2019-04-01,2019-12-31,0
2020-01-31,85850,2019-03-31,3,,,,,172019000000,0.035,14724000000,-0.273,14724000000,-0.273,,22914000000,,12.20,12.20,,,,,,,,,,,,,,,,,,,,,true,false,9,2018-04-01,2018-12-31,-1
2020-01-31,85850,2020-03-31,3,,,,,240000000000,0.028,25000000000,0.138,25000000000,0.138,,21000000000,,11.05,,,,,,,,,,,,,,,,,,,,,,true,true,12,2019-04-01,2020-03-31,0
2020-01-31,85850,2019-03-31,3,,,,,,,,,,,,,,,,,,,,5542940000000,256468000000,0.046,,256208000000,,,,,,,,,,,,true,false,12,2018-04-01,2019-03-31,-1
2020-01-31,85850,2019-03-31,3,,,,,,,,,,,,,,,,,,,,,,,,,,,,,2.00,,,,1718383203,1468692,,false,false,12,2018-04-01,2019-03-31,-1
2020-01-31,85850,2020-03-31,3,,,,,,,,,,,,,,,,,,,,,,,,,,,,,0.00,,,,,,,false,false,12,2019-04-01,2020-03-31,0
2020-01-31,85850,2020-03-31,3,,,,,,,,,,,,,,,,,,,,,,,,,,,,,3.00,,,,,,,false,true,12,2019-04-01,2020-03-31,0
2020-01-31,85850,2020-03-31,3,,,,,,,,,,,,,,,,,,,,,,,,,,,,,,,,,1718494703,1404603,1717064271,false,false,9,2019-04-01,2019-12-31,0
2020-01-31,85850,2019-03-31,3,,,,,,,,,,,,,,,,,,,,,,,,,,,,,,,,,,,1716889974,false,false,9,2018-04-01,2018-12-31,-1
2020-05-08,85850,2020-03-31,,,,,,243135000000,0.042,24439000000,0.113,24439000000,0.113,,20654000000,,10.85,10.85,0.081,0.004,,,5584777000000,251569000000,0.045,125.39,251311000000,-66772000000,-12236000000,55830000000,300279000000,,0.277,,,,,,true,false,12,2019-04-01,2020-03-31,0
2020-05-08,85850,2019-03-31,,,,,,233369000000,0.040,21964000000,-0.270,21964000000,-0.270,,28877000000,,15.19,15.19,0.112,0.004,,,5542940000000,256468000000,0.046,119.27,256208000000,-41723000000,-27452000000,148318000000,323415000000,,0.132,,,,,,true,false,12,2018-04-01,2019-03-31,-1
2020-05-08,85850,2019-03-31,,,,,,,,,,,,,,,,,,,,,,,,,,,,,,2.00,,,,1718383203,1468692,1716896116,false,false,12,2018-04-01,2019-03-31,-1
2020-05-08,85850,2020-03-31,,,,,,,,,,,,,,,,,,,,,,,,,,,,,,3.00,,,,1718494703,1404782,1717070699,false,false,12,2019-04-01,2020-03-31,0
2020-07-31,85850,2021-03-31,1,,,,,58905000000,0.007,5049000000,-0.190,5049000000,-0.190,,3958000000,,2.26,2.26,,,,,5592682000000,249256000000,0.045,,248987000000,,,,,,,,,,,,true,false,3,2020-04-01,2020-06-30,0
2020-07-31,85850,2020-03-31,1,,,,,58499000000,0.050,6235000000,0.103,6235000000,0.103,,4516000000,,2.56,2.56,,,,,,,,,,,,,,,,,,,,,true,false,3,2019-04-01,2019-06-30,-1
2020-07-31,85850,2021-03-31,1,,,,,238600000000,-0.019,20000000000,-0.182,20000000000,-0.182,,17000000000,,,,,,,,,,,,,,,,,,,,,,,,true,true,12,2020-04-01,2021-03-31,0
2020-07-31,85850,2020-03-31,1,,,,,,,,,,,,,,,,,,,,5584777000000,251569000000,0.045,,251311000000,,,,,,,,,,,,true,false,12,2019-04-01,2020-03-31,-1
2020-07-31,85850,2020-03-31,1,,,,,,,,,,,,,,,,,,,,,,,,,,,,,3.00,,,,1718494703,1404782,,false,false,12,2019-04-01,2020-03-31,-1
2020-07-31,85850,2021-03-31,1,,,,,,,,,,,,,,,,,,,,,,,,,,,,,3.00,,,,,,,false,true,12,2020-04-01,2021-03-31,0
2020-07-31,85850,2021-03-31,1,,,,,,,,,,,,,,,,,,,,,,,,,,,,,,,,,1718494703,1404782,1717089921,false,false,3,2020-04-01,2020-06-30,0
2020-07-31,85850,2020-03-31,1,,,,,,,,,,,,,,,,,,,,,,,,,,,,,,,,,,,1717012528,false,false,3,2019-04-01,2019-06-30,-1
2020-10-30,85850,2021-03-31,2,,,,,115723000000,-0.057,10471000000,-0.345,10471000000,-0.345,,9354000000,,5.34,5.34,,,,,5528839000000,255078000000,0.046,,254842000000,,,,,,,,,,,,true,false,6,2020-04-01,2020-09-30,0
2020-10-30,85850,2020-03-31,2,,,,,122658000000,0.064,15998000000,0.403,15998000000,0.403,,12927000000,,7.32,7.31,,,,,,,,,,,,,,,,,,,,,true,false,6,2019-04-01,2019-09-30,-1
2020-10-30,85850,2021-03-31,2,,,,,238600000000,-0.019,20000000000,-0.182,20000000000,-0.182,,17000000000,,8.72,,,,,,,,,,,,,,,,,,,,,,true,true,12,2020-04-01,2021-03-31,0
2020-10-30,85850,2020-03-31,2,,,,,,,,,,,,,,,,,,,,5584777000000,251569000000,0.045,,251311000000,,,,,,,,,,,,true,false,12,2019-04-01,2020-03-31,-1
2020-10-30,85850,2020-03-31,2,,,,,,,,,,,,,,,,,,,,,,,,,,,,,3.00,,,,1718494703,1404782,,false,false,12,2019-04-01,2020-03-31,-1
2020-10-30,85850,2021-03-31,2,,,,,,,,,,,,,,,,,,,,,,,,,,,,,0.00,,,,,,,false,false,12,2020-04-01,2021-03-31,0
2020-10-30,85850,2021-03-31,2,,,,,,,,,,,,,,,,,,,,,,,,,,,,,3.00,,,,,,,false,true,12,2020-04-01,2021-03-31,0
2020-10-30,85850,2021-03-31,2,,,,,,,,,,,,,,,,,,,,,,,,,,,,,,,,,1718727703,1150047,1717333870,false,false,6,2020-04-01,2020-09-30,0
2020-10-30,85850,2020-03-31,2,,,,,,,,,,,,,,,,,,,,,,,,,,,,,,,,,,,1717051344,false,false,6,2019-04-01,2019-09-30,-1
2021-01-29,85850,2021-03-31,3,,,,,172650000000,-0.047,17159000000,-0.203,17159000000,-0.203,,14448000000,,7.73,7.73,,,,,5520230000000,244089000000,0.044,,243843000000,,,,,,,,,,,,true,false,9,2020-04-01,2020-12-31,0
2021-01-29,85850,2020-03-31,3,,,,,181178000000,0.053,21535000000,0.463,21535000000,0.463,,17035000000,,9.14,9.14,,,,,,,,,,,,,,,,,,,,,true,false,9,2019-04-01,2019-12-31,-1
2021-01-29,85850,2021-03-31,3,,,,,238600000000,-0.019,20000000000,-0.182,20000000000,-0.182,,17000000000,,8.97,,,,,,,,,,,,,,,,,,,,,,true,true,12,2020-04-01,2021-03-31,0
2021-01-29,85850,2020-03-31,3,,,,,,,,,,,,,,,,,,,,5584777000000,251569000000,0.045,,251311000000,,,,,,,,,,,,true,false,12,2019-04-01,2020-03-31,-1
2021-01-29,85850,2020-03-31,3,,,,,,,,,,,,,,,,,,,,,,,,,,,,,3.00,,,,1718494703,1404782,,false,false,12,2019-04-01,2020-03-31,-1
2021-01-29,85850,2021-03-31,3,,,,,,,,,,,,,,,,,,,,,,,,,,,,,0.00,,,,,,,false,false,12,2020-04-01,2021-03-31,0
2021-01-29,85850,2021-03-31,3,,,,,,,,,,,,,,,,,,,,,,,,,,,,,3.00,,,,,,,false,true,12,2020-04-01,2021-03-31,0
2021-01-29,85850,2021-03-31,3,,,,,,,,,,,,,,,,,,,,,,,,,,,,,,,,,1718727703,2448078,1717126695,false,false,9,2020-04-01,2020-12-31,0
2021-01-29,85850,2020-03-31,3,,,,,,,,,,,,,,,,,,,,,,,,,,,,,,,,,,,1717064271,false,false,9,2019-04-01,2019-12-31,-1
2021-05-07,85850,2021-03-31,,,,,,230596000000,-0.052,20809000000,-0.149,20809000000,-0.149,,17668000000,,9.36,9.36,0.069,0.004,,,5549220000000,262105000000,0.047,139.55,260086000000,54578000000,-13999000000,44174000000,385176000000,,0.321,,,,,,true,false,12,2020-04-01,2021-03-31,0
2021-05-07,85850,2020-03-31,,,,,,243135000000,0.042,24439000000,0.113,24439000000,0.113,,20654000000,,10.85,10.85,0.081,0.004,,,5584777000000,251569000000,0.045,125.39,251311000000,-66772000000,-12236000000,55830000000,300279000000,,0.277,,,,,,true,false,12,2019-04-01,2020-03-31,-1
2021-05-07,85850,2022-03-31,,,,,,236000000000,0.027,28000000000,0.242,28000000000,0.242,,22000000000,,,,,,,,,,,,,,,,,,,,,,,,true,true,12,2021-04-01,2022-03-31,1
2021-05-07,85850,2020-03-31,,,,,,,,,,,,,,,,,,,,,,,,,,,,,,3.00,,,,1718494703,1404782,1717070699,false,false,12,2019-04-01,2020-03-31,-1
2021-05-07,85850,2021-03-31,,,,,,,,,,,,,,,,,,,,,,,,,,,,,,3.00,,,,1718727703,2448303,1716914893,false,false,12,2020-04-01,2021-03-31,0
2021-05-07,85850,2022-03-31,,,,,,,,,,,,,,,,,,,,,,,,,,,,,,3.00,,,,,,,false,true,12,2021-04-01,2022-03-31,1
2021-07-30,85850,2022-03-31,1,,,,,56864000000,-0.036,7495000000,0.308,7495000000,0.308,,7391000000,,4.26,4.26,,,,,3772042000000,229918000000,0.060,,227885000000,,,,,,,,,,,,true,false,3,2021-04-01,2021-06-30,0
2021-07-30,85850,2021-03-31,1,,,,,59005000000,,5731000000,,5731000000,,,4945000000,,2.82,2.82,,,,,,,,,,,,,,,,,,,,,true,false,3,2020-04-01,2020-06-30,-1
2021-07-30,85850,2022-03-31,1,,,,,236000000000,0.027,28000000000,0.242,28000000000,0.242,,22000000000,,,,,,,,,,,,,,,,,,,,,,,,true,true,12,2021-04-01,2022-03-31,0
2021-07-30,85850,2021-03-31,1,,,,,,,,,,,,,,,,,,,,3813751000000,228220000000,0.059,,226200000000,,,,,,,,,,,,true,false,12,2020-04-01,2021-03-31,-1
2021-07-30,85850,2021-03-31,1,,,,,,,,,,,,,,,,,,,,,,,,,,,,,3.00,,,,1718727703,2448303,,false,false,12,2020-04-01,2021-03-31,-1
2021-07-30,85850,2022-03-31,1,,,,,,,,,,,,,,,,,,,,,,,,,,,,,3.00,,,,,,,false,true,12,2021-04-01,2022-03-31,0
2021-07-30,85850,2022-03-31,1,,,,,,,,,,,,,,,,,,,,,,,,,,,,,,,,,1718738203,2448353,1716287517,false,false,3,2021-04-01,2021-06-30,0
2021-07-30,85850,2021-03-31,1,,,,,,,,,,,,,,,,,,,,,,,,,,,,,,,,,,,1717089921,false,false,3,2020-04-01,2020-06-30,-1
2021-10-29,85850,2022-03-31,2,,,,,114612000000,-0.010,13608000000,0.161,13608000000,0.161,,12448000000,,7.17,7.17,,,,,3768457000000,235432000000,0.062,,233429000000,,,,,,,,,,,,true,false,6,2021-04-01,2021-09-30,0
2021-10-29,85850,2021-03-31,2,,,,,115778000000,,11722000000,,11722000000,,,10822000000,,6.18,6.18,,,,,,,,,,,,,,,,,,,,,true,false,6,2020-04-01,2020-09-30,-1
2021-10-29,85850,2022-03-31,2,,,,,236000000000,0.027,28000000000,0.242,28000000000,0.242,,22000000000,,12.02,,,,,,,,,,,,,,,,,,,,,,true,true,12,2021-04-01,2022-03-31,0
2021-10-29,85850,2021-03-31,2,,,,,,,,,,,,,,,,,,,,3813751000000,228220000000,0.059,,226200000000,,,,,,,,,,,,true,false,12,2020-04-01,2021-03-31,-1
2021-10-29,85850,2021-03-31,2,,,,,,,,,,,,,,,,,,,,,,,,,,,,,3.00,,,,1718727703,2448303,,false,false,12,2020-04-01,2021-03-31,-1
2021-10-29,85850,2022-03-31,2,,,,,,,,,,,,,,,,,,,,,,,,,,,,,0.00,,,,,,,false,false,12,2021-04-01,2022-03-31,0
2021-10-29,85850,2022-03-31,2,,,,,,,,,,,,,,,,,,,,,,,,,,,,,3.00,,,,,,,false,true,12,2021-04-01,2022-03-31,0
2021-10-29,85850,2022-03-31,2,,,,,,,,,,,,,,,,,,,,,,,,,,,,,,,,,1718747203,2303728,1716365549,false,false,6,2021-04-01,2021-09-30,0
2021-10-29,85850,2021-03-31,2,,,,,,,,,,,,,,,,,,,,,,,,,,,,,,,,,,,1717333870,false,false,6,2020-04-01,2020-09-30,-1
2022-01-28,85850,2022-03-31,3,,,,,171553000000,-0.003,20116000000,0.087,20116000000,0.087,,18121000000,,9.77,9.76,,,,,3768239000000,219288000000,0.058,,217038000000,,,,,,,,,,,,true,false,9,2021-04-01,2021-12-31,0
2022-01-28,85850,2021-03-31,3,,,,,172131000000,,18503000000,,18503000000,,,16024000000,,8.64,8.64,,,,,,,,,,,,,,,,,,,,,true,false,9,2020-04-01,2020-12-31,-1
2022-01-28,85850,2022-03-31,3,,,,,236000000000,0.027,28000000000,0.242,28000000000,0.242,,22000000000,,12.02,,,,,,,,,,,,,,,,,,,,,,true,true,12,2021-04-01,2022-03-31,0
2022-01-28,85850,2021-03-31,3,,,,,,,,,,,,,,,,,,,,3813957000000,228464000000,0.059,,226350000000,,,,,,,,,,,,true,false,12,2020-04-01,2021-03-31,-1
2022-01-28,85850,2021-03-31,3,,,,,,,,,,,,,,,,,,,,,,,,,,,,,3.00,,,,1718727703,2448303,,false,false,12,2020-04-01,2021-03-31,-1
2022-01-28,85850,2022-03-31,3,,,,,,,,,,,,,,,,,,,,,,,,,,,,,0.00,,,,,,,false,false,12,2021-04-01,2022-03-31,0
2022-01-28,85850,2022-03-31,3,,,,,,,,,,,,,,,,,,,,,,,,,,,,,3.00,,,,,,,false,true,12,2021-04-01,2022-03-31,0
2022-01-28,85850,2022-03-31,3,,,,,,,,,,,,,,,,,,,,,,,,,,,,,,,,,1718747203,2303852,1716391493,false,false,9,2021-04-01,2021-12-31,0
2022-01-28,85850,2021-03-31,3,,,,,,,,,,,,,,,,,,,,,,,,,,,,,,,,,,,1717126695,false,false,9,2020-04-01,2020-12-31,-1
2022-05-06,85850,2022-03-31,,,,,,229806000000,0.000,28994000000,0.286,28994000000,0.286,,19476000000,,10.55,10.55,0.088,0.008,,,3752049000000,216837000000,0.057,124.98,214519000000,81757000000,-19013000000,-40150000000,408187000000,,0.284,,,,,,true,false,12,2021-04-01,2022-03-31,0
2022-05-06,85850,2021-03-31,,,,,,229793000000,,22553000000,,22553000000,,,19695000000,,10.54,10.54,0.089,0.006,,,3813957000000,228464000000,0.059,119.90,226350000000,54580000000,-14002000000,44174000000,385176000000,,0.285,,,,,,true,false,12,2020-04-01,2021-03-31,-1
2022-05-06,85850,2023-03-31,,,,,,233000000000,0.014,25000000000,-0.138,25000000000,-0.138,,21000000000,,12.23,,,,,,,,,,,,,,,,0.327,,,,,,true,true,12,2022-04-01,2023-03-31,1
2022-05-06,85850,2021-03-31,,,,,,,,,,,,,,,,,,,,,,,,,,,,,,3.00,,,,1718727703,2448303,1716914893,false,false,12,2020-04-01,2021-03-31,-1
2022-05-06,85850,2022-03-31,,,,,,,,,,,,,,,,,,,,,,,,,,,,,,3.00,,,,1718747203,2303852,1716404458,false,false,12,2021-04-01,2022-03-31,0
2022-05-06,85850,2023-03-31,,,,,,,,,,,,,,,,,,,,,,,,,,,,,,4.00,,,,,,,false,true,12,2022-04-01,2023-03-31,1
2022-07-29,85850,2023-03-31,1,,,,,54332000000,-0.045,5324000000,-0.290,5324000000,-0.290,,2899000000,,1.69,1.69,,,,,3687768000000,215712000000,0.058,,213195000000,,,,,,,,,,,,true,false,3,2022-04-01,2022-06-30,0
2022-07-29,85850,2022-03-31,1,,,,,56864000000,-0.036,7495000000,0.308,7495000000,0.308,,7391000000,,4.26,4.26,,,,,,,,,,,,,,,,,,,,,true,false,3,2021-04-01,2021-06-30,-1
2022-07-29,85850,2023-03-31,1,,,,,233000000000,0.014,25000000000,-0.138,25000000000,-0.138,,21000000000,,12.23,,,,,,,,,,,,,,,,,,,,,,true,true,12,2022-04-01,2023-03-31,0
2022-07-29,85850,2022-03-31,1,,,,,,,,,,,,,,,,,,,,3752049000000,216837000000,0.057,,214519000000,,,,,,,,,,,,true,false,12,2021-04-01,2022-03-31,-1
2022-07-29,85850,2022-03-31,1,,,,,,,,,,,,,,,,,,,,,,,,,,,,,3.00,,,,1718747203,2303852,,false,false,12,2021-04-01,2022-03-31,-1
2022-07-29,85850,2023-03-31,1,,,,,,,,,,,,,,,,,,,,,,,,,,,,,4.00,,,,,,,false,true,12,2022-04-01,2023-03-31,0
2022-07-29,85850,2023-03-31,1,,,,,,,,,,,,,,,,,,,,,,,,,,,,,,,,,1718747203,2303963,1716443262,false,false,3,2022-04-01,2022-06-30,0
2022-07-29,85850,2022-03-31,1,,,,,,,,,,,,,,,,,,,,,,,,,,,,,,,,,,,1716287517,false,false,3,2021-04-01,2021-06-30,-1
2022-10-28,85850,2023-03-31,2,,,,,116395000000,0.016,15180000000,0.116,15180000000,0.116,,10718000000,,62.43,62.43,,,,,3670364000000,223804000000,0.060,,221073000000,,,,,,,,,,,,true,false,6,2022-04-01,2022-09-30,0
2022-10-28,85850,2022-03-31,2,,,,,114612000000,-0.010,13608000000,0.161,13608000000,0.161,,12448000000,,71.69,71.69,,,,,,,,,,,,,,,,,,,,,true,false,6,2021-04-01,2021-09-30,-1
2022-10-28,85850,2023-03-31,2,,,,,233000000000,0.014,25000000000,-0.138,25000000000,-0.138,,21000000000,,122.35,,,,,,,,,,,,,,,,,,,,,,true,true,12,2022-04-01,2023-03-31,0
2022-10-28,85850,2022-03-31,2,,,,,,,,,,,,,,,,,,,,3752049000000,216837000000,0.057,,214519000000,,,,,,,,,,,,true,false,12,2021-04-01,2022-03-31,-1
2022-10-28,85850,2022-03-31,2,,,,,,,,,,,,,,,,,,,,,,,,,,,,,3.00,,,,171874720,230384,,false,false,12,2021-04-01,2022-03-31,-1
2022-10-28,85850,2023-03-31,2,,,,,,,,,,,,,,,,,,,,,,,,,,,,,0.00,,,,,,,false,false,12,2022-04-01,2023-03-31,0
2022-10-28,85850,2023-03-31,2,,,,,,,,,,,,,,,,,,,,,,,,,,,,,40.00,,,,,,,false,true,12,2022-04-01,2023-03-31,0
2022-10-28,85850,2023-03-31,2,,,,,,,,,,,,,,,,,,,,,,,,,,,,,,,,,171882370,188727,171668993,false,false,6,2022-04-01,2022-09-30,0
2022-10-28,85850,2022-03-31,2,,,,,,,,,,,,,,,,,,,,,,,,,,,,,,,,,,,171636555,false,false,6,2021-04-01,2021-09-30,-1
2023-01-31,85850,2023-03-31,3,,,,,168089000000,-0.020,16350000000,-0.187,16350000000,-0.187,,12381000000,,72.14,72.13,,,,,3683547000000,224598000000,0.060,,221800000000,,,,,,,,,,,,true,false,9,2022-04-01,2022-12-31,0
2023-01-31,85850,2022-03-31,3,,,,,171553000000,-0.003,20116000000,0.087,20116000000,0.087,,18121000000,,97.65,97.64,,,,,,,,,,,,,,,,,,,,,true,false,9,2021-04-01,2021-12-31,-1
2023-01-31,85850,2023-03-31,3,,,,,233000000000,0.014,25000000000,-0.138,25000000000,-0.138,,21000000000,,122.35,,,,,,,,,,,,,,,,,,,,,,true,true,12,2022-04-01,2023-03-31,0
2023-01-31,85850,2022-03-31,3,,,,,,,,,,,,,,,,,,,,3752049000000,216837000000,0.057,,214519000000,,,,,,,,,,,,true,false,12,2021-04-01,2022-03-31,-1
2023-01-31,85850,2022-03-31,3,,,,,,,,,,,,,,,,,,,,,,,,,,,,,3.00,,,,171874720,230384,,false,false,12,2021-04-01,2022-03-31,-1
2023-01-31,85850,2023-03-31,3,,,,,,,,,,,,,,,,,,,,,,,,,,,,,0.00,,,,,,,false,false,12,2022-04-01,2023-03-31,0
2023-01-31,85850,2023-03-31,3,,,,,,,,,,,,,,,,,,,,,,,,,,,,,40.00,,,,,,,false,true,12,2022-04-01,2023-03-31,0
2023-01-31,85850,2023-03-31,3,,,,,,,,,,,,,,,,,,,,,,,,,,,,,,,,,171882370,362572,171638214,false,false,9,2022-04-01,2022-12-31,0
2023-01-31,85850,2022-03-31,3,,,,,,,,,,,,,,,,,,,,,,,,,,,,,,,,,,,171639150,false,false,9,2021-04-01,2021-12-31,-1
2023-05-12,85850,2023-03-31,,,,,,227693000000,-0.009,23070000000,-0.204,23070000000,-0.204,,19035000000,,110.92,110.92,0.086,0.006,,,3670029000000,229775000000,0.062,1324.44,227165000000,32201000000,-20332000000,-80676000000,339844000000,,0.361,,,,,,true,false,12,2022-04-01,2023-03-31,0
2023-05-12,85850,2022-03-31,,,,,,229806000000,0.000,28994000000,0.286,28994000000,0.286,,19476000000,,105.54,105.54,0.088,0.008,,,3752049000000,216837000000,0.057,1249.79,214519000000,81757000000,-19013000000,-40150000000,408187000000,,0.284,,,,,,true,false,12,2021-04-01,2022-03-31,-1
2023-05-12,85850,2024-03-31,,,,,,231000000000,0.015,25000000000,0.084,25000000000,0.084,,20000000000,,116.37,,,,,,,,,,,,,,,,0.344,,,,,,true,true,12,2023-04-01,2024-03-31,1
2023-05-12,85850,2022-03-31,,,,,,,,,,,,,,,,,,,,,,,,,,,,,,3.00,,,,171874720,230384,171640447,false,false,12,2021-04-01,2022-03-31,-1
2023-05-12,85850,2023-03-31,,,,,,,,,,,,,,,,,,,,,,,,,,,,,,40.00,,,,171882370,364298,171608330,false,false,12,2022-04-01,2023-03-31,0
2023-05-12,85850,2024-03-31,,,,,,,,,,,,,,,,,,,,,,,,,,,,,,40.00,,,,,,,false,true,12,2023-04-01,2024-03-31,1
2023-07-28,85850,2024-03-31,1,,,,,57688000000,0.062,3501000000,-0.342,3501000000,-0.342,,3679000000,,21.45,21.45,,,,,3651889000000,225739000000,0.061,,222998000000,,,,,,,,,,,,true,false,3,2023-04-01,2023-06-30,0
2023-07-28,85850,2023-03-31,1,,,,,54332000000,-0.045,5324000000,-0.290,5324000000,-0.290,,2899000000,,16.89,16.89,,,,,,,,,,,,,,,,,,,,,true,false,3,2022-04-01,2022-06-30,-1
2023-07-28,85850,2024-03-31,1,,,,,231000000000,0.015,25000000000,0.084,25000000000,0.084,,20000000000,,116.37,,,,,,,,,,,,,,,,,,,,,,true,true,12,2023-04-01,2024-03-31,0
2023-07-28,85850,2023-03-31,1,,,,,,,,,,,,,,,,,,,,3670029000000,229775000000,0.062,,227165000000,,,,,,,,,,,,true,false,12,2022-04-01,2023-03-31,-1
2023-07-28,85850,2023-03-31,1,,,,,,,,,,,,,,,,,,,,,,,,,,,,,40.00,,,,171882370,364298,,false,false,12,2022-04-01,2023-03-31,-1
2023-07-28,85850,2024-03-31,1,,,,,,,,,,,,,,,,,,,,,,,,,,,,,40.00,,,,,,,false,true,12,2023-04-01,2024-03-31,0
2023-07-28,85850,2024-03-31,1,,,,,,,,,,,,,,,,,,,,,,,,,,,,,,,,,171882370,366417,171516966,false,false,3,2023-04-01,2023-06-30,0
2023-07-28,85850,2023-03-31,1,,,,,,,,,,,,,,,,,,,,,,,,,,,,,,,,,,,171664327,false,false,3,2022-04-01,2022-06-30,-1
2023-10-31,85850,2024-03-31,2,,,,,112190000000,-0.036,5905000000,-0.611,5905000000,-0.611,,10126000000,,59.04,59.04,,,,,3533591000000,237394000000,0.065,,229416000000,,,,,,,,,,,,true,false,6,2023-04-01,2023-09-30,0
2023-10-31,85850,2023-03-31,2,,,,,116395000000,0.016,15180000000,0.116,15180000000,0.116,,10718000000,,62.43,62.43,,,,,,,,,,,,,,,,,,,,,true,false,6,2022-04-01,2022-09-30,-1
2023-10-31,85850,2024-03-31,2,,,,,231000000000,0.015,25000000000,0.084,25000000000,0.084,,20000000000,,116.37,,,,,,,,,,,,,,,,,,,,,,true,true,12,2023-04-01,2024-03-31,0
2023-10-31,85850,2023-03-31,2,,,,,,,,,,,,,,,,,,,,3670029000000,229775000000,0.062,,227165000000,,,,,,,,,,,,true,false,12,2022-04-01,2023-03-31,-1
2023-10-31,85850,2023-03-31,2,,,,,,,,,,,,,,,,,,,,,,,,,,,,,40.00,,,,171882370,364298,,false,false,12,2022-04-01,2023-03-31,-1
2023-10-31,85850,2024-03-31,2,,,,,,,,,,,,,,,,,,,,,,,,,,,,,0.00,,,,,,,false,false,12,2023-04-01,2024-03-31,0
2023-10-31,85850,2024-03-31,2,,,,,,,,,,,,,,,,,,,,,,,,,,,,,40.00,,,,,,,false,true,12,2023-04-01,2024-03-31,0
2023-10-31,85850,2024-03-31,2,,,,,,,,,,,,,,,,,,,,,,,,,,,,,,,,,171882370,359285,171520453,false,false,6,2023-04-01,2023-09-30,0
2023-10-31,85850,2023-03-31,2,,,,,,,,,,,,,,,,,,,,,,,,,,,,,,,,,,,171668993,false,false,6,2022-04-01,2022-09-30,-1
2024-01-31,85850,2024-03-31,3,,,,,168637000000,0.003,10047000000,-0.385,10047000000,-0.385,,11571000000,,67.47,67.46,,,,,3556610000000,238403000000,0.065,,230983000000,,,,,,,,,,,,true,false,9,2023-04-01,2023-12-31,0
2024-01-31,85850,2023-03-31,3,,,,,168089000000,-0.020,16350000000,-0.187,16350000000,-0.187,,12381000000,,72.14,72.13,,,,,,,,,,,,,,,,,,,,,true,false,9,2022-04-01,2022-12-31,-1
2024-01-31,85850,2024-03-31,3,,,,,227800000000,0.000,15000000000,-0.350,15000000000,-0.350,,12000000000,,69.96,,,,,,,,,,,,,,,,,,,,,,true,true,12,2023-04-01,2024-03-31,0
2024-01-31,85850,2023-03-31,3,,,,,,,,,,,,,,,,,,,,3670029000000,229775000000,0.062,,227165000000,,,,,,,,,,,,true,false,12,2022-04-01,2023-03-31,-1
2024-01-31,85850,2023-03-31,3,,,,,,,,,,,,,,,,,,,,,,,,,,,,,40.00,,,,171882370,364298,,false,false,12,2022-04-01,2023-03-31,-1
2024-01-31,85850,2024-03-31,3,,,,,,,,,,,,,,,,,,,,,,,,,,,,,0.00,,,,,,,false,false,12,2023-04-01,2024-03-31,0
2024-01-31,85850,2024-03-31,3,,,,,,,,,,,,,,,,,,,,,,,,,,,,,40.00,,,,,,,false,true,12,2023-04-01,2024-03-31,0
2024-01-31,85850,2024-03-31,3,,,,,,,,,,,,,,,,,,,,,,,,,,,,,,,,,171882370,360531,171521071,false,false,9,2023-04-01,2023-12-31,0
2024-01-31,85850,2023-03-31,3,,,,,,,,,,,,,,,,,,,,,,,,,,,,,,,,,,,171638214,false,false,9,2022-04-01,2022-12-31,-1
2024-05-10,85850,2024-03-31,,,,,,229054000000,0.006,16118000000,-0.301,16118000000,-0.301,,12571000000,,73.30,73.29,0.054,0.006,,,3147643000000,245683000000,0.076,1388.79,238205000000,-43465000000,-44483000000,221627000000,479360000000,,0.547,,,,,,true,false,12,2023-04-01,2024-03-31,0
2024-05-10,85850,2023-03-31,,,,,,227693000000,-0.009,23070000000,-0.204,23070000000,-0.204,,19035000000,,110.92,110.92,0.086,0.009,,,2413949000000,229775000000,0.094,1324.44,227165000000,32201000000,-20332000000,-80676000000,339844000000,,0.361,,,,,,true,false,12,2022-04-01,2023-03-31,-1
2024-05-10,85850,2025-03-31,,,,,,263000000000,0.148,20000000000,0.241,20000000000,0.241,,20000000000,,116.37,,,,,,,,,,,,,,,,0.344,,,,,,true,true,12,2024-04-01,2025-03-31,1
2024-05-10,85850,2023-03-31,,,,,,,,,,,,,,,,,,,,,,,,,,,,,,40.00,,,,171882370,364298,171608330,false,false,12,2022-04-01,2023-03-31,-1
2024-05-10,85850,2024-03-31,,,,,,,,,,,,,,,,,,,,,,,,,,,,,,40.00,,,,171882370,362740,171520845,false,false,12,2023-04-01,2024-03-31,0
2024-05-10,85850,2025-03-31,,,,,,,,,,,,,,,,,,,,,,,,,,,,,,40.00,,,,,,,false,true,12,2024-04-01,2025-03-31,1
2024-07-31,8585,2025-03-31,1,,,,,63053000000,0.093,5086000000,0.453,5086000000,0.453,,3051000000,,17.82,17.82,,,,,3015918000000,241146000000,0.078,,233733000000,,,,,,,,,,,,true,false,3,2024-04-01,2024-06-30,0
2024-07-31,8585,2024-03-31,1,,,,,57688000000,0.062,3501000000,-0.342,3501000000,-0.342,,3679000000,,21.45,21.45,,,,,,,,,,,,,,,,,,,,,true,false,3,2023-04-01,2023-06-30,-1
2024-07-31,8585,2025-03-31,1,,,,,263000000000,0.148,20000000000,0.241,20000000000,0.241,,20000000000,,116.80,,,,,,,,,,,,,,,,,,,,,,true,true,12,2024-04-01,2025-03-31,0
2024-07-31,8585,2024-03-31,1,,,,,,,,,,,,,,,,,,,,3147643000000,245683000000,0.076,,238205000000,,,,,,,,,,,,true,false,12,2023-04-01,2024-03-31,-1
2024-07-31,8585,2024-03-31,1,,,,,,,,,,,,,,,,,,,,,,,,,,,,,40.00,,,,171882370,362740,,false,false,12,2023-04-01,2024-03-31,-1
2024-07-31,8585,2025-03-31,1,,,,,,,,,,,,,,,,,,,,,,,,,,,,,40.00,,,,,,,false,true,12,2024-04-01,2025-03-31,0
2024-07-31,8585,2025-03-31,1,,,,,,,,,,,,,,,,,,,,,,,,,,,,,,,,,171882620,951616,171226810,false,false,3,2024-04-01,2024-06-30,0
2024-07-31,8585,2024-03-31,1,,,,,,,,,,,,,,,,,,,,,,,,,,,,,,,,,,,171516966,false,false,3,2023-04-01,2023-06-30,-1
2024-10-31,8585,2025-03-31,2,,,,,123464000000,0.100,7174000000,0.215,7174000000,0.215,,3738000000,,21.84,21.84,,,,,2944990000000,240546000000,0.079,,233355000000,,,,,,,,,,,,true,false,6,2024-04-01,2024-09-30,0
2024-10-31,8585,2024-03-31,2,,,,,112190000000,-0.036,5905000000,-0.611,5905000000,-0.611,,10126000000,,59.04,59.04,,,,,,,,,,,,,,,,,,,,,true,false,6,2023-04-01,2023-09-30,-1
2024-10-31,8585,2025-03-31,2,,,,,249500000000,0.089,12000000000,-0.256,12000000000,-0.256,,12000000000,,70.10,,,,,,,,,,,,,,,,,,,,,,true,true,12,2024-04-01,2025-03-31,0
2024-10-31,8585,2024-03-31,2,,,,,,,,,,,,,,,,,,,,3147783000000,245683000000,0.076,,238205000000,,,,,,,,,,,,true,false,12,2023-04-01,2024-03-31,-1
2024-10-31,8585,2024-03-31,2,,,,,,,,,,,,,,,,,,,,,,,,,,,,,40.00,,,,171882370,362740,,false,false,12,2023-04-01,2024-03-31,-1
2024-10-31,8585,2025-03-31,2,,,,,,,,,,,,,,,,,,,,,,,,,,,,,0.00,,,,,,,false,false,12,2024-04-01,2025-03-31,0
2024-10-31,8585,2025-03-31,2,,,,,,,,,,,,,,,,,,,,,,,,,,,,,40.00,,,,,,,false,true,12,2024-04-01,2025-03-31,0
2024-10-31,8585,2025-03-31,2,,,,,,,,,,,,,,,,,,,,,,,,,,,,,,,,,171882620,676394,171174507,false,false,6,2024-04-01,2024-09-30,0
2024-10-31,8585,2024-03-31,2,,,,,,,,,,,,,,,,,,,,,,,,,,,,,,,,,,,171520453,false,false,6,2023-04-01,2023-09-30,-1
2025-01-31,8585,2025-03-31,3,,,,,182495000000,0.082,8457000000,-0.158,8457000000,-0.158,,10245000000,,59.85,59.85,,,,,2955460000000,244200000000,0.080,,237188000000,,,,,,,,,,,,true,false,9,2024-04-01,2024-12-31,0
2025-01-31,8585,2024-03-31,3,,,,,168637000000,0.003,10047000000,-0.385,10047000000,-0.385,,11571000000,,67.47,67.46,,,,,,,,,,,,,,,,,,,,,true,false,9,2023-04-01,2023-12-31,-1
2025-01-31,8585,2025-03-31,3,,,,,249500000000,0.089,12000000000,-0.256,12000000000,-0.256,,12000000000,,70.10,,,,,,,,,,,,,,,,,,,,,,true,true,12,2024-04-01,2025-03-31,0
2025-01-31,8585,2024-03-31,3,,,,,,,,,,,,,,,,,,,,3147783000000,245683000000,0.076,,238205000000,,,,,,,,,,,,true,false,12,2023-04-01,2024-03-31,-1
2025-01-31,8585,2024-03-31,3,,,,,,,,,,,,,,,,,,,,,,,,,,,,,40.00,,,,171882370,362740,,false,false,12,2023-04-01,2024-03-31,-1
2025-01-31,8585,2025-03-31,3,,,,,,,,,,,,,,,,,,,,,,,,,,,,,0.00,,,,,,,false,false,12,2024-04-01,2025-03-31,0
2025-01-31,8585,2025-03-31,3,,,,,,,,,,,,,,,,,,,,,,,,,,,,,40.00,,,,,,,false,true,12,2024-04-01,2025-03-31,0
2025-01-31,8585,2025-03-31,3,,,,,,,,,,,,,,,,,,,,,,,,,,,,,,,,,171882620,676749,171185026,false,false,9,2024-04-01,2024-12-31,0
2025-01-31,8585,2024-03-31,3,,,,,,,,,,,,,,,,,,,,,,,,,,,,,,,,,,,171521071,false,false,9,2023-04-01,2023-12-31,-1
2025-05-13,8585,2025-03-31,,,,,,245270000000,0.071,12344000000,-0.234,12344000000,-0.234,,13943000000,,81.45,81.45,0.058,0.004,,,2881698000000,246559000000,0.083,1397.90,239328000000,2619000000,-13305000000,-252030000000,216805000000,,0.493,,,,,,true,false,12,2024-04-01,2025-03-31,0
2025-05-13,8585,2024-03-31,,,,,,229054000000,0.006,16118000000,-0.301,16118000000,-0.301,,12571000000,,73.30,73.29,0.054,0.006,,,3147783000000,245683000000,0.076,1388.79,238205000000,-43465000000,-44483000000,221627000000,479360000000,,0.547,,,,,,true,false,12,2023-04-01,2024-03-31,-1
2025-05-13,8585,2026-03-31,,,,,,250000000000,0.019,12000000000,-0.028,12000000000,-0.028,,12000000000,,70.10,,,,,,,,,,,,,,,,0.573,,,,,,true,true,12,2025-04-01,2026-03-31,1
2025-05-13,8585,2024-03-31,,,,,,,,,,,,,,,,,,,,,,,,,,,,,,40.00,,,,171882370,362740,171520845,false,false,12,2023-04-01,2024-03-31,-1
2025-05-13,8585,2025-03-31,,,,,,,,,,,,,,,,,,,,,,,,,,,,,,40.00,,,,171882620,677100,171190177,false,false,12,2024-04-01,2025-03-31,0
2025-05-13,8585,2026-03-31,,,,,,,,,,,,,,,,,,,,,,,,,,,,,,40.00,,,,,,,false,true,12,2025-04-01,2026-03-31,1
