filing_date,code,fiscal_year_end,quarterly_period,net_sales,net_sales_change,revenue,revenue_change,operating_revenue,operating_revenue_change,operating_profit,operating_profit_change,ordinary_profit,ordinary_profit_change,net_income,net_income_of_parent,net_income_change,eps,diluted_eps,roe,roa,operating_profit_to_net_sales,operating_profit_to_revenue,total_assets,net_assets,equity_ratio,bps,owner_equity,operating_cash_flow,investing_cash_flow,financing_cash_flow,cash,dividend_per_share,payout_ratio,commemorative_dividend,extra_dividend,number_of_shares,number_of_treqsury_shares,avg_number_of_shares,is_consolidated,is_forecast,duration,period_start,period_end,period_pos
2015-07-29,86010,2016-03-31,1,,,,,191389000000,0.287,59088000000,0.721,63113000000,0.590,,44836000000,,26.24,25.99,,,,,23451198000000,1362124000000,0.054,744.30,1272263000000,,,,,,,,,,,,true,false,3,2015-04-01,2015-06-30,0
2015-07-29,86010,2015-03-31,1,,,,,148701000000,-0.188,34326000000,-0.449,39705000000,-0.390,,34380000000,,20.19,20.01,,,,,,,,,,,,,,,,,,,,,true,false,3,2014-04-01,2014-06-30,-1
2015-07-29,86010,2015-03-31,1,,,,,,,,,,,,,,,,,,,,23001585000000,1434680000000,0.054,725.27,1238657000000,,,,,,,,,,,,true,false,12,2014-04-01,2015-03-31,-1
2015-07-29,86010,2015-03-31,1,,,,,,,,,,,,,,,,,,,,,,,,,,,,,30.00,,,,1749378772,41531718,,false,false,12,2014-04-01,2015-03-31,-1
2015-07-29,86010,2016-03-31,1,,,,,,,,,,,,,,,,,,,,,,,,,,,,,,,,,1749378772,40036659,1708606884,false,false,3,2015-04-01,2015-06-30,0
2015-07-29,86010,2015-03-31,1,,,,,,,,,,,,,,,,,,,,,,,,,,,,,,,,,,,1703107335,false,false,3,2014-04-01,2014-06-30,-1
2015-10-28,86010,2016-03-31,2,,,,,349515000000,0.148,91386000000,0.209,98569000000,0.174,,69183000000,,40.41,40.03,,,,,23183711000000,1346356000000,0.054,732.15,1258269000000,,,,,,,,,,,,true,false,6,2015-04-01,2015-09-30,0
2015-10-28,86010,2015-03-31,2,,,,,304357000000,-0.083,75600000000,-0.262,83944000000,-0.224,,71465000000,,41.94,41.57,,,,,,,,,,,,,,,,,,,,,true,false,6,2014-04-01,2014-09-30,-1
2015-10-28,86010,2015-03-31,2,,,,,,,,,,,,,,,,,,,,23001585000000,1434680000000,0.054,725.27,1238657000000,,,,,,,,,,,,true,false,12,2014-04-01,2015-03-31,-1
2015-10-28,86010,2015-03-31,2,,,,,,,,,,,,,,,,,,,,,,,,,,,,,30.00,,,,1749378772,41531718,,false,false,12,2014-04-01,2015-03-31,-1
2015-10-28,86010,2016-03-31,2,,,,,,,,,,,,,,,,,,,,,,,,,,,,,17.00,,,,,,,false,false,12,2015-04-01,2016-03-31,0
2015-10-28,86010,2016-03-31,2,,,,,,,,,,,,,,,,,,,,,,,,,,,,,,,,,1749378772,30804983,1712224164,false,false,6,2015-04-01,2015-09-30,0
2015-10-28,86010,2015-03-31,2,,,,,,,,,,,,,,,,,,,,,,,,,,,,,,,,,,,1703998838,false,false,6,2014-04-01,2014-09-30,-1
2016-01-28,86010,2016-03-31,3,,,,,503132000000,0.040,126854000000,0.019,136519000000,0.011,,95537000000,,55.73,55.24,,,,,23026759000000,1354598000000,0.055,734.13,1261870000000,,,,,,,,,,,,true,false,9,2015-04-01,2015-12-31,0
2016-01-28,86010,2015-03-31,3,,,,,483941000000,-0.023,124440000000,-0.174,135000000000,-0.149,,109968000000,,64.51,63.93,,,,,,,,,,,,,,,,,,,,,true,false,9,2014-04-01,2014-12-31,-1
2016-01-28,86010,2015-03-31,3,,,,,,,,,,,,,,,,,,,,23001585000000,1434680000000,0.054,725.27,1238657000000,,,,,,,,,,,,true,false,12,2014-04-01,2015-03-31,-1
2016-01-28,86010,2015-03-31,3,,,,,,,,,,,,,,,,,,,,,,,,,,,,,30.00,,,,1749378772,41531718,,false,false,12,2014-04-01,2015-03-31,-1
2016-01-28,86010,2016-03-31,3,,,,,,,,,,,,,,,,,,,,,,,,,,,,,17.00,,,,,,,false,false,12,2015-04-01,2016-03-31,0
2016-01-28,86010,2016-03-31,3,,,,,,,,,,,,,,,,,,,,,,,,,,,,,,,,,1749378772,30526568,1714414038,false,false,9,2015-04-01,2015-12-31,0
2016-01-28,86010,2015-03-31,3,,,,,,,,,,,,,,,,,,,,,,,,,,,,,,,,,,,1704723641,false,false,9,2014-04-01,2014-12-31,-1
2016-04-28,86010,2016-03-31,,,,,,653711000000,-0.009,150297000000,-0.120,165148000000,-0.105,,116848000000,,68.25,67.68,0.095,,,,20420818000000,1313005000000,0.060,720.86,1219831000000,221746000000,415647000000,-229727000000,3273640000000,,0.425,,,,,,true,false,12,2015-04-01,2016-03-31,0
2016-04-28,86010,2015-03-31,,,,,,659396000000,0.026,170839000000,-0.075,184578000000,-0.063,,148490000000,,87.07,86.28,0.128,,,,23001585000000,1434680000000,0.054,725.27,1238657000000,725966000000,-13265000000,343385000000,2920509000000,,0.345,,,,,,true,false,12,2014-04-01,2015-03-31,-1
2016-04-28,86010,2016-03-31,,,,,,28238000000,-0.830,4404000000,-0.969,8084000000,-0.945,9732000000,,-0.935,5.68,5.64,,,,,2336810000000,923969000000,0.392,540.68,915010000000,,,,,29.00,,,,1749378772,57189466,1712050838,false,false,12,2015-04-01,2016-03-31,0
2016-04-28,86010,2015-03-31,,,,,,165915000000,7.858,143352000000,,146620000000,,149071000000,,,87.41,86.61,,,,,2338100000000,994703000000,0.422,577.62,986498000000,,,,,30.00,,,,1749378772,41531718,1705419231,false,false,12,2014-04-01,2015-03-31,-1
2016-07-27,86010,2017-03-31,1,,,,,151859000000,-0.207,28019000000,-0.526,32537000000,-0.484,,24571000000,,14.52,14.43,,,,,21419907000000,1267304000000,0.055,694.52,1175326000000,,,,,,,,,,,,true,false,3,2016-04-01,2016-06-30,0
2016-07-27,86010,2016-03-31,1,,,,,191389000000,0.287,59088000000,0.721,63113000000,0.590,,44836000000,,26.24,25.99,,,,,,,,,,,,,,,,,,,,,true,false,3,2015-04-01,2015-06-30,-1
2016-07-27,86010,2016-03-31,1,,,,,,,,,,,,,,,,,,,,20420818000000,1313005000000,0.060,720.86,1219831000000,,,,,,,,,,,,true,false,12,2015-04-01,2016-03-31,-1
2016-07-27,86010,2016-03-31,1,,,,,,,,,,,,,,,,,,,,,,,,,,,,,29.00,,,,1749378772,57189466,,false,false,12,2015-04-01,2016-03-31,-1
2016-07-27,86010,2017-03-31,1,,,,,,,,,,,,,,,,,,,,,,,,,,,,,,,,,1749378772,57104113,1692253304,false,false,3,2016-04-01,2016-06-30,0
2016-07-27,86010,2016-03-31,1,,,,,,,,,,,,,,,,,,,,,,,,,,,,,,,,,,,1708606884,false,false,3,2015-04-01,2015-06-30,-1
2016-10-28,86010,2017-03-31,2,,,,,296977000000,-0.150,57342000000,-0.373,65794000000,-0.333,,55014000000,,32.50,32.31,,,,,20021642000000,1297756000000,0.060,711.90,1205650000000,,,,,,,,,,,,true,false,6,2016-04-01,2016-09-30,0
2016-10-28,86010,2016-03-31,2,,,,,349515000000,0.148,91386000000,0.209,98569000000,0.174,,69183000000,,40.41,40.03,,,,,,,,,,,,,,,,,,,,,true,false,6,2015-04-01,2015-09-30,-1
2016-10-28,86010,2016-03-31,2,,,,,,,,,,,,,,,,,,,,20420818000000,1313005000000,0.060,720.86,1219831000000,,,,,,,,,,,,true,false,12,2015-04-01,2016-03-31,-1
2016-10-28,86010,2016-03-31,2,,,,,,,,,,,,,,,,,,,,,,,,,,,,,29.00,,,,1749378772,57189466,,false,false,12,2015-04-01,2016-03-31,-1
2016-10-28,86010,2017-03-31,2,,,,,,,,,,,,,,,,,,,,,,,,,,,,,13.00,,,,,,,false,false,12,2016-04-01,2017-03-31,0
2016-10-28,86010,2017-03-31,2,,,,,,,,,,,,,,,,,,,,,,,,,,,,,,,,,1749378772,55821815,1692720723,false,false,6,2016-04-01,2016-09-30,0
2016-10-28,86010,2016-03-31,2,,,,,,,,,,,,,,,,,,,,,,,,,,,,,,,,,,,1712224164,false,false,6,2015-04-01,2015-09-30,-1
2017-01-30,86010,2017-03-31,3,,,,,450175000000,-0.105,88952000000,-0.299,101229000000,-0.259,,81708000000,,48.26,47.97,,,,,20523661000000,1347052000000,0.061,740.60,1254655000000,,,,,,,,,,,,true,false,9,2016-04-01,2016-12-31,0
2017-01-30,86010,2016-03-31,3,,,,,503132000000,0.040,126854000000,0.019,136519000000,0.011,,95537000000,,55.73,55.24,,,,,,,,,,,,,,,,,,,,,true,false,9,2015-04-01,2015-12-31,-1
2017-01-30,86010,2016-03-31,3,,,,,,,,,,,,,,,,,,,,20420818000000,1313005000000,0.060,720.86,1219831000000,,,,,,,,,,,,true,false,12,2015-04-01,2016-03-31,-1
2017-01-30,86010,2016-03-31,3,,,,,,,,,,,,,,,,,,,,,,,,,,,,,29.00,,,,1749378772,57189466,,false,false,12,2015-04-01,2016-03-31,-1
2017-01-30,86010,2017-03-31,3,,,,,,,,,,,,,,,,,,,,,,,,,,,,,13.00,,,,,,,false,false,12,2016-04-01,2017-03-31,0
2017-01-30,86010,2017-03-31,3,,,,,,,,,,,,,,,,,,,,,,,,,,,,,,,,,1749378772,55287524,1693094441,false,false,9,2016-04-01,2016-12-31,0
2017-01-30,86010,2016-03-31,3,,,,,,,,,,,,,,,,,,,,,,,,,,,,,,,,,,,1714414038,false,false,9,2015-04-01,2015-12-31,-1
2017-04-28,86010,2017-03-31,,,,,,616497000000,-0.057,119062000000,-0.208,135623000000,-0.179,,104067000000,,61.53,61.14,0.084,,,,19827296000000,1343433000000,0.063,745.80,1250890000000,44543000000,307713000000,143231000000,3766145000000,,0.423,,,,,,true,false,12,2016-04-01,2017-03-31,0
2017-04-28,86010,2016-03-31,,,,,,653711000000,-0.009,150297000000,-0.120,165148000000,-0.105,,116848000000,,68.25,67.68,0.095,,,,20420818000000,1313005000000,0.060,720.86,1219831000000,221746000000,415647000000,-229727000000,3273640000000,,0.425,,,,,,true,false,12,2015-04-01,2016-03-31,-1
2017-04-28,86010,2017-03-31,,,,,,34648000000,0.227,10439000000,1.370,13625000000,0.685,24870000000,,1.555,14.70,14.61,,,,,2352744000000,889514000000,0.374,525.13,880785000000,,,,,26.00,,,,1699378772,22146169,1691386462,false,false,12,2016-04-01,2017-03-31,0
2017-04-28,86010,2016-03-31,,,,,,28238000000,-0.830,4404000000,-0.969,8084000000,-0.945,9732000000,,-0.935,5.68,5.64,,,,,2336810000000,923969000000,0.392,540.68,915010000000,,,,,29.00,,,,1749378772,57189466,1712050838,false,false,12,2015-04-01,2016-03-31,-1
2017-07-27,86010,2018-03-31,1,,,,,159652000000,0.051,21422000000,-0.235,25153000000,-0.227,,19395000000,,11.63,11.55,,,,,19815830000000,1340130000000,0.063,748.15,1248272000000,,,,,,,,,,,,true,false,3,2017-04-01,2017-06-30,0
2017-07-27,86010,2017-03-31,1,,,,,151859000000,-0.207,28019000000,-0.526,32537000000,-0.484,,24571000000,,14.52,14.43,,,,,,,,,,,,,,,,,,,,,true,false,3,2016-04-01,2016-06-30,-1
2017-07-27,86010,2017-03-31,1,,,,,,,,,,,,,,,,,,,,19827296000000,1343433000000,0.063,745.80,1250890000000,,,,,,,,,,,,true,false,12,2016-04-01,2017-03-31,-1
2017-07-27,86010,2017-03-31,1,,,,,,,,,,,,,,,,,,,,,,,,,,,,,26.00,,,,1699378772,22146169,,false,false,12,2016-04-01,2017-03-31,-1
2017-07-27,86010,2018-03-31,1,,,,,,,,,,,,,,,,,,,,,,,,,,,,,,,,,1699378772,30902950,1668395905,false,false,3,2017-04-01,2017-06-30,0
2017-07-27,86010,2017-03-31,1,,,,,,,,,,,,,,,,,,,,,,,,,,,,,,,,,,,1692253304,false,false,3,2016-04-01,2016-06-30,-1
2017-10-25,86010,2018-03-31,2,,,,,336264000000,0.132,61420000000,0.071,68982000000,0.048,,51301000000,,30.75,30.56,,,,,20381308000000,1385594000000,0.063,772.32,1288915000000,,,,,,,,,,,,true,false,6,2017-04-01,2017-09-30,0
2017-10-25,86010,2017-03-31,2,,,,,296977000000,-0.150,57342000000,-0.373,65794000000,-0.333,,55014000000,,32.50,32.31,,,,,,,,,,,,,,,,,,,,,true,false,6,2016-04-01,2016-09-30,-1
2017-10-25,86010,2017-03-31,2,,,,,,,,,,,,,,,,,,,,19827296000000,1343433000000,0.063,745.80,1250890000000,,,,,,,,,,,,true,false,12,2016-04-01,2017-03-31,-1
2017-10-25,86010,2017-03-31,2,,,,,,,,,,,,,,,,,,,,,,,,,,,,,26.00,,,,1699378772,22146169,,false,false,12,2016-04-01,2017-03-31,-1
2017-10-25,86010,2018-03-31,2,,,,,,,,,,,,,,,,,,,,,,,,,,,,,13.00,,,,,,,false,false,12,2017-04-01,2018-03-31,0
2017-10-25,86010,2018-03-31,2,,,,,,,,,,,,,,,,,,,,,,,,,,,,,,,,,1699378772,30493584,1668579870,false,false,6,2017-04-01,2017-09-30,0
2017-10-25,86010,2017-03-31,2,,,,,,,,,,,,,,,,,,,,,,,,,,,,,,,,,,,1692720723,false,false,6,2016-04-01,2016-09-30,-1
2018-01-30,86010,2018-03-31,3,,,,,527140000000,0.171,101692000000,0.143,112199000000,0.108,,83597000000,,50.26,49.95,,,,,21925865000000,1385640000000,0.059,786.83,1288651000000,,,,,,,,,,,,true,false,9,2017-04-01,2017-12-31,0
2018-01-30,86010,2017-03-31,3,,,,,450175000000,-0.105,88952000000,-0.299,101229000000,-0.259,,81708000000,,48.26,47.97,,,,,,,,,,,,,,,,,,,,,true,false,9,2016-04-01,2016-12-31,-1
2018-01-30,86010,2017-03-31,3,,,,,,,,,,,,,,,,,,,,19827296000000,1343433000000,0.063,745.80,1250890000000,,,,,,,,,,,,true,false,12,2016-04-01,2017-03-31,-1
2018-01-30,86010,2017-03-31,3,,,,,,,,,,,,,,,,,,,,,,,,,,,,,26.00,,,,1699378772,22146169,,false,false,12,2016-04-01,2017-03-31,-1
2018-01-30,86010,2018-03-31,3,,,,,,,,,,,,,,,,,,,,,,,,,,,,,13.00,,,,,,,false,false,12,2017-04-01,2018-03-31,0
2018-01-30,86010,2018-03-31,3,,,,,,,,,,,,,,,,,,,,,,,,,,,,,,,,,1699378772,61599525,1663373030,false,false,9,2017-04-01,2017-12-31,0
2018-01-30,86010,2017-03-31,3,,,,,,,,,,,,,,,,,,,,,,,,,,,,,,,,,,,1693094441,false,false,9,2016-04-01,2016-12-31,-1
2018-01-30,86010,2018-03-31,3,,,,,527140000000,0.171,101692000000,0.143,112199000000,0.108,,73998000000,,44.49,44.21,,,,,21925865000000,1375632000000,0.058,780.71,1278643000000,,,,,,,,,,,,true,false,9,2017-04-01,2017-12-31,0
2018-01-30,86010,2017-03-31,3,,,,,450175000000,-0.105,88952000000,-0.299,101229000000,-0.259,,81708000000,,48.26,47.97,,,,,,,,,,,,,,,,,,,,,true,false,9,2016-04-01,2016-12-31,-1
2018-01-30,86010,2017-03-31,3,,,,,,,,,,,,,,,,,,,,19827296000000,1343433000000,0.063,745.80,1250890000000,,,,,,,,,,,,true,false,12,2016-04-01,2017-03-31,-1
2018-01-30,86010,2017-03-31,3,,,,,,,,,,,,,,,,,,,,,,,,,,,,,26.00,,,,1699378772,22146169,,false,false,12,2016-04-01,2017-03-31,-1
2018-01-30,86010,2018-03-31,3,,,,,,,,,,,,,,,,,,,,,,,,,,,,,13.00,,,,,,,false,false,12,2017-04-01,2018-03-31,0
2018-01-30,86010,2018-03-31,3,,,,,,,,,,,,,,,,,,,,,,,,,,,,,,,,,1699378772,61599525,1663373030,false,false,9,2017-04-01,2017-12-31,0
2018-01-30,86010,2017-03-31,3,,,,,,,,,,,,,,,,,,,,,,,,,,,,,,,,,,,1693094441,false,false,9,2016-04-01,2016-12-31,-1
2018-04-27,86010,2018-03-31,,,,,,712601000000,0.156,135058000000,0.134,155676000000,0.148,,110579000000,,66.88,66.45,0.088,,,,21141743000000,1370520000000,0.060,786.56,1273133000000,-1319248000000,777872000000,432813000000,3653464000000,,0.419,,,,,,true,false,12,2017-04-01,2018-03-31,0
2018-04-27,86010,2017-03-31,,,,,,616497000000,-0.057,119062000000,-0.208,135623000000,-0.179,,104067000000,,61.53,61.14,0.084,,,,19827296000000,1343433000000,0.063,745.80,1250890000000,44543000000,307713000000,143231000000,3766145000000,,0.423,,,,,,true,false,12,2016-04-01,2017-03-31,-1
2018-04-27,86010,2018-03-31,,,,,,135568000000,2.913,104555000000,9.015,109040000000,7.003,113151000000,,3.550,68.43,68.00,,,,,2502889000000,921898000000,0.365,564.13,913107000000,,,,,28.00,,,,1699378772,80774994,1653497902,false,false,12,2017-04-01,2018-03-31,0
2018-04-27,86010,2017-03-31,,,,,,34648000000,0.227,10439000000,1.370,13625000000,0.685,24870000000,,1.555,14.70,14.61,,,,,2352744000000,889514000000,0.374,525.13,880785000000,,,,,26.00,,,,1699378772,22146169,1691386462,false,false,12,2016-04-01,2017-03-31,-1
2018-07-30,86010,2019-03-31,1,,,,,175175000000,0.097,22151000000,0.034,25860000000,0.028,,18534000000,,11.45,11.38,,,,,20853852000000,1371244000000,0.061,787.29,1274457000000,,,,,,,,,,,,true,false,3,2018-04-01,2018-06-30,0
2018-07-30,86010,2018-03-31,1,,,,,159652000000,0.051,21422000000,-0.235,25153000000,-0.227,,19395000000,,11.63,11.55,,,,,,,,,,,,,,,,,,,,,true,false,3,2017-04-01,2017-06-30,-1
2018-07-30,86010,2018-03-31,1,,,,,,,,,,,,,,,,,,,,21135041000000,1370520000000,0.060,786.56,1273133000000,,,,,,,,,,,,true,false,12,2017-04-01,2018-03-31,-1
2018-07-30,86010,2018-03-31,1,,,,,,,,,,,,,,,,,,,,,,,,,,,,,28.00,,,,1699378772,80774994,,false,false,12,2017-04-01,2018-03-31,-1
2018-07-30,86010,2019-03-31,1,,,,,,,,,,,,,,,,,,,,,,,,,,,,,,,,,1699378772,80645717,1618691737,false,false,3,2018-04-01,2018-06-30,0
2018-07-30,86010,2018-03-31,1,,,,,,,,,,,,,,,,,,,,,,,,,,,,,,,,,,,1668395905,false,false,3,2017-04-01,2017-06-30,-1
2018-10-29,86010,2019-03-31,2,,,,,347746000000,0.034,37667000000,-0.387,46015000000,-0.333,,36286000000,,22.45,22.31,,,,,20963519000000,1300984000000,0.062,801.84,1289355000000,,,,,,,,,,,,true,false,6,2018-04-01,2018-09-30,0
2018-10-29,86010,2018-03-31,2,,,,,336264000000,0.132,61420000000,0.071,68982000000,0.048,,51301000000,,30.75,30.56,,,,,,,,,,,,,,,,,,,,,true,false,6,2017-04-01,2017-09-30,-1
2018-10-29,86010,2018-03-31,2,,,,,,,,,,,,,,,,,,,,21135041000000,1370520000000,0.060,786.56,1273133000000,,,,,,,,,,,,true,false,12,2017-04-01,2018-03-31,-1
2018-10-29,86010,2018-03-31,2,,,,,,,,,,,,,,,,,,,,,,,,,,,,,28.00,,,,1699378772,80774994,,false,false,12,2017-04-01,2018-03-31,-1
2018-10-29,86010,2019-03-31,2,,,,,,,,,,,,,,,,,,,,,,,,,,,,,12.00,,,,,,,false,false,12,2018-04-01,2019-03-31,0
2018-10-29,86010,2019-03-31,2,,,,,,,,,,,,,,,,,,,,,,,,,,,,,,,,,1699378772,91400082,1616648399,false,false,6,2018-04-01,2018-09-30,0
2018-10-29,86010,2018-03-31,2,,,,,,,,,,,,,,,,,,,,,,,,,,,,,,,,,,,1668579870,false,false,6,2017-04-01,2017-09-30,-1
2019-01-29,86010,2019-03-31,3,,,,,536499000000,0.018,53852000000,-0.470,65495000000,-0.416,,50404000000,,31.36,31.17,,,,,21429204000000,1247475000000,0.058,782.06,1235676000000,,,,,,,,,,,,true,false,9,2018-04-01,2018-12-31,0
2019-01-29,86010,2018-03-31,3,,,,,527140000000,0.171,101692000000,0.143,112199000000,0.108,,73998000000,,44.49,44.21,,,,,,,,,,,,,,,,,,,,,true,false,9,2017-04-01,2017-12-31,-1
2019-01-29,86010,2018-03-31,3,,,,,,,,,,,,,,,,,,,,21135041000000,1370520000000,0.060,786.56,1273133000000,,,,,,,,,,,,true,false,12,2017-04-01,2018-03-31,-1
2019-01-29,86010,2018-03-31,3,,,,,,,,,,,,,,,,,,,,,,,,,,,,,28.00,,,,1699378772,80774994,,false,false,12,2017-04-01,2018-03-31,-1
2019-01-29,86010,2019-03-31,3,,,,,,,,,,,,,,,,,,,,,,,,,,,,,12.00,,,,,,,false,false,12,2018-04-01,2019-03-31,0
2019-01-29,86010,2019-03-31,3,,,,,,,,,,,,,,,,,,,,,,,,,,,,,,,,,1699378772,119348780,1607163971,false,false,9,2018-04-01,2018-12-31,0
2019-01-29,86010,2018-03-31,3,,,,,,,,,,,,,,,,,,,,,,,,,,,,,,,,,,,1663373030,false,false,9,2017-04-01,2017-12-31,-1
2019-04-25,86010,2019-03-31,,,,,,720586000000,0.011,67326000000,-0.501,83159000000,-0.466,,63813000000,,39.95,39.72,0.051,,,,21126706000000,1256430000000,0.059,794.54,1244477000000,304857000000,108243000000,55741000000,4122102000000,,0.526,,,,,,true,false,12,2018-04-01,2019-03-31,0
2019-04-25,86010,2018-03-31,,,,,,712601000000,0.156,135058000000,0.134,155676000000,0.148,,110579000000,,66.88,66.45,0.088,,,,21135041000000,1370520000000,0.060,786.56,1273133000000,-1319248000000,777872000000,432813000000,3653464000000,,0.419,,,,,,true,false,12,2017-04-01,2018-03-31,-1
2019-04-25,86010,2019-03-31,,,,,,105221000000,-0.224,71084000000,-0.320,77102000000,-0.293,86505000000,,-0.235,54.16,53.84,,,,,2434724000000,916943000000,0.373,579.84,908201000000,,,,,21.00,,,,1699378772,133090941,1597232294,false,false,12,2018-04-01,2019-03-31,0
2019-04-25,86010,2018-03-31,,,,,,135568000000,2.913,104555000000,9.015,109040000000,7.003,113151000000,,3.550,68.43,68.00,,,,,2502889000000,921898000000,0.365,564.13,913107000000,,,,,28.00,,,,1699378772,80774994,1653497902,false,false,12,2017-04-01,2018-03-31,-1
2019-07-31,86010,2020-03-31,1,,,,,181341000000,0.035,12414000000,-0.440,17922000000,-0.307,,16066000000,,10.26,10.21,,,,,22896425000000,1245624000000,0.054,787.65,1233835000000,,,,,,,,,,,,true,false,3,2019-04-01,2019-06-30,0
2019-07-31,86010,2019-03-31,1,,,,,175175000000,0.097,22151000000,0.034,25860000000,0.028,,18534000000,,11.45,11.38,,,,,,,,,,,,,,,,,,,,,true,false,3,2018-04-01,2018-06-30,-1
2019-07-31,86010,2019-03-31,1,,,,,,,,,,,,,,,,,,,,21126706000000,1256430000000,0.059,794.54,1244477000000,,,,,,,,,,,,true,false,12,2018-04-01,2019-03-31,-1
2019-07-31,86010,2019-03-31,1,,,,,,,,,,,,,,,,,,,,,,,,,,,,,21.00,,,,1699378772,133090941,,false,false,12,2018-04-01,2019-03-31,-1
2019-07-31,86010,2020-03-31,1,,,,,,,,,,,,,,,,,,,,,,,,,,,,,,,,,1699378772,132909967,1566433311,false,false,3,2019-04-01,2019-06-30,0
2019-07-31,86010,2019-03-31,1,,,,,,,,,,,,,,,,,,,,,,,,,,,,,,,,,,,1618691737,false,false,3,2018-04-01,2018-06-30,-1
2019-10-30,86010,2020-03-31,2,,,,,341007000000,-0.019,18900000000,-0.498,27784000000,-0.396,,33383000000,,21.34,21.24,,,,,22809247000000,1285618000000,0.054,798.65,1239187000000,,,,,,,,,,,,true,false,6,2019-04-01,2019-09-30,0
2019-10-30,86010,2019-03-31,2,,,,,347746000000,0.034,37667000000,-0.387,46015000000,-0.333,,36286000000,,22.45,22.31,,,,,,,,,,,,,,,,,,,,,true,false,6,2018-04-01,2018-09-30,-1
2019-10-30,86010,2019-03-31,2,,,,,,,,,,,,,,,,,,,,21126706000000,1256430000000,0.059,794.54,1244477000000,,,,,,,,,,,,true,false,12,2018-04-01,2019-03-31,-1
2019-10-30,86010,2019-03-31,2,,,,,,,,,,,,,,,,,,,,,,,,,,,,,21.00,,,,1699378772,133090941,,false,false,12,2018-04-01,2019-03-31,-1
2019-10-30,86010,2020-03-31,2,,,,,,,,,,,,,,,,,,,,,,,,,,,,,11.00,,,,,,,false,false,12,2019-04-01,2020-03-31,0
2019-10-30,86010,2020-03-31,2,,,,,,,,,,,,,,,,,,,,,,,,,,,,,,,,,1699378772,147778778,1564161988,false,false,6,2019-04-01,2019-09-30,0
2019-10-30,86010,2019-03-31,2,,,,,,,,,,,,,,,,,,,,,,,,,,,,,,,,,,,1616648399,false,false,6,2018-04-01,2018-09-30,-1
2020-01-31,86010,2020-03-31,3,,,,,511680000000,-0.046,37883000000,-0.297,50023000000,-0.236,,49091000000,,31.66,31.50,,,,,24409452000000,1287164000000,0.051,816.44,1239995000000,,,,,,,,,,,,true,false,9,2019-04-01,2019-12-31,0
2020-01-31,86010,2019-03-31,3,,,,,536499000000,0.018,53852000000,-0.470,65495000000,-0.416,,50404000000,,31.36,31.17,,,,,,,,,,,,,,,,,,,,,true,false,9,2018-04-01,2018-12-31,-1
2020-01-31,86010,2019-03-31,3,,,,,,,,,,,,,,,,,,,,21126706000000,1256430000000,0.059,794.54,1244477000000,,,,,,,,,,,,true,false,12,2018-04-01,2019-03-31,-1
2020-01-31,86010,2019-03-31,3,,,,,,,,,,,,,,,,,,,,,,,,,,,,,21.00,,,,1699378772,133090941,,false,false,12,2018-04-01,2019-03-31,-1
2020-01-31,86010,2020-03-31,3,,,,,,,,,,,,,,,,,,,,,,,,,,,,,11.00,,,,,,,false,false,12,2019-04-01,2020-03-31,0
2020-01-31,86010,2020-03-31,3,,,,,,,,,,,,,,,,,,,,,,,,,,,,,,,,,1699378772,180601354,1550681940,false,false,9,2019-04-01,2019-12-31,0
2020-01-31,86010,2019-03-31,3,,,,,,,,,,,,,,,,,,,,,,,,,,,,,,,,,,,1607163971,false,false,9,2018-04-01,2018-12-31,-1
2020-05-08,86010,2020-03-31,,,,,,672287000000,-0.067,54288000000,-0.194,70283000000,-0.155,,60346000000,,39.11,38.92,0.049,,,,23822099000000,1257766000000,0.051,796.33,1210014000000,167190000000,-215397000000,-135794000000,3933149000000,,0.511,,,,,,true,false,12,2019-04-01,2020-03-31,0
2020-05-08,86010,2019-03-31,,,,,,720586000000,0.011,67326000000,-0.501,83159000000,-0.466,,63813000000,,39.95,39.72,0.051,,,,21126706000000,1256430000000,0.059,794.54,1244477000000,304857000000,108243000000,55741000000,4122102000000,,0.526,,,,,,true,false,12,2018-04-01,2019-03-31,-1
2020-05-08,86010,2020-03-31,,,,,,75682000000,-0.281,43124000000,-0.393,48720000000,-0.368,52132000000,,-0.397,33.79,33.62,,,,,2559957000000,893141000000,0.345,581.93,884239000000,,,,,20.00,,,,1699378772,179915970,1542822709,false,false,12,2019-04-01,2020-03-31,0
2020-05-08,86010,2019-03-31,,,,,,105221000000,-0.224,71084000000,-0.320,77102000000,-0.293,86505000000,,-0.235,54.16,53.84,,,,,2434724000000,916943000000,0.373,579.84,908201000000,,,,,21.00,,,,1699378772,133090941,1597232294,false,false,12,2018-04-01,2019-03-31,-1
2020-07-31,86010,2021-03-31,1,,,,,128612000000,-0.291,16612000000,0.338,21370000000,0.192,,17552000000,,11.55,11.50,,,,,25657575000000,1264195000000,0.047,800.39,1217225000000,,,,,,,,,,,,true,false,3,2020-04-01,2020-06-30,0
2020-07-31,86010,2020-03-31,1,,,,,181341000000,0.035,12414000000,-0.440,17922000000,-0.307,,16066000000,,10.26,10.21,,,,,,,,,,,,,,,,,,,,,true,false,3,2019-04-01,2019-06-30,-1
2020-07-31,86010,2020-03-31,1,,,,,,,,,,,,,,,,,,,,23822099000000,1257766000000,0.051,796.33,1210014000000,,,,,,,,,,,,true,false,12,2019-04-01,2020-03-31,-1
2020-07-31,86010,2020-03-31,1,,,,,,,,,,,,,,,,,,,,,,,,,,,,,20.00,,,,1699378772,179915970,,false,false,12,2019-04-01,2020-03-31,-1
2020-07-31,86010,2021-03-31,1,,,,,,,,,,,,,,,,,,,,,,,,,,,,,,,,,1699378772,178597518,1519983313,false,false,3,2020-04-01,2020-06-30,0
2020-07-31,86010,2020-03-31,1,,,,,,,,,,,,,,,,,,,,,,,,,,,,,,,,,,,1566433311,false,false,3,2019-04-01,2019-06-30,-1
2020-10-29,86010,2021-03-31,2,,,,,257180000000,-0.246,36331000000,0.922,45120000000,0.624,,32804000000,,21.56,21.47,,,,,25583609000000,1285466000000,0.048,810.92,1235097000000,,,,,,,,,,,,true,false,6,2020-04-01,2020-09-30,0
2020-10-29,86010,2020-03-31,2,,,,,341007000000,-0.019,18900000000,-0.498,27784000000,-0.396,,33383000000,,21.34,21.24,,,,,,,,,,,,,,,,,,,,,true,false,6,2019-04-01,2019-09-30,-1
2020-10-29,86010,2020-03-31,2,,,,,,,,,,,,,,,,,,,,23822099000000,1257766000000,0.051,796.33,1210014000000,,,,,,,,,,,,true,false,12,2019-04-01,2020-03-31,-1
2020-10-29,86010,2020-03-31,2,,,,,,,,,,,,,,,,,,,,,,,,,,,,,20.00,,,,1699378772,179915970,,false,false,12,2019-04-01,2020-03-31,-1
2020-10-29,86010,2021-03-31,2,,,,,,,,,,,,,,,,,,,,,,,,,,,,,11.00,,,,,,,false,false,12,2020-04-01,2021-03-31,0
2020-10-29,86010,2021-03-31,2,,,,,,,,,,,,,,,,,,,,,,,,,,,,,,,,,1699378772,176295862,1521503590,false,false,6,2020-04-01,2020-09-30,0
2020-10-29,86010,2020-03-31,2,,,,,,,,,,,,,,,,,,,,,,,,,,,,,,,,,,,1564161988,false,false,6,2019-04-01,2019-09-30,-1
2021-01-28,86010,2021-03-31,3,,,,,408817000000,-0.201,68273000000,0.802,79635000000,0.592,,57789000000,,37.97,37.81,,,,,26234974000000,1300145000000,0.048,820.74,1250130000000,,,,,,,,,,,,true,false,9,2020-04-01,2020-12-31,0
2021-01-28,86010,2020-03-31,3,,,,,511680000000,-0.046,37883000000,-0.297,50023000000,-0.236,,49091000000,,31.66,31.50,,,,,,,,,,,,,,,,,,,,,true,false,9,2019-04-01,2019-12-31,-1
2021-01-28,86010,2020-03-31,3,,,,,,,,,,,,,,,,,,,,23822099000000,1257766000000,0.051,796.33,1210014000000,,,,,,,,,,,,true,false,12,2019-04-01,2020-03-31,-1
2021-01-28,86010,2020-03-31,3,,,,,,,,,,,,,,,,,,,,,,,,,,,,,20.00,,,,1699378772,179915970,,false,false,12,2019-04-01,2020-03-31,-1
2021-01-28,86010,2021-03-31,3,,,,,,,,,,,,,,,,,,,,,,,,,,,,,11.00,,,,,,,false,false,12,2020-04-01,2021-03-31,0
2021-01-28,86010,2021-03-31,3,,,,,,,,,,,,,,,,,,,,,,,,,,,,,,,,,1699378772,176219151,1522046196,false,false,9,2020-04-01,2020-12-31,0
2021-01-28,86010,2020-03-31,3,,,,,,,,,,,,,,,,,,,,,,,,,,,,,,,,,,,1550681940,false,false,9,2019-04-01,2019-12-31,-1
2021-04-28,86010,2021-03-31,,,,,,576172000000,-0.143,92859000000,0.710,115175000000,0.639,,108396000000,,71.20,70.90,0.085,,,,26099330000000,1591841000000,0.051,875.12,1333570000000,390979000000,-91641000000,438067000000,4723526000000,,0.506,,,,,,true,false,12,2020-04-01,2021-03-31,0
2021-04-28,86010,2020-03-31,,,,,,672287000000,-0.067,54288000000,-0.194,70283000000,-0.155,,60346000000,,39.11,38.92,0.049,,,,23822099000000,1257766000000,0.051,796.33,1210014000000,167190000000,-215397000000,-135794000000,3933149000000,,0.511,,,,,,true,false,12,2019-04-01,2020-03-31,-1
2021-04-28,86010,2021-03-31,,,,,,46365000000,-0.387,13414000000,-0.689,23855000000,-0.510,20765000000,,-0.602,13.64,13.58,,,,,2491844000000,906995000000,0.360,589.19,897870000000,,,,,36.00,,,,1699378772,175511235,1522430862,false,false,12,2020-04-01,2021-03-31,0
2021-04-28,86010,2020-03-31,,,,,,75682000000,-0.281,43124000000,-0.393,48720000000,-0.368,52132000000,,-0.397,33.79,33.62,,,,,2559957000000,893141000000,0.345,581.93,884239000000,,,,,20.00,,,,1699378772,179915970,1542822709,false,false,12,2019-04-01,2020-03-31,-1
2021-07-29,86010,2022-03-31,1,,,,,149836000000,0.165,31848000000,0.917,34922000000,0.634,,23560000000,,15.45,15.38,,,,,25586624000000,1581457000000,0.052,866.74,1321883000000,,,,,,,,,,,,true,false,3,2021-04-01,2021-06-30,0
2021-07-29,86010,2021-03-31,1,,,,,128612000000,-0.291,16612000000,0.338,21370000000,0.192,,17552000000,,11.55,11.50,,,,,,,,,,,,,,,,,,,,,true,false,3,2020-04-01,2020-06-30,-1
2021-07-29,86010,2021-03-31,1,,,,,,,,,,,,,,,,,,,,26099330000000,1591841000000,0.051,875.12,1333570000000,,,,,,,,,,,,true,false,12,2020-04-01,2021-03-31,-1
2021-07-29,86010,2021-03-31,1,,,,,,,,,,,,,,,,,,,,,,,,,,,,,36.00,,,,1699378772,175511235,,false,false,12,2020-04-01,2021-03-31,-1
2021-07-29,86010,2022-03-31,1,,,,,,,,,,,,,,,,,,,,,,,,,,,,,,,,,1699378772,174254573,1524567176,false,false,3,2021-04-01,2021-06-30,0
2021-07-29,86010,2021-03-31,1,,,,,,,,,,,,,,,,,,,,,,,,,,,,,,,,,,,1519983313,false,false,3,2020-04-01,2020-06-30,-1
2021-10-27,8601,2022-03-31,2,,,,,304538000000,0.184,62525000000,0.721,71919000000,0.594,,50203000000,,32.99,32.77,,,,,25510806000000,1612395000000,0.053,889.70,1344702000000,,,,,,,,,,,,true,false,6,2021-04-01,2021-09-30,0
2021-10-27,8601,2021-03-31,2,,,,,257180000000,-0.246,36331000000,0.922,45120000000,0.624,,32804000000,,21.56,21.47,,,,,,,,,,,,,,,,,,,,,true,false,6,2020-04-01,2020-09-30,-1
2021-10-27,8601,2021-03-31,2,,,,,,,,,,,,,,,,,,,,26099330000000,1591841000000,0.051,875.12,1333570000000,,,,,,,,,,,,true,false,12,2020-04-01,2021-03-31,-1
2021-10-27,8601,2021-03-31,2,,,,,,,,,,,,,,,,,,,,,,,,,,,,,36.00,,,,1699378772,175511235,,false,false,12,2020-04-01,2021-03-31,-1
2021-10-27,8601,2022-03-31,2,,,,,,,,,,,,,,,,,,,,,,,,,,,,,17.00,,,,,,,false,false,12,2021-04-01,2022-03-31,0
2021-10-27,8601,2022-03-31,2,,,,,,,,,,,,,,,,,,,,,,,,,,,,,,,,,1699378772,187979364,1521976505,false,false,6,2021-04-01,2021-09-30,0
2021-10-27,8601,2021-03-31,2,,,,,,,,,,,,,,,,,,,,,,,,,,,,,,,,,,,1521503590,false,false,6,2020-04-01,2020-09-30,-1
2022-01-28,8601,2022-03-31,3,,,,,471138000000,0.152,98575000000,0.444,112481000000,0.412,,76902000000,,50.86,50.60,,,,,26415274000000,1600496000000,0.050,897.76,1331188000000,,,,,,,,,,,,true,false,9,2021-04-01,2021-12-31,0
2022-01-28,8601,2021-03-31,3,,,,,408817000000,-0.201,68273000000,0.802,79635000000,0.592,,57789000000,,37.97,37.81,,,,,,,,,,,,,,,,,,,,,true,false,9,2020-04-01,2020-12-31,-1
2022-01-28,8601,2021-03-31,3,,,,,,,,,,,,,,,,,,,,26099330000000,1591841000000,0.051,875.12,1333570000000,,,,,,,,,,,,true,false,12,2020-04-01,2021-03-31,-1
2022-01-28,8601,2021-03-31,3,,,,,,,,,,,,,,,,,,,,,,,,,,,,,36.00,,,,1699378772,175511235,,false,false,12,2020-04-01,2021-03-31,-1
2022-01-28,8601,2022-03-31,3,,,,,,,,,,,,,,,,,,,,,,,,,,,,,17.00,,,,,,,false,false,12,2021-04-01,2022-03-31,0
2022-01-28,8601,2022-03-31,3,,,,,,,,,,,,,,,,,,,,,,,,,,,,,,,,,1699378772,216614948,1511963575,false,false,9,2021-04-01,2021-12-31,0
2022-01-28,8601,2021-03-31,3,,,,,,,,,,,,,,,,,,,,,,,,,,,,,,,,,,,1522046196,false,false,9,2020-04-01,2020-12-31,-1
2022-04-27,8601,2022-03-31,,,,,,619471000000,0.075,115534000000,0.244,135821000000,0.179,,94891000000,,63.06,62.72,0.070,,,,27531089000000,1639888000000,0.050,925.81,1373282000000,-353467000000,-218534000000,377090000000,4554375000000,,0.523,,,,,,true,false,12,2021-04-01,2022-03-31,0
2022-04-27,8601,2021-03-31,,,,,,576172000000,-0.143,92859000000,0.710,115175000000,0.639,,108396000000,,71.20,70.90,0.085,,,,26099330000000,1591841000000,0.051,875.12,1333570000000,390979000000,-91641000000,438067000000,4723526000000,,0.506,,,,,,true,false,12,2020-04-01,2021-03-31,-1
2022-04-27,8601,2022-03-31,,,,,,77659000000,0.675,43514000000,2.244,52484000000,1.200,58035000000,,1.795,38.57,38.36,,,,,2449944000000,872497000000,0.352,582.05,863388000000,,,,,33.00,,,,1699378772,216075985,1504697698,false,false,12,2021-04-01,2022-03-31,0
2022-04-27,8601,2021-03-31,,,,,,46365000000,-0.387,13414000000,-0.689,23855000000,-0.510,20765000000,,-0.602,13.64,13.58,,,,,2491844000000,906995000000,0.360,589.19,897870000000,,,,,36.00,,,,1699378772,175511235,1522430862,false,false,12,2020-04-01,2021-03-31,-1
2022-07-29,8601,2023-03-31,1,,,,,146640000000,-0.021,8847000000,-0.722,18085000000,-0.482,,11878000000,,8.01,7.96,,,,,28747174000000,1668661000000,0.049,943.71,1400590000000,,,,,,,,,,,,true,false,3,2022-04-01,2022-06-30,0
2022-07-29,8601,2022-03-31,1,,,,,149836000000,0.165,31848000000,0.917,34922000000,0.634,,23560000000,,15.45,15.38,,,,,,,,,,,,,,,,,,,,,true,false,3,2021-04-01,2021-06-30,-1
2022-07-29,8601,2022-03-31,1,,,,,,,,,,,,,,,,,,,,27531089000000,1639888000000,0.050,925.81,1373282000000,,,,,,,,,,,,true,false,12,2021-04-01,2022-03-31,-1
2022-07-29,8601,2022-03-31,1,,,,,,,,,,,,,,,,,,,,,,,,,,,,,33.00,,,,1699378772,216075985,,false,false,12,2021-04-01,2022-03-31,-1
2022-07-29,8601,2023-03-31,1,,,,,,,,,,,,,,,,,,,,,,,,,,,,,,,,,1569378772,85251112,1483794025,false,false,3,2022-04-01,2022-06-30,0
2022-07-29,8601,2022-03-31,1,,,,,,,,,,,,,,,,,,,,,,,,,,,,,,,,,,,1524567176,false,false,3,2021-04-01,2021-06-30,-1
2022-10-31,8601,2023-03-31,2,,,,,339193000000,0.114,20838000000,-0.667,32941000000,-0.542,,31455000000,,21.24,21.13,,,,,31461475000000,1697428000000,0.045,971.62,1428464000000,,,,,,,,,,,,true,false,6,2022-04-01,2022-09-30,0
2022-10-31,8601,2022-03-31,2,,,,,304538000000,0.184,62525000000,0.721,71919000000,0.594,,50203000000,,32.99,32.77,,,,,,,,,,,,,,,,,,,,,true,false,6,2021-04-01,2021-09-30,-1
2022-10-31,8601,2022-03-31,2,,,,,,,,,,,,,,,,,,,,27531089000000,1639888000000,0.050,925.81,1373282000000,,,,,,,,,,,,true,false,12,2021-04-01,2022-03-31,-1
2022-10-31,8601,2022-03-31,2,,,,,,,,,,,,,,,,,,,,,,,,,,,,,33.00,,,,1699378772,216075985,,false,false,12,2021-04-01,2022-03-31,-1
2022-10-31,8601,2023-03-31,2,,,,,,,,,,,,,,,,,,,,,,,,,,,,,11.00,,,,,,,false,false,12,2022-04-01,2023-03-31,0
2022-10-31,8601,2023-03-31,2,,,,,,,,,,,,,,,,,,,,,,,,,,,,,,,,,1569378772,99189616,1481077386,false,false,6,2022-04-01,2022-09-30,0
2022-10-31,8601,2022-03-31,2,,,,,,,,,,,,,,,,,,,,,,,,,,,,,,,,,,,1521976505,false,false,6,2021-04-01,2021-09-30,-1
2023-01-30,8601,2023-03-31,3,,,,,572229000000,0.215,42358000000,-0.570,56112000000,-0.501,,46750000000,,31.75,31.60,,,,,28115421000000,1657832000000,0.049,955.66,1388380000000,,,,,,,,,,,,true,false,9,2022-04-01,2022-12-31,0
2023-01-30,8601,2022-03-31,3,,,,,471138000000,0.152,98575000000,0.444,112481000000,0.412,,76902000000,,50.86,50.60,,,,,,,,,,,,,,,,,,,,,true,false,9,2021-04-01,2021-12-31,-1
2023-01-30,8601,2022-03-31,3,,,,,,,,,,,,,,,,,,,,27531089000000,1639888000000,0.050,925.81,1373282000000,,,,,,,,,,,,true,false,12,2021-04-01,2022-03-31,-1
2023-01-30,8601,2022-03-31,3,,,,,,,,,,,,,,,,,,,,,,,,,,,,,33.00,,,,1699378772,216075985,,false,false,12,2021-04-01,2022-03-31,-1
2023-01-30,8601,2023-03-31,3,,,,,,,,,,,,,,,,,,,,,,,,,,,,,11.00,,,,,,,false,false,12,2022-04-01,2023-03-31,0
2023-01-30,8601,2023-03-31,3,,,,,,,,,,,,,,,,,,,,,,,,,,,,,,,,,1569378772,116575773,1472252859,false,false,9,2022-04-01,2022-12-31,0
2023-01-30,8601,2022-03-31,3,,,,,,,,,,,,,,,,,,,,,,,,,,,,,,,,,,,1511963575,false,false,9,2021-04-01,2021-12-31,-1
2023-04-27,8601,2023-03-31,,,,,,866090000000,0.398,66273000000,-0.426,86930000000,-0.360,,63875000000,,43.53,43.31,0.046,,,,26413248000000,1675489000000,0.053,968.93,1407840000000,-183745000000,7457000000,-565878000000,3835559000000,,0.528,,,,,,true,false,12,2022-04-01,2023-03-31,0
2023-04-27,8601,2022-03-31,,,,,,619471000000,0.075,115534000000,0.244,135821000000,0.179,,94891000000,,63.06,62.72,0.070,,,,27531089000000,1639888000000,0.050,925.81,1373282000000,-353467000000,-218534000000,377090000000,4554375000000,,0.523,,,,,,true,false,12,2021-04-01,2022-03-31,-1
2023-04-27,8601,2023-03-31,,,,,,48318000000,-0.378,14950000000,-0.656,28177000000,-0.463,32160000000,,-0.446,21.92,21.81,,,,,2317696000000,845760000000,0.361,576.03,836966000000,,,,,23.00,,,,1569378772,116399287,1467422357,false,false,12,2022-04-01,2023-03-31,0
2023-04-27,8601,2022-03-31,,,,,,77659000000,0.675,43514000000,2.244,52484000000,1.200,58035000000,,1.795,38.57,38.36,,,,,2449944000000,872497000000,0.352,582.05,863388000000,,,,,33.00,,,,1699378772,216075985,1504697698,false,false,12,2021-04-01,2022-03-31,-1
2023-07-31,8601,2024-03-31,1,,,,,266259000000,0.816,30733000000,2.474,36096000000,0.996,,23712000000,,16.32,16.23,,,,,31501328000000,1736856000000,0.047,1010.78,1468713000000,,,,,,,,,,,,true,false,3,2023-04-01,2023-06-30,0
2023-07-31,8601,2023-03-31,1,,,,,146640000000,-0.021,8847000000,-0.722,18085000000,-0.482,,11878000000,,8.01,7.96,,,,,,,,,,,,,,,,,,,,,true,false,3,2022-04-01,2022-06-30,-1
2023-07-31,8601,2023-03-31,1,,,,,,,,,,,,,,,,,,,,26413248000000,1675489000000,0.053,968.93,1407840000000,,,,,,,,,,,,true,false,12,2022-04-01,2023-03-31,-1
2023-07-31,8601,2023-03-31,1,,,,,,,,,,,,,,,,,,,,,,,,,,,,,23.00,,,,1569378772,116399287,,false,false,12,2022-04-01,2023-03-31,-1
2023-07-31,8601,2024-03-31,1,,,,,,,,,,,,,,,,,,,,,,,,,,,,,,,,,1569378772,116330214,1453025004,false,false,3,2023-04-01,2023-06-30,0
2023-07-31,8601,2023-03-31,1,,,,,,,,,,,,,,,,,,,,,,,,,,,,,,,,,,,1483794025,false,false,3,2022-04-01,2022-06-30,-1
2023-10-31,8601,2024-03-31,2,,,,,570087000000,0.681,68561000000,2.290,76932000000,1.335,,53505000000,,36.91,36.62,,,,,33424666000000,1773266000000,0.045,1046.95,1504956000000,,,,,,,,,,,,true,false,6,2023-04-01,2023-09-30,0
2023-10-31,8601,2023-03-31,2,,,,,339193000000,0.114,20838000000,-0.667,32941000000,-0.542,,31455000000,,21.24,21.13,,,,,,,,,,,,,,,,,,,,,true,false,6,2022-04-01,2022-09-30,-1
2023-10-31,8601,2023-03-31,2,,,,,,,,,,,,,,,,,,,,26413248000000,1675489000000,0.053,968.93,1407840000000,,,,,,,,,,,,true,false,12,2022-04-01,2023-03-31,-1
2023-10-31,8601,2023-03-31,2,,,,,,,,,,,,,,,,,,,,,,,,,,,,,23.00,,,,1569378772,116399287,,false,false,12,2022-04-01,2023-03-31,-1
2023-10-31,8601,2024-03-31,2,,,,,,,,,,,,,,,,,,,,,,,,,,,,,19.00,,,,,,,false,false,12,2023-04-01,2024-03-31,0
2023-10-31,8601,2024-03-31,2,,,,,,,,,,,,,,,,,,,,,,,,,,,,,,,,,1569378772,131960656,1449633032,false,false,6,2023-04-01,2023-09-30,0
2023-10-31,8601,2023-03-31,2,,,,,,,,,,,,,,,,,,,,,,,,,,,,,,,,,,,1481077386,false,false,6,2022-04-01,2022-09-30,-1
2024-01-31,8601,2024-03-31,3,,,,,905465000000,0.582,106622000000,1.517,117808000000,1.100,,81962000000,,56.91,56.32,,,,,31734346000000,1728706000000,0.046,1031.99,1459671000000,,,,,,,,,,,,true,false,9,2023-04-01,2023-12-31,0
2024-01-31,8601,2023-03-31,3,,,,,572229000000,0.215,42358000000,-0.570,56112000000,-0.501,,46750000000,,31.75,31.60,,,,,,,,,,,,,,,,,,,,,true,false,9,2022-04-01,2022-12-31,-1
2024-01-31,8601,2023-03-31,3,,,,,,,,,,,,,,,,,,,,26413248000000,1675489000000,0.053,968.93,1407840000000,,,,,,,,,,,,true,false,12,2022-04-01,2023-03-31,-1
2024-01-31,8601,2023-03-31,3,,,,,,,,,,,,,,,,,,,,,,,,,,,,,23.00,,,,1569378772,116399287,,false,false,12,2022-04-01,2023-03-31,-1
2024-01-31,8601,2024-03-31,3,,,,,,,,,,,,,,,,,,,,,,,,,,,,,19.00,,,,,,,false,false,12,2023-04-01,2024-03-31,0
2024-01-31,8601,2024-03-31,3,,,,,,,,,,,,,,,,,,,,,,,,,,,,,,,,,1569378772,155020978,1440314802,false,false,9,2023-04-01,2023-12-31,0
2024-01-31,8601,2023-03-31,3,,,,,,,,,,,,,,,,,,,,,,,,,,,,,,,,,,,1472252859,false,false,9,2022-04-01,2022-12-31,-1
2024-04-25,8601,2024-03-31,,,,,,1277482000000,0.475,153705000000,1.319,174587000000,1.008,,121557000000,,84.94,83.86,0.083,,,,32027299000000,1788658000000,0.048,1086.20,1522186000000,705124000000,-223986000000,-2847000000,4351951000000,,0.518,,,,,,true,false,12,2023-04-01,2024-03-31,0
2024-04-25,8601,2023-03-31,,,,,,866090000000,0.398,66273000000,-0.426,86930000000,-0.360,,63875000000,,43.53,43.31,0.046,,,,26413248000000,1675489000000,0.053,968.93,1407840000000,-183745000000,7457000000,-565878000000,3835559000000,,0.528,,,,,,true,false,12,2022-04-01,2023-03-31,-1
2024-04-25,8601,2024-03-31,,,,,,73361000000,0.518,33589000000,1.247,43998000000,0.561,42236000000,,0.313,29.51,29.14,,,,,2514129000000,812674000000,0.320,574.91,805718000000,,,,,44.00,,,,1569378772,168074260,1431033448,false,false,12,2023-04-01,2024-03-31,0
2024-04-25,8601,2023-03-31,,,,,,48318000000,-0.378,14950000000,-0.656,28177000000,-0.463,32160000000,,-0.446,21.92,21.81,,,,,2317696000000,845760000000,0.361,576.03,836966000000,,,,,23.00,,,,1569378772,116399287,1467422357,false,false,12,2022-04-01,2023-03-31,-1
2024-08-01,8601,2025-03-31,1,,,,,335357000000,0.260,35115000000,0.143,37740000000,0.046,,23993000000,,17.10,16.76,,,,,35601724000000,1815181000000,0.043,1102.17,1548540000000,,,,,,,,,,,,true,false,3,2024-04-01,2024-06-30,0
2024-08-01,8601,2024-03-31,1,,,,,266259000000,0.816,30733000000,2.474,36096000000,0.996,,23712000000,,16.32,16.23,,,,,,,,,,,,,,,,,,,,,true,false,3,2023-04-01,2023-06-30,-1
2024-08-01,8601,2024-03-31,1,,,,,,,,,,,,,,,,,,,,32027299000000,1788658000000,0.048,1086.20,1522186000000,,,,,,,,,,,,true,false,12,2023-04-01,2024-03-31,-1
2024-08-01,8601,2024-03-31,1,,,,,,,,,,,,,,,,,,,,,,,,,,,,,44.00,,,,1569378772,168074260,,false,false,12,2023-04-01,2024-03-31,-1
2024-08-01,8601,2025-03-31,1,,,,,,,,,,,,,,,,,,,,,,,,,,,,,44.00,,,,,,,false,true,12,2024-04-01,2025-03-31,0
2024-08-01,8601,2025-03-31,1,,,,,,,,,,,,,,,,,,,,,,,,,,,,,,,,,1569378772,164442713,1403520660,false,false,3,2024-04-01,2024-06-30,0
2024-08-01,8601,2024-03-31,1,,,,,,,,,,,,,,,,,,,,,,,,,,,,,,,,,,,1453025004,false,false,3,2023-04-01,2023-06-30,-1
2024-08-06,8601,2025-03-31,1,,,,,335357000000,0.260,35115000000,0.143,37740000000,0.046,,23993000000,,17.10,16.76,,,,,35601724000000,1815181000000,0.043,1102.17,1548540000000,,,,,,,,,,,,true,false,3,2024-04-01,2024-06-30,0
2024-08-06,8601,2024-03-31,1,,,,,266259000000,0.816,30733000000,2.474,36096000000,0.996,,23712000000,,16.32,16.23,,,,,,,,,,,,,,,,,,,,,true,false,3,2023-04-01,2023-06-30,-1
2024-08-06,8601,2024-03-31,1,,,,,,,,,,,,,,,,,,,,32027299000000,1788658000000,0.048,1086.20,1522186000000,,,,,,,,,,,,true,false,12,2023-04-01,2024-03-31,-1
2024-08-06,8601,2024-03-31,1,,,,,,,,,,,,,,,,,,,,,,,,,,,,,44.00,,,,1569378772,168074260,,false,false,12,2023-04-01,2024-03-31,-1
2024-08-06,8601,2025-03-31,1,,,,,,,,,,,,,,,,,,,,,,,,,,,,,44.00,,,,,,,false,true,12,2024-04-01,2025-03-31,0
2024-08-06,8601,2025-03-31,1,,,,,,,,,,,,,,,,,,,,,,,,,,,,,,,,,1569378772,164442713,1403520660,false,false,3,2024-04-01,2024-06-30,0
2024-08-06,8601,2024-03-31,1,,,,,,,,,,,,,,,,,,,,,,,,,,,,,,,,,,,1453025004,false,false,3,2023-04-01,2023-06-30,-1
2024-10-29,8601,2025-03-31,2,,,,,689688000000,0.210,76790000000,0.120,110627000000,0.438,,77785000000,,55.31,54.27,,,,,33694875000000,1819449000000,0.046,1103.61,1556485000000,,,,,,,,,,,,true,false,6,2024-04-01,2024-09-30,0
2024-10-29,8601,2024-03-31,2,,,,,570087000000,0.681,68561000000,2.290,76932000000,1.335,,53505000000,,36.91,36.62,,,,,,,,,,,,,,,,,,,,,true,false,6,2023-04-01,2023-09-30,-1
2024-10-29,8601,2024-03-31,2,,,,,,,,,,,,,,,,,,,,32027299000000,1788658000000,0.048,1086.20,1522186000000,,,,,,,,,,,,true,false,12,2023-04-01,2024-03-31,-1
2024-10-29,8601,2024-03-31,2,,,,,,,,,,,,,,,,,,,,,,,,,,,,,44.00,,,,1569378772,168074260,,false,false,12,2023-04-01,2024-03-31,-1
2024-10-29,8601,2025-03-31,2,,,,,,,,,,,,,,,,,,,,,,,,,,,,,28.00,,,,,,,false,false,12,2024-04-01,2025-03-31,0
2024-10-29,8601,2025-03-31,2,,,,,,,,,,,,,,,,,,,,,,,,,,,,,44.00,,,,,,,false,true,12,2024-04-01,2025-03-31,0
2024-10-29,8601,2025-03-31,2,,,,,,,,,,,,,,,,,,,,,,,,,,,,,,,,,1569378772,159083445,1406227455,false,false,6,2024-04-01,2024-09-30,0
2024-10-29,8601,2024-03-31,2,,,,,,,,,,,,,,,,,,,,,,,,,,,,,,,,,,,1449633032,false,false,6,2023-04-01,2023-09-30,-1
2025-01-31,8601,2025-03-31,3,,,,,1026437000000,0.134,113826000000,0.068,173689000000,0.474,,124413000000,,88.37,86.80,,,,,36708372000000,1916791000000,0.044,1156.39,1632234000000,,,,,,,,,,,,true,false,9,2024-04-01,2024-12-31,0
2025-01-31,8601,2024-03-31,3,,,,,905465000000,0.582,106622000000,1.517,117808000000,1.100,,81962000000,,56.91,56.32,,,,,,,,,,,,,,,,,,,,,true,false,9,2023-04-01,2023-12-31,-1
2025-01-31,8601,2024-03-31,3,,,,,,,,,,,,,,,,,,,,32027299000000,1788658000000,0.048,1086.20,1522186000000,,,,,,,,,,,,true,false,12,2023-04-01,2024-03-31,-1
2025-01-31,8601,2024-03-31,3,,,,,,,,,,,,,,,,,,,,,,,,,,,,,44.00,,,,1569378772,168074260,,false,false,12,2023-04-01,2024-03-31,-1
2025-01-31,8601,2025-03-31,3,,,,,,,,,,,,,,,,,,,,,,,,,,,,,28.00,,,,,,,false,false,12,2024-04-01,2025-03-31,0
2025-01-31,8601,2025-03-31,3,,,,,,,,,,,,,,,,,,,,,,,,,,,,,44.00,,,,,,,false,true,12,2024-04-01,2025-03-31,0
2025-01-31,8601,2025-03-31,3,,,,,,,,,,,,,,,,,,,,,,,,,,,,,,,,,1569378772,157916104,1407863544,false,false,9,2024-04-01,2024-12-31,0
2025-01-31,8601,2024-03-31,3,,,,,,,,,,,,,,,,,,,,,,,,,,,,,,,,,,,1440314802,false,false,9,2023-04-01,2023-12-31,-1
2025-02-05,8601,2025-03-31,3,,,,,1026437000000,0.134,113826000000,0.068,173689000000,0.474,,124413000000,,88.37,86.80,,,,,36708372000000,1916791000000,0.044,1156.39,1632234000000,,,,,,,,,,,,true,false,9,2024-04-01,2024-12-31,0
2025-02-05,8601,2024-03-31,3,,,,,905465000000,0.582,106622000000,1.517,117808000000,1.100,,81962000000,,56.91,56.32,,,,,,,,,,,,,,,,,,,,,true,false,9,2023-04-01,2023-12-31,-1
2025-02-05,8601,2024-03-31,3,,,,,,,,,,,,,,,,,,,,32027299000000,1788658000000,0.048,1086.20,1522186000000,,,,,,,,,,,,true,false,12,2023-04-01,2024-03-31,-1
2025-02-05,8601,2024-03-31,3,,,,,,,,,,,,,,,,,,,,,,,,,,,,,44.00,,,,1569378772,168074260,,false,false,12,2023-04-01,2024-03-31,-1
2025-02-05,8601,2025-03-31,3,,,,,,,,,,,,,,,,,,,,,,,,,,,,,28.00,,,,,,,false,false,12,2024-04-01,2025-03-31,0
2025-02-05,8601,2025-03-31,3,,,,,,,,,,,,,,,,,,,,,,,,,,,,,44.00,,,,,,,false,true,12,2024-04-01,2025-03-31,0
2025-02-05,8601,2025-03-31,3,,,,,,,,,,,,,,,,,,,,,,,,,,,,,,,,,1569378772,157916104,1407863544,false,false,9,2024-04-01,2024-12-31,0
2025-02-05,8601,2024-03-31,3,,,,,,,,,,,,,,,,,,,,,,,,,,,,,,,,,,,1440314802,false,false,9,2023-04-01,2023-12-31,-1
2025-04-28,8601,2025-03-31,,,,,,1372014000000,0.074,166742000000,0.085,224716000000,0.287,,154368000000,,109.53,107.64,0.098,,,,36024346000000,1923287000000,0.046,1158.82,1639738000000,-454066000000,-353443000000,199019000000,3739698000000,,0.511,,,,,,true,false,12,2024-04-01,2025-03-31,0
2025-04-28,8601,2024-03-31,,,,,,1277482000000,0.475,153705000000,1.319,174587000000,1.008,,121557000000,,84.94,83.86,0.083,,,,32027299000000,1788658000000,0.048,1086.20,1522186000000,705124000000,-223986000000,-2847000000,4351951000000,,0.518,,,,,,true,false,12,2023-04-01,2024-03-31,-1
2025-04-28,8601,2025-03-31,,,,,,111013000000,0.513,62990000000,0.875,71825000000,0.632,69393000000,,0.643,49.24,48.39,,,,,2675876000000,817079000000,0.303,572.94,810734000000,,,,,56.00,,,,1569378772,154402735,1409313731,false,false,12,2024-04-01,2025-03-31,0
2025-04-28,8601,2024-03-31,,,,,,73361000000,0.518,33589000000,1.247,43998000000,0.561,42236000000,,0.313,29.51,29.14,,,,,2514129000000,812674000000,0.320,574.91,805718000000,,,,,44.00,,,,1569378772,168074260,1431033448,false,false,12,2023-04-01,2024-03-31,-1
2025-04-28,8601,2026-03-31,,,,,,,,,,,,,,,,,,,,,,,,,,,,,,44.00,,,,,,,false,true,12,2025-04-01,2026-03-31,1
2025-07-30,8601,2026-03-31,1,,,,,326400000000,-0.027,36177000000,0.030,43716000000,0.158,,31237000000,,22.20,21.94,,,,,34617316000000,1893724000000,0.047,1154.60,1614409000000,,,,,,,,,,,,true,false,3,2025-04-01,2025-06-30,0
2025-07-30,8601,2025-03-31,1,,,,,335357000000,0.260,35115000000,0.143,37740000000,0.046,,23993000000,,17.10,16.76,,,,,,,,,,,,,,,,,,,,,true,false,3,2024-04-01,2024-06-30,-1
2025-07-30,8601,2025-03-31,1,,,,,,,,,,,,,,,,,,,,36024346000000,1923287000000,0.046,1158.82,1639738000000,,,,,,,,,,,,true,false,12,2024-04-01,2025-03-31,-1
2025-07-30,8601,2025-03-31,1,,,,,,,,,,,,,,,,,,,,,,,,,,,,,56.00,,,,1569378772,154402735,,false,false,12,2024-04-01,2025-03-31,-1
2025-07-30,8601,2026-03-31,1,,,,,,,,,,,,,,,,,,,,,,,,,,,,,44.00,,,,,,,false,true,12,2025-04-01,2026-03-31,0
2025-07-30,8601,2026-03-31,1,,,,,,,,,,,,,,,,,,,,,,,,,,,,,,,,,1569378772,171166256,1407108448,false,false,3,2025-04-01,2025-06-30,0
2025-07-30,8601,2025-03-31,1,,,,,,,,,,,,,,,,,,,,,,,,,,,,,,,,,,,1403520660,false,false,3,2024-04-01,2024-06-30,-1
2025-08-04,8601,2026-03-31,1,,,,,326400000000,-0.027,36177000000,0.030,43716000000,0.158,,31237000000,,22.20,21.94,,,,,34617316000000,1893724000000,0.047,1154.60,1614409000000,,,,,,,,,,,,true,false,3,2025-04-01,2025-06-30,0
2025-08-04,8601,2025-03-31,1,,,,,335357000000,0.260,35115000000,0.143,37740000000,0.046,,23993000000,,17.10,16.76,,,,,,,,,,,,,,,,,,,,,true,false,3,2024-04-01,2024-06-30,-1
2025-08-04,8601,2025-03-31,1,,,,,,,,,,,,,,,,,,,,36024346000000,1923287000000,0.046,1158.82,1639738000000,,,,,,,,,,,,true,false,12,2024-04-01,2025-03-31,-1
2025-08-04,8601,2025-03-31,1,,,,,,,,,,,,,,,,,,,,,,,,,,,,,56.00,,,,1569378772,154402735,,false,false,12,2024-04-01,2025-03-31,-1
2025-08-04,8601,2026-03-31,1,,,,,,,,,,,,,,,,,,,,,,,,,,,,,44.00,,,,,,,false,true,12,2025-04-01,2026-03-31,0
2025-08-04,8601,2026-03-31,1,,,,,,,,,,,,,,,,,,,,,,,,,,,,,,,,,1569378772,171166256,1407108448,false,false,3,2025-04-01,2025-06-30,0
2025-08-04,8601,2025-03-31,1,,,,,,,,,,,,,,,,,,,,,,,,,,,,,,,,,,,1403520660,false,false,3,2024-04-01,2024-06-30,-1
