filing_date,code,fiscal_year_end,quarterly_period,net_sales,net_sales_change,revenue,revenue_change,operating_revenue,operating_revenue_change,operating_profit,operating_profit_change,ordinary_profit,ordinary_profit_change,net_income,net_income_of_parent,net_income_change,eps,diluted_eps,roe,roa,operating_profit_to_net_sales,operating_profit_to_revenue,total_assets,net_assets,equity_ratio,bps,owner_equity,operating_cash_flow,investing_cash_flow,financing_cash_flow,cash,dividend_per_share,payout_ratio,commemorative_dividend,extra_dividend,number_of_shares,number_of_treqsury_shares,avg_number_of_shares,is_consolidated,is_forecast,duration,period_start,period_end,period_pos
2015-07-30,86130,2016-03-31,1,,,,,5308000000,0.177,1295000000,0.794,1474000000,0.692,,1278000000,,19.31,19.24,,,,,106045000000,52148000000,0.491,785.61,52034000000,,,,,,,,,,,,true,false,3,2015-04-01,2015-06-30,0
2015-07-30,86130,2015-03-31,1,,,,,4508000000,-0.395,722000000,-0.784,871000000,-0.753,,1606000000,,24.26,24.14,,,,,,,,,,,,,,,,,,,,,true,false,3,2014-04-01,2014-06-30,-1
2015-07-30,86130,2015-03-31,1,,,,,,,,,,,,,,,,,,,,100066000000,54964000000,0.548,828.50,54854000000,,,,,,,,,,,,true,false,12,2014-04-01,2015-03-31,-1
2015-07-30,86130,2015-03-31,1,,,,,,,,,,,,,,,,,,,,,,,,,,,,,85.00,,,,67398262,1189286,,false,false,12,2014-04-01,2015-03-31,-1
2015-07-30,86130,2016-03-31,1,,,,,,,,,,,,,,,,,,,,,,,,,,,,,,,,,67398262,1163441,66228909,false,false,3,2015-04-01,2015-06-30,0
2015-07-30,86130,2015-03-31,1,,,,,,,,,,,,,,,,,,,,,,,,,,,,,,,,,,,66217961,false,false,3,2014-04-01,2014-06-30,-1
2015-10-15,86130,2016-03-31,,,,,,9650000000,,1796000000,,2016000000,,,1452000000,,21.92,,,,,,,,,,,,,,,,,,,,,,true,true,6,2015-04-01,2015-09-30,0
2015-10-15,86130,2015-03-31,,,,,,9519000000,,1867000000,,2061000000,,,2738000000,,41.34,,,,,,,,,,,,,,,,,,,,,,true,false,6,2014-04-01,2014-09-30,-1
2015-10-29,86130,2016-03-31,2,,,,,9650000000,0.014,1796000000,-0.038,2016000000,-0.022,,1452000000,,21.92,21.84,,,,,100079000000,51289000000,0.511,772.01,51180000000,,,,,,,,,,,,true,false,6,2015-04-01,2015-09-30,0
2015-10-29,86130,2015-03-31,2,,,,,9519000000,-0.261,1867000000,-0.612,2061000000,-0.594,,2738000000,,41.34,41.14,,,,,,,,,,,,,,,,,,,,,true,false,6,2014-04-01,2014-09-30,-1
2015-10-29,86130,2015-03-31,2,,,,,,,,,,,,,,,,,,,,100066000000,54964000000,0.548,828.50,54854000000,,,,,,,,,,,,true,false,12,2014-04-01,2015-03-31,-1
2015-10-29,86130,2015-03-31,2,,,,,,,,,,,,,,,,,,,,,,,,,,,,,85.00,,,,67398262,1189286,,false,false,12,2014-04-01,2015-03-31,-1
2015-10-29,86130,2016-03-31,2,,,,,,,,,,,,,,,,,,,,,,,,,,,,,15.00,,,,,,,false,false,12,2015-04-01,2016-03-31,0
2015-10-29,86130,2016-03-31,2,,,,,,,,,,,,,,,,,,,,,,,,,,,,,,,,,67398262,1102515,66246912,false,false,6,2015-04-01,2015-09-30,0
2015-10-29,86130,2015-03-31,2,,,,,,,,,,,,,,,,,,,,,,,,,,,,,,,,,,,66260092,false,false,6,2014-04-01,2014-09-30,-1
2016-01-28,86130,2016-03-31,3,,,,,14353000000,-0.043,2657000000,-0.233,3004000000,-0.200,,2380000000,,35.93,35.80,,,,,101782000000,51752000000,0.507,778.79,51636000000,,,,,,,,,,,,true,false,9,2015-04-01,2015-12-31,0
2016-01-28,86130,2015-03-31,3,,,,,14996000000,-0.182,3463000000,-0.461,3756000000,-0.447,,3988000000,,60.15,59.89,,,,,,,,,,,,,,,,,,,,,true,false,9,2014-04-01,2014-12-31,-1
2016-01-28,86130,2015-03-31,3,,,,,,,,,,,,,,,,,,,,100066000000,54964000000,0.548,828.50,54854000000,,,,,,,,,,,,true,false,12,2014-04-01,2015-03-31,-1
2016-01-28,86130,2015-03-31,3,,,,,,,,,,,,,,,,,,,,,,,,,,,,,85.00,,,,67398262,1189286,,false,false,12,2014-04-01,2015-03-31,-1
2016-01-28,86130,2016-03-31,3,,,,,,,,,,,,,,,,,,,,,,,,,,,,,15.00,,,,,,,false,false,12,2015-04-01,2016-03-31,0
2016-01-28,86130,2016-03-31,3,,,,,,,,,,,,,,,,,,,,,,,,,,,,,,,,,67398262,1095083,66264765,false,false,9,2015-04-01,2015-12-31,0
2016-01-28,86130,2015-03-31,3,,,,,,,,,,,,,,,,,,,,,,,,,,,,,,,,,,,66304532,false,false,9,2014-04-01,2014-12-31,-1
2016-04-15,86130,2016-03-31,,,,,,18177000000,,2746000000,,3116000000,,,2746000000,,41.44,,,,,,,,,,,,,,,,,,,,,,true,true,12,2015-04-01,2016-03-31,0
2016-04-15,86130,2015-03-31,,,,,,20255000000,,4908000000,,5224000000,,,4786000000,,72.27,,,,,,,,,,,,,,,,,,,,,,true,false,12,2014-04-01,2015-03-31,-1
2016-04-15,86130,2016-03-31,,,,,,18174000000,,2701000000,,3062000000,,2682000000,,,40.47,,,,,,,,,,,,,,,,,,,,,,false,true,12,2015-04-01,2016-03-31,0
2016-04-15,86130,2015-03-31,,,,,,20254000000,,4871000000,,5173000000,,4726000000,,,71.37,,,,,,,,,,,,,,,,,,,,,,false,false,12,2014-04-01,2015-03-31,-1
2016-04-28,86130,2016-03-31,,,,,,18177000000,-0.103,2746000000,-0.440,3116000000,-0.403,,2746000000,,41.44,41.31,0.052,0.034,,,83960000000,51061000000,0.607,767.60,50953000000,-1034000000,-148000000,-5489000000,23369000000,,1.689,,,,,,true,false,12,2015-04-01,2016-03-31,0
2016-04-28,86130,2015-03-31,,,,,,20255000000,-0.126,4908000000,-0.339,5224000000,-0.332,,4786000000,,72.27,71.97,0.090,0.055,,,100066000000,54964000000,0.548,828.50,54854000000,13844000000,185000000,-2907000000,30091000000,,1.176,,,,,,true,false,12,2014-04-01,2015-03-31,-1
2016-04-28,86130,2016-03-31,,,,,,18174000000,-0.103,2701000000,-0.446,3062000000,-0.408,2682000000,,-0.433,40.47,40.34,0.052,,,,83492000000,49537000000,0.592,744.64,49429000000,,,,,70.00,,,,67398262,1017724,66278627,false,false,12,2015-04-01,2016-03-31,0
2016-04-28,86130,2015-03-31,,,,,,20254000000,-0.126,4871000000,-0.340,5173000000,-0.334,4726000000,,-0.227,71.37,71.08,0.093,,,,99541000000,53176000000,0.533,801.49,53065000000,,,,,85.00,,,,67398262,1189286,66226020,false,false,12,2014-04-01,2015-03-31,-1
2016-07-28,86130,2017-03-31,1,,,,,3880000000,-0.269,85000000,-0.934,304000000,-0.793,,261000000,,3.94,3.94,,,,,79042000000,46418000000,0.586,697.63,46312000000,,,,,,,,,,,,true,false,3,2016-04-01,2016-06-30,0
2016-07-28,86130,2016-03-31,1,,,,,5308000000,0.177,1295000000,0.794,1474000000,0.692,,1278000000,,19.31,19.24,,,,,,,,,,,,,,,,,,,,,true,false,3,2015-04-01,2015-06-30,-1
2016-07-28,86130,2016-03-31,1,,,,,,,,,,,,,,,,,,,,83960000000,51061000000,0.607,767.60,50953000000,,,,,,,,,,,,true,false,12,2015-04-01,2016-03-31,-1
2016-07-28,86130,2016-03-31,1,,,,,,,,,,,,,,,,,,,,,,,,,,,,,70.00,,,,67398262,1017724,,false,false,12,2015-04-01,2016-03-31,-1
2016-07-28,86130,2017-03-31,1,,,,,,,,,,,,,,,,,,,,,,,,,,,,,,,,,67398262,1012833,66383297,false,false,3,2016-04-01,2016-06-30,0
2016-07-28,86130,2016-03-31,1,,,,,,,,,,,,,,,,,,,,,,,,,,,,,,,,,,,66228909,false,false,3,2015-04-01,2015-06-30,-1
2016-10-17,86130,2017-03-31,,,,,,7542000000,,10000000,,241000000,,,268000000,,4.05,,,,,,,,,,,,,,,,,,,,,,true,true,6,2016-04-01,2016-09-30,0
2016-10-17,86130,2016-03-31,,,,,,9650000000,,1796000000,,2016000000,,,1452000000,,21.92,,,,,,,,,,,,,,,,,,,,,,true,false,6,2015-04-01,2015-09-30,-1
2016-10-28,86130,2017-03-31,2,,,,,7542000000,-0.218,10000000,-0.994,241000000,-0.880,,268000000,,4.05,4.04,,,,,83333000000,47323000000,0.567,711.12,47210000000,,,,,,,,,,,,true,false,6,2016-04-01,2016-09-30,0
2016-10-28,86130,2016-03-31,2,,,,,9650000000,0.014,1796000000,-0.038,2016000000,-0.022,,1452000000,,21.92,21.84,,,,,,,,,,,,,,,,,,,,,true,false,6,2015-04-01,2015-09-30,-1
2016-10-28,86130,2016-03-31,2,,,,,,,,,,,,,,,,,,,,83960000000,51061000000,0.607,767.60,50953000000,,,,,,,,,,,,true,false,12,2015-04-01,2016-03-31,-1
2016-10-28,86130,2016-03-31,2,,,,,,,,,,,,,,,,,,,,,,,,,,,,,70.00,,,,67398262,1017724,,false,false,12,2015-04-01,2016-03-31,-1
2016-10-28,86130,2017-03-31,2,,,,,,,,,,,,,,,,,,,,,,,,,,,,,3.00,,,,,,,false,false,12,2016-04-01,2017-03-31,0
2016-10-28,86130,2017-03-31,2,,,,,,,,,,,,,,,,,,,,,,,,,,,,,,,,,67398262,1010008,66384907,false,false,6,2016-04-01,2016-09-30,0
2016-10-28,86130,2016-03-31,2,,,,,,,,,,,,,,,,,,,,,,,,,,,,,,,,,,,66246912,false,false,6,2015-04-01,2015-09-30,-1
2017-01-30,86130,2017-03-31,3,,,,,11553000000,-0.195,292000000,-0.890,633000000,-0.789,,531000000,,8.01,8.00,,,,,93821000000,48192000000,0.512,724.06,48072000000,,,,,,,,,,,,true,false,9,2016-04-01,2016-12-31,0
2017-01-30,86130,2016-03-31,3,,,,,14353000000,-0.043,2657000000,-0.233,3004000000,-0.200,,2380000000,,35.93,35.80,,,,,,,,,,,,,,,,,,,,,true,false,9,2015-04-01,2015-12-31,-1
2017-01-30,86130,2016-03-31,3,,,,,,,,,,,,,,,,,,,,83960000000,51061000000,0.607,767.60,50953000000,,,,,,,,,,,,true,false,12,2015-04-01,2016-03-31,-1
2017-01-30,86130,2016-03-31,3,,,,,,,,,,,,,,,,,,,,,,,,,,,,,70.00,,,,67398262,1017724,,false,false,12,2015-04-01,2016-03-31,-1
2017-01-30,86130,2017-03-31,3,,,,,,,,,,,,,,,,,,,,,,,,,,,,,3.00,,,,,,,false,false,12,2016-04-01,2017-03-31,0
2017-01-30,86130,2017-03-31,3,,,,,,,,,,,,,,,,,,,,,,,,,,,,,,,,,67398262,1005246,66386721,false,false,9,2016-04-01,2016-12-31,0
2017-01-30,86130,2016-03-31,3,,,,,,,,,,,,,,,,,,,,,,,,,,,,,,,,,,,66264765,false,false,9,2015-04-01,2015-12-31,-1
2017-04-17,86130,2017-03-31,,,,,,15697000000,,657000000,,1012000000,,,797000000,,12.01,,,,,,,,,,,,,,,,,,,,,,true,true,12,2016-04-01,2017-03-31,0
2017-04-17,86130,2016-03-31,,,,,,18177000000,,2746000000,,3116000000,,,2746000000,,41.44,,,,,,,,,,,,,,,,,,,,,,true,false,12,2015-04-01,2016-03-31,-1
2017-04-17,86130,2017-03-31,,,,,,15697000000,,615000000,,975000000,,761000000,,,11.47,,,,,,,,,,,,,,,,,,,,,,false,true,12,2016-04-01,2017-03-31,0
2017-04-17,86130,2016-03-31,,,,,,18174000000,,2701000000,,3062000000,,2682000000,,,40.47,,,,,,,,,,,,,,,,,,,,,,false,false,12,2015-04-01,2016-03-31,-1
2017-04-28,86130,2017-03-31,,,,,,15697000000,-0.136,657000000,-0.761,1012000000,-0.675,,797000000,,12.01,12.00,0.016,0.012,,,89324000000,48313000000,0.540,725.49,48193000000,6298000000,-84000000,-3822000000,25753000000,,4.164,,,,,,true,false,12,2016-04-01,2017-03-31,0
2017-04-28,86130,2016-03-31,,,,,,18177000000,-0.103,2746000000,-0.440,3116000000,-0.403,,2746000000,,41.44,41.31,0.052,0.034,,,83960000000,51061000000,0.607,767.60,50953000000,-1034000000,-148000000,-5489000000,23369000000,,1.689,,,,,,true,false,12,2015-04-01,2016-03-31,-1
2017-04-28,86130,2017-03-31,,,,,,15697000000,-0.136,615000000,-0.772,975000000,-0.681,761000000,,-0.716,11.47,11.46,0.016,,,,88563000000,46901000000,0.528,704.22,46780000000,,,,,50.00,,,,67398262,969433,66393412,false,false,12,2016-04-01,2017-03-31,0
2017-04-28,86130,2016-03-31,,,,,,18174000000,-0.103,2701000000,-0.446,3062000000,-0.408,2682000000,,-0.433,40.47,40.34,0.052,,,,83492000000,49537000000,0.592,744.64,49429000000,,,,,70.00,,,,67398262,1017724,66278627,false,false,12,2015-04-01,2016-03-31,-1
2017-07-28,86130,2018-03-31,1,,,,,4361000000,0.124,427000000,4.014,634000000,1.081,,445000000,,6.71,6.70,,,,,93923000000,46715000000,0.496,701.27,46585000000,,,,,,,,,,,,true,false,3,2017-04-01,2017-06-30,0
2017-07-28,86130,2017-03-31,1,,,,,3880000000,-0.269,85000000,-0.934,304000000,-0.793,,261000000,,3.94,3.94,,,,,,,,,,,,,,,,,,,,,true,false,3,2016-04-01,2016-06-30,-1
2017-07-28,86130,2017-03-31,1,,,,,,,,,,,,,,,,,,,,89324000000,48313000000,0.540,725.49,48193000000,,,,,,,,,,,,true,false,12,2016-04-01,2017-03-31,-1
2017-07-28,86130,2017-03-31,1,,,,,,,,,,,,,,,,,,,,,,,,,,,,,50.00,,,,67398262,969433,,false,false,12,2016-04-01,2017-03-31,-1
2017-07-28,86130,2018-03-31,1,,,,,,,,,,,,,,,,,,,,,,,,,,,,,,,,,67398262,967631,66429099,false,false,3,2017-04-01,2017-06-30,0
2017-07-28,86130,2017-03-31,1,,,,,,,,,,,,,,,,,,,,,,,,,,,,,,,,,,,66383297,false,false,3,2016-04-01,2016-06-30,-1
2017-10-16,86130,2018-03-31,,,,,,8781000000,,947000000,,1144000000,,,806000000,,12.15,,,,,,,,,,,,,,,,,,,,,,true,true,6,2017-04-01,2017-09-30,0
2017-10-16,86130,2017-03-31,,,,,,7542000000,,10000000,,241000000,,,268000000,,4.05,,,,,,,,,,,,,,,,,,,,,,true,false,6,2016-04-01,2016-09-30,-1
2017-10-27,86130,2018-03-31,2,,,,,8781000000,0.164,947000000,,1144000000,3.738,,806000000,,12.15,12.14,,,,,98094000000,47199000000,0.480,708.53,47072000000,,,,,,,,,,,,true,false,6,2017-04-01,2017-09-30,0
2017-10-27,86130,2017-03-31,2,,,,,7542000000,-0.218,10000000,-0.994,241000000,-0.880,,268000000,,4.05,4.04,,,,,,,,,,,,,,,,,,,,,true,false,6,2016-04-01,2016-09-30,-1
2017-10-27,86130,2017-03-31,2,,,,,,,,,,,,,,,,,,,,89324000000,48313000000,0.540,725.49,48193000000,,,,,,,,,,,,true,false,12,2016-04-01,2017-03-31,-1
2017-10-27,86130,2017-03-31,2,,,,,,,,,,,,,,,,,,,,,,,,,,,,,50.00,,,,67398262,969433,,false,false,12,2016-04-01,2017-03-31,-1
2017-10-27,86130,2018-03-31,2,,,,,,,,,,,,,,,,,,,,,,,,,,,,,20.00,,,,,,,false,false,12,2017-04-01,2018-03-31,0
2017-10-27,86130,2018-03-31,2,,,,,,,,,,,,,,,,,,,,,,,,,,,,,,,,,67398262,960868,66430703,false,false,6,2017-04-01,2017-09-30,0
2017-10-27,86130,2017-03-31,2,,,,,,,,,,,,,,,,,,,,,,,,,,,,,,,,,,,66384907,false,false,6,2016-04-01,2016-09-30,-1
2018-01-19,86130,2018-03-31,,,,,,14304000000,,2340000000,,2678000000,,,1843000000,,27.76,,,,,,,,,,,,,,,,,,,,,,true,true,9,2017-04-01,2017-12-31,0
2018-01-19,86130,2017-03-31,,,,,,11553000000,,292000000,,633000000,,,531000000,,8.01,,,,,,,,,,,,,,,,,,,,,,true,false,9,2016-04-01,2016-12-31,-1
2018-01-30,86130,2018-03-31,3,,,,,14304000000,0.238,2340000000,6.994,2678000000,3.227,,1843000000,,27.76,27.73,,,,,102886000000,47196000000,0.457,708.29,47061000000,,,,,,,,,,,,true,false,9,2017-04-01,2017-12-31,0
2018-01-30,86130,2017-03-31,3,,,,,11553000000,-0.195,292000000,-0.890,633000000,-0.789,,531000000,,8.01,8.00,,,,,,,,,,,,,,,,,,,,,true,false,9,2016-04-01,2016-12-31,-1
2018-01-30,86130,2017-03-31,3,,,,,,,,,,,,,,,,,,,,89324000000,48313000000,0.540,725.49,48193000000,,,,,,,,,,,,true,false,12,2016-04-01,2017-03-31,-1
2018-01-30,86130,2017-03-31,3,,,,,,,,,,,,,,,,,,,,,,,,,,,,,50.00,,,,67398262,969433,,false,false,12,2016-04-01,2017-03-31,-1
2018-01-30,86130,2018-03-31,3,,,,,,,,,,,,,,,,,,,,,,,,,,,,,20.00,,,,,,,false,false,12,2017-04-01,2018-03-31,0
2018-01-30,86130,2018-03-31,3,,,,,,,,,,,,,,,,,,,,,,,,,,,,,,,,,67398262,953321,66434653,false,false,9,2017-04-01,2017-12-31,0
2018-01-30,86130,2017-03-31,3,,,,,,,,,,,,,,,,,,,,,,,,,,,,,,,,,,,66386721,false,false,9,2016-04-01,2016-12-31,-1
2018-04-16,86130,2018-03-31,,,,,,18985000000,,3039000000,,3411000000,,,2365000000,,35.61,,,,,,,,,,,,,,,,,,,,,,true,true,12,2017-04-01,2018-03-31,0
2018-04-16,86130,2017-03-31,,,,,,15697000000,,657000000,,1012000000,,,797000000,,12.01,,,,,,,,,,,,,,,,,,,,,,true,false,12,2016-04-01,2017-03-31,-1
2018-04-16,86130,2018-03-31,,,,,,18985000000,,2994000000,,3371000000,,2330000000,,,35.08,,,,,,,,,,,,,,,,,,,,,,false,true,12,2017-04-01,2018-03-31,0
2018-04-16,86130,2017-03-31,,,,,,15697000000,,615000000,,975000000,,761000000,,,11.47,,,,,,,,,,,,,,,,,,,,,,false,false,12,2016-04-01,2017-03-31,-1
2018-04-27,86130,2018-03-31,,,,,,18985000000,0.210,3039000000,3.623,3411000000,2.369,,2365000000,,35.61,35.56,0.050,0.038,,,92041000000,47150000000,0.511,707.04,47010000000,1948000000,-117000000,-4398000000,23163000000,,1.826,,,,,,true,false,12,2017-04-01,2018-03-31,0
2018-04-27,86130,2017-03-31,,,,,,15697000000,-0.136,657000000,-0.761,1012000000,-0.675,,797000000,,12.01,12.00,0.016,0.012,,,89324000000,48313000000,0.540,725.49,48193000000,6298000000,-84000000,-3822000000,25753000000,,4.164,,,,,,true,false,12,2016-04-01,2017-03-31,-1
2018-04-27,86130,2018-03-31,,,,,,18985000000,0.210,2994000000,3.867,3371000000,2.455,2330000000,,2.060,35.08,35.04,0.050,,,,91500000000,45833000000,0.499,687.24,45694000000,,,,,65.00,,,,67398262,908667,66441092,false,false,12,2017-04-01,2018-03-31,0
2018-04-27,86130,2017-03-31,,,,,,15697000000,-0.136,615000000,-0.772,975000000,-0.681,761000000,,-0.716,11.47,11.46,0.016,,,,88563000000,46901000000,0.528,704.22,46780000000,,,,,50.00,,,,67398262,969433,66393412,false,false,12,2016-04-01,2017-03-31,-1
2018-07-17,86130,2019-03-31,,,,,,4177000000,,203000000,,466000000,,,388000000,,5.84,,,,,,,,,,,,,,,,,,,,,,true,true,3,2018-04-01,2018-06-30,0
2018-07-17,86130,2018-03-31,,,,,,4361000000,,427000000,,634000000,,,445000000,,6.71,,,,,,,,,,,,,,,,,,,,,,true,false,3,2017-04-01,2017-06-30,-1
2018-07-30,86130,2019-03-31,1,,,,,4177000000,-0.042,203000000,-0.523,466000000,-0.264,,388000000,,5.84,5.83,,,,,91125000000,44449000000,0.486,666.22,44303000000,,,,,,,,,,,,true,false,3,2018-04-01,2018-06-30,0
2018-07-30,86130,2018-03-31,1,,,,,4361000000,0.124,427000000,4.014,634000000,1.081,,445000000,,6.71,6.70,,,,,,,,,,,,,,,,,,,,,true,false,3,2017-04-01,2017-06-30,-1
2018-07-30,86130,2018-03-31,1,,,,,,,,,,,,,,,,,,,,91566000000,47150000000,0.513,707.04,47010000000,,,,,,,,,,,,true,false,12,2017-04-01,2018-03-31,-1
2018-07-30,86130,2018-03-31,1,,,,,,,,,,,,,,,,,,,,,,,,,,,,,65.00,,,,67398262,908667,,false,false,12,2017-04-01,2018-03-31,-1
2018-07-30,86130,2019-03-31,1,,,,,,,,,,,,,,,,,,,,,,,,,,,,,,,,,67398262,898868,66495160,false,false,3,2018-04-01,2018-06-30,0
2018-07-30,86130,2018-03-31,1,,,,,,,,,,,,,,,,,,,,,,,,,,,,,,,,,,,66429099,false,false,3,2017-04-01,2017-06-30,-1
2018-10-15,86130,2019-03-31,,,,,,8261000000,,296000000,,651000000,,,668000000,,10.06,,,,,,,,,,,,,,,,,,,,,,true,true,6,2018-04-01,2018-09-30,0
2018-10-15,86130,2018-03-31,,,,,,8781000000,,947000000,,1144000000,,,806000000,,12.15,,,,,,,,,,,,,,,,,,,,,,true,false,6,2017-04-01,2017-09-30,-1
2018-10-29,86130,2019-03-31,2,,,,,8261000000,-0.059,296000000,-0.688,651000000,-0.430,,668000000,,10.06,10.04,,,,,94972000000,44546000000,0.467,667.49,44390000000,,,,,,,,,,,,true,false,6,2018-04-01,2018-09-30,0
2018-10-29,86130,2018-03-31,2,,,,,8781000000,0.164,947000000,,1144000000,3.738,,806000000,,12.15,12.14,,,,,,,,,,,,,,,,,,,,,true,false,6,2017-04-01,2017-09-30,-1
2018-10-29,86130,2018-03-31,2,,,,,,,,,,,,,,,,,,,,91566000000,47150000000,0.513,707.04,47010000000,,,,,,,,,,,,true,false,12,2017-04-01,2018-03-31,-1
2018-10-29,86130,2018-03-31,2,,,,,,,,,,,,,,,,,,,,,,,,,,,,,65.00,,,,67398262,908667,,false,false,12,2017-04-01,2018-03-31,-1
2018-10-29,86130,2019-03-31,2,,,,,,,,,,,,,,,,,,,,,,,,,,,,,13.00,,,,,,,false,false,12,2018-04-01,2019-03-31,0
2018-10-29,86130,2019-03-31,2,,,,,,,,,,,,,,,,,,,,,,,,,,,,,,,,,67398262,894310,66499116,false,false,6,2018-04-01,2018-09-30,0
2018-10-29,86130,2018-03-31,2,,,,,,,,,,,,,,,,,,,,,,,,,,,,,,,,,,,66430703,false,false,6,2017-04-01,2017-09-30,-1
2019-01-18,86130,2019-03-31,,,,,,12090000000,,243000000,,724000000,,,622000000,,9.36,,,,,,,,,,,,,,,,,,,,,,true,true,9,2018-04-01,2018-12-31,0
2019-01-18,86130,2018-03-31,,,,,,14304000000,,2340000000,,2678000000,,,1843000000,,27.76,,,,,,,,,,,,,,,,,,,,,,true,false,9,2017-04-01,2017-12-31,-1
2019-01-30,86130,2019-03-31,3,,,,,12090000000,-0.155,243000000,-0.896,724000000,-0.730,,622000000,,9.36,9.35,,,,,87680000000,42527000000,0.483,636.92,42357000000,,,,,,,,,,,,true,false,9,2018-04-01,2018-12-31,0
2019-01-30,86130,2018-03-31,3,,,,,14304000000,0.238,2340000000,6.994,2678000000,3.227,,1843000000,,27.76,27.73,,,,,,,,,,,,,,,,,,,,,true,false,9,2017-04-01,2017-12-31,-1
2019-01-30,86130,2018-03-31,3,,,,,,,,,,,,,,,,,,,,91566000000,47150000000,0.513,707.04,47010000000,,,,,,,,,,,,true,false,12,2017-04-01,2018-03-31,-1
2019-01-30,86130,2018-03-31,3,,,,,,,,,,,,,,,,,,,,,,,,,,,,,65.00,,,,67398262,908667,,false,false,12,2017-04-01,2018-03-31,-1
2019-01-30,86130,2019-03-31,3,,,,,,,,,,,,,,,,,,,,,,,,,,,,,13.00,,,,,,,false,false,12,2018-04-01,2019-03-31,0
2019-01-30,86130,2019-03-31,3,,,,,,,,,,,,,,,,,,,,,,,,,,,,,,,,,67398262,893440,66500885,false,false,9,2018-04-01,2018-12-31,0
2019-01-30,86130,2018-03-31,3,,,,,,,,,,,,,,,,,,,,,,,,,,,,,,,,,,,66434653,false,false,9,2017-04-01,2017-12-31,-1
,86130,2019-03-31,,,,,,,,,,,,,,,,,,,,,,,,,,,,,,25.00,,,,,,,false,true,12,2018-04-01,2019-03-31,0
,86130,2019-03-31,,,,,,,,,,,,,,,,,,,,,,,,,,,,,,13.00,,,,,,,false,false,12,2018-04-01,2019-03-31,0
,86130,2018-03-31,,,,,,,,,,,,,,,,,,,,,,,,,,,,,,65.00,,,,,,,false,false,12,2017-04-01,2018-03-31,-1
2019-04-15,86130,2019-03-31,,,,,,15648000000,,68000000,,570000000,,,526000000,,7.91,,,,,,,,,,,,,,,,,,,,,,true,true,12,2018-04-01,2019-03-31,0
2019-04-15,86130,2018-03-31,,,,,,18985000000,,3039000000,,3411000000,,,2365000000,,35.61,,,,,,,,,,,,,,,,,,,,,,true,false,12,2017-04-01,2018-03-31,-1
2019-04-15,86130,2019-03-31,,,,,,15648000000,,21000000,,526000000,,496000000,,,7.46,,,,,,,,,,,,,,,,,,,,,,false,true,12,2018-04-01,2019-03-31,0
2019-04-15,86130,2018-03-31,,,,,,18985000000,,2994000000,,3371000000,,2330000000,,,35.08,,,,,,,,,,,,,,,,,,,,,,false,false,12,2017-04-01,2018-03-31,-1
2019-04-26,86130,2019-03-31,,,,,,15648000000,-0.176,68000000,-0.978,570000000,-0.833,,526000000,,7.91,7.91,0.012,0.007,,,81310000000,42747000000,0.524,640.06,42566000000,1910000000,412000000,-4301000000,21177000000,,3.160,,,,,,true,false,12,2018-04-01,2019-03-31,0
2019-04-26,86130,2018-03-31,,,,,,18985000000,0.210,3039000000,3.623,3411000000,2.369,,2365000000,,35.61,35.56,0.050,0.038,,,91566000000,47150000000,0.513,707.04,47010000000,1948000000,-117000000,-4398000000,23163000000,,1.826,,,,,,true,false,12,2017-04-01,2018-03-31,-1
2019-04-26,86130,2019-03-31,,,,,,15648000000,-0.176,21000000,-0.993,526000000,-0.844,496000000,,-0.787,7.46,7.46,0.011,,,,80975000000,41549000000,0.511,622.03,41368000000,,,,,25.00,,,,67398262,893656,66501825,false,false,12,2018-04-01,2019-03-31,0
2019-04-26,86130,2018-03-31,,,,,,18985000000,0.210,2994000000,3.867,3371000000,2.455,2330000000,,2.060,35.08,35.04,0.050,,,,91026000000,45833000000,0.502,687.24,45694000000,,,,,65.00,,,,67398262,908667,66441092,false,false,12,2017-04-01,2018-03-31,-1
2019-07-16,86130,2020-03-31,,,,,,3960000000,,120000000,,360000000,,,231000000,,3.48,,,,,,,,,,,,,,,,,,,,,,true,true,3,2019-04-01,2019-06-30,0
2019-07-16,86130,2019-03-31,,,,,,4177000000,,203000000,,466000000,,,388000000,,5.84,,,,,,,,,,,,,,,,,,,,,,true,false,3,2018-04-01,2018-06-30,-1
2019-07-30,86130,2020-03-31,1,,,,,3960000000,-0.052,120000000,-0.406,360000000,-0.228,,231000000,,3.48,3.48,,,,,81747000000,41788000000,0.509,625.46,41595000000,,,,,,,,,,,,true,false,3,2019-04-01,2019-06-30,0
2019-07-30,86130,2019-03-31,1,,,,,4177000000,-0.042,203000000,-0.523,466000000,-0.264,,388000000,,5.84,5.83,,,,,,,,,,,,,,,,,,,,,true,false,3,2018-04-01,2018-06-30,-1
2019-07-30,86130,2019-03-31,1,,,,,,,,,,,,,,,,,,,,81310000000,42747000000,0.524,640.06,42566000000,,,,,,,,,,,,true,false,12,2018-04-01,2019-03-31,-1
2019-07-30,86130,2019-03-31,1,,,,,,,,,,,,,,,,,,,,,,,,,,,,,25.00,,,,67398262,893656,,false,false,12,2018-04-01,2019-03-31,-1
2019-07-30,86130,2020-03-31,1,,,,,,,,,,,,,,,,,,,,,,,,,,,,,,,,,67398262,893822,66504497,false,false,3,2019-04-01,2019-06-30,0
2019-07-30,86130,2019-03-31,1,,,,,,,,,,,,,,,,,,,,,,,,,,,,,,,,,,,66495160,false,false,3,2018-04-01,2018-06-30,-1
2019-10-15,86130,2020-03-31,,,,,,7847000000,,131000000,,488000000,,,324000000,,4.88,,,,,,,,,,,,,,,,,,,,,,true,true,6,2019-04-01,2019-09-30,0
2019-10-15,86130,2019-03-31,,,,,,8261000000,,296000000,,651000000,,,668000000,,10.06,,,,,,,,,,,,,,,,,,,,,,true,false,6,2018-04-01,2018-09-30,-1
2019-10-29,86130,2020-03-31,2,,,,,7847000000,-0.050,131000000,-0.557,488000000,-0.250,,324000000,,4.88,4.88,,,,,84366000000,41919000000,0.495,627.38,41723000000,,,,,,,,,,,,true,false,6,2019-04-01,2019-09-30,0
2019-10-29,86130,2019-03-31,2,,,,,8261000000,-0.059,296000000,-0.688,651000000,-0.430,,668000000,,10.06,10.04,,,,,,,,,,,,,,,,,,,,,true,false,6,2018-04-01,2018-09-30,-1
2019-10-29,86130,2019-03-31,2,,,,,,,,,,,,,,,,,,,,81310000000,42747000000,0.524,640.06,42566000000,,,,,,,,,,,,true,false,12,2018-04-01,2019-03-31,-1
2019-10-29,86130,2019-03-31,2,,,,,,,,,,,,,,,,,,,,,,,,,,,,,25.00,,,,67398262,893656,,false,false,12,2018-04-01,2019-03-31,-1
2019-10-29,86130,2020-03-31,2,,,,,,,,,,,,,,,,,,,,,,,,,,,,,8.00,,,,,,,false,false,12,2019-04-01,2020-03-31,0
2019-10-29,86130,2020-03-31,2,,,,,,,,,,,,,,,,,,,,,,,,,,,,,,,,,67398262,894043,66504414,false,false,6,2019-04-01,2019-09-30,0
2019-10-29,86130,2019-03-31,2,,,,,,,,,,,,,,,,,,,,,,,,,,,,,,,,,,,66499116,false,false,6,2018-04-01,2018-09-30,-1
2020-01-20,86130,2020-03-31,,,,,,12394000000,,751000000,,1226000000,,809000000,,,12.18,,,,,,,,,,,,,,,,,,,,,,true,true,9,2019-04-01,2019-12-31,0
2020-01-20,86130,2019-03-31,,,,,,12090000000,,243000000,,724000000,,622000000,,,9.36,,,,,,,,,,,,,,,,,,,,,,true,false,9,2018-04-01,2018-12-31,-1
2020-01-30,86130,2020-03-31,3,,,,,12394000000,0.025,751000000,2.090,1226000000,0.694,,809000000,,12.18,12.17,,,,,91581000000,42810000000,0.465,640.68,42607000000,,,,,,,,,,,,true,false,9,2019-04-01,2019-12-31,0
2020-01-30,86130,2019-03-31,3,,,,,12090000000,-0.155,243000000,-0.896,724000000,-0.730,,622000000,,9.36,9.35,,,,,,,,,,,,,,,,,,,,,true,false,9,2018-04-01,2018-12-31,-1
2020-01-30,86130,2019-03-31,3,,,,,,,,,,,,,,,,,,,,81310000000,42747000000,0.524,640.06,42566000000,,,,,,,,,,,,true,false,12,2018-04-01,2019-03-31,-1
2020-01-30,86130,2019-03-31,3,,,,,,,,,,,,,,,,,,,,,,,,,,,,,25.00,,,,67398262,893656,,false,false,12,2018-04-01,2019-03-31,-1
2020-01-30,86130,2020-03-31,3,,,,,,,,,,,,,,,,,,,,,,,,,,,,,8.00,,,,,,,false,false,12,2019-04-01,2020-03-31,0
2020-01-30,86130,2020-03-31,3,,,,,,,,,,,,,,,,,,,,,,,,,,,,,,,,,67398262,894234,66504324,false,false,9,2019-04-01,2019-12-31,0
2020-01-30,86130,2019-03-31,3,,,,,,,,,,,,,,,,,,,,,,,,,,,,,,,,,,,66500885,false,false,9,2018-04-01,2018-12-31,-1
,86130,2020-03-31,,,,,,,,,,,,,,,,,,,,,,,,,,,,,,16.00,,,,,,,false,true,12,2019-04-01,2020-03-31,0
,86130,2020-03-31,,,,,,,,,,,,,,,,,,,,,,,,,,,,,,8.00,,,,,,,false,false,12,2019-04-01,2020-03-31,0
,86130,2019-03-31,,,,,,,,,,,,,,,,,,,,,,,,,,,,,,25.00,,,,,,,false,false,12,2018-04-01,2019-03-31,-1
2020-04-15,86130,2020-03-31,,,,,,16493000000,0.054,1015000000,,1518000000,1.660,788000000,,0.498,11.85,,,,,,,,,,,,,,,,,,,,,,true,true,12,2019-04-01,2020-03-31,0
2020-04-15,86130,2019-03-31,,,,,,15648000000,,68000000,,570000000,,526000000,,,7.91,,,,,,,,,,,,,,,,,,,,,,true,false,12,2018-04-01,2019-03-31,-1
2020-04-15,86130,2020-03-31,,,,,,16493000000,0.054,,,1482000000,1.815,764000000,,0.540,11.49,,,,,,,,,,,,,,,,,,,,,,false,true,12,2019-04-01,2020-03-31,0
2020-04-15,86130,2019-03-31,,,,,,15648000000,,,,526000000,,496000000,,,7.46,,,,,,,,,,,,,,,,,,,,,,false,false,12,2018-04-01,2019-03-31,-1
2020-04-28,86130,2020-03-31,,,,,,16493000000,0.054,1015000000,,1518000000,1.660,,792000000,,11.92,11.92,0.019,0.018,,,83228000000,42220000000,0.505,631.70,42010000000,11801000000,-136000000,-1329000000,30924000000,,1.343,,,,,,true,false,12,2019-04-01,2020-03-31,0
2020-04-28,86130,2019-03-31,,,,,,15648000000,-0.176,68000000,-0.978,570000000,-0.833,,526000000,,7.91,7.91,0.012,0.007,,,81310000000,42747000000,0.524,640.06,42566000000,1910000000,412000000,-4301000000,21177000000,,3.160,,,,,,true,false,12,2018-04-01,2019-03-31,-1
2020-04-28,86130,2020-03-31,,,,,,16493000000,0.054,971000000,,1482000000,1.815,768000000,,0.548,11.55,11.55,0.019,,,,82925000000,41016000000,0.492,613.60,40806000000,,,,,16.00,,,,67398262,894261,66504246,false,false,12,2019-04-01,2020-03-31,0
2020-04-28,86130,2019-03-31,,,,,,15648000000,-0.176,21000000,-0.993,526000000,-0.844,496000000,,-0.787,7.46,7.46,0.011,,,,80975000000,41549000000,0.511,622.03,41368000000,,,,,25.00,,,,67398262,893656,66501825,false,false,12,2018-04-01,2019-03-31,-1
2020-07-15,86130,2021-03-31,,,,,,4291000000,0.083,541000000,3.476,738000000,1.050,,789000000,,11.87,,,,,,,,,,,,,,,,,,,,,,true,true,3,2020-04-01,2020-06-30,0
2020-07-15,86130,2020-03-31,,,,,,3960000000,,120000000,,360000000,,,231000000,,3.48,,,,,,,,,,,,,,,,,,,,,,true,false,3,2019-04-01,2019-06-30,-1
2020-07-30,86130,2021-03-31,1,,,,,4291000000,0.083,541000000,3.476,738000000,1.050,,789000000,,11.87,11.86,,,,,91391000000,43860000000,0.478,656.31,43647000000,,,,,,,,,,,,true,false,3,2020-04-01,2020-06-30,0
2020-07-30,86130,2020-03-31,1,,,,,3960000000,-0.052,120000000,-0.406,360000000,-0.228,,231000000,,3.48,3.48,,,,,,,,,,,,,,,,,,,,,true,false,3,2019-04-01,2019-06-30,-1
2020-07-30,86130,2020-03-31,1,,,,,,,,,,,,,,,,,,,,83228000000,42220000000,0.505,631.70,42010000000,,,,,,,,,,,,true,false,12,2019-04-01,2020-03-31,-1
2020-07-30,86130,2020-03-31,1,,,,,,,,,,,,,,,,,,,,,,,,,,,,,16.00,,,,67398262,894261,,false,false,12,2019-04-01,2020-03-31,-1
2020-07-30,86130,2021-03-31,1,,,,,,,,,,,,,,,,,,,,,,,,,,,,,,,,,67398262,894392,66503931,false,false,3,2020-04-01,2020-06-30,0
2020-07-30,86130,2020-03-31,1,,,,,,,,,,,,,,,,,,,,,,,,,,,,,,,,,,,66504497,false,false,3,2019-04-01,2019-06-30,-1
,86130,2021-03-31,,,,,,,,,,,,,,,,,,,,,,,,,,,,,,13.50,,,,,,,false,true,12,2020-04-01,2021-03-31,0
,86130,2020-03-31,,,,,,,,,,,,,,,,,,,,,,,,,,,,,,16.00,,,,,,,false,false,12,2019-04-01,2020-03-31,-1
2020-10-15,86130,2021-03-31,,,,,,8815000000,,1107000000,,1369000000,,,1850000000,,27.82,,,,,,,,,,,,,,,,,,,,,,true,true,6,2020-04-01,2020-09-30,0
2020-10-15,86130,2020-03-31,,,,,,7847000000,,131000000,,488000000,,,324000000,,4.88,,,,,,,,,,,,,,,,,,,,,,true,false,6,2019-04-01,2019-09-30,-1
2020-10-29,86130,2021-03-31,2,,,,,8815000000,0.123,1107000000,7.450,1369000000,1.801,,1850000000,,27.82,27.82,,,,,93648000000,45187000000,0.480,676.21,44970000000,,,,,,,,,,,,true,false,6,2020-04-01,2020-09-30,0
2020-10-29,86130,2020-03-31,2,,,,,7847000000,-0.050,131000000,-0.557,488000000,-0.250,,324000000,,4.88,4.88,,,,,,,,,,,,,,,,,,,,,true,false,6,2019-04-01,2019-09-30,-1
2020-10-29,86130,2020-03-31,2,,,,,,,,,,,,,,,,,,,,83228000000,42220000000,0.505,631.70,42010000000,,,,,,,,,,,,true,false,12,2019-04-01,2020-03-31,-1
2020-10-29,86130,2020-03-31,2,,,,,,,,,,,,,,,,,,,,,,,,,,,,,16.00,,,,67398262,894261,,false,false,12,2019-04-01,2020-03-31,-1
2020-10-29,86130,2021-03-31,2,,,,,,,,,,,,,,,,,,,,,,,,,,,,,13.50,,,,,,,false,false,12,2020-04-01,2021-03-31,0
2020-10-29,86130,2021-03-31,2,,,,,,,,,,,,,,,,,,,,,,,,,,,,,,,,,6738262,894547,66503821,false,false,6,2020-04-01,2020-09-30,0
2020-10-29,86130,2020-03-31,2,,,,,,,,,,,,,,,,,,,,,,,,,,,,,,,,,,,66504414,false,false,6,2019-04-01,2019-09-30,-1
2021-01-18,86130,2021-03-31,,,,,,13881000000,,2300000000,,2693000000,,,3179000000,,47.81,,,,,,,,,,,,,,,,,,,,,,true,true,9,2020-04-01,2020-12-31,0
2021-01-18,86130,2020-03-31,,,,,,12394000000,,751000000,,1226000000,,,809000000,,12.18,,,,,,,,,,,,,,,,,,,,,,true,false,9,2019-04-01,2019-12-31,-1
2021-01-28,86130,2021-03-31,3,,,,,13881000000,0.120,2300000000,2.062,2693000000,1.196,,3179000000,,47.81,47.81,,,,,102229000000,45148000000,0.439,675.59,44928000000,,,,,,,,,,,,true,false,9,2020-04-01,2020-12-31,0
2021-01-28,86130,2020-03-31,3,,,,,12394000000,0.025,751000000,2.090,1226000000,0.694,,809000000,,12.18,12.17,,,,,,,,,,,,,,,,,,,,,true,false,9,2019-04-01,2019-12-31,-1
2021-01-28,86130,2020-03-31,3,,,,,,,,,,,,,,,,,,,,83228000000,42220000000,0.505,631.70,42010000000,,,,,,,,,,,,true,false,12,2019-04-01,2020-03-31,-1
2021-01-28,86130,2020-03-31,3,,,,,,,,,,,,,,,,,,,,,,,,,,,,,16.00,,,,67398262,894261,,false,false,12,2019-04-01,2020-03-31,-1
2021-01-28,86130,2021-03-31,3,,,,,,,,,,,,,,,,,,,,,,,,,,,,,13.50,,,,,,,false,false,12,2020-04-01,2021-03-31,0
2021-01-28,86130,2021-03-31,3,,,,,,,,,,,,,,,,,,,,,,,,,,,,,,,,,67398262,895054,66503694,false,false,9,2020-04-01,2020-12-31,0
2021-01-28,86130,2020-03-31,3,,,,,,,,,,,,,,,,,,,,,,,,,,,,,,,,,,,66504324,false,false,9,2019-04-01,2019-12-31,-1
,86130,2021-03-31,,,,,,,,,,,,,,,,,,,,,,,,,,,,,,33.50,,,,,,,false,true,12,2020-04-01,2021-03-31,0
,86130,2020-03-31,,,,,,,,,,,,,,,,,,,,,,,,,,,,,,16.00,,,,,,,false,false,12,2019-04-01,2020-03-31,-1
2021-04-15,86130,2021-03-31,,,,,,19188000000,,3661000000,,4085000000,,,4156000000,,62.50,,,,,,,,,,,,,,,,,,,,,,true,true,12,2020-04-01,2021-03-31,0
2021-04-15,86130,2020-03-31,,,,,,16493000000,,1015000000,,1518000000,,,792000000,,11.92,,,,,,,,,,,,,,,,,,,,,,true,false,12,2019-04-01,2020-03-31,-1
2021-04-28,86130,2021-03-31,,,,,,19188000000,0.163,3661000000,2.604,4085000000,1.691,,4156000000,,62.50,62.49,0.094,0.045,,,99385000000,46401000000,0.465,694.33,46178000000,-2738000000,1566000000,-1427000000,28693000000,,0.536,,,,,,true,false,12,2020-04-01,2021-03-31,0
2021-04-28,86130,2020-03-31,,,,,,16493000000,0.054,1015000000,,1518000000,1.660,,792000000,,11.92,11.92,0.019,0.018,,,83228000000,42220000000,0.505,631.70,42010000000,11801000000,-136000000,-1329000000,30924000000,,1.343,,,,,,true,false,12,2019-04-01,2020-03-31,-1
2021-04-28,86130,2021-03-31,,,,,,19188000000,0.163,3615000000,2.722,4070000000,1.746,4144000000,,4.394,62.32,62.32,0.097,,,,98728000000,44919000000,0.453,672.05,44696000000,,,,,33.50,,,,67398262,890488,66504214,false,false,12,2020-04-01,2021-03-31,0
2021-04-28,86130,2020-03-31,,,,,,16493000000,0.054,971000000,,1482000000,1.815,768000000,,0.548,11.55,11.55,0.019,,,,82925000000,41016000000,0.492,613.60,40806000000,,,,,16.00,,,,67398262,894261,66504246,false,false,12,2019-04-01,2020-03-31,-1
2021-07-15,86130,2022-03-31,,,,,,4855000000,,879000000,,1065000000,,,736000000,,11.07,,,,,,,,,,,,,,,,,,,,,,true,true,3,2021-04-01,2021-06-30,0
2021-07-15,86130,2021-03-31,,,,,,4291000000,,541000000,,738000000,,,789000000,,11.87,,,,,,,,,,,,,,,,,,,,,,true,false,3,2020-04-01,2020-06-30,-1
2021-07-29,86130,2022-03-31,1,,,,,4855000000,0.132,879000000,0.624,1065000000,0.442,,736000000,,11.07,11.06,,,,,100933000000,45965000000,0.453,687.74,45740000000,,,,,,,,,,,,true,false,3,2021-04-01,2021-06-30,0
2021-07-29,86130,2021-03-31,1,,,,,4291000000,0.083,541000000,3.476,738000000,1.050,,789000000,,11.87,11.86,,,,,,,,,,,,,,,,,,,,,true,false,3,2020-04-01,2020-06-30,-1
2021-07-29,86130,2021-03-31,1,,,,,,,,,,,,,,,,,,,,99385000000,46401000000,0.465,694.33,46178000000,,,,,,,,,,,,true,false,12,2020-04-01,2021-03-31,-1
2021-07-29,86130,2021-03-31,1,,,,,,,,,,,,,,,,,,,,,,,,,,,,,33.50,,,,67398262,890488,,false,false,12,2020-04-01,2021-03-31,-1
2021-07-29,86130,2022-03-31,1,,,,,,,,,,,,,,,,,,,,,,,,,,,,,,,,,67398262,889475,66507953,false,false,3,2021-04-01,2021-06-30,0
2021-07-29,86130,2021-03-31,1,,,,,,,,,,,,,,,,,,,,,,,,,,,,,,,,,,,66503931,false,false,3,2020-04-01,2020-06-30,-1
2021-10-15,86130,2022-03-31,,,,,,9535000000,,1703000000,,1983000000,,,1367000000,,20.56,,,,,,,,,,,,,,,,,,,,,,true,true,6,2021-04-01,2021-09-30,0
2021-10-15,86130,2021-03-31,,,,,,8815000000,,1107000000,,1369000000,,,1850000000,,27.82,,,,,,,,,,,,,,,,,,,,,,true,false,6,2020-04-01,2020-09-30,-1
2021-10-28,86130,2022-03-31,2,,,,,9535000000,0.082,1703000000,0.538,1983000000,0.449,,1367000000,,20.56,20.54,,,,,111680000000,47141000000,0.420,705.33,46915000000,,,,,,,,,,,,true,false,6,2021-04-01,2021-09-30,0
2021-10-28,86130,2021-03-31,2,,,,,8815000000,0.123,1107000000,7.450,1369000000,1.801,,1850000000,,27.82,27.82,,,,,,,,,,,,,,,,,,,,,true,false,6,2020-04-01,2020-09-30,-1
2021-10-28,86130,2021-03-31,2,,,,,,,,,,,,,,,,,,,,99385000000,46401000000,0.465,694.33,46178000000,,,,,,,,,,,,true,false,12,2020-04-01,2021-03-31,-1
2021-10-28,86130,2021-03-31,2,,,,,,,,,,,,,,,,,,,,,,,,,,,,,33.50,,,,67398262,890488,,false,false,12,2020-04-01,2021-03-31,-1
2021-10-28,86130,2022-03-31,2,,,,,,,,,,,,,,,,,,,,,,,,,,,,,11.00,,,,,,,false,false,12,2021-04-01,2022-03-31,0
2021-10-28,86130,2022-03-31,2,,,,,,,,,,,,,,,,,,,,,,,,,,,,,,,,,67398262,883558,66509332,false,false,6,2021-04-01,2021-09-30,0
2021-10-28,86130,2021-03-31,2,,,,,,,,,,,,,,,,,,,,,,,,,,,,,,,,,,,66503821,false,false,6,2020-04-01,2020-09-30,-1
2022-01-18,86130,2022-03-31,,,,,,14601000000,,2891000000,,3285000000,,,2508000000,,37.71,,,,,,,,,,,,,,,,,,,,,,true,true,9,2021-04-01,2021-12-31,0
2022-01-18,86130,2021-03-31,,,,,,13881000000,,2300000000,,2693000000,,,3179000000,,47.81,,,,,,,,,,,,,,,,,,,,,,true,false,9,2020-04-01,2020-12-31,-1
2022-01-28,86130,2022-03-31,3,,,,,14601000000,0.052,2891000000,0.257,3285000000,0.220,,2508000000,,37.71,37.68,,,,,110773000000,47118000000,0.423,705.08,46898000000,,,,,,,,,,,,true,false,9,2021-04-01,2021-12-31,0
2022-01-28,86130,2021-03-31,3,,,,,13881000000,0.120,2300000000,2.062,2693000000,1.196,,3179000000,,47.81,47.81,,,,,,,,,,,,,,,,,,,,,true,false,9,2020-04-01,2020-12-31,-1
2022-01-28,86130,2021-03-31,3,,,,,,,,,,,,,,,,,,,,99385000000,46401000000,0.465,694.33,46178000000,,,,,,,,,,,,true,false,12,2020-04-01,2021-03-31,-1
2022-01-28,86130,2021-03-31,3,,,,,,,,,,,,,,,,,,,,,,,,,,,,,33.50,,,,67398262,890488,,false,false,12,2020-04-01,2021-03-31,-1
2022-01-28,86130,2022-03-31,3,,,,,,,,,,,,,,,,,,,,,,,,,,,,,11.00,,,,,,,false,false,12,2021-04-01,2022-03-31,0
2022-01-28,86130,2022-03-31,3,,,,,,,,,,,,,,,,,,,,,,,,,,,,,,,,,67398262,883701,66511115,false,false,9,2021-04-01,2021-12-31,0
2022-01-28,86130,2021-03-31,3,,,,,,,,,,,,,,,,,,,,,,,,,,,,,,,,,,,66503694,false,false,9,2020-04-01,2020-12-31,-1
,86130,2022-03-31,,,,,,,,,,,,,,,,,,,,,,,,,,,,,,22.00,,,,,,,false,true,12,2021-04-01,2022-03-31,0
,86130,2022-03-31,,,,,,,,,,,,,,,,,,,,,,,,,,,,,,11.00,,,,,,,false,false,12,2021-04-01,2022-03-31,0
,86130,2021-03-31,,,,,,,,,,,,,,,,,,,,,,,,,,,,,,33.50,,,,,,,false,false,12,2020-04-01,2021-03-31,-1
2022-04-15,86130,2022-03-31,,,,,,18670000000,,3219000000,,3647000000,,,2827000000,,42.51,,,,,,,,,,,,,,,,,,,,,,true,true,12,2021-04-01,2022-03-31,0
2022-04-15,86130,2021-03-31,,,,,,19188000000,,3661000000,,4085000000,,,4156000000,,62.50,,,,,,,,,,,,,,,,,,,,,,true,false,12,2020-04-01,2021-03-31,-1
2022-04-27,86130,2022-03-31,,,,,,18670000000,-0.027,3219000000,-0.121,3647000000,-0.107,,2827000000,,42.51,42.49,0.061,0.038,,,90885000000,47133000000,0.516,705.27,46912000000,-371000000,-911000000,-2050000000,25873000000,,0.517,,,,,,true,false,12,2021-04-01,2022-03-31,0
2022-04-27,86130,2021-03-31,,,,,,19188000000,0.163,3661000000,2.604,4085000000,1.691,,4156000000,,62.50,62.49,0.094,0.045,,,99385000000,46401000000,0.465,694.33,46178000000,-2738000000,1566000000,-1427000000,28693000000,,0.536,,,,,,true,false,12,2020-04-01,2021-03-31,-1
2022-04-27,86130,2022-03-31,,,,,,18670000000,-0.027,3171000000,-0.123,3630000000,-0.108,2815000000,,-0.321,42.34,42.31,0.063,,,,90080000000,45501000000,0.503,680.74,45280000000,,,,,22.00,,,,67398262,880864,66512080,false,false,12,2021-04-01,2022-03-31,0
2022-04-27,86130,2021-03-31,,,,,,19188000000,0.163,3615000000,2.722,4070000000,1.746,4144000000,,4.394,62.32,62.32,0.097,,,,98728000000,44919000000,0.453,672.05,44696000000,,,,,33.50,,,,67398262,890488,66504214,false,false,12,2020-04-01,2021-03-31,-1
2022-07-15,86130,2023-03-31,,,,,,3896000000,,120000000,,331000000,,,310000000,,4.71,,,,,,,,,,,,,,,,,,,,,,true,true,3,2022-04-01,2022-06-30,0
2022-07-15,86130,2022-03-31,,,,,,4855000000,,879000000,,1065000000,,,736000000,,11.07,,,,,,,,,,,,,,,,,,,,,,true,false,3,2021-04-01,2021-06-30,-1
2022-07-28,86130,2023-03-31,1,,,,,3896000000,-0.197,120000000,-0.863,331000000,-0.689,,310000000,,4.71,4.71,,,,,88218000000,45372000000,0.512,689.26,45158000000,,,,,,,,,,,,true,false,3,2022-04-01,2022-06-30,0
2022-07-28,86130,2022-03-31,1,,,,,4855000000,0.132,879000000,0.624,1065000000,0.442,,736000000,,11.07,11.06,,,,,,,,,,,,,,,,,,,,,true,false,3,2021-04-01,2021-06-30,-1
2022-07-28,86130,2022-03-31,1,,,,,,,,,,,,,,,,,,,,90885000000,47133000000,0.516,705.27,46912000000,,,,,,,,,,,,true,false,12,2021-04-01,2022-03-31,-1
2022-07-28,86130,2022-03-31,1,,,,,,,,,,,,,,,,,,,,,,,,,,,,,22.00,,,,67398262,880864,,false,false,12,2021-04-01,2022-03-31,-1
2022-07-28,86130,2023-03-31,1,,,,,,,,,,,,,,,,,,,,,,,,,,,,,,,,,67398262,1879883,66017516,false,false,3,2022-04-01,2022-06-30,0
2022-07-28,86130,2022-03-31,1,,,,,,,,,,,,,,,,,,,,,,,,,,,,,,,,,,,66507953,false,false,3,2021-04-01,2021-06-30,-1
,86130,2023-03-31,,,,,,,,,,,,,,,,,,,,,,,,,,,,,,5.00,,,,,,,false,true,12,2022-04-01,2023-03-31,0
,86130,2022-03-31,,,,,,,,,,,,,,,,,,,,,,,,,,,,,,22.00,,,,,,,false,false,12,2021-04-01,2022-03-31,-1
2022-10-17,86130,2023-03-31,,,,,,7479000000,,39000000,,356000000,,,322000000,,4.90,,,,,,,,,,,,,,,,,,,,,,true,true,6,2022-04-01,2022-09-30,0
2022-10-17,86130,2022-03-31,,,,,,9535000000,,1703000000,,1983000000,,,1367000000,,20.56,,,,,,,,,,,,,,,,,,,,,,true,false,6,2021-04-01,2021-09-30,-1
2022-10-28,86130,2023-03-31,2,,,,,7479000000,-0.216,39000000,-0.977,356000000,-0.820,,322000000,,4.90,4.90,,,,,71746000000,45443000000,0.630,690.31,45231000000,,,,,,,,,,,,true,false,6,2022-04-01,2022-09-30,0
2022-10-28,86130,2022-03-31,2,,,,,9535000000,0.082,1703000000,0.538,1983000000,0.449,,1367000000,,20.56,20.54,,,,,,,,,,,,,,,,,,,,,true,false,6,2021-04-01,2021-09-30,-1
2022-10-28,86130,2022-03-31,2,,,,,,,,,,,,,,,,,,,,90885000000,47133000000,0.516,705.27,46912000000,,,,,,,,,,,,true,false,12,2021-04-01,2022-03-31,-1
2022-10-28,86130,2022-03-31,2,,,,,,,,,,,,,,,,,,,,,,,,,,,,,22.00,,,,67398262,880864,,false,false,12,2021-04-01,2022-03-31,-1
2022-10-28,86130,2023-03-31,2,,,,,,,,,,,,,,,,,,,,,,,,,,,,,5.00,,,,,,,false,false,12,2022-04-01,2023-03-31,0
2022-10-28,86130,2023-03-31,2,,,,,,,,,,,,,,,,,,,,,,,,,,,,,,,,,67398262,1875111,65768645,false,false,6,2022-04-01,2022-09-30,0
2022-10-28,86130,2022-03-31,2,,,,,,,,,,,,,,,,,,,,,,,,,,,,,,,,,,,66509332,false,false,6,2021-04-01,2021-09-30,-1
2023-01-18,86130,2023-03-31,,,,,,11269000000,,266000000,,706000000,,,530000000,,8.07,,,,,,,,,,,,,,,,,,,,,,true,true,9,2022-04-01,2022-12-31,0
2023-01-18,86130,2022-03-31,,,,,,14601000000,,2891000000,,3285000000,,,2508000000,,37.71,,,,,,,,,,,,,,,,,,,,,,true,false,9,2021-04-01,2021-12-31,-1
2023-01-30,86130,2023-03-31,3,,,,,11269000000,-0.228,266000000,-0.908,706000000,-0.785,,530000000,,8.07,8.07,,,,,73631000000,45513000000,0.615,691.38,45301000000,,,,,,,,,,,,true,false,9,2022-04-01,2022-12-31,0
2023-01-30,86130,2022-03-31,3,,,,,14601000000,0.052,2891000000,0.257,3285000000,0.220,,2508000000,,37.71,37.68,,,,,,,,,,,,,,,,,,,,,true,false,9,2021-04-01,2021-12-31,-1
2023-01-30,86130,2022-03-31,3,,,,,,,,,,,,,,,,,,,,90885000000,47133000000,0.516,705.27,46912000000,,,,,,,,,,,,true,false,12,2021-04-01,2022-03-31,-1
2023-01-30,86130,2022-03-31,3,,,,,,,,,,,,,,,,,,,,,,,,,,,,,22.00,,,,67398262,880864,,false,false,12,2021-04-01,2022-03-31,-1
2023-01-30,86130,2023-03-31,3,,,,,,,,,,,,,,,,,,,,,,,,,,,,,5.00,,,,,,,false,false,12,2022-04-01,2023-03-31,0
2023-01-30,86130,2023-03-31,3,,,,,,,,,,,,,,,,,,,,,,,,,,,,,,,,,67398262,1875208,65686489,false,false,9,2022-04-01,2022-12-31,0
2023-01-30,86130,2022-03-31,3,,,,,,,,,,,,,,,,,,,,,,,,,,,,,,,,,,,66511115,false,false,9,2021-04-01,2021-12-31,-1
,86130,2023-03-31,,,,,,,,,,,,,,,,,,,,,,,,,,,,,,12.00,,,,,,,false,true,12,2022-04-01,2023-03-31,0
,86130,2023-03-31,,,,,,,,,,,,,,,,,,,,,,,,,,,,,,5.00,,,,,,,false,false,12,2022-04-01,2023-03-31,0
,86130,2022-03-31,,,,,,,,,,,,,,,,,,,,,,,,,,,,,,22.00,,,,,,,false,false,12,2021-04-01,2022-03-31,-1
2023-04-17,86130,2023-03-31,,,,,,14931000000,-0.200,379000000,-0.882,852000000,-0.766,,778000000,,11.86,,,,,,,,,,,,,,,,,,,,,,true,true,12,2022-04-01,2023-03-31,0
2023-04-17,86130,2022-03-31,,,,,,18670000000,,3219000000,,3647000000,,,2827000000,,42.51,,,,,,,,,,,,,,,,,,,,,,true,false,12,2021-04-01,2022-03-31,-1
2023-04-27,86130,2023-03-31,,,,,,14931000000,-0.200,379000000,-0.882,852000000,-0.766,,778000000,,11.86,11.85,0.017,0.011,,,67601000000,46086000000,0.679,700.13,45874000000,10994000000,-4603000000,-1561000000,30978000000,,1.012,,,,,,true,false,12,2022-04-01,2023-03-31,0
2023-04-27,86130,2022-03-31,,,,,,18670000000,-0.027,3219000000,-0.121,3647000000,-0.107,,2827000000,,42.51,42.49,0.061,0.038,,,90885000000,47133000000,0.516,705.27,46912000000,-371000000,-911000000,-2050000000,25873000000,,0.517,,,,,,true,false,12,2021-04-01,2022-03-31,-1
2023-04-27,86130,2023-03-31,,,,,,14931000000,-0.200,340000000,-0.893,843000000,-0.768,772000000,,-0.726,11.77,11.77,0.017,,,,66841000000,44484000000,0.662,675.68,44272000000,,,,,12.00,,,,67398262,1875325,65646188,false,false,12,2022-04-01,2023-03-31,0
2023-04-27,86130,2022-03-31,,,,,,18670000000,-0.027,3171000000,-0.123,3630000000,-0.108,2815000000,,-0.321,42.34,42.31,0.063,,,,90080000000,45501000000,0.503,680.74,45280000000,,,,,22.00,,,,67398262,880864,66512080,false,false,12,2021-04-01,2022-03-31,-1
2023-07-18,86130,2024-03-31,,,,,,4588000000,0.178,823000000,5.852,1038000000,2.133,,724000000,,11.06,,,,,,,,,,,,,,,,,,,,,,true,true,3,2023-04-01,2023-06-30,0
2023-07-18,86130,2023-03-31,,,,,,3896000000,,120000000,,331000000,,,310000000,,4.71,,,,,,,,,,,,,,,,,,,,,,true,false,3,2022-04-01,2022-06-30,-1
2023-07-28,86130,2024-03-31,1,,,,,4588000000,0.178,823000000,5.852,1038000000,2.133,,724000000,,11.06,,,,,,74660000000,47752000000,0.637,725.55,47539000000,,,,,,,,,,,,true,false,3,2023-04-01,2023-06-30,0
2023-07-28,86130,2023-03-31,1,,,,,3896000000,-0.197,120000000,-0.863,331000000,-0.689,,310000000,,4.71,4.71,,,,,,,,,,,,,,,,,,,,,true,false,3,2022-04-01,2022-06-30,-1
2023-07-28,86130,2023-03-31,1,,,,,,,,,,,,,,,,,,,,67601000000,46086000000,0.679,700.13,45874000000,,,,,,,,,,,,true,false,12,2022-04-01,2023-03-31,-1
2023-07-28,86130,2023-03-31,1,,,,,,,,,,,,,,,,,,,,,,,,,,,,,12.00,,,,67398262,1875325,,false,false,12,2022-04-01,2023-03-31,-1
2023-07-28,86130,2024-03-31,1,,,,,,,,,,,,,,,,,,,,,,,,,,,,,,,,,67398262,1875423,65522892,false,false,3,2023-04-01,2023-06-30,0
2023-07-28,86130,2023-03-31,1,,,,,,,,,,,,,,,,,,,,,,,,,,,,,,,,,,,66017516,false,false,3,2022-04-01,2022-06-30,-1
,86130,2024-03-31,,,,,,,,,,,,,,,,,,,,,,,,,,,,,,25.00,,,,,,,false,true,12,2023-04-01,2024-03-31,0
,86130,2023-03-31,,,,,,,,,,,,,,,,,,,,,,,,,,,,,,12.00,,,,,,,false,false,12,2022-04-01,2023-03-31,-1
2023-10-16,86130,2024-03-31,,,,,,9058000000,0.211,1605000000,,1902000000,4.337,,1335000000,,20.38,,,,,,,,,,,,,,,,,,,,,,true,true,6,2023-04-01,2023-09-30,0
2023-10-16,86130,2023-03-31,,,,,,7479000000,,39000000,,356000000,,,322000000,,4.90,,,,,,,,,,,,,,,,,,,,,,true,false,6,2022-04-01,2022-09-30,-1
2023-10-30,86130,2024-03-31,2,,,,,9058000000,0.211,1605000000,,1902000000,4.337,,1335000000,,20.38,20.38,,,,,80399000000,48890000000,0.606,741.31,48705000000,,,,,,,,,,,,true,false,6,2023-04-01,2023-09-30,0
2023-10-30,86130,2023-03-31,2,,,,,7479000000,-0.216,39000000,-0.977,356000000,-0.820,,322000000,,4.90,4.90,,,,,,,,,,,,,,,,,,,,,true,false,6,2022-04-01,2022-09-30,-1
2023-10-30,86130,2023-03-31,2,,,,,,,,,,,,,,,,,,,,67601000000,46086000000,0.679,700.13,45874000000,,,,,,,,,,,,true,false,12,2022-04-01,2023-03-31,-1
2023-10-30,86130,2023-03-31,2,,,,,,,,,,,,,,,,,,,,,,,,,,,,,12.00,,,,67398262,1875325,,false,false,12,2022-04-01,2023-03-31,-1
2023-10-30,86130,2024-03-31,2,,,,,,,,,,,,,,,,,,,,,,,,,,,,,25.00,,,,,,,false,false,12,2023-04-01,2024-03-31,0
2023-10-30,86130,2024-03-31,2,,,,,,,,,,,,,,,,,,,,,,,,,,,,,,,,,67398262,1695825,65537488,false,false,6,2023-04-01,2023-09-30,0
2023-10-30,86130,2023-03-31,2,,,,,,,,,,,,,,,,,,,,,,,,,,,,,,,,,,,65768645,false,false,6,2022-04-01,2022-09-30,-1
2024-01-18,86130,2024-03-31,,,,,,13250000000,,2104000000,,2567000000,,,1771000000,,27.01,,,,,,,,,,,,,,,,,,,,,,true,true,9,2023-04-01,2023-12-31,0
2024-01-18,86130,2023-03-31,,,,,,11269000000,,266000000,,706000000,,,530000000,,8.07,,,,,,,,,,,,,,,,,,,,,,true,false,9,2022-04-01,2022-12-31,-1
2024-01-30,86130,2024-03-31,3,,,,,13250000000,0.176,2104000000,6.910,2567000000,2.632,,1771000000,,27.01,26.96,,,,,83778000000,48192000000,0.573,730.35,48009000000,,,,,,,,,,,,true,false,9,2023-04-01,2023-12-31,0
2024-01-30,86130,2023-03-31,3,,,,,11269000000,-0.228,266000000,-0.908,706000000,-0.785,,530000000,,8.07,8.07,,,,,,,,,,,,,,,,,,,,,true,false,9,2022-04-01,2022-12-31,-1
2024-01-30,86130,2023-03-31,3,,,,,,,,,,,,,,,,,,,,67601000000,46086000000,0.679,700.13,45874000000,,,,,,,,,,,,true,false,12,2022-04-01,2023-03-31,-1
2024-01-30,86130,2023-03-31,3,,,,,,,,,,,,,,,,,,,,,,,,,,,,,12.00,,,,67398262,1875325,,false,false,12,2022-04-01,2023-03-31,-1
2024-01-30,86130,2024-03-31,3,,,,,,,,,,,,,,,,,,,,,,,,,,,,,25.00,,,,,,,false,false,12,2023-04-01,2024-03-31,0
2024-01-30,86130,2024-03-31,3,,,,,,,,,,,,,,,,,,,,,,,,,,,,,,,,,67398262,1663010,65598947,false,false,9,2023-04-01,2023-12-31,0
2024-01-30,86130,2023-03-31,3,,,,,,,,,,,,,,,,,,,,,,,,,,,,,,,,,,,65686489,false,false,9,2022-04-01,2022-12-31,-1
,86130,2024-03-31,,,,,,,,,,,,,,,,,,,,,,,,,,,,,,60.00,,,,,,,false,true,12,2023-04-01,2024-03-31,0
,86130,2024-03-31,,,,,,,,,,,,,,,,,,,,,,,,,,,,,,25.00,,,,,,,false,false,12,2023-04-01,2024-03-31,0
,86130,2023-03-31,,,,,,,,,,,,,,,,,,,,,,,,,,,,,,12.00,,,,,,,false,false,12,2022-04-01,2023-03-31,-1
2024-04-15,86130,2024-03-31,,,,,,18608000000,,3694000000,,4187000000,,,2925000000,,44.56,,,,,,,,,,,,,,,,,,,,,,true,true,12,2023-04-01,2024-03-31,0
2024-04-15,86130,2023-03-31,,,,,,14931000000,,379000000,,852000000,,,778000000,,11.86,,,,,,,,,,,,,,,,,,,,,,true,false,12,2022-04-01,2023-03-31,-1
2024-04-26,86130,2024-03-31,,,,,,18608000000,0.246,3694000000,8.725,4187000000,3.914,,2925000000,,44.56,44.44,0.060,0.055,,,84075000000,52524000000,0.623,794.01,52368000000,7557000000,-734000000,-1886000000,36368000000,,1.346,,,,,,true,false,12,2023-04-01,2024-03-31,0
2024-04-26,86130,2023-03-31,,,,,,14931000000,-0.200,379000000,-0.882,852000000,-0.766,,778000000,,11.86,11.85,0.017,0.011,,,67601000000,46086000000,0.679,700.13,45874000000,10994000000,-4603000000,-1561000000,30978000000,,1.012,,,,,,true,false,12,2022-04-01,2023-03-31,-1
2024-04-26,86130,2024-03-31,,,,,,18608000000,0.246,3658000000,9.747,4194000000,3.976,2992000000,,2.872,45.58,45.46,0.063,,,,82704000000,50666000000,0.611,765.83,50509000000,,,,,60.00,,,,67398262,1443280,65649985,false,false,12,2023-04-01,2024-03-31,0
2024-04-26,86130,2023-03-31,,,,,,14931000000,-0.200,340000000,-0.893,843000000,-0.768,772000000,,-0.726,11.77,11.77,0.017,,,,66841000000,44484000000,0.662,675.68,44272000000,,,,,12.00,,,,67398262,1875325,65646188,false,false,12,2022-04-01,2023-03-31,-1
2024-07-16,86130,2025-03-31,,,,,,4977000000,,1030000000,,1282000000,,,887000000,,13.45,,,,,,,,,,,,,,,,,,,,,,true,true,3,2024-04-01,2024-06-30,0
2024-07-16,86130,2024-03-31,,,,,,4588000000,,823000000,,1038000000,,,724000000,,11.06,,,,,,,,,,,,,,,,,,,,,,true,false,3,2023-04-01,2023-06-30,-1
2024-07-30,86130,2025-03-31,1,,,,,4977000000,0.085,1030000000,0.252,1282000000,0.235,,887000000,,13.45,13.40,,,,,88704000000,50740000000,0.570,766.54,50587000000,,,,,,,,,,,,true,false,3,2024-04-01,2024-06-30,0
2024-07-30,86130,2024-03-31,1,,,,,4588000000,0.178,823000000,5.852,1038000000,2.133,,724000000,,11.06,,,,,,,,,,,,,,,,,,,,,,true,false,3,2023-04-01,2023-06-30,-1
2024-07-30,86130,2024-03-31,1,,,,,,,,,,,,,,,,,,,,84075000000,52524000000,0.623,794.01,52368000000,,,,,,,,,,,,true,false,12,2023-04-01,2024-03-31,-1
2024-07-30,86130,2024-03-31,1,,,,,,,,,,,,,,,,,,,,,,,,,,,,,60.00,,,,67398262,1443280,,false,false,12,2023-04-01,2024-03-31,-1
2024-07-30,86130,2025-03-31,1,,,,,,,,,,,,,,,,,,,,,,,,,,,,,,,,,67398262,1403583,65977176,false,false,3,2024-04-01,2024-06-30,0
2024-07-30,86130,2024-03-31,1,,,,,,,,,,,,,,,,,,,,,,,,,,,,,,,,,,,65522892,false,false,3,2023-04-01,2023-06-30,-1
,86130,2025-03-31,,,,,,,,,,,,,,,,,,,,,,,,,,,,,,30.00,,,,,,,false,true,12,2024-04-01,2025-03-31,0
,86130,2024-03-31,,,,,,,,,,,,,,,,,,,,,,,,,,,,,,60.00,,,,,,,false,false,12,2023-04-01,2024-03-31,-1
2024-10-15,86130,2025-03-31,,,,,,9627000000,,1923000000,,2219000000,,,1535000000,,23.26,,,,,,,,,,,,,,,,,,,,,,true,true,6,2024-04-01,2024-09-30,0
2024-10-15,86130,2024-03-31,,,,,,9058000000,,1605000000,,1902000000,,,1335000000,,20.38,,,,,,,,,,,,,,,,,,,,,,true,false,6,2023-04-01,2023-09-30,-1
2024-10-30,86130,2025-03-31,2,,,,,9627000000,0.063,1923000000,0.198,2219000000,0.167,,1535000000,,23.26,23.18,,,,,92778000000,50608000000,0.544,763.19,50469000000,,,,,,,,,,,,true,false,6,2024-04-01,2024-09-30,0
2024-10-30,86130,2024-03-31,2,,,,,9058000000,0.211,1605000000,,1902000000,4.337,,1335000000,,20.38,20.38,,,,,,,,,,,,,,,,,,,,,true,false,6,2023-04-01,2023-09-30,-1
2024-10-30,86130,2024-03-31,2,,,,,,,,,,,,,,,,,,,,84075000000,52524000000,0.623,794.01,52368000000,,,,,,,,,,,,true,false,12,2023-04-01,2024-03-31,-1
2024-10-30,86130,2024-03-31,2,,,,,,,,,,,,,,,,,,,,,,,,,,,,,60.00,,,,67398262,1443280,,false,false,12,2023-04-01,2024-03-31,-1
2024-10-30,86130,2025-03-31,2,,,,,,,,,,,,,,,,,,,,,,,,,,,,,30.00,,,,,,,false,false,12,2024-04-01,2025-03-31,0
2024-10-30,86130,2025-03-31,2,,,,,,,,,,,,,,,,,,,,,,,,,,,,,,,,,67398262,1268017,66029447,false,false,6,2024-04-01,2024-09-30,0
2024-10-30,86130,2024-03-31,2,,,,,,,,,,,,,,,,,,,,,,,,,,,,,,,,,,,65537488,false,false,6,2023-04-01,2023-09-30,-1
2025-01-20,86130,2025-03-31,,,,,,14348000000,,2865000000,,3332000000,,,2235000000,,33.83,,,,,,,,,,,,,,,,,,,,,,true,true,9,2024-04-01,2024-12-31,0
2025-01-20,86130,2024-03-31,,,,,,13250000000,,2104000000,,2567000000,,,1771000000,,27.01,,,,,,,,,,,,,,,,,,,,,,true,false,9,2023-04-01,2023-12-31,-1
2025-01-30,86130,2025-03-31,3,,,,,14348000000,0.083,2865000000,0.362,3332000000,0.298,,2235000000,,33.83,33.73,,,,,97122000000,49488000000,0.508,746.03,49344000000,,,,,,,,,,,,true,false,9,2024-04-01,2024-12-31,0
2025-01-30,86130,2024-03-31,3,,,,,13250000000,0.176,2104000000,6.910,2567000000,2.632,,1771000000,,27.01,26.96,,,,,,,,,,,,,,,,,,,,,true,false,9,2023-04-01,2023-12-31,-1
2025-01-30,86130,2024-03-31,3,,,,,,,,,,,,,,,,,,,,84075000000,52524000000,0.623,794.01,52368000000,,,,,,,,,,,,true,false,12,2023-04-01,2024-03-31,-1
2025-01-30,86130,2024-03-31,3,,,,,,,,,,,,,,,,,,,,,,,,,,,,,60.00,,,,67398262,1443280,,false,false,12,2023-04-01,2024-03-31,-1
2025-01-30,86130,2025-03-31,3,,,,,,,,,,,,,,,,,,,,,,,,,,,,,30.00,,,,,,,false,false,12,2024-04-01,2025-03-31,0
2025-01-30,86130,2025-03-31,3,,,,,,,,,,,,,,,,,,,,,,,,,,,,,,,,,67398262,1255953,66064958,false,false,9,2024-04-01,2024-12-31,0
2025-01-30,86130,2024-03-31,3,,,,,,,,,,,,,,,,,,,,,,,,,,,,,,,,,,,65598947,false,false,9,2023-04-01,2023-12-31,-1
,86130,2025-03-31,,,,,,,,,,,,,,,,,,,,,,,,,,,,,,60.00,,,,,,,false,true,12,2024-04-01,2025-03-31,0
,86130,2025-03-31,,,,,,,,,,,,,,,,,,,,,,,,,,,,,,30.00,,,,,,,false,false,12,2024-04-01,2025-03-31,0
,86130,2024-03-31,,,,,,,,,,,,,,,,,,,,,,,,,,,,,,60.00,,,,,,,false,false,12,2023-04-01,2024-03-31,-1
2025-04-15,86130,2025-03-31,,,,,,18849000000,,3545000000,,4048000000,,,3792000000,,57.38,,,,,,,,,,,,,,,,,,,,,,true,true,12,2024-04-01,2025-03-31,0
2025-04-15,86130,2024-03-31,,,,,,18608000000,,3694000000,,4187000000,,,2925000000,,44.56,,,,,,,,,,,,,,,,,,,,,,true,false,12,2023-04-01,2024-03-31,-1
2025-04-28,86130,2025-03-31,,,,,,18849000000,0.013,3545000000,-0.040,4048000000,-0.033,,3792000000,,57.38,57.21,0.075,0.051,,,73363000000,49008000000,0.666,738.38,48860000000,-160000000,509000000,-5054000000,31448000000,,1.046,,,,,,true,false,12,2024-04-01,2025-03-31,0
2025-04-28,86130,2024-03-31,,,,,,18608000000,0.246,3694000000,8.725,4187000000,3.914,,2925000000,,44.56,44.44,0.060,0.055,,,84075000000,52524000000,0.623,794.01,52368000000,7557000000,-734000000,-1886000000,36368000000,,1.346,,,,,,true,false,12,2023-04-01,2024-03-31,-1
2025-04-28,86130,2025-03-31,,,,,,18850000000,0.013,3559000000,-0.027,4113000000,-0.019,4520000000,,0.511,68.40,68.19,0.092,,,,71596000000,47723000000,0.665,718.96,47575000000,,,,,60.00,,,,67398262,1225978,66087480,false,false,12,2024-04-01,2025-03-31,0
2025-04-28,86130,2024-03-31,,,,,,18608000000,0.246,3658000000,9.747,4194000000,3.976,2992000000,,2.872,45.58,45.46,0.063,,,,82704000000,50666000000,0.611,765.83,50509000000,,,,,60.00,,,,67398262,1443280,65649985,false,false,12,2023-04-01,2024-03-31,-1
2025-07-15,86130,2026-03-31,,,,,,4366000000,,395000000,,671000000,,1384000000,,,20.92,,,,,,,,,,,,,,,,,,,,,,false,true,3,2025-04-01,2025-06-30,0
2025-07-15,86130,2025-03-31,,,,,,4977000000,,1041000000,,1305000000,,909000000,,,13.79,,,,,,,,,,,,,,,,,,,,,,false,false,3,2024-04-01,2024-06-30,-1
2025-07-30,86130,2026-03-31,1,,,,,4366000000,-0.123,395000000,-0.621,671000000,-0.486,1384000000,,0.521,20.92,20.88,,,,,76116000000,47531000000,0.622,715.96,47379000000,,,,,,,,,67398262,1223010,66173465,false,false,3,2025-04-01,2025-06-30,0
2025-07-30,86130,2025-03-31,1,,,,,4977000000,,1041000000,,1305000000,,909000000,,,13.79,13.74,,,,,,,,,,,,,,,,,,,,65977176,false,false,3,2024-04-01,2024-06-30,-1
2025-07-30,86130,2025-03-31,1,,,,,,,,,,,,,,,,,,,,71596000000,47723000000,0.664,718.96,47575000000,,,,,60.00,,,,67398262,1225978,,false,false,12,2024-04-01,2025-03-31,-1
2025-09-16,86130,2026-03-31,,,,,,,,,,,,,,,,,,,,,,,,,,,,,,32.00,,,,,,,false,true,12,2025-04-01,2026-03-31,0
2025-09-16,86130,2025-03-31,,,,,,,,,,,,,,,,,,,,,,,,,,,,,,60.00,,,,,,,false,false,12,2024-04-01,2025-03-31,-1
