filing_date,code,fiscal_year_end,quarterly_period,net_sales,net_sales_change,revenue,revenue_change,operating_revenue,operating_revenue_change,operating_profit,operating_profit_change,ordinary_profit,ordinary_profit_change,net_income,net_income_of_parent,net_income_change,eps,diluted_eps,roe,roa,operating_profit_to_net_sales,operating_profit_to_revenue,total_assets,net_assets,equity_ratio,bps,owner_equity,operating_cash_flow,investing_cash_flow,financing_cash_flow,cash,dividend_per_share,payout_ratio,commemorative_dividend,extra_dividend,number_of_shares,number_of_treqsury_shares,avg_number_of_shares,is_consolidated,is_forecast,duration,period_start,period_end,period_pos
2015-07-29,86140,2016-03-31,1,,,,,4511000000,0.328,1371000000,2.322,1623000000,1.561,,1167000000,,14.01,13.65,,,,,103250000000,44065000000,0.423,524.62,43718000000,,,,,,,,,,,,true,false,3,2015-04-01,2015-06-30,0
2015-07-29,86140,2015-03-31,1,,,,,3394000000,-0.342,412000000,-0.743,633000000,-0.639,,420000000,,4.94,4.82,,,,,,,,,,,,,,,,,,,,,true,false,3,2014-04-01,2014-06-30,-1
2015-07-29,86140,2015-03-31,1,,,,,,,,,,,,,,,,,,,,97864000000,43245000000,0.438,514.98,42917000000,,,,,,,,,,,,true,false,12,2014-04-01,2015-03-31,-1
2015-07-29,86140,2015-03-31,1,,,,,,,,,,,,,,,,,,,,,,,,,,,,,12.00,,,,87355253,4017864,,false,false,12,2014-04-01,2015-03-31,-1
2015-07-29,86140,2016-03-31,1,,,,,,,,,,,,,,,,,,,,,,,,,,,,,,,,,87355253,4020877,83336465,false,false,3,2015-04-01,2015-06-30,0
2015-07-29,86140,2015-03-31,1,,,,,,,,,,,,,,,,,,,,,,,,,,,,,,,,,,,85088999,false,false,3,2014-04-01,2014-06-30,-1
2015-10-15,86140,2016-03-31,,,,,,8072000000,,1842000000,,2218000000,,,1877000000,,,,,,,,,,,,,,,,,,,,,,,,true,true,6,2015-04-01,2015-09-30,0
2015-10-15,86140,2015-03-31,,,,,,7197000000,,1098000000,,1418000000,,,1277000000,,,,,,,,,,,,,,,,,,,,,,,,true,false,6,2014-04-01,2014-09-30,-1
2015-10-29,86140,2016-03-31,2,,,,,8072000000,0.121,1842000000,0.676,2218000000,0.563,,1877000000,,22.64,22.05,,,,,95515000000,42702000000,0.443,519.00,42351000000,,,,,,,,,,,,true,false,6,2015-04-01,2015-09-30,0
2015-10-29,86140,2015-03-31,2,,,,,7197000000,-0.188,1098000000,-0.507,1418000000,-0.424,,1277000000,,15.00,14.65,,,,,,,,,,,,,,,,,,,,,true,false,6,2014-04-01,2014-09-30,-1
2015-10-29,86140,2015-03-31,2,,,,,,,,,,,,,,,,,,,,97864000000,43245000000,0.438,514.98,42917000000,,,,,,,,,,,,true,false,12,2014-04-01,2015-03-31,-1
2015-10-29,86140,2015-03-31,2,,,,,,,,,,,,,,,,,,,,,,,,,,,,,12.00,,,,87355253,4017864,,false,false,12,2014-04-01,2015-03-31,-1
2015-10-29,86140,2016-03-31,2,,,,,,,,,,,,,,,,,,,,,,,,,,,,,,,,,87355253,5754291,82893220,false,false,6,2015-04-01,2015-09-30,0
2015-10-29,86140,2015-03-31,2,,,,,,,,,,,,,,,,,,,,,,,,,,,,,,,,,,,85143460,false,false,6,2014-04-01,2014-09-30,-1
2016-01-29,86140,2016-03-31,3,,,,,11195000000,0.005,1998000000,-0.016,2583000000,0.027,,2148000000,,26.05,25.36,,,,,95827000000,43433000000,0.449,527.72,43060000000,,,,,,,,,,,,true,false,9,2015-04-01,2015-12-31,0
2016-01-29,86140,2015-03-31,3,,,,,11135000000,-0.134,2031000000,-0.347,2514000000,-0.275,,2301000000,,27.10,26.45,,,,,,,,,,,,,,,,,,,,,true,false,9,2014-04-01,2014-12-31,-1
2016-01-29,86140,2015-03-31,3,,,,,,,,,,,,,,,,,,,,97864000000,43245000000,0.438,514.98,42917000000,,,,,,,,,,,,true,false,12,2014-04-01,2015-03-31,-1
2016-01-29,86140,2015-03-31,3,,,,,,,,,,,,,,,,,,,,,,,,,,,,,12.00,,,,87355253,4017864,,false,false,12,2014-04-01,2015-03-31,-1
2016-01-29,86140,2016-03-31,3,,,,,,,,,,,,,,,,,,,,,,,,,,,,,,,,,87355253,5758515,82460347,false,false,9,2015-04-01,2015-12-31,0
2016-01-29,86140,2015-03-31,3,,,,,,,,,,,,,,,,,,,,,,,,,,,,,,,,,,,84912642,false,false,9,2014-04-01,2014-12-31,-1
,86140,2016-03-31,,,,,,,,,,,,,,,,,,,,,,,,,,,,,,13.00,,,,,,,false,true,12,2015-04-01,2016-03-31,0
,86140,2015-03-31,,,,,,,,,,,,,,,,,,,,,,,,,,,,,,12.00,,,,,,,false,false,12,2014-04-01,2015-03-31,-1
2016-04-15,86140,2016-03-31,,,,,,13542000000,,1120000000,,1829000000,,,1583000000,,,,,,,,,,,,,,,,,,,,,,,,true,true,12,2015-04-01,2016-03-31,0
2016-04-15,86140,2015-03-31,,,,,,15144000000,,2875000000,,3484000000,,,2937000000,,,,,,,,,,,,,,,,,,,,,,,,true,false,12,2014-04-01,2015-03-31,-1
2016-04-15,86140,2016-03-31,,,,,,12977000000,,865000000,,1912000000,,1844000000,,,,,,,,,,,,,,,,,,,,,,,,,false,true,12,2015-04-01,2016-03-31,0
2016-04-15,86140,2015-03-31,,,,,,14830000000,,2872000000,,3507000000,,2950000000,,,,,,,,,,,,,,,,,,,,,,,,,false,false,12,2014-04-01,2015-03-31,-1
2016-04-28,86140,2016-03-31,,,,,,13542000000,-0.105,1120000000,-0.610,1829000000,-0.475,,1583000000,,19.25,18.73,0.037,0.020,,,80847000000,41182000000,0.504,499.88,40787000000,6943000000,-1301000000,-6833000000,21641000000,,0.675,,,,,,true,false,12,2015-04-01,2016-03-31,0
2016-04-28,86140,2015-03-31,,,,,,15144000000,-0.055,2875000000,-0.096,3484000000,-0.028,,2937000000,,34.75,33.90,0.071,0.035,,,97864000000,43245000000,0.438,514.98,42917000000,-2485000000,407000000,3333000000,23280000000,,0.345,,,,,,true,false,12,2014-04-01,2015-03-31,-1
2016-04-28,86140,2016-03-31,,,,,,12977000000,-0.124,865000000,-0.698,1912000000,-0.454,1844000000,,-0.374,22.42,21.82,,,,,78670000000,40090000000,0.504,486.50,39696000000,,,,,13.00,,,,87355253,5760549,82245534,false,false,12,2015-04-01,2016-03-31,0
2016-04-28,86140,2015-03-31,,,,,,14830000000,-0.063,2872000000,-0.126,3507000000,-0.037,2950000000,,-0.086,34.91,34.05,,,,,94022000000,41165000000,0.434,490.02,40837000000,,,,,12.00,,,,87355253,4017864,84524402,false,false,12,2014-04-01,2015-03-31,-1
2016-07-28,86140,2017-03-31,1,,,,,2540000000,-0.436,-478000000,,-221000000,,,-250000000,,-3.06,,,,,,74073000000,38426000000,0.513,465.85,38010000000,,,,,,,,,,,,true,false,3,2016-04-01,2016-06-30,0
2016-07-28,86140,2016-03-31,1,,,,,4511000000,0.328,1371000000,2.322,1623000000,1.561,,1167000000,,14.01,13.65,,,,,,,,,,,,,,,,,,,,,true,false,3,2015-04-01,2015-06-30,-1
2016-07-28,86140,2016-03-31,1,,,,,,,,,,,,,,,,,,,,80847000000,41182000000,0.504,499.88,40787000000,,,,,,,,,,,,true,false,12,2015-04-01,2016-03-31,-1
2016-07-28,86140,2016-03-31,1,,,,,,,,,,,,,,,,,,,,,,,,,,,,,13.00,,,,87355253,5760549,,false,false,12,2015-04-01,2016-03-31,-1
2016-07-28,86140,2017-03-31,1,,,,,,,,,,,,,,,,,,,,,,,,,,,,,,,,,87355253,5762601,81593545,false,false,3,2016-04-01,2016-06-30,0
2016-07-28,86140,2016-03-31,1,,,,,,,,,,,,,,,,,,,,,,,,,,,,,,,,,,,83336465,false,false,3,2015-04-01,2015-06-30,-1
2016-10-18,86140,2017-03-31,,,,,,4962000000,,-1136000000,,-722000000,,,-1025000000,,,,,,,,,,,,,,,,,,,,,,,,true,true,6,2016-04-01,2016-09-30,0
2016-10-18,86140,2016-03-31,,,,,,8072000000,,1842000000,,2218000000,,,1877000000,,,,,,,,,,,,,,,,,,,,,,,,true,false,6,2015-04-01,2015-09-30,-1
2016-10-28,86140,2017-03-31,2,,,,,4962000000,-0.385,-1136000000,,-722000000,,,-1025000000,,-12.53,,,,,,73968000000,38408000000,0.514,463.49,38073000000,,,,,,,,,,,,true,false,6,2016-04-01,2016-09-30,0
2016-10-28,86140,2016-03-31,2,,,,,8072000000,0.121,1842000000,0.676,2218000000,0.563,,1877000000,,22.64,22.05,,,,,,,,,,,,,,,,,,,,,true,false,6,2015-04-01,2015-09-30,-1
2016-10-28,86140,2016-03-31,2,,,,,,,,,,,,,,,,,,,,80847000000,41182000000,0.504,499.88,40787000000,,,,,,,,,,,,true,false,12,2015-04-01,2016-03-31,-1
2016-10-28,86140,2016-03-31,2,,,,,,,,,,,,,,,,,,,,,,,,,,,,,13.00,,,,87355253,5760549,,false,false,12,2015-04-01,2016-03-31,-1
2016-10-28,86140,2017-03-31,2,,,,,,,,,,,,,,,,,,,,,,,,,,,,,,,,,87355253,5210734,81871034,false,false,6,2016-04-01,2016-09-30,0
2016-10-28,86140,2016-03-31,2,,,,,,,,,,,,,,,,,,,,,,,,,,,,,,,,,,,82893220,false,false,6,2015-04-01,2015-09-30,-1
2017-01-30,86140,2017-03-31,3,,,,,8897000000,-0.205,-428000000,,172000000,-0.933,,-164000000,,-2.01,,,,,,80912000000,40627000000,0.497,490.36,40278000000,,,,,,,,,,,,true,false,9,2016-04-01,2016-12-31,0
2017-01-30,86140,2016-03-31,3,,,,,11195000000,0.005,1998000000,-0.016,2583000000,0.027,,2148000000,,26.05,25.36,,,,,,,,,,,,,,,,,,,,,true,false,9,2015-04-01,2015-12-31,-1
2017-01-30,86140,2016-03-31,3,,,,,,,,,,,,,,,,,,,,80847000000,41182000000,0.504,499.88,40787000000,,,,,,,,,,,,true,false,12,2015-04-01,2016-03-31,-1
2017-01-30,86140,2016-03-31,3,,,,,,,,,,,,,,,,,,,,,,,,,,,,,13.00,,,,87355253,5760549,,false,false,12,2015-04-01,2016-03-31,-1
2017-01-30,86140,2017-03-31,3,,,,,,,,,,,,,,,,,,,,,,,,,,,,,,,,,87355253,5214362,81961708,false,false,9,2016-04-01,2016-12-31,0
2017-01-30,86140,2016-03-31,3,,,,,,,,,,,,,,,,,,,,,,,,,,,,,,,,,,,82460347,false,false,9,2015-04-01,2015-12-31,-1
,86140,2017-03-31,,,,,,,,,,,,,,,,,,,,,,,,,,,,,,6.00,,,,,,,false,true,12,2016-04-01,2017-03-31,0
,86140,2016-03-31,,,,,,,,,,,,,,,,,,,,,,,,,,,,,,13.00,,,,,,,false,false,12,2015-04-01,2016-03-31,-1
2017-04-17,86140,2017-03-31,,,,,,12776000000,,267000000,,982000000,,,656000000,,,,,,,,,,,,,,,,,,,,,,,,true,true,12,2016-04-01,2017-03-31,0
2017-04-17,86140,2016-03-31,,,,,,13542000000,,1120000000,,1829000000,,,1583000000,,,,,,,,,,,,,,,,,,,,,,,,true,false,12,2015-04-01,2016-03-31,-1
2017-04-17,86140,2017-03-31,,,,,,12702000000,,442000000,,1159000000,,838000000,,,,,,,,,,,,,,,,,,,,,,,,,false,true,12,2016-04-01,2017-03-31,0
2017-04-17,86140,2016-03-31,,,,,,12977000000,,865000000,,1912000000,,1844000000,,,,,,,,,,,,,,,,,,,,,,,,,false,false,12,2015-04-01,2016-03-31,-1
2017-04-28,86140,2017-03-31,,,,,,12776000000,-0.056,267000000,-0.761,982000000,-0.462,,656000000,,8.00,7.80,0.016,0.012,,,78393000000,41145000000,0.520,496.50,40782000000,144000000,2197000000,-5969000000,17867000000,,0.749,,,,,,true,false,12,2016-04-01,2017-03-31,0
2017-04-28,86140,2016-03-31,,,,,,13542000000,-0.105,1120000000,-0.610,1829000000,-0.475,,1583000000,,19.25,18.73,0.037,0.020,,,80847000000,41182000000,0.504,499.88,40787000000,6943000000,-1301000000,-6833000000,21641000000,,0.675,,,,,,true,false,12,2015-04-01,2016-03-31,-1
2017-04-28,86140,2017-03-31,,,,,,12702000000,-0.021,442000000,-0.488,1159000000,-0.393,838000000,,-0.545,10.23,9.98,,,,,76505000000,40346000000,0.522,486.77,39983000000,,,,,6.00,,,,87355253,5216560,82005687,false,false,12,2016-04-01,2017-03-31,0
2017-04-28,86140,2016-03-31,,,,,,12977000000,-0.124,865000000,-0.698,1912000000,-0.454,1844000000,,-0.374,22.42,21.82,,,,,78670000000,40090000000,0.504,486.50,39696000000,,,,,13.00,,,,87355253,5760549,82245534,false,false,12,2015-04-01,2016-03-31,-1
2017-07-28,86140,2018-03-31,1,,,,,4047000000,0.593,746000000,,1002000000,,,630000000,,7.67,7.48,,,,,88359000000,42030000000,0.471,507.11,41652000000,,,,,,,,,,,,true,false,3,2017-04-01,2017-06-30,0
2017-07-28,86140,2017-03-31,1,,,,,2540000000,-0.436,-478000000,,-221000000,,,-250000000,,-3.06,,,,,,,,,,,,,,,,,,,,,,true,false,3,2016-04-01,2016-06-30,-1
2017-07-28,86140,2017-03-31,1,,,,,,,,,,,,,,,,,,,,78393000000,41145000000,0.520,496.50,40782000000,,,,,,,,,,,,true,false,12,2016-04-01,2017-03-31,-1
2017-07-28,86140,2017-03-31,1,,,,,,,,,,,,,,,,,,,,,,,,,,,,,6.00,,,,87355253,5216560,,false,false,12,2016-04-01,2017-03-31,-1
2017-07-28,86140,2018-03-31,1,,,,,,,,,,,,,,,,,,,,,,,,,,,,,,,,,87355253,5217854,82138377,false,false,3,2017-04-01,2017-06-30,0
2017-07-28,86140,2017-03-31,1,,,,,,,,,,,,,,,,,,,,,,,,,,,,,,,,,,,81593545,false,false,3,2016-04-01,2016-06-30,-1
2017-10-17,86140,2018-03-31,,,,,,7847000000,,1228000000,,1634000000,,,821000000,,,,,,,,,,,,,,,,,,,,,,,,true,true,6,2017-04-01,2017-09-30,0
2017-10-17,86140,2017-03-31,,,,,,4962000000,,-1136000000,,-722000000,,,-1025000000,,,,,,,,,,,,,,,,,,,,,,,,true,false,6,2016-04-01,2016-09-30,-1
2017-10-30,86140,2018-03-31,2,,,,,7847000000,0.581,1228000000,,1634000000,,,821000000,,9.97,9.74,,,,,88770000000,42415000000,0.474,509.23,42119000000,,,,,,,,,,,,true,false,6,2017-04-01,2017-09-30,0
2017-10-30,86140,2017-03-31,2,,,,,4962000000,-0.385,-1136000000,,-722000000,,,-1025000000,,-12.53,,,,,,,,,,,,,,,,,,,,,,true,false,6,2016-04-01,2016-09-30,-1
2017-10-30,86140,2017-03-31,2,,,,,,,,,,,,,,,,,,,,78393000000,41145000000,0.520,496.50,40782000000,,,,,,,,,,,,true,false,12,2016-04-01,2017-03-31,-1
2017-10-30,86140,2017-03-31,2,,,,,,,,,,,,,,,,,,,,,,,,,,,,,6.00,,,,87355253,5216560,,false,false,12,2016-04-01,2017-03-31,-1
2017-10-30,86140,2018-03-31,2,,,,,,,,,,,,,,,,,,,,,,,,,,,,,,,,,87355253,4644168,82420350,false,false,6,2017-04-01,2017-09-30,0
2017-10-30,86140,2017-03-31,2,,,,,,,,,,,,,,,,,,,,,,,,,,,,,,,,,,,81871034,false,false,6,2016-04-01,2016-09-30,-1
2018-01-18,86140,2018-03-31,,,,,,12133000000,0.363,2092000000,,2729000000,,,1512000000,,,,,,,,,,,,,,,,,,,,,,,,true,true,9,2017-04-01,2017-12-31,0
2018-01-18,86140,2017-03-31,,,,,,8897000000,,-428000000,,172000000,,,-164000000,,,,,,,,,,,,,,,,,,,,,,,,true,false,9,2016-04-01,2016-12-31,-1
2018-01-30,86140,2018-03-31,3,,,,,12133000000,0.363,2092000000,,2729000000,,,1512000000,,18.33,17.91,,,,,91016000000,43456000000,0.473,521.60,43141000000,,,,,,,,,,,,true,false,9,2017-04-01,2017-12-31,0
2018-01-30,86140,2017-03-31,3,,,,,8897000000,-0.205,-428000000,,172000000,-0.933,,-164000000,,-2.01,,,,,,,,,,,,,,,,,,,,,,true,false,9,2016-04-01,2016-12-31,-1
2018-01-30,86140,2017-03-31,3,,,,,,,,,,,,,,,,,,,,78393000000,41145000000,0.520,496.50,40782000000,,,,,,,,,,,,true,false,12,2016-04-01,2017-03-31,-1
2018-01-30,86140,2017-03-31,3,,,,,,,,,,,,,,,,,,,,,,,,,,,,,6.00,,,,87355253,5216560,,false,false,12,2016-04-01,2017-03-31,-1
2018-01-30,86140,2018-03-31,3,,,,,,,,,,,,,,,,,,,,,,,,,,,,,,,,,87355253,4646654,82517217,false,false,9,2017-04-01,2017-12-31,0
2018-01-30,86140,2017-03-31,3,,,,,,,,,,,,,,,,,,,,,,,,,,,,,,,,,,,81961708,false,false,9,2016-04-01,2016-12-31,-1
,86140,2018-03-31,,,,,,,,,,,,,,,,,,,,,,,,,,,,,,10.00,,,,,,,false,true,12,2017-04-01,2018-03-31,0
,86140,2017-03-31,,,,,,,,,,,,,,,,,,,,,,,,,,,,,,6.00,,,,,,,false,false,12,2016-04-01,2017-03-31,-1
2018-04-16,86140,2018-03-31,,,,,,15767000000,,2251000000,,3025000000,,,1833000000,,,,,,,,,,,,,,,,,,,,,,,,true,true,12,2017-04-01,2018-03-31,0
2018-04-16,86140,2017-03-31,,,,,,12776000000,,267000000,,982000000,,,656000000,,,,,,,,,,,,,,,,,,,,,,,,true,false,12,2016-04-01,2017-03-31,-1
2018-04-16,86140,2018-03-31,,,,,,15530000000,,2273000000,,3022000000,,1830000000,,,,,,,,,,,,,,,,,,,,,,,,,false,true,12,2017-04-01,2018-03-31,0
2018-04-16,86140,2017-03-31,,,,,,12702000000,,442000000,,1159000000,,838000000,,,,,,,,,,,,,,,,,,,,,,,,,false,false,12,2016-04-01,2017-03-31,-1
2018-04-27,86140,2018-03-31,,,,,,15767000000,0.234,2251000000,7.413,3025000000,2.078,,1833000000,,22.21,21.70,0.043,0.037,,,83231000000,43406000000,0.517,520.78,43072000000,2067000000,-2796000000,-395000000,16493000000,,0.450,,,,,,true,false,12,2017-04-01,2018-03-31,0
2018-04-27,86140,2017-03-31,,,,,,12776000000,-0.056,267000000,-0.761,982000000,-0.462,,656000000,,8.00,7.80,0.016,0.012,,,78393000000,41145000000,0.520,496.50,40782000000,144000000,2197000000,-5969000000,17867000000,,0.749,,,,,,true,false,12,2016-04-01,2017-03-31,-1
2018-04-27,86140,2018-03-31,,,,,,15530000000,0.222,2273000000,4.135,3022000000,1.605,1830000000,,1.182,22.17,21.67,,,,,79472000000,42757000000,0.533,512.94,42424000000,,,,,10.00,,,,87355253,4648480,82564156,false,false,12,2017-04-01,2018-03-31,0
2018-04-27,86140,2017-03-31,,,,,,12702000000,-0.021,442000000,-0.488,1159000000,-0.393,838000000,,-0.545,10.23,9.98,,,,,76505000000,40346000000,0.522,486.77,39983000000,,,,,6.00,,,,87355253,5216560,82005687,false,false,12,2016-04-01,2017-03-31,-1
2018-04-27,86140,2018-03-31,,,,,,15767000000,0.234,2251000000,7.413,3025000000,2.078,,1833000000,,22.21,21.70,0.043,0.037,,,83231000000,43406000000,0.517,520.78,43072000000,2067000000,-2796000000,-395000000,16493000000,,0.450,,,,,,true,false,12,2017-04-01,2018-03-31,0
2018-04-27,86140,2017-03-31,,,,,,12776000000,-0.056,267000000,-0.761,982000000,-0.462,,656000000,,8.00,7.80,0.016,0.012,,,78393000000,41145000000,0.520,496.50,40782000000,144000000,2197000000,-5969000000,17867000000,,0.749,,,,,,true,false,12,2016-04-01,2017-03-31,-1
2018-04-27,86140,2018-03-31,,,,,,15530000000,0.222,2273000000,4.135,3022000000,1.605,1830000000,,1.182,22.17,21.67,,,,,79472000000,42757000000,0.533,512.94,42424000000,,,,,10.00,,,,87355253,4648480,82564156,false,false,12,2017-04-01,2018-03-31,0
2018-04-27,86140,2017-03-31,,,,,,12702000000,-0.021,442000000,-0.488,1159000000,-0.393,838000000,,-0.545,10.23,9.98,,,,,76505000000,40346000000,0.522,486.77,39983000000,,,,,6.00,,,,87355253,5216560,82005687,false,false,12,2016-04-01,2017-03-31,-1
2018-07-17,86140,2019-03-31,,,,,,3261000000,,-6000000,,280000000,,,101000000,,,,,,,,,,,,,,,,,,,,,,,,true,true,3,2018-04-01,2018-06-30,0
2018-07-17,86140,2018-03-31,,,,,,4047000000,,746000000,,1002000000,,,630000000,,,,,,,,,,,,,,,,,,,,,,,,true,false,3,2017-04-01,2017-06-30,-1
2018-07-30,86140,2019-03-31,1,,,,,3261000000,-0.194,-6000000,,280000000,-0.720,,101000000,,1.22,1.19,,,,,82290000000,42616000000,0.513,511.01,42263000000,,,,,,,,,,,,true,false,3,2018-04-01,2018-06-30,0
2018-07-30,86140,2018-03-31,1,,,,,4047000000,0.593,746000000,,1002000000,,,630000000,,7.67,7.48,,,,,,,,,,,,,,,,,,,,,true,false,3,2017-04-01,2017-06-30,-1
2018-07-30,86140,2018-03-31,1,,,,,,,,,,,,,,,,,,,,82756000000,43406000000,0.520,520.78,43072000000,,,,,,,,,,,,true,false,12,2017-04-01,2018-03-31,-1
2018-07-30,86140,2018-03-31,1,,,,,,,,,,,,,,,,,,,,,,,,,,,,,10.00,,,,87355253,4648480,,false,false,12,2017-04-01,2018-03-31,-1
2018-07-30,86140,2019-03-31,1,,,,,,,,,,,,,,,,,,,,,,,,,,,,,,,,,87355253,4649922,82706785,false,false,3,2018-04-01,2018-06-30,0
2018-07-30,86140,2018-03-31,1,,,,,,,,,,,,,,,,,,,,,,,,,,,,,,,,,,,82138377,false,false,3,2017-04-01,2017-06-30,-1
2018-10-12,86140,2019-03-31,,,,,,6193000000,,-232000000,,167000000,,,-516000000,,,,,,,,,,,,,,,,,,,,,,,,true,true,6,2018-04-01,2018-09-30,0
2018-10-12,86140,2018-03-31,,,,,,7847000000,,1228000000,,1634000000,,,821000000,,,,,,,,,,,,,,,,,,,,,,,,true,false,6,2017-04-01,2017-09-30,-1
2018-10-29,86140,2019-03-31,2,,,,,6193000000,-0.210,-232000000,,167000000,-0.897,,-516000000,,-6.23,,,,,,83959000000,42085000000,0.497,503.10,41772000000,,,,,,,,,,,,true,false,6,2018-04-01,2018-09-30,0
2018-10-29,86140,2018-03-31,2,,,,,7847000000,0.581,1228000000,,1634000000,,,821000000,,9.97,9.74,,,,,,,,,,,,,,,,,,,,,true,false,6,2017-04-01,2017-09-30,-1
2018-10-29,86140,2018-03-31,2,,,,,,,,,,,,,,,,,,,,82756000000,43406000000,0.520,520.78,43072000000,,,,,,,,,,,,true,false,12,2017-04-01,2018-03-31,-1
2018-10-29,86140,2018-03-31,2,,,,,,,,,,,,,,,,,,,,,,,,,,,,,10.00,,,,87355253,4648480,,false,false,12,2017-04-01,2018-03-31,-1
2018-10-29,86140,2019-03-31,2,,,,,,,,,,,,,,,,,,,,,,,,,,,,,,,,,87355253,4327187,82868544,false,false,6,2018-04-01,2018-09-30,0
2018-10-29,86140,2018-03-31,2,,,,,,,,,,,,,,,,,,,,,,,,,,,,,,,,,,,82420350,false,false,6,2017-04-01,2017-09-30,-1
2019-01-21,86140,2019-03-31,,,,,,8393000000,-0.308,-1028000000,,-392000000,,,-2106000000,,,,,,,,,,,,,,,,,,,,,,,,true,true,9,2018-04-01,2018-12-31,0
2019-01-21,86140,2018-03-31,,,,,,12133000000,,2092000000,,2729000000,,,1512000000,,,,,,,,,,,,,,,,,,,,,,,,true,false,9,2017-04-01,2017-12-31,-1
2019-01-30,86140,2019-03-31,3,,,,,8393000000,-0.308,-1028000000,,-392000000,,,-2106000000,,-25.40,,,,,,74600000000,39074000000,0.519,466.64,38744000000,,,,,,,,,,,,true,false,9,2018-04-01,2018-12-31,0
2019-01-30,86140,2018-03-31,3,,,,,12133000000,0.363,2092000000,,2729000000,,,1512000000,,18.33,17.91,,,,,,,,,,,,,,,,,,,,,true,false,9,2017-04-01,2017-12-31,-1
2019-01-30,86140,2018-03-31,3,,,,,,,,,,,,,,,,,,,,82756000000,43406000000,0.520,520.78,43072000000,,,,,,,,,,,,true,false,12,2017-04-01,2018-03-31,-1
2019-01-30,86140,2018-03-31,3,,,,,,,,,,,,,,,,,,,,,,,,,,,,,10.00,,,,87355253,4648480,,false,false,12,2017-04-01,2018-03-31,-1
2019-01-30,86140,2019-03-31,3,,,,,,,,,,,,,,,,,,,,,,,,,,,,,,,,,87355253,4327517,82921843,false,false,9,2018-04-01,2018-12-31,0
2019-01-30,86140,2018-03-31,3,,,,,,,,,,,,,,,,,,,,,,,,,,,,,,,,,,,82517217,false,false,9,2017-04-01,2017-12-31,-1
,86140,2019-03-31,,,,,,,,,,,,,,,,,,,,,,,,,,,,,,5.00,,,,,,,false,true,12,2018-04-01,2019-03-31,0
,86140,2018-03-31,,,,,,,,,,,,,,,,,,,,,,,,,,,,,,10.00,,,,,,,false,false,12,2017-04-01,2018-03-31,-1
2019-04-15,86140,2019-03-31,,,,,,10513000000,-0.333,-1901000000,,-1152000000,,,-2478000000,,,,,,,,,,,,,,,,,,,,,,,,true,true,12,2018-04-01,2019-03-31,0
2019-04-15,86140,2018-03-31,,,,,,15767000000,,2251000000,,3025000000,,,1833000000,,,,,,,,,,,,,,,,,,,,,,,,true,false,12,2017-04-01,2018-03-31,-1
2019-04-15,86140,2019-03-31,,,,,,10396000000,-0.330,-1711000000,,-931000000,,-2223000000,,,,,,,,,,,,,,,,,,,,,,,,,false,true,12,2018-04-01,2019-03-31,0
2019-04-15,86140,2018-03-31,,,,,,15530000000,,2273000000,,3022000000,,1830000000,,,,,,,,,,,,,,,,,,,,,,,,,false,false,12,2017-04-01,2018-03-31,-1
2019-04-26,86140,2019-03-31,,,,,,10513000000,-0.333,-1901000000,,-1152000000,,,-2478000000,,-29.88,,-0.061,-0.014,,,71014000000,38477000000,0.536,459.24,38129000000,2953000000,-2424000000,-773000000,16075000000,,,,,,,,true,false,12,2018-04-01,2019-03-31,0
2019-04-26,86140,2018-03-31,,,,,,15767000000,0.234,2251000000,7.413,3025000000,2.078,,1833000000,,22.21,21.70,0.043,0.037,,,82756000000,43406000000,0.520,520.78,43072000000,2067000000,-2796000000,-395000000,16493000000,,0.450,,,,,,true,false,12,2017-04-01,2018-03-31,-1
2019-04-26,86140,2019-03-31,,,,,,10396000000,-0.330,-1711000000,,-931000000,,-2223000000,,,-26.80,,,,,,67532000000,38265000000,0.561,456.69,37918000000,,,,,5.00,,,,87355253,4327617,82947939,false,false,12,2018-04-01,2019-03-31,0
2019-04-26,86140,2018-03-31,,,,,,15530000000,0.222,2273000000,4.135,3022000000,1.605,1830000000,,1.182,22.17,21.67,,,,,78997000000,42757000000,0.537,512.94,42424000000,,,,,10.00,,,,87355253,4648480,82564156,false,false,12,2017-04-01,2018-03-31,-1
2019-07-16,86140,2020-03-31,,,,,,2502000000,,-333000000,,-98000000,,,14000000,,,,,,,,,,,,,,,,,,,,,,,,true,true,3,2019-04-01,2019-06-30,0
2019-07-16,86140,2019-03-31,,,,,,3261000000,,-6000000,,280000000,,,101000000,,,,,,,,,,,,,,,,,,,,,,,,true,false,3,2018-04-01,2018-06-30,-1
2019-07-29,86140,2020-03-31,1,,,,,2502000000,-0.232,-333000000,,-98000000,,,14000000,,0.17,0.17,,,,,69898000000,37515000000,0.531,447.45,37151000000,,,,,,,,,,,,true,false,3,2019-04-01,2019-06-30,0
2019-07-29,86140,2019-03-31,1,,,,,3261000000,-0.194,-6000000,,280000000,-0.720,,101000000,,1.22,1.19,,,,,,,,,,,,,,,,,,,,,true,false,3,2018-04-01,2018-06-30,-1
2019-07-29,86140,2019-03-31,1,,,,,,,,,,,,,,,,,,,,71014000000,38477000000,0.536,459.24,38129000000,,,,,,,,,,,,true,false,12,2018-04-01,2019-03-31,-1
2019-07-29,86140,2019-03-31,1,,,,,,,,,,,,,,,,,,,,,,,,,,,,,5.00,,,,87355253,4327617,,false,false,12,2018-04-01,2019-03-31,-1
2019-07-29,86140,2020-03-31,1,,,,,,,,,,,,,,,,,,,,,,,,,,,,,,,,,87355253,4327687,83027627,false,false,3,2019-04-01,2019-06-30,0
2019-07-29,86140,2019-03-31,1,,,,,,,,,,,,,,,,,,,,,,,,,,,,,,,,,,,82706785,false,false,3,2018-04-01,2018-06-30,-1
2019-10-15,86140,2020-03-31,,,,,,4586000000,,-1041000000,,-710000000,,,-608000000,,,,,,,,,,,,,,,,,,,,,,,,true,true,6,2019-04-01,2019-09-30,0
2019-10-15,86140,2019-03-31,,,,,,6193000000,,-232000000,,167000000,,,-516000000,,,,,,,,,,,,,,,,,,,,,,,,true,false,6,2018-04-01,2018-09-30,-1
2019-10-29,86140,2020-03-31,2,,,,,4586000000,-0.259,-1041000000,,-710000000,,,-608000000,,-7.39,,,,,,71104000000,36330000000,0.506,459.69,36030000000,,,,,,,,,,,,true,false,6,2019-04-01,2019-09-30,0
2019-10-29,86140,2019-03-31,2,,,,,6193000000,-0.210,-232000000,,167000000,-0.897,,-516000000,,-6.23,,,,,,,,,,,,,,,,,,,,,,true,false,6,2018-04-01,2018-09-30,-1
2019-10-29,86140,2019-03-31,2,,,,,,,,,,,,,,,,,,,,71014000000,38477000000,0.536,459.24,38129000000,,,,,,,,,,,,true,false,12,2018-04-01,2019-03-31,-1
2019-10-29,86140,2019-03-31,2,,,,,,,,,,,,,,,,,,,,,,,,,,,,,5.00,,,,87355253,4327617,,false,false,12,2018-04-01,2019-03-31,-1
2019-10-29,86140,2020-03-31,2,,,,,,,,,,,,,,,,,,,,,,,,,,,,,,,,,87355253,8976117,82280303,false,false,6,2019-04-01,2019-09-30,0
2019-10-29,86140,2019-03-31,2,,,,,,,,,,,,,,,,,,,,,,,,,,,,,,,,,,,82868544,false,false,6,2018-04-01,2018-09-30,-1
2020-01-20,86140,2020-03-31,,,,,,7144000000,-0.148,-1374000000,,-867000000,,,-574000000,,,,,,,,,,,,,,,,,,,,,,,,true,true,9,2019-04-01,2019-12-31,0
2020-01-20,86140,2019-03-31,,,,,,8393000000,,-1028000000,,-392000000,,,-2106000000,,,,,,,,,,,,,,,,,,,,,,,,true,false,9,2018-04-01,2018-12-31,-1
2020-01-30,86140,2020-03-31,3,,,,,7144000000,-0.148,-1374000000,,-867000000,,,-574000000,,-7.09,,,,,,75042000000,36428000000,0.485,464.77,36428000000,,,,,,,,,,,,true,false,9,2019-04-01,2019-12-31,0
2020-01-30,86140,2019-03-31,3,,,,,8393000000,-0.308,-1028000000,,-392000000,,,-2106000000,,-25.40,,,,,,,,,,,,,,,,,,,,,,true,false,9,2018-04-01,2018-12-31,-1
2020-01-30,86140,2019-03-31,3,,,,,,,,,,,,,,,,,,,,71014000000,38477000000,0.536,459.24,38129000000,,,,,,,,,,,,true,false,12,2018-04-01,2019-03-31,-1
2020-01-30,86140,2019-03-31,3,,,,,,,,,,,,,,,,,,,,,,,,,,,,,5.00,,,,87355253,4327617,,false,false,12,2018-04-01,2019-03-31,-1
2020-01-30,86140,2020-03-31,3,,,,,,,,,,,,,,,,,,,,,,,,,,,,,,,,,87355253,8976195,80975176,false,false,9,2019-04-01,2019-12-31,0
2020-01-30,86140,2019-03-31,3,,,,,,,,,,,,,,,,,,,,,,,,,,,,,,,,,,,82921843,false,false,9,2018-04-01,2018-12-31,-1
,86140,2020-03-31,,,,,,,,,,,,,,,,,,,,,,,,,,,,,,2.00,,,,,,,false,true,12,2019-04-01,2020-03-31,0
,86140,2019-03-31,,,,,,,,,,,,,,,,,,,,,,,,,,,,,,5.00,,,,,,,false,false,12,2018-04-01,2019-03-31,-1
2020-04-15,86140,2020-03-31,,,,,,9697000000,-0.077,-1747000000,,-1148000000,,,-619000000,,,,,,,,,,,,,,,,,,,,,,,,true,true,12,2019-04-01,2020-03-31,0
2020-04-15,86140,2019-03-31,,,,,,10513000000,,-1901000000,,-1152000000,,,-2478000000,,,,,,,,,,,,,,,,,,,,,,,,true,false,12,2018-04-01,2019-03-31,-1
2020-04-15,86140,2020-03-31,,,,,,9589000000,-0.077,-1582000000,,-964000000,,-434000000,,,,,,,,,,,,,,,,,,,,,,,,,false,true,12,2019-04-01,2020-03-31,0
2020-04-15,86140,2019-03-31,,,,,,10396000000,,-1711000000,,-931000000,,-2223000000,,,,,,,,,,,,,,,,,,,,,,,,,false,false,12,2018-04-01,2019-03-31,-1
2020-04-28,86140,2020-03-31,,,,,,9697000000,-0.077,-1747000000,,-1148000000,,,-619000000,,-7.70,,-0.016,-0.016,,,71666000000,35158000000,0.490,448.57,35158000000,4271000000,2417000000,-957000000,21566000000,,,,,,,,true,false,12,2019-04-01,2020-03-31,0
2020-04-28,86140,2019-03-31,,,,,,10513000000,-0.333,-1901000000,,-1152000000,,,-2478000000,,-29.88,,-0.061,-0.014,,,71014000000,38477000000,0.536,459.24,38129000000,2953000000,-2424000000,-773000000,16075000000,,,,,,,,true,false,12,2018-04-01,2019-03-31,-1
2020-04-28,86140,2020-03-31,,,,,,9589000000,-0.077,-1582000000,,-964000000,,-434000000,,,-5.41,,,,,,67957000000,35603000000,0.523,454.24,35603000000,,,,,2.00,,,,87355253,8976315,80329680,false,false,12,2019-04-01,2020-03-31,0
2020-04-28,86140,2019-03-31,,,,,,10396000000,-0.330,-1711000000,,-931000000,,-2223000000,,,-26.80,,,,,,67532000000,38265000000,0.561,456.69,37918000000,,,,,5.00,,,,87355253,4327617,82947939,false,false,12,2018-04-01,2019-03-31,-1
2020-07-15,86140,2021-03-31,,,,,,2309000000,-0.076,-342000000,,-151000000,,,-146000000,,,,,,,,,,,,,,,,,,,,,,,,true,true,3,2020-04-01,2020-06-30,0
2020-07-15,86140,2020-03-31,,,,,,2502000000,,-333000000,,-98000000,,,14000000,,,,,,,,,,,,,,,,,,,,,,,,true,false,3,2019-04-01,2019-06-30,-1
2020-07-30,86140,2021-03-31,1,,,,,2309000000,-0.076,-342000000,,-151000000,,,-146000000,,-1.87,,,,,,81058000000,35793000000,0.441,454.60,35793000000,,,,,,,,,,,,true,false,3,2020-04-01,2020-06-30,0
2020-07-30,86140,2020-03-31,1,,,,,2502000000,-0.232,-333000000,,-98000000,,,14000000,,0.17,0.17,,,,,,,,,,,,,,,,,,,,,true,false,3,2019-04-01,2019-06-30,-1
2020-07-30,86140,2020-03-31,1,,,,,,,,,,,,,,,,,,,,71666000000,35158000000,0.490,448.57,35158000000,,,,,,,,,,,,true,false,12,2019-04-01,2020-03-31,-1
2020-07-30,86140,2020-03-31,1,,,,,,,,,,,,,,,,,,,,,,,,,,,,,2.00,,,,87355253,8976315,,false,false,12,2019-04-01,2020-03-31,-1
2020-07-30,86140,2021-03-31,1,,,,,,,,,,,,,,,,,,,,,,,,,,,,,,,,,87355253,8619306,78437647,false,false,3,2020-04-01,2020-06-30,0
2020-07-30,86140,2020-03-31,1,,,,,,,,,,,,,,,,,,,,,,,,,,,,,,,,,,,83027627,false,false,3,2019-04-01,2019-06-30,-1
2020-10-15,86140,2021-03-31,,,,,,5372000000,0.171,0,,277000000,,,316000000,,,,,,,,,,,,,,,,,,,,,,,,true,true,6,2020-04-01,2020-09-30,0
2020-10-15,86140,2020-03-31,,,,,,4586000000,,-1041000000,,-710000000,,,-608000000,,,,,,,,,,,,,,,,,,,,,,,,true,false,6,2019-04-01,2019-09-30,-1
2020-10-29,86140,2021-03-31,2,,,,,5372000000,0.171,0,,277000000,,,316000000,,4.03,,,,,,84626000000,37025000000,0.437,469.48,37025000000,,,,,,,,,,,,true,false,6,2020-04-01,2020-09-30,0
2020-10-29,86140,2020-03-31,2,,,,,4586000000,-0.259,-1041000000,,-710000000,,,-608000000,,-7.39,,,,,,,,,,,,,,,,,,,,,,true,false,6,2019-04-01,2019-09-30,-1
2020-10-29,86140,2020-03-31,2,,,,,,,,,,,,,,,,,,,,71666000000,35158000000,0.490,448.57,35158000000,,,,,,,,,,,,true,false,12,2019-04-01,2020-03-31,-1
2020-10-29,86140,2020-03-31,2,,,,,,,,,,,,,,,,,,,,,,,,,,,,,2.00,,,,87355253,8976315,,false,false,12,2019-04-01,2020-03-31,-1
2020-10-29,86140,2021-03-31,2,,,,,,,,,,,,,,,,,,,,,,,,,,,,,,,,,87355253,8491911,78638431,false,false,6,2020-04-01,2020-09-30,0
2020-10-29,86140,2020-03-31,2,,,,,,,,,,,,,,,,,,,,,,,,,,,,,,,,,,,82280303,false,false,6,2019-04-01,2019-09-30,-1
2021-01-18,86140,2021-03-31,,,,,,8541000000,0.195,281000000,,723000000,,,692000000,,,,,,,,,,,,,,,,,,,,,,,,true,true,9,2020-04-01,2020-12-31,0
2021-01-18,86140,2020-03-31,,,,,,7144000000,,-1374000000,,-867000000,,,-574000000,,,,,,,,,,,,,,,,,,,,,,,,true,false,9,2019-04-01,2019-12-31,-1
2021-01-28,86140,2021-03-31,3,,,,,8541000000,0.195,281000000,,723000000,,,692000000,,8.79,,,,,,90022000000,37107000000,0.412,470.53,37107000000,,,,,,,,,,,,true,false,9,2020-04-01,2020-12-31,0
2021-01-28,86140,2020-03-31,3,,,,,7144000000,-0.148,-1374000000,,-867000000,,,-574000000,,-7.09,,,,,,,,,,,,,,,,,,,,,,true,false,9,2019-04-01,2019-12-31,-1
2021-01-28,86140,2020-03-31,3,,,,,,,,,,,,,,,,,,,,71666000000,35158000000,0.490,448.57,35158000000,,,,,,,,,,,,true,false,12,2019-04-01,2020-03-31,-1
2021-01-28,86140,2020-03-31,3,,,,,,,,,,,,,,,,,,,,,,,,,,,,,2.00,,,,87355253,8976315,,false,false,12,2019-04-01,2020-03-31,-1
2021-01-28,86140,2021-03-31,3,,,,,,,,,,,,,,,,,,,,,,,,,,,,,,,,,87355253,8492011,78713651,false,false,9,2020-04-01,2020-12-31,0
2021-01-28,86140,2020-03-31,3,,,,,,,,,,,,,,,,,,,,,,,,,,,,,,,,,,,80975176,false,false,9,2019-04-01,2019-12-31,-1
,86140,2021-03-31,,,,,,,,,,,,,,,,,,,,,,,,,,,,,,6.00,,,,,,,false,true,12,2020-04-01,2021-03-31,0
,86140,2020-03-31,,,,,,,,,,,,,,,,,,,,,,,,,,,,,,2.00,,,,,,,false,false,12,2019-04-01,2020-03-31,-1
2021-04-15,86140,2021-03-31,,,,,,11966000000,0.233,643000000,,1130000000,,,937000000,,,,,,,,,,,,,,,,,,,,,,,,true,true,12,2020-04-01,2021-03-31,0
2021-04-15,86140,2020-03-31,,,,,,9697000000,,-1747000000,,-1148000000,,,-619000000,,,,,,,,,,,,,,,,,,,,,,,,true,false,12,2019-04-01,2020-03-31,-1
2021-04-15,86140,2021-03-31,,,,,,11801000000,0.230,717000000,,1194000000,,991000000,,,,,,,,,,,,,,,,,,,,,,,,,false,true,12,2020-04-01,2021-03-31,0
2021-04-15,86140,2020-03-31,,,,,,9589000000,,-1582000000,,-964000000,,-434000000,,,,,,,,,,,,,,,,,,,,,,,,,false,false,12,2019-04-01,2020-03-31,-1
2021-04-28,86140,2021-03-31,,,,,,11966000000,0.233,643000000,,1130000000,,,937000000,,11.90,,0.025,0.014,,,87167000000,38589000000,0.442,489.32,38589000000,2065000000,516000000,7695000000,31932000000,,,,,,,,true,false,12,2020-04-01,2021-03-31,0
2021-04-28,86140,2020-03-31,,,,,,9697000000,-0.077,-1747000000,,-1148000000,,,-619000000,,-7.70,,-0.016,-0.016,,,71666000000,35158000000,0.490,448.57,35158000000,4271000000,2417000000,-957000000,21566000000,,,,,,,,true,false,12,2019-04-01,2020-03-31,-1
2021-04-28,86140,2021-03-31,,,,,,11801000000,0.230,717000000,,1194000000,,991000000,,,12.58,,,,,,83259000000,38283000000,0.459,485.43,38283000000,,,,,6.00,,,,87355253,8492066,78750525,false,false,12,2020-04-01,2021-03-31,0
2021-04-28,86140,2020-03-31,,,,,,9589000000,-0.077,-1582000000,,-964000000,,-434000000,,,-5.41,,,,,,67957000000,35603000000,0.523,454.24,35603000000,,,,,2.00,,,,87355253,8976315,80329680,false,false,12,2019-04-01,2020-03-31,-1
2021-07-15,86140,2022-03-31,,,,,,2946000000,0.275,114000000,,387000000,,,361000000,,,,,,,,,,,,,,,,,,,,,,,,true,true,3,2021-04-01,2021-06-30,0
2021-07-15,86140,2021-03-31,,,,,,2309000000,,-342000000,,-151000000,,,-146000000,,,,,,,,,,,,,,,,,,,,,,,,true,false,3,2020-04-01,2020-06-30,-1
2021-07-29,86140,2022-03-31,1,,,,,2946000000,0.275,114000000,,387000000,,,361000000,,4.58,,,,,,86949000000,38089000000,0.438,482.81,38089000000,,,,,,,,,,,,true,false,3,2021-04-01,2021-06-30,0
2021-07-29,86140,2021-03-31,1,,,,,2309000000,-0.076,-342000000,,-151000000,,,-146000000,,-1.87,,,,,,,,,,,,,,,,,,,,,,true,false,3,2020-04-01,2020-06-30,-1
2021-07-29,86140,2021-03-31,1,,,,,,,,,,,,,,,,,,,,87167000000,38589000000,0.442,489.32,38589000000,,,,,,,,,,,,true,false,12,2020-04-01,2021-03-31,-1
2021-07-29,86140,2021-03-31,1,,,,,,,,,,,,,,,,,,,,,,,,,,,,,6.00,,,,87355253,8492066,,false,false,12,2020-04-01,2021-03-31,-1
2021-07-29,86140,2022-03-31,1,,,,,,,,,,,,,,,,,,,,,,,,,,,,,,,,,87355253,8466444,78865147,false,false,3,2021-04-01,2021-06-30,0
2021-07-29,86140,2021-03-31,1,,,,,,,,,,,,,,,,,,,,,,,,,,,,,,,,,,,78437647,false,false,3,2020-04-01,2020-06-30,-1
2021-10-18,86140,2022-03-31,,,,,,5877000000,0.093,244000000,,689000000,1.488,,613000000,,,,,,,,,,,,,,,,,,,,,,,,true,true,6,2021-04-01,2021-09-30,0
2021-10-18,86140,2021-03-31,,,,,,5372000000,,0,,277000000,,,316000000,,,,,,,,,,,,,,,,,,,,,,,,true,false,6,2020-04-01,2020-09-30,-1
2021-10-28,8614,2022-03-31,2,,,,,5877000000,0.093,244000000,,689000000,1.488,,613000000,,7.78,,,,,,90300000000,38882000000,0.430,492.50,38882000000,,,,,,,,,,,,true,false,6,2021-04-01,2021-09-30,0
2021-10-28,8614,2021-03-31,2,,,,,5372000000,0.171,0,,277000000,,,316000000,,4.03,,,,,,,,,,,,,,,,,,,,,,true,false,6,2020-04-01,2020-09-30,-1
2021-10-28,8614,2021-03-31,2,,,,,,,,,,,,,,,,,,,,87167000000,38589000000,0.442,489.32,38589000000,,,,,,,,,,,,true,false,12,2020-04-01,2021-03-31,-1
2021-10-28,8614,2021-03-31,2,,,,,,,,,,,,,,,,,,,,,,,,,,,,,6.00,,,,87355253,8492066,,false,false,12,2020-04-01,2021-03-31,-1
2021-10-28,8614,2022-03-31,2,,,,,,,,,,,,,,,,,,,,,,,,,,,,,,,,,87355253,8406864,78900855,false,false,6,2021-04-01,2021-09-30,0
2021-10-28,8614,2021-03-31,2,,,,,,,,,,,,,,,,,,,,,,,,,,,,,,,,,,,78638431,false,false,6,2020-04-01,2020-09-30,-1
2022-01-19,86140,2022-03-31,,,,,,8832000000,,381000000,,1029000000,,,913000000,,,,,,,,,,,,,,,,,,,,,,,,true,true,9,2021-04-01,2021-12-31,0
2022-01-19,86140,2021-03-31,,,,,,8541000000,,281000000,,723000000,,,692000000,,,,,,,,,,,,,,,,,,,,,,,,true,false,9,2020-04-01,2020-12-31,-1
2022-01-28,8614,2022-03-31,3,,,,,8822000000,0.032,370000000,0.313,1019000000,0.407,,902000000,,11.44,,,,,,91890000000,38926000000,0.423,493.06,38926000000,,,,,,,,,,,,true,false,9,2021-04-01,2021-12-31,0
2022-01-28,8614,2021-03-31,3,,,,,8541000000,0.195,281000000,,723000000,,,692000000,,8.79,,,,,,,,,,,,,,,,,,,,,,true,false,9,2020-04-01,2020-12-31,-1
2022-01-28,8614,2021-03-31,3,,,,,,,,,,,,,,,,,,,,87167000000,38589000000,0.442,489.32,38589000000,,,,,,,,,,,,true,false,12,2020-04-01,2021-03-31,-1
2022-01-28,8614,2021-03-31,3,,,,,,,,,,,,,,,,,,,,,,,,,,,,,6.00,,,,87355253,8492066,,false,false,12,2020-04-01,2021-03-31,-1
2022-01-28,8614,2022-03-31,3,,,,,,,,,,,,,,,,,,,,,,,,,,,,,,,,,87355253,8406934,78916743,false,false,9,2021-04-01,2021-12-31,0
2022-01-28,8614,2021-03-31,3,,,,,,,,,,,,,,,,,,,,,,,,,,,,,,,,,,,78713651,false,false,9,2020-04-01,2020-12-31,-1
,86140,2022-03-31,,,,,,,,,,,,,,,,,,,,,,,,,,,,,,6.00,,,,,,,false,true,12,2021-04-01,2022-03-31,0
,86140,2021-03-31,,,,,,,,,,,,,,,,,,,,,,,,,,,,,,6.00,,,,,,,false,false,12,2020-04-01,2021-03-31,-1
2022-04-15,86140,2022-03-31,,,,,,10863000000,,-180000000,,579000000,,,875000000,,,,,,,,,,,,,,,,,,,,,,,,true,true,12,2021-04-01,2022-03-31,0
2022-04-15,86140,2021-03-31,,,,,,11966000000,,643000000,,1130000000,,,937000000,,,,,,,,,,,,,,,,,,,,,,,,true,false,12,2020-04-01,2021-03-31,-1
2022-04-15,86140,2022-03-31,,,,,,10720000000,,-84000000,,667000000,,963000000,,,,,,,,,,,,,,,,,,,,,,,,,false,true,12,2021-04-01,2022-03-31,0
2022-04-15,86140,2021-03-31,,,,,,11801000000,,717000000,,1194000000,,991000000,,,,,,,,,,,,,,,,,,,,,,,,,false,false,12,2020-04-01,2021-03-31,-1
2022-04-27,8614,2022-03-31,,,,,,10863000000,-0.092,-180000000,,579000000,-0.487,,875000000,,11.09,,0.022,0.006,,,80374000000,38437000000,0.478,486.86,38437000000,-4071000000,70000000,-495000000,28286000000,,0.540,,,,,,true,false,12,2021-04-01,2022-03-31,0
2022-04-27,8614,2021-03-31,,,,,,11966000000,0.233,643000000,,1130000000,,,937000000,,11.90,,0.025,0.014,,,87167000000,38589000000,0.442,489.32,38589000000,2065000000,516000000,7695000000,31932000000,,0.503,,,,,,true,false,12,2020-04-01,2021-03-31,-1
2022-04-27,8614,2022-03-31,,,,,,10720000000,-0.091,-84000000,,667000000,-0.441,963000000,,-0.027,12.20,,,,,,76122000000,38088000000,0.500,482.44,38088000000,,,,,6.00,,,,87355253,8407029,78924520,false,false,12,2021-04-01,2022-03-31,0
2022-04-27,8614,2021-03-31,,,,,,11801000000,0.230,717000000,,1194000000,,991000000,,,12.58,,,,,,83259000000,38283000000,0.459,485.43,38283000000,,,,,6.00,,,,87355253,8492066,78750525,false,false,12,2020-04-01,2021-03-31,-1
2022-07-15,86140,2023-03-31,,,,,,1968000000,,-693000000,,-522000000,,,-526000000,,,,,,,,,,,,,,,,,,,,,,,,true,true,3,2022-04-01,2022-06-30,0
2022-07-15,86140,2022-03-31,,,,,,2946000000,,114000000,,387000000,,,361000000,,,,,,,,,,,,,,,,,,,,,,,,true,false,3,2021-04-01,2021-06-30,-1
2022-07-28,8614,2023-03-31,1,,,,,1968000000,-0.332,-693000000,,-522000000,,,-526000000,,-6.66,,,,,,80365000000,37120000000,0.461,468.83,37120000000,,,,,,,,,,,,true,false,3,2022-04-01,2022-06-30,0
2022-07-28,8614,2022-03-31,1,,,,,2946000000,0.275,192000000,,387000000,,,361000000,,4.58,,,,,,,,,,,,,,,,,,,,,,true,false,3,2021-04-01,2021-06-30,-1
2022-07-28,8614,2022-03-31,1,,,,,,,,,,,,,,,,,,,,80374000000,38437000000,0.478,486.86,38437000000,,,,,,,,,,,,true,false,12,2021-04-01,2022-03-31,-1
2022-07-28,8614,2022-03-31,1,,,,,,,,,,,,,,,,,,,,,,,,,,,,,6.00,,,,87355253,8407029,,false,false,12,2021-04-01,2022-03-31,-1
2022-07-28,8614,2023-03-31,1,,,,,,,,,,,,,,,,,,,,,,,,,,,,,,,,,87355253,8179956,78952602,false,false,3,2022-04-01,2022-06-30,0
2022-07-28,8614,2022-03-31,1,,,,,,,,,,,,,,,,,,,,,,,,,,,,,,,,,,,78865147,false,false,3,2021-04-01,2021-06-30,-1
2022-10-17,86140,2023-03-31,,,,,,4073000000,,-1236000000,,-1024000000,,,-1060000000,,,,,,,,,,,,,,,,,,,,,,,,true,true,6,2022-04-01,2022-09-30,0
2022-10-17,86140,2022-03-31,,,,,,10863000000,,-180000000,,579000000,,,875000000,,,,,,,,,,,,,,,,,,,,,,,,true,false,6,2021-04-01,2021-09-30,-1
2022-10-28,8614,2023-03-31,2,,,,,4073000000,-0.306,-1236000000,,-1024000000,,,-1060000000,,-13.37,,,,,,80634000000,36644000000,0.454,459.75,36644000000,,,,,,,,,,,,true,false,6,2022-04-01,2022-09-30,0
2022-10-28,8614,2022-03-31,2,,,,,5877000000,0.093,397000000,,689000000,1.488,,613000000,,7.78,,,,,,,,,,,,,,,,,,,,,,true,false,6,2021-04-01,2021-09-30,-1
2022-10-28,8614,2022-03-31,2,,,,,,,,,,,,,,,,,,,,80374000000,38437000000,0.478,486.86,38437000000,,,,,,,,,,,,true,false,12,2021-04-01,2022-03-31,-1
2022-10-28,8614,2022-03-31,2,,,,,,,,,,,,,,,,,,,,,,,,,,,,,6.00,,,,87355253,8407029,,false,false,12,2021-04-01,2022-03-31,-1
2022-10-28,8614,2023-03-31,2,,,,,,,,,,,,,,,,,,,,,,,,,,,,,,,,,87355253,7651702,79275314,false,false,6,2022-04-01,2022-09-30,0
2022-10-28,8614,2022-03-31,2,,,,,,,,,,,,,,,,,,,,,,,,,,,,,,,,,,,78900855,false,false,6,2021-04-01,2021-09-30,-1
2023-01-19,86140,2023-03-31,,,,,,6210000000,,-1661000000,,-1198000000,,,-1234000000,,,,,,,,,,,,,,,,,,,,,,,,true,true,9,2022-04-01,2022-12-31,0
2023-01-19,86140,2022-03-31,,,,,,8832000000,,381000000,,1029000000,,,913000000,,,,,,,,,,,,,,,,,,,,,,,,true,false,9,2021-04-01,2021-12-31,-1
2023-01-30,8614,2023-03-31,3,,,,,6210000000,-0.295,-1661000000,,-1198000000,,,-1234000000,,-15.54,,,,,,78809000000,36465000000,0.462,457.51,36465000000,,,,,,,,,,,,true,false,9,2022-04-01,2022-12-31,0
2023-01-30,8614,2022-03-31,3,,,,,8822000000,0.032,593000000,0.848,1019000000,0.407,,902000000,,11.44,,,,,,,,,,,,,,,,,,,,,,true,false,9,2021-04-01,2021-12-31,-1
2023-01-30,8614,2022-03-31,3,,,,,,,,,,,,,,,,,,,,80374000000,38437000000,0.478,486.86,38437000000,,,,,,,,,,,,true,false,12,2021-04-01,2022-03-31,-1
2023-01-30,8614,2022-03-31,3,,,,,,,,,,,,,,,,,,,,,,,,,,,,,6.00,,,,87355253,8407029,,false,false,12,2021-04-01,2022-03-31,-1
2023-01-30,8614,2023-03-31,3,,,,,,,,,,,,,,,,,,,,,,,,,,,,,,,,,87355253,7652044,79418516,false,false,9,2022-04-01,2022-12-31,0
2023-01-30,8614,2022-03-31,3,,,,,,,,,,,,,,,,,,,,,,,,,,,,,,,,,,,78916743,false,false,9,2021-04-01,2021-12-31,-1
,86140,2023-03-31,,,,,,,,,,,,,,,,,,,,,,,,,,,,,,2.00,,,,,,,false,true,12,2022-04-01,2023-03-31,0
,86140,2022-03-31,,,,,,,,,,,,,,,,,,,,,,,,,,,,,,6.00,,,,,,,false,false,12,2021-04-01,2022-03-31,-1
2023-04-17,86140,2023-03-31,,,,,,8341000000,,-2167000000,,-1660000000,,,-2955000000,,,,,,,,,,,,,,,,,,,,,,,,true,true,12,2022-04-01,2023-03-31,0
2023-04-17,86140,2022-03-31,,,,,,10863000000,,-180000000,,579000000,,,875000000,,,,,,,,,,,,,,,,,,,,,,,,true,false,12,2021-04-01,2022-03-31,-1
2023-04-17,86140,2023-03-31,,,,,,8227000000,,-1978000000,,-1475000000,,-2770000000,,,,,,,,,,,,,,,,,,,,,,,,,false,true,12,2022-04-01,2023-03-31,0
2023-04-17,86140,2022-03-31,,,,,,10720000000,,-84000000,,667000000,,963000000,,,,,,,,,,,,,,,,,,,,,,,,,false,false,12,2021-04-01,2022-03-31,-1
2023-04-27,8614,2023-03-31,,,,,,8341000000,-0.232,-2167000000,,-1660000000,,,-2955000000,,-37.18,,-0.081,-0.022,,,66190000000,34200000000,0.516,429.10,34200000000,-2577000000,78000000,-4651000000,21346000000,,,,,,,,true,false,12,2022-04-01,2023-03-31,0
2023-04-27,8614,2022-03-31,,,,,,10864000000,-0.092,114000000,-0.822,579000000,-0.487,,875000000,,11.09,,0.022,0.006,,,80374000000,38437000000,0.478,486.86,38437000000,-4071000000,70000000,-495000000,28286000000,,0.540,,,,,,true,false,12,2021-04-01,2022-03-31,-1
2023-04-27,8614,2023-03-31,,,,,,8227000000,-0.232,-1978000000,,-1475000000,,-2770000000,,,-34.85,,,,,,61846000000,34124000000,0.551,428.15,34124000000,,,,,2.00,,,,87355253,7652308,79488684,false,false,12,2022-04-01,2023-03-31,0
2023-04-27,8614,2022-03-31,,,,,,10721000000,-0.091,210000000,,667000000,-0.441,963000000,,-0.027,12.20,,,,,,76122000000,38088000000,0.500,482.44,38088000000,,,,,6.00,,,,87355253,8407029,78924520,false,false,12,2021-04-01,2022-03-31,-1
2023-07-18,86140,2024-03-31,,,,,,2763000000,,104000000,,253000000,,,277000000,,,,,,,,,,,,,,,,,,,,,,,,true,true,3,2023-04-01,2023-06-30,0
2023-07-18,86140,2023-03-31,,,,,,1968000000,,-693000000,,-522000000,,,-526000000,,,,,,,,,,,,,,,,,,,,,,,,true,false,3,2022-04-01,2022-06-30,-1
2023-07-27,8614,2024-03-31,1,,,,,2763000000,0.404,104000000,,253000000,,,277000000,,3.48,,,,,,76944000000,35178000000,0.457,441.16,35178000000,,,,,,,,,,,,true,false,3,2023-04-01,2023-06-30,0
2023-07-27,8614,2023-03-31,1,,,,,1968000000,-0.332,-693000000,,-522000000,,,-526000000,,-6.66,,,,,,,,,,,,,,,,,,,,,,true,false,3,2022-04-01,2022-06-30,-1
2023-07-27,8614,2023-03-31,1,,,,,,,,,,,,,,,,,,,,66190000000,34200000000,0.516,429.10,34200000000,,,,,,,,,,,,true,false,12,2022-04-01,2023-03-31,-1
2023-07-27,8614,2023-03-31,1,,,,,,,,,,,,,,,,,,,,,,,,,,,,,2.00,,,,87355253,7652308,,false,false,12,2022-04-01,2023-03-31,-1
2023-07-27,8614,2024-03-31,1,,,,,,,,,,,,,,,,,,,,,,,,,,,,,,,,,87355253,7615303,79704030,false,false,3,2023-04-01,2023-06-30,0
2023-07-27,8614,2023-03-31,1,,,,,,,,,,,,,,,,,,,,,,,,,,,,,,,,,,,78952602,false,false,3,2022-04-01,2022-06-30,-1
2023-10-18,86140,2024-03-31,,,,,,5709000000,,370000000,,551000000,,,472000000,,,,,,,,,,,,,,,,,,,,,,,,true,true,6,2023-04-01,2023-09-30,0
2023-10-18,86140,2023-03-31,,,,,,4073000000,,-1236000000,,-1024000000,,,-1060000000,,,,,,,,,,,,,,,,,,,,,,,,true,false,6,2022-04-01,2022-09-30,-1
2023-10-30,8614,2024-03-31,2,,,,,5709000000,0.401,370000000,,551000000,,,472000000,,5.92,,,,,,76679000000,35832000000,0.467,448.88,35832000000,,,,,,,,,,,,true,false,6,2023-04-01,2023-09-30,0
2023-10-30,8614,2023-03-31,2,,,,,4073000000,-0.306,-1236000000,,-1024000000,,,-1060000000,,-13.37,,,,,,,,,,,,,,,,,,,,,,true,false,6,2022-04-01,2022-09-30,-1
2023-10-30,8614,2023-03-31,2,,,,,,,,,,,,,,,,,,,,66190000000,34200000000,0.516,429.10,34200000000,,,,,,,,,,,,true,false,12,2022-04-01,2023-03-31,-1
2023-10-30,8614,2023-03-31,2,,,,,,,,,,,,,,,,,,,,,,,,,,,,,2.00,,,,87355253,7652308,,false,false,12,2022-04-01,2023-03-31,-1
2023-10-30,8614,2024-03-31,2,,,,,,,,,,,,,,,,,,,,,,,,,,,,,,,,,87355253,7528774,79756644,false,false,6,2023-04-01,2023-09-30,0
2023-10-30,8614,2023-03-31,2,,,,,,,,,,,,,,,,,,,,,,,,,,,,,,,,,,,79275314,false,false,6,2022-04-01,2022-09-30,-1
2024-01-22,86140,2024-03-31,,,,,,8428000000,0.357,474000000,,763000000,,,695000000,,,,,,,,,,,,,,,,,,,,,,,,true,true,9,2023-04-01,2023-12-31,0
2024-01-22,86140,2023-03-31,,,,,,6210000000,,-1661000000,,-1198000000,,,-1234000000,,,,,,,,,,,,,,,,,,,,,,,,true,false,9,2022-04-01,2022-12-31,-1
2024-01-29,86140,2024-03-31,3,,,,,8428000000,0.357,474000000,,763000000,,,695000000,,8.72,,,,,,78233000000,36239000000,0.463,453.97,36239000000,,,,,,,,,,,,true,false,9,2023-04-01,2023-12-31,0
2024-01-29,86140,2023-03-31,3,,,,,6210000000,-0.295,-1661000000,,-1198000000,,,-1234000000,,-15.54,,,,,,,,,,,,,,,,,,,,,,true,false,9,2022-04-01,2022-12-31,-1
2024-01-29,86140,2023-03-31,3,,,,,,,,,,,,,,,,,,,,66190000000,34200000000,0.516,429.10,34200000000,,,,,,,,,,,,true,false,12,2022-04-01,2023-03-31,-1
2024-01-29,86140,2023-03-31,3,,,,,,,,,,,,,,,,,,,,,,,,,,,,,2.00,,,,87355253,7652308,,false,false,12,2022-04-01,2023-03-31,-1
2024-01-29,86140,2024-03-31,3,,,,,,,,,,,,,,,,,,,,,,,,,,,,,,,,,87355253,7528939,79779981,false,false,9,2023-04-01,2023-12-31,0
2024-01-29,86140,2023-03-31,3,,,,,,,,,,,,,,,,,,,,,,,,,,,,,,,,,,,79418516,false,false,9,2022-04-01,2022-12-31,-1
,86140,2024-03-31,,,,,,,,,,,,,,,,,,,,,,,,,,,,,,10.00,,,,,,,false,true,12,2023-04-01,2024-03-31,0
,86140,2023-03-31,,,,,,,,,,,,,,,,,,,,,,,,,,,,,,2.00,,,,,,,false,false,12,2022-04-01,2023-03-31,-1
2024-04-17,86140,2024-03-31,,,,,,12023000000,0.441,1153000000,,1437000000,,,1305000000,,,,,,,,,,,,,,,,,,,,,,,,true,true,12,2023-04-01,2024-03-31,0
2024-04-17,86140,2023-03-31,,,,,,8341000000,,-2167000000,,-1660000000,,,-2955000000,,,,,,,,,,,,,,,,,,,,,,,,true,false,12,2022-04-01,2023-03-31,-1
2024-04-17,86140,2024-03-31,,,,,,11850000000,0.440,1311000000,,1586000000,,1455000000,,,,,,,,,,,,,,,,,,,,,,,,,false,true,12,2023-04-01,2024-03-31,0
2024-04-17,86140,2023-03-31,,,,,,8227000000,,-1978000000,,-1475000000,,-2770000000,,,,,,,,,,,,,,,,,,,,,,,,,false,false,12,2022-04-01,2023-03-31,-1
2024-04-26,86140,2024-03-31,,,,,,12023000000,0.441,1153000000,,1437000000,,,1305000000,,16.36,,0.035,0.019,,,80750000000,39404000000,0.487,493.63,39404000000,3491000000,1506000000,-2105000000,24566000000,,0.611,,,,,,true,false,12,2023-04-01,2024-03-31,0
2024-04-26,86140,2023-03-31,,,,,,8341000000,-0.232,-2167000000,,-1660000000,,,-2955000000,,-37.18,,-0.081,-0.022,,,66190000000,34200000000,0.516,429.10,34200000000,-2577000000,78000000,-4651000000,21346000000,,,,,,,,true,false,12,2022-04-01,2023-03-31,-1
2024-04-26,86140,2024-03-31,,,,,,11850000000,0.440,1311000000,,1586000000,,1455000000,,,18.23,,,,,,73567000000,38533000000,0.523,482.71,38533000000,,,,,10.00,,,,87355253,7529227,79791482,false,false,12,2023-04-01,2024-03-31,0
2024-04-26,86140,2023-03-31,,,,,,8227000000,-0.232,-1978000000,,-1475000000,,-2770000000,,,-34.85,,,,,,61846000000,34124000000,0.551,428.15,34124000000,,,,,2.00,,,,87355253,7652308,79488684,false,false,12,2022-04-01,2023-03-31,-1
2024-07-18,86140,2025-03-31,,,,,,2943000000,,173000000,,335000000,,,169000000,,,,,,,,,,,,,,,,,,,,,,,,true,true,3,2024-04-01,2024-06-30,0
2024-07-18,86140,2024-03-31,,,,,,2763000000,,104000000,,253000000,,,277000000,,,,,,,,,,,,,,,,,,,,,,,,true,false,3,2023-04-01,2023-06-30,-1
2024-07-31,86140,2025-03-31,1,,,,,2943000000,0.065,173000000,0.653,335000000,0.325,,169000000,,2.12,,,,,,84217000000,38330000000,0.455,479.25,38330000000,,,,,,,,,,,,true,false,3,2024-04-01,2024-06-30,0
2024-07-31,86140,2024-03-31,1,,,,,2763000000,0.404,104000000,,253000000,,,277000000,,3.48,,,,,,,,,,,,,,,,,,,,,,true,false,3,2023-04-01,2023-06-30,-1
2024-07-31,86140,2024-03-31,1,,,,,,,,,,,,,,,,,,,,80750000000,39404000000,0.487,493.63,39404000000,,,,,,,,,,,,true,false,12,2023-04-01,2024-03-31,-1
2024-07-31,86140,2024-03-31,1,,,,,,,,,,,,,,,,,,,,,,,,,,,,,10.00,,,,87355253,7529227,,false,false,12,2023-04-01,2024-03-31,-1
2024-07-31,86140,2025-03-31,1,,,,,,,,,,,,,,,,,,,,,,,,,,,,,,,,,87355253,7375568,79833597,false,false,3,2024-04-01,2024-06-30,0
2024-07-31,86140,2024-03-31,1,,,,,,,,,,,,,,,,,,,,,,,,,,,,,,,,,,,79704030,false,false,3,2023-04-01,2023-06-30,-1
2024-10-18,86140,2025-03-31,,,,,,5557000000,,233000000,,437000000,,,1419000000,,,,,,,,,,,,,,,,,,,,,,,,true,true,6,2024-04-01,2024-09-30,0
2024-10-18,86140,2024-03-31,,,,,,5709000000,,370000000,,551000000,,,472000000,,,,,,,,,,,,,,,,,,,,,,,,true,false,6,2023-04-01,2023-09-30,-1
2024-10-30,86140,2025-03-31,2,,,,,5557000000,-0.026,233000000,-0.370,437000000,-0.206,,1419000000,,17.67,,,,,,80034000000,38423000000,0.480,473.87,38423000000,,,,,,,,,,,,true,false,6,2024-04-01,2024-09-30,0
2024-10-30,86140,2024-03-31,2,,,,,5709000000,0.401,370000000,,551000000,,,472000000,,5.92,,,,,,,,,,,,,,,,,,,,,,true,false,6,2023-04-01,2023-09-30,-1
2024-10-30,86140,2024-03-31,2,,,,,,,,,,,,,,,,,,,,80750000000,39404000000,0.487,493.63,39404000000,,,,,,,,,,,,true,false,12,2023-04-01,2024-03-31,-1
2024-10-30,86140,2024-03-31,2,,,,,,,,,,,,,,,,,,,,,,,,,,,,,10.00,,,,87355253,7529227,,false,false,12,2023-04-01,2024-03-31,-1
2024-10-30,86140,2025-03-31,2,,,,,,,,,,,,,,,,,,,,,,,,,,,,,0.00,,,,,,,false,false,12,2024-04-01,2025-03-31,0
2024-10-30,86140,2025-03-31,2,,,,,,,,,,,,,,,,,,,,,,,,,,,,,,,,,87355253,6273221,80294964,false,false,6,2024-04-01,2024-09-30,0
2024-10-30,86140,2024-03-31,2,,,,,,,,,,,,,,,,,,,,,,,,,,,,,,,,,,,79756644,false,false,6,2023-04-01,2023-09-30,-1
2025-01-22,86140,2025-03-31,,,,,,8587000000,,586000000,,900000000,,,1577000000,,,,,,,,,,,,,,,,,,,,,,,,true,true,9,2024-04-01,2024-12-31,0
2025-01-22,86140,2024-03-31,,,,,,8428000000,,474000000,,763000000,,,695000000,,,,,,,,,,,,,,,,,,,,,,,,true,false,9,2023-04-01,2023-12-31,-1
2025-01-30,86140,2025-03-31,3,,,,,8587000000,0.018,586000000,0.235,900000000,0.179,,1577000000,,19.72,,,,,,81373000000,30589000000,0.375,450.48,30589000000,,,,,,,,,,,,true,false,9,2024-04-01,2024-12-31,0
2025-01-30,86140,2024-03-31,3,,,,,8428000000,0.357,474000000,,763000000,,,695000000,,8.72,,,,,,,,,,,,,,,,,,,,,,true,false,9,2023-04-01,2023-12-31,-1
2025-01-30,86140,2024-03-31,3,,,,,,,,,,,,,,,,,,,,80750000000,39404000000,0.487,493.63,39404000000,,,,,,,,,,,,true,false,12,2023-04-01,2024-03-31,-1
2025-01-30,86140,2024-03-31,3,,,,,,,,,,,,,,,,,,,,,,,,,,,,,10.00,,,,87355253,7529227,,false,false,12,2023-04-01,2024-03-31,-1
2025-01-30,86140,2025-03-31,3,,,,,,,,,,,,,,,,,,,,,,,,,,,,,,,,,87355253,19452791,79983156,false,false,9,2024-04-01,2024-12-31,0
2025-01-30,86140,2024-03-31,3,,,,,,,,,,,,,,,,,,,,,,,,,,,,,,,,,,,79779981,false,false,9,2023-04-01,2023-12-31,-1
,86140,2025-03-31,,,,,,,,,,,,,,,,,,,,,,,,,,,,,,50.00,,,,,,,false,true,12,2024-04-01,2025-03-31,0
,86140,2024-03-31,,,,,,,,,,,,,,,,,,,,,,,,,,,,,,10.00,,,,,,,false,false,12,2023-04-01,2024-03-31,-1
2025-04-17,86140,2025-03-31,,,,,,11289000000,-0.061,694000000,-0.398,1036000000,-0.278,,2653000000,,,,,,,,,,,,,,,,,,,,,,,,true,true,12,2024-04-01,2025-03-31,0
2025-04-17,86140,2024-03-31,,,,,,12023000000,,1153000000,,1437000000,,,1305000000,,,,,,,,,,,,,,,,,,,,,,,,true,false,12,2023-04-01,2024-03-31,-1
2025-04-17,86140,2025-03-31,,,,,,11037000000,-0.068,720000000,-0.450,1055000000,-0.334,2672000000,,0.836,,,,,,,,,,,,,,,,,,,,,,,false,true,12,2024-04-01,2025-03-31,0
2025-04-17,86140,2024-03-31,,,,,,11850000000,,1311000000,,1586000000,,1455000000,,,,,,,,,,,,,,,,,,,,,,,,,false,false,12,2023-04-01,2024-03-31,-1
2025-04-28,86140,2025-03-31,,,,,,11289000000,-0.061,694000000,-0.398,1036000000,-0.278,,2653000000,,34.45,,0.076,0.013,,,69387000000,30122000000,0.434,443.61,30122000000,853000000,2295000000,-5460000000,22181000000,,1.451,,,,,,true,false,12,2024-04-01,2025-03-31,0
2025-04-28,86140,2024-03-31,,,,,,12023000000,0.441,1153000000,,1437000000,,,1305000000,,16.36,,0.035,0.019,,,80750000000,39404000000,0.487,493.63,39404000000,3491000000,1506000000,-2105000000,24566000000,,0.611,,,,,,true,false,12,2023-04-01,2024-03-31,-1
2025-04-28,86140,2025-03-31,,,,,,11037000000,-0.068,720000000,-0.450,1055000000,-0.334,2672000000,,0.836,34.70,,,,,,63503000000,29709000000,0.467,437.53,29709000000,,,,,50.00,,,,73877569,5975172,77004341,false,false,12,2024-04-01,2025-03-31,0
2025-04-28,86140,2024-03-31,,,,,,11850000000,0.440,1311000000,,1586000000,,1455000000,,,18.23,,,,,,73567000000,38533000000,0.523,482.71,38533000000,,,,,10.00,,,,87355253,7529227,79791482,false,false,12,2023-04-01,2024-03-31,-1
2025-07-18,86140,2026-03-31,,,,,,2816000000,,143000000,,268000000,,,360000000,,,,,,,,,,,,,,,,,,,,,,,,true,true,3,2025-04-01,2025-06-30,0
2025-07-18,86140,2025-03-31,,,,,,2943000000,,173000000,,335000000,,,169000000,,,,,,,,,,,,,,,,,,,,,,,,true,false,3,2024-04-01,2024-06-30,-1
