filing_date,code,fiscal_year_end,quarterly_period,net_sales,net_sales_change,revenue,revenue_change,operating_revenue,operating_revenue_change,operating_profit,operating_profit_change,ordinary_profit,ordinary_profit_change,net_income,net_income_of_parent,net_income_change,eps,diluted_eps,roe,roa,operating_profit_to_net_sales,operating_profit_to_revenue,total_assets,net_assets,equity_ratio,bps,owner_equity,operating_cash_flow,investing_cash_flow,financing_cash_flow,cash,dividend_per_share,payout_ratio,commemorative_dividend,extra_dividend,number_of_shares,number_of_treqsury_shares,avg_number_of_shares,is_consolidated,is_forecast,duration,period_start,period_end,period_pos
2015-07-30,86240,2016-03-31,1,,,,,5811000000,0.143,1160000000,0.211,1208000000,0.218,,817000000,,18.54,18.50,,,,,53677000000,33713000000,0.624,,33508000000,,,,,,,,,,,,true,false,3,2015-04-01,2015-06-30,0
2015-07-30,86240,2015-03-31,1,,,,,5082000000,-0.336,958000000,-0.723,992000000,-0.715,,907000000,,20.84,20.68,,,,,,,,,,,,,,,,,,,,,true,false,3,2014-04-01,2014-06-30,-1
2015-07-30,86240,2015-03-31,1,,,,,,,,,,,,,,,,,,,,48242000000,33690000000,0.694,,33498000000,,,,,,,,,,,,true,false,12,2014-04-01,2015-03-31,-1
2015-07-30,86240,2015-03-31,1,,,,,,,,,,,,,,,,,,,,,,,,,,,,,40.00,,,,44431386,354716,,false,false,12,2014-04-01,2015-03-31,-1
2015-07-30,86240,2016-03-31,1,,,,,,,,,,,,,,,,,,,,,,,,,,,,,,,,,44431386,342116,44080899,false,false,3,2015-04-01,2015-06-30,0
2015-07-30,86240,2015-03-31,1,,,,,,,,,,,,,,,,,,,,,,,,,,,,,,,,,,,43523247,false,false,3,2014-04-01,2014-06-30,-1
,86240,2016-03-31,,,,,,,,,,,,,,,,,,,,,,,,,,,,,,26.00,,,,,,,false,true,12,2015-04-01,2016-03-31,0
,86240,2015-03-31,,,,,,,,,,,,,,,,,,,,,,,,,,,,,,40.00,,,,,,,false,false,12,2014-04-01,2015-03-31,-1
2015-10-16,86240,2016-03-31,,,,,,11225000000,,2116000000,,2215000000,,,1492000000,,33.89,,,,,,,,,,,,,,,,,,,,,,true,true,6,2015-04-01,2015-09-30,0
2015-10-16,86240,2015-03-31,,,,,,9845000000,,1621000000,,1689000000,,,1826000000,,41.94,,,,,,,,,,,,,,,,,,,,,,true,false,6,2014-04-01,2014-09-30,-1
2015-10-29,86240,2016-03-31,2,,,,,11225000000,0.140,2116000000,0.306,2215000000,0.312,,1492000000,,33.89,33.83,,,,,60317000000,33842000000,0.557,,33612000000,,,,,,,,,,,,true,false,6,2015-04-01,2015-09-30,0
2015-10-29,86240,2015-03-31,2,,,,,9845000000,-0.255,1621000000,-0.679,1689000000,-0.669,,1826000000,,41.94,41.62,,,,,,,,,,,,,,,,,,,,,true,false,6,2014-04-01,2014-09-30,-1
2015-10-29,86240,2015-03-31,2,,,,,,,,,,,,,,,,,,,,48242000000,33690000000,0.694,,33498000000,,,,,,,,,,,,true,false,12,2014-04-01,2015-03-31,-1
2015-10-29,86240,2015-03-31,2,,,,,,,,,,,,,,,,,,,,,,,,,,,,,40.00,,,,44431386,354716,,false,false,12,2014-04-01,2015-03-31,-1
2015-10-29,86240,2016-03-31,2,,,,,,,,,,,,,,,,,,,,,,,,,,,,,27.00,,,,,,,false,false,12,2015-04-01,2016-03-31,0
2015-10-29,86240,2016-03-31,2,,,,,,,,,,,,,,,,,,,,,,,,,,,,,,,,,44431386,823056,44027389,false,false,6,2015-04-01,2015-09-30,0
2015-10-29,86240,2015-03-31,2,,,,,,,,,,,,,,,,,,,,,,,,,,,,,,,,,,,43562607,false,false,6,2014-04-01,2014-09-30,-1
2016-01-28,86240,2016-03-31,3,,,,,16933000000,0.128,3271000000,0.309,3386000000,0.305,,2223000000,,50.66,50.57,,,,,55182000000,33443000000,0.602,,33195000000,,,,,,,,,,,,true,false,9,2015-04-01,2015-12-31,0
2016-01-28,86240,2015-03-31,3,,,,,15017000000,-0.232,2498000000,-0.656,2594000000,-0.647,,2584000000,,59.22,58.78,,,,,,,,,,,,,,,,,,,,,true,false,9,2014-04-01,2014-12-31,-1
2016-01-28,86240,2015-03-31,3,,,,,,,,,,,,,,,,,,,,48242000000,33690000000,0.694,,33498000000,,,,,,,,,,,,true,false,12,2014-04-01,2015-03-31,-1
2016-01-28,86240,2015-03-31,3,,,,,,,,,,,,,,,,,,,,,,,,,,,,,40.00,,,,44431386,354716,,false,false,12,2014-04-01,2015-03-31,-1
2016-01-28,86240,2016-03-31,3,,,,,,,,,,,,,,,,,,,,,,,,,,,,,27.00,,,,,,,false,false,12,2015-04-01,2016-03-31,0
2016-01-28,86240,2016-03-31,3,,,,,,,,,,,,,,,,,,,,,,,,,,,,,,,,,44431386,818880,43887847,false,false,9,2015-04-01,2015-12-31,0
2016-01-28,86240,2015-03-31,3,,,,,,,,,,,,,,,,,,,,,,,,,,,,,,,,,,,43646429,false,false,9,2014-04-01,2014-12-31,-1
,86240,2016-03-31,,,,,,,,,,,,,,,,,,,,,,,,,,,,,,53.00,,,,,,,false,true,12,2015-04-01,2016-03-31,0
,86240,2016-03-31,,,,,,,,,,,,,,,,,,,,,,,,,,,,,,27.00,,,,,,,false,false,12,2015-04-01,2016-03-31,0
,86240,2015-03-31,,,,,,,,,,,,,,,,,,,,,,,,,,,,,,40.00,,,,,,,false,false,12,2014-04-01,2015-03-31,-1
2016-04-19,86240,2016-03-31,,,,,,21846000000,,3695000000,,3813000000,,,2580000000,,58.88,,,,,,,,,,,,,,,,,,,,,,true,true,12,2015-04-01,2016-03-31,0
2016-04-19,86240,2015-03-31,,,,,,20413000000,,3539000000,,3711000000,,,3389000000,,77.52,,,,,,,,,,,,,,,,,,,,,,true,false,12,2014-04-01,2015-03-31,-1
2016-04-19,86240,2016-03-31,,,,,,19596000000,,3209000000,,3324000000,,2273000000,,,51.88,,,,,,,,,,,,,,,,,,,,,,false,true,12,2015-04-01,2016-03-31,0
2016-04-19,86240,2015-03-31,,,,,,18474000000,,3182000000,,3346000000,,3071000000,,,70.25,,,,,,,,,,,,,,,,,,,,,,false,false,12,2014-04-01,2015-03-31,-1
2016-04-28,86240,2016-03-31,,,,,,21846000000,0.070,3695000000,0.044,3813000000,0.027,,2580000000,,58.88,58.77,0.077,0.080,,,46593000000,33560000000,0.715,763.66,33313000000,3980000000,307000000,-2549000000,15675000000,,0.900,,,,,,true,false,12,2015-04-01,2016-03-31,0
2016-04-28,86240,2015-03-31,,,,,,20413000000,-0.191,3539000000,-0.599,3711000000,-0.587,,3389000000,,77.52,77.00,0.103,0.077,,,48242000000,33690000000,0.694,760.01,33498000000,1420000000,887000000,-1972000000,13963000000,,0.516,,,,,,true,false,12,2014-04-01,2015-03-31,-1
2016-04-28,86240,2016-03-31,,,,,,19596000000,0.061,3209000000,0.009,3324000000,-0.007,2273000000,,-0.260,51.88,51.79,0.070,,,,44889000000,32407000000,0.718,738.33,32208000000,,,,,53.00,,,,44431386,807868,43820360,false,false,12,2015-04-01,2016-03-31,0
2016-04-28,86240,2015-03-31,,,,,,18474000000,-0.219,3182000000,-0.633,3346000000,-0.621,3071000000,,-0.623,70.25,69.79,0.095,,,,46696000000,32693000000,0.697,738.54,32552000000,,,,,40.00,,,,44431386,354716,43723181,false,false,12,2014-04-01,2015-03-31,-1
2016-07-28,86240,2017-03-31,1,,,,,5273000000,-0.092,798000000,-0.312,821000000,-0.320,,552000000,,12.79,12.77,,,,,45423000000,32412000000,0.708,,32159000000,,,,,,,,,,,,true,false,3,2016-04-01,2016-06-30,0
2016-07-28,86240,2016-03-31,1,,,,,5811000000,0.143,1160000000,0.211,1208000000,0.218,,817000000,,18.54,18.50,,,,,,,,,,,,,,,,,,,,,true,false,3,2015-04-01,2015-06-30,-1
2016-07-28,86240,2016-03-31,1,,,,,,,,,,,,,,,,,,,,46593000000,33560000000,0.715,,33313000000,,,,,,,,,,,,true,false,12,2015-04-01,2016-03-31,-1
2016-07-28,86240,2016-03-31,1,,,,,,,,,,,,,,,,,,,,,,,,,,,,,53.00,,,,44431386,807868,,false,false,12,2015-04-01,2016-03-31,-1
2016-07-28,86240,2017-03-31,1,,,,,,,,,,,,,,,,,,,,,,,,,,,,,,,,,44431386,1307368,43211107,false,false,3,2016-04-01,2016-06-30,0
2016-07-28,86240,2016-03-31,1,,,,,,,,,,,,,,,,,,,,,,,,,,,,,,,,,,,44080899,false,false,3,2015-04-01,2015-06-30,-1
,86240,2017-03-31,,,,,,,,,,,,,,,,,,,,,,,,,,,,,,15.00,,,,,,,false,true,12,2016-04-01,2017-03-31,0
,86240,2016-03-31,,,,,,,,,,,,,,,,,,,,,,,,,,,,,,53.00,,,,,,,false,false,12,2015-04-01,2016-03-31,-1
2016-10-18,86240,2017-03-31,,,,,,10046000000,,1281000000,,1312000000,,,1018000000,,23.60,,,,,,,,,,,,,,,,,,,,,,true,true,6,2016-04-01,2016-09-30,0
2016-10-18,86240,2016-03-31,,,,,,11225000000,,2116000000,,2215000000,,,1492000000,,33.89,,,,,,,,,,,,,,,,,,,,,,true,false,6,2015-04-01,2015-09-30,-1
2016-10-28,86240,2017-03-31,2,,,,,10046000000,-0.105,1281000000,-0.395,1312000000,-0.408,,1018000000,,23.60,23.57,,,,,47977000000,32654000000,0.675,,32389000000,,,,,,,,,,,,true,false,6,2016-04-01,2016-09-30,0
2016-10-28,86240,2016-03-31,2,,,,,11225000000,0.140,2116000000,0.306,2215000000,0.312,,1492000000,,33.89,33.83,,,,,,,,,,,,,,,,,,,,,true,false,6,2015-04-01,2015-09-30,-1
2016-10-28,86240,2016-03-31,2,,,,,,,,,,,,,,,,,,,,46593000000,33560000000,0.715,,33313000000,,,,,,,,,,,,true,false,12,2015-04-01,2016-03-31,-1
2016-10-28,86240,2016-03-31,2,,,,,,,,,,,,,,,,,,,,,,,,,,,,,53.00,,,,44431386,807868,,false,false,12,2015-04-01,2016-03-31,-1
2016-10-28,86240,2017-03-31,2,,,,,,,,,,,,,,,,,,,,,,,,,,,,,15.00,,,,,,,false,false,12,2016-04-01,2017-03-31,0
2016-10-28,86240,2017-03-31,2,,,,,,,,,,,,,,,,,,,,,,,,,,,,,,,,,44431386,1552868,43149662,false,false,6,2016-04-01,2016-09-30,0
2016-10-28,86240,2016-03-31,2,,,,,,,,,,,,,,,,,,,,,,,,,,,,,,,,,,,44027389,false,false,6,2015-04-01,2015-09-30,-1
2017-01-30,86240,2017-03-31,3,,,,,15100000000,-0.108,1936000000,-0.408,1993000000,-0.411,,1451000000,,33.77,33.73,,,,,50089000000,32330000000,0.640,,32052000000,,,,,,,,,,,,true,false,9,2016-04-01,2016-12-31,0
2017-01-30,86240,2016-03-31,3,,,,,16933000000,0.128,3271000000,0.309,3386000000,0.305,,2223000000,,50.66,50.57,,,,,,,,,,,,,,,,,,,,,true,false,9,2015-04-01,2015-12-31,-1
2017-01-30,86240,2016-03-31,3,,,,,,,,,,,,,,,,,,,,46593000000,33560000000,0.715,,33313000000,,,,,,,,,,,,true,false,12,2015-04-01,2016-03-31,-1
2017-01-30,86240,2016-03-31,3,,,,,,,,,,,,,,,,,,,,,,,,,,,,,53.00,,,,44431386,807868,,false,false,12,2015-04-01,2016-03-31,-1
2017-01-30,86240,2017-03-31,3,,,,,,,,,,,,,,,,,,,,,,,,,,,,,15.00,,,,,,,false,false,12,2016-04-01,2017-03-31,0
2017-01-30,86240,2017-03-31,3,,,,,,,,,,,,,,,,,,,,,,,,,,,,,,,,,44431386,1800768,42989008,false,false,9,2016-04-01,2016-12-31,0
2017-01-30,86240,2016-03-31,3,,,,,,,,,,,,,,,,,,,,,,,,,,,,,,,,,,,43887847,false,false,9,2015-04-01,2015-12-31,-1
,86240,2017-03-31,,,,,,,,,,,,,,,,,,,,,,,,,,,,,,31.00,,,,,,,false,true,12,2016-04-01,2017-03-31,0
,86240,2017-03-31,,,,,,,,,,,,,,,,,,,,,,,,,,,,,,15.00,,,,,,,false,false,12,2016-04-01,2017-03-31,0
,86240,2016-03-31,,,,,,,,,,,,,,,,,,,,,,,,,,,,,,53.00,,,,,,,false,false,12,2015-04-01,2016-03-31,-1
2017-04-18,86240,2017-03-31,,,,,,20714000000,-0.052,2994000000,-0.190,3077000000,-0.193,,2183000000,,50.89,,,,,,,,,,,,,,,,,,,,,,true,true,12,2016-04-01,2017-03-31,0
2017-04-18,86240,2016-03-31,,,,,,21846000000,,3695000000,,3813000000,,,2580000000,,58.88,,,,,,,,,,,,,,,,,,,,,,true,false,12,2015-04-01,2016-03-31,-1
2017-04-18,86240,2017-03-31,,,,,,18497000000,-0.056,2496000000,-0.222,2578000000,-0.224,1848000000,,-0.187,43.09,,,,,,,,,,,,,,,,,,,,,,false,true,12,2016-04-01,2017-03-31,0
2017-04-18,86240,2016-03-31,,,,,,19596000000,,3209000000,,3324000000,,2273000000,,,51.88,,,,,,,,,,,,,,,,,,,,,,false,false,12,2015-04-01,2016-03-31,-1
2017-04-28,86240,2017-03-31,,,,,,20714000000,-0.052,2994000000,-0.190,3077000000,-0.193,,2183000000,,50.89,50.83,0.066,,,,53706000000,33099000000,0.611,769.18,32802000000,4356000000,83000000,-2689000000,17426000000,,0.609,,,,,,true,false,12,2016-04-01,2017-03-31,0
2017-04-28,86240,2016-03-31,,,,,,21846000000,0.070,3695000000,0.044,3813000000,0.027,,2580000000,,58.88,58.77,0.077,,,,46593000000,33560000000,0.715,763.66,33313000000,3980000000,307000000,-2549000000,15675000000,,0.900,,,,,,true,false,12,2015-04-01,2016-03-31,-1
2017-04-28,86240,2017-03-31,,,,,,18497000000,-0.056,2496000000,-0.222,2578000000,-0.224,1848000000,,-0.187,43.09,43.04,0.058,,,,51620000000,31623000000,0.608,736.11,31391000000,,,,,31.00,,,,44431386,1786050,42902287,false,false,12,2016-04-01,2017-03-31,0
2017-04-28,86240,2016-03-31,,,,,,19596000000,0.061,3209000000,0.009,3324000000,-0.007,2273000000,,-0.260,51.88,51.79,0.070,,,,44889000000,32407000000,0.718,738.33,32208000000,,,,,53.00,,,,44431386,807868,43820360,false,false,12,2015-04-01,2016-03-31,-1
2017-07-19,86240,2018-03-31,,,,,,5866000000,,1143000000,,1165000000,,,785000000,,18.43,,,,,,,,,,,,,,,,,,,,,,true,true,3,2017-04-01,2017-06-30,0
2017-07-19,86240,2017-03-31,,,,,,5273000000,,798000000,,821000000,,,552000000,,12.79,,,,,,,,,,,,,,,,,,,,,,true,false,3,2016-04-01,2016-06-30,-1
2017-07-28,86240,2018-03-31,1,,,,,5866000000,0.112,1143000000,0.432,1165000000,0.418,,785000000,,18.43,18.41,,,,,50546000000,33226000000,0.651,,32918000000,,,,,,,,,,,,true,false,3,2017-04-01,2017-06-30,0
2017-07-28,86240,2017-03-31,1,,,,,5273000000,-0.092,798000000,-0.312,821000000,-0.320,,552000000,,12.79,12.77,,,,,,,,,,,,,,,,,,,,,true,false,3,2016-04-01,2016-06-30,-1
2017-07-28,86240,2017-03-31,1,,,,,,,,,,,,,,,,,,,,53706000000,33099000000,0.611,,32802000000,,,,,,,,,,,,true,false,12,2016-04-01,2017-03-31,-1
2017-07-28,86240,2017-03-31,1,,,,,,,,,,,,,,,,,,,,,,,,,,,,,31.00,,,,44431386,1786050,,false,false,12,2016-04-01,2017-03-31,-1
2017-07-28,86240,2018-03-31,1,,,,,,,,,,,,,,,,,,,,,,,,,,,,,,,,,44431386,1781178,42646549,false,false,3,2017-04-01,2017-06-30,0
2017-07-28,86240,2017-03-31,1,,,,,,,,,,,,,,,,,,,,,,,,,,,,,,,,,,,43211107,false,false,3,2016-04-01,2016-06-30,-1
,86240,2018-03-31,,,,,,,,,,,,,,,,,,,,,,,,,,,,,,22.00,,,,,,,false,true,12,2017-04-01,2018-03-31,0
,86240,2017-03-31,,,,,,,,,,,,,,,,,,,,,,,,,,,,,,31.00,,,,,,,false,false,12,2016-04-01,2017-03-31,-1
2017-10-17,86240,2018-03-31,,,,,,12401000000,,2991000000,,3037000000,,,2034000000,,47.71,,,,,,,,,,,,,,,,,,,,,,true,true,6,2017-04-01,2017-09-30,0
2017-10-17,86240,2017-03-31,,,,,,10046000000,,1281000000,,1312000000,,,1018000000,,23.60,,,,,,,,,,,,,,,,,,,,,,true,false,6,2016-04-01,2016-09-30,-1
2017-10-27,86240,2018-03-31,2,,,,,12401000000,0.234,2991000000,1.334,3037000000,1.315,,2034000000,,47.71,47.66,,,,,66485000000,34627000000,0.516,,34339000000,,,,,,,,,,,,true,false,6,2017-04-01,2017-09-30,0
2017-10-27,86240,2017-03-31,2,,,,,10046000000,-0.105,1281000000,-0.395,1312000000,-0.408,,1018000000,,23.60,23.57,,,,,,,,,,,,,,,,,,,,,true,false,6,2016-04-01,2016-09-30,-1
2017-10-27,86240,2017-03-31,2,,,,,,,,,,,,,,,,,,,,53706000000,33099000000,0.611,,32802000000,,,,,,,,,,,,true,false,12,2016-04-01,2017-03-31,-1
2017-10-27,86240,2017-03-31,2,,,,,,,,,,,,,,,,,,,,,,,,,,,,,31.00,,,,44431386,1786050,,false,false,12,2016-04-01,2017-03-31,-1
2017-10-27,86240,2018-03-31,2,,,,,,,,,,,,,,,,,,,,,,,,,,,,,24.00,,,,,,,false,false,12,2017-04-01,2018-03-31,0
2017-10-27,86240,2018-03-31,2,,,,,,,,,,,,,,,,,,,,,,,,,,,,,,,,,44431386,1752881,42653345,false,false,6,2017-04-01,2017-09-30,0
2017-10-27,86240,2017-03-31,2,,,,,,,,,,,,,,,,,,,,,,,,,,,,,,,,,,,43149662,false,false,6,2016-04-01,2016-09-30,-1
2018-01-19,86240,2018-03-31,,,,,,19750000000,,5238000000,,5333000000,,,3618000000,,84.79,,,,,,,,,,,,,,,,,,,,,,true,true,9,2017-04-01,2017-12-31,0
2018-01-19,86240,2017-03-31,,,,,,15100000000,,1936000000,,1993000000,,,1451000000,,33.77,,,,,,,,,,,,,,,,,,,,,,true,false,9,2016-04-01,2016-12-31,-1
2018-01-30,86240,2018-03-31,3,,,,,19750000000,0.308,5238000000,1.705,5333000000,1.676,,3618000000,,84.79,84.65,,,,,59008000000,35249000000,0.592,,34951000000,,,,,,,,,,,,true,false,9,2017-04-01,2017-12-31,0
2018-01-30,86240,2017-03-31,3,,,,,15100000000,-0.108,1936000000,-0.408,1993000000,-0.411,,1451000000,,33.77,33.73,,,,,,,,,,,,,,,,,,,,,true,false,9,2016-04-01,2016-12-31,-1
2018-01-30,86240,2017-03-31,3,,,,,,,,,,,,,,,,,,,,53706000000,33099000000,0.611,,32802000000,,,,,,,,,,,,true,false,12,2016-04-01,2017-03-31,-1
2018-01-30,86240,2017-03-31,3,,,,,,,,,,,,,,,,,,,,,,,,,,,,,31.00,,,,44431386,1786050,,false,false,12,2016-04-01,2017-03-31,-1
2018-01-30,86240,2018-03-31,3,,,,,,,,,,,,,,,,,,,,,,,,,,,,,24.00,,,,,,,false,false,12,2017-04-01,2018-03-31,0
2018-01-30,86240,2018-03-31,3,,,,,,,,,,,,,,,,,,,,,,,,,,,,,,,,,44431386,1699780,42674914,false,false,9,2017-04-01,2017-12-31,0
2018-01-30,86240,2017-03-31,3,,,,,,,,,,,,,,,,,,,,,,,,,,,,,,,,,,,42989008,false,false,9,2016-04-01,2016-12-31,-1
,86240,2018-03-31,,,,,,,,,,,,,,,,,,,,,,,,,,,,,,61.00,,,,,,,false,true,12,2017-04-01,2018-03-31,0
,86240,2018-03-31,,,,,,,,,,,,,,,,,,,,,,,,,,,,,,24.00,,,,,,,false,false,12,2017-04-01,2018-03-31,0
,86240,2017-03-31,,,,,,,,,,,,,,,,,,,,,,,,,,,,,,31.00,,,,,,,false,false,12,2016-04-01,2017-03-31,-1
2018-04-17,86240,2018-03-31,,,,,,26502000000,,7141000000,,7229000000,,,4994000000,,117.00,,,,,,,,,,,,,,,,,,,,,,true,true,12,2017-04-01,2018-03-31,0
2018-04-17,86240,2017-03-31,,,,,,20714000000,,2994000000,,3077000000,,,2183000000,,50.89,,,,,,,,,,,,,,,,,,,,,,true,false,12,2016-04-01,2017-03-31,-1
2018-04-27,86240,2018-03-31,,,,,,26502000000,0.279,7141000000,1.385,7229000000,1.349,,4994000000,,117.00,116.73,0.145,,,,58671000000,36641000000,0.619,850.09,36326000000,-2689000000,-24000000,-1737000000,12974000000,,0.521,,,,,,true,false,12,2017-04-01,2018-03-31,0
2018-04-27,86240,2017-03-31,,,,,,20714000000,-0.052,2994000000,-0.190,3077000000,-0.193,,2183000000,,50.89,50.83,0.066,,,,53706000000,33099000000,0.611,769.18,32802000000,4356000000,83000000,-2689000000,17426000000,,0.609,,,,,,true,false,12,2016-04-01,2017-03-31,-1
2018-04-27,86240,2018-03-31,,,,,,23440000000,0.267,6042000000,1.420,6128000000,1.377,4280000000,,1.315,100.27,100.04,0.131,,,,55490000000,34451000000,0.616,800.20,34194000000,,,,,61.00,,,,44431386,1699220,42688940,false,false,12,2017-04-01,2018-03-31,0
2018-04-27,86240,2017-03-31,,,,,,18497000000,-0.056,2496000000,-0.222,2578000000,-0.224,1848000000,,-0.187,43.09,43.04,0.058,,,,51620000000,31623000000,0.608,736.11,31391000000,,,,,31.00,,,,44431386,1786050,42902287,false,false,12,2016-04-01,2017-03-31,-1
2018-07-18,86240,2019-03-31,,,,,,5932000000,,982000000,,1067000000,,,641000000,,15.01,,,,,,,,,,,,,,,,,,,,,,true,true,3,2018-04-01,2018-06-30,0
2018-07-18,86240,2018-03-31,,,,,,5866000000,,1143000000,,1165000000,,,785000000,,18.43,,,,,,,,,,,,,,,,,,,,,,true,false,3,2017-04-01,2017-06-30,-1
2018-07-30,86240,2019-03-31,1,,,,,5932000000,0.011,982000000,-0.141,1067000000,-0.084,,641000000,,15.01,14.96,,,,,54365000000,35713000000,0.651,,35393000000,,,,,,,,,,,,true,false,3,2018-04-01,2018-06-30,0
2018-07-30,86240,2018-03-31,1,,,,,5866000000,0.112,1143000000,0.432,1165000000,0.418,,785000000,,18.43,18.41,,,,,,,,,,,,,,,,,,,,,true,false,3,2017-04-01,2017-06-30,-1
2018-07-30,86240,2018-03-31,1,,,,,,,,,,,,,,,,,,,,58590000000,36641000000,0.620,,36326000000,,,,,,,,,,,,true,false,12,2017-04-01,2018-03-31,-1
2018-07-30,86240,2018-03-31,1,,,,,,,,,,,,,,,,,,,,,,,,,,,,,61.00,,,,44431386,1699220,,false,false,12,2017-04-01,2018-03-31,-1
2018-07-30,86240,2019-03-31,1,,,,,,,,,,,,,,,,,,,,,,,,,,,,,,,,,44431386,1666020,42737418,false,false,3,2018-04-01,2018-06-30,0
2018-07-30,86240,2018-03-31,1,,,,,,,,,,,,,,,,,,,,,,,,,,,,,,,,,,,42646549,false,false,3,2017-04-01,2017-06-30,-1
,86240,2019-03-31,,,,,,,,,,,,,,,,,,,,,,,,,,,,,,17.00,,,,,,,false,true,12,2018-04-01,2019-03-31,0
,86240,2018-03-31,,,,,,,,,,,,,,,,,,,,,,,,,,,,,,61.00,,,,,,,false,false,12,2017-04-01,2018-03-31,-1
2018-10-17,86240,2019-03-31,,,,,,11582000000,,1836000000,,1986000000,,,1317000000,,30.82,,,,,,,,,,,,,,,,,,,,,,true,true,6,2018-04-01,2018-09-30,0
2018-10-17,86240,2018-03-31,,,,,,12401000000,,2991000000,,3037000000,,,2034000000,,47.71,,,,,,,,,,,,,,,,,,,,,,true,false,6,2017-04-01,2017-09-30,-1
2018-10-29,86240,2019-03-31,2,,,,,11582000000,-0.066,1836000000,-0.386,1986000000,-0.346,,1317000000,,30.82,30.75,,,,,55903000000,36377000000,0.645,,36057000000,,,,,,,,,,,,true,false,6,2018-04-01,2018-09-30,0
2018-10-29,86240,2018-03-31,2,,,,,12401000000,0.234,2991000000,1.334,3037000000,1.315,,2034000000,,47.71,47.66,,,,,,,,,,,,,,,,,,,,,true,false,6,2017-04-01,2017-09-30,-1
2018-10-29,86240,2018-03-31,2,,,,,,,,,,,,,,,,,,,,58590000000,36641000000,0.620,,36326000000,,,,,,,,,,,,true,false,12,2017-04-01,2018-03-31,-1
2018-10-29,86240,2018-03-31,2,,,,,,,,,,,,,,,,,,,,,,,,,,,,,61.00,,,,44431386,1699220,,false,false,12,2017-04-01,2018-03-31,-1
2018-10-29,86240,2019-03-31,2,,,,,,,,,,,,,,,,,,,,,,,,,,,,,17.00,,,,,,,false,false,12,2018-04-01,2019-03-31,0
2018-10-29,86240,2019-03-31,2,,,,,,,,,,,,,,,,,,,,,,,,,,,,,,,,,44431386,1637620,42757332,false,false,6,2018-04-01,2018-09-30,0
2018-10-29,86240,2018-03-31,2,,,,,,,,,,,,,,,,,,,,,,,,,,,,,,,,,,,42653345,false,false,6,2017-04-01,2017-09-30,-1
2019-01-22,86240,2019-03-31,,,,,,16917000000,,2305000000,,2471000000,,,1849000000,,43.23,,,,,,,,,,,,,,,,,,,,,,true,true,9,2018-04-01,2018-12-31,0
2019-01-22,86240,2018-03-31,,,,,,19750000000,,5238000000,,5333000000,,,3618000000,,84.79,,,,,,,,,,,,,,,,,,,,,,true,false,9,2017-04-01,2017-12-31,-1
2019-01-30,86240,2019-03-31,3,,,,,16917000000,-0.143,2305000000,-0.560,2471000000,-0.537,,1849000000,,43.23,43.16,,,,,52341000000,35786000000,0.681,,35660000000,,,,,,,,,,,,true,false,9,2018-04-01,2018-12-31,0
2019-01-30,86240,2018-03-31,3,,,,,19750000000,0.308,5238000000,1.705,5333000000,1.676,,3618000000,,84.79,84.65,,,,,,,,,,,,,,,,,,,,,true,false,9,2017-04-01,2017-12-31,-1
2019-01-30,86240,2018-03-31,3,,,,,,,,,,,,,,,,,,,,58590000000,36641000000,0.620,,36326000000,,,,,,,,,,,,true,false,12,2017-04-01,2018-03-31,-1
2019-01-30,86240,2018-03-31,3,,,,,,,,,,,,,,,,,,,,,,,,,,,,,61.00,,,,44431386,1699220,,false,false,12,2017-04-01,2018-03-31,-1
2019-01-30,86240,2019-03-31,3,,,,,,,,,,,,,,,,,,,,,,,,,,,,,17.00,,,,,,,false,false,12,2018-04-01,2019-03-31,0
2019-01-30,86240,2019-03-31,3,,,,,,,,,,,,,,,,,,,,,,,,,,,,,,,,,44431386,1636420,42769874,false,false,9,2018-04-01,2018-12-31,0
2019-01-30,86240,2018-03-31,3,,,,,,,,,,,,,,,,,,,,,,,,,,,,,,,,,,,42674914,false,false,9,2017-04-01,2017-12-31,-1
,86240,2019-03-31,,,,,,,,,,,,,,,,,,,,,,,,,,,,,,34.00,,,,,,,false,true,12,2018-04-01,2019-03-31,0
,86240,2019-03-31,,,,,,,,,,,,,,,,,,,,,,,,,,,,,,17.00,,,,,,,false,false,12,2018-04-01,2019-03-31,0
,86240,2018-03-31,,,,,,,,,,,,,,,,,,,,,,,,,,,,,,61.00,,,,,,,false,false,12,2017-04-01,2018-03-31,-1
2019-04-16,86240,2019-03-31,,,,,,21227000000,,2056000000,,2238000000,,,1674000000,,39.25,,,,,,,,,,,,,,,,,,,,,,true,true,12,2018-04-01,2019-03-31,0
2019-04-16,86240,2018-03-31,,,,,,26502000000,,7141000000,,7229000000,,,4994000000,,117.00,,,,,,,,,,,,,,,,,,,,,,true,false,12,2017-04-01,2018-03-31,-1
2019-04-26,86240,2019-03-31,,,,,,21227000000,-0.199,2056000000,-0.712,2238000000,-0.690,,1674000000,,39.25,39.20,0.047,,,,48544000000,34718000000,0.712,827.53,34586000000,4565000000,-130000000,-3188000000,14220000000,,0.866,,,,,,true,false,12,2018-04-01,2019-03-31,0
2019-04-26,86240,2018-03-31,,,,,,26502000000,0.279,7141000000,1.385,7229000000,1.349,,4994000000,,117.00,116.73,0.145,,,,58590000000,36641000000,0.620,850.09,36326000000,-2689000000,-24000000,-1737000000,12974000000,,0.521,,,,,,true,false,12,2017-04-01,2018-03-31,-1
2019-04-26,86240,2019-03-31,,,,,,17790000000,-0.241,753000000,-0.875,1892000000,-0.691,1725000000,,-0.597,40.44,40.39,0.052,,,,45598000000,32670000000,0.715,779.80,32592000000,,,,,34.00,,,,44431386,2635963,42663754,false,false,12,2018-04-01,2019-03-31,0
2019-04-26,86240,2018-03-31,,,,,,23440000000,0.267,6042000000,1.420,6128000000,1.377,4280000000,,1.315,100.27,100.04,0.131,,,,55460000000,34451000000,0.617,800.20,34194000000,,,,,61.00,,,,44431386,1699220,42688940,false,false,12,2017-04-01,2018-03-31,-1
2019-07-17,86240,2020-03-31,,,,,,4618000000,,-239000000,,-218000000,,,-194000000,,-4.66,,,,,,,,,,,,,,,,,,,,,,true,true,3,2019-04-01,2019-06-30,0
2019-07-17,86240,2019-03-31,,,,,,5932000000,,982000000,,1067000000,,,641000000,,15.01,,,,,,,,,,,,,,,,,,,,,,true,false,3,2018-04-01,2018-06-30,-1
2019-07-30,86240,2020-03-31,1,,,,,4618000000,-0.221,-239000000,,-218000000,,,-194000000,,-4.66,,,,,,46543000000,33423000000,0.715,,33294000000,,,,,,,,,,,,true,false,3,2019-04-01,2019-06-30,0
2019-07-30,86240,2019-03-31,1,,,,,5932000000,0.011,982000000,-0.141,1067000000,-0.084,,641000000,,15.01,14.96,,,,,,,,,,,,,,,,,,,,,true,false,3,2018-04-01,2018-06-30,-1
2019-07-30,86240,2019-03-31,1,,,,,,,,,,,,,,,,,,,,48544000000,34718000000,0.712,,34586000000,,,,,,,,,,,,true,false,12,2018-04-01,2019-03-31,-1
2019-07-30,86240,2019-03-31,1,,,,,,,,,,,,,,,,,,,,,,,,,,,,,34.00,,,,44431386,2635963,,false,false,12,2018-04-01,2019-03-31,-1
2019-07-30,86240,2020-03-31,1,,,,,,,,,,,,,,,,,,,,,,,,,,,,,,,,,42431386,1135966,41635421,false,false,3,2019-04-01,2019-06-30,0
2019-07-30,86240,2019-03-31,1,,,,,,,,,,,,,,,,,,,,,,,,,,,,,,,,,,,42737418,false,false,3,2018-04-01,2018-06-30,-1
,86240,2020-03-31,,,,,,,,,,,,,,,,,,,,,,,,,,,,,,16.00,,,,,,,false,true,12,2019-04-01,2020-03-31,0
,86240,2019-03-31,,,,,,,,,,,,,,,,,,,,,,,,,,,,,,34.00,,,,,,,false,false,12,2018-04-01,2019-03-31,-1
2019-10-17,86240,2020-03-31,,,,,,9439000000,,-384000000,,-401000000,,,-479000000,,-11.56,,,,,,,,,,,,,,,,,,,,,,true,true,6,2019-04-01,2019-09-30,0
2019-10-17,86240,2019-03-31,,,,,,11582000000,,1836000000,,1986000000,,,1317000000,,30.82,,,,,,,,,,,,,,,,,,,,,,true,false,6,2018-04-01,2018-09-30,-1
2019-10-29,86240,2020-03-31,2,,,,,9439000000,-0.185,-384000000,,-401000000,,,-479000000,,-11.56,,,,,,52576000000,33118000000,0.628,,32991000000,,,,,,,,,,,,true,false,6,2019-04-01,2019-09-30,0
2019-10-29,86240,2019-03-31,2,,,,,11582000000,-0.066,1836000000,-0.386,1986000000,-0.346,,1317000000,,30.82,30.75,,,,,,,,,,,,,,,,,,,,,true,false,6,2018-04-01,2018-09-30,-1
2019-10-29,86240,2019-03-31,2,,,,,,,,,,,,,,,,,,,,48544000000,34718000000,0.712,,34586000000,,,,,,,,,,,,true,false,12,2018-04-01,2019-03-31,-1
2019-10-29,86240,2019-03-31,2,,,,,,,,,,,,,,,,,,,,,,,,,,,,,34.00,,,,44431386,2635963,,false,false,12,2018-04-01,2019-03-31,-1
2019-10-29,86240,2020-03-31,2,,,,,,,,,,,,,,,,,,,,,,,,,,,,,16.00,,,,,,,false,false,12,2019-04-01,2020-03-31,0
2019-10-29,86240,2020-03-31,2,,,,,,,,,,,,,,,,,,,,,,,,,,,,,,,,,42431386,1135966,41464492,false,false,6,2019-04-01,2019-09-30,0
2019-10-29,86240,2019-03-31,2,,,,,,,,,,,,,,,,,,,,,,,,,,,,,,,,,,,42757332,false,false,6,2018-04-01,2018-09-30,-1
2020-01-22,86240,2020-03-31,,,,,,13951000000,,-588000000,,-560000000,,,-691000000,,-16.69,,,,,,,,,,,,,,,,,,,,,,true,true,9,2019-04-01,2019-12-31,0
2020-01-22,86240,2019-03-31,,,,,,16917000000,,2305000000,,2471000000,,,1849000000,,43.23,,,,,,,,,,,,,,,,,,,,,,true,false,9,2018-04-01,2018-12-31,-1
2020-01-30,86240,2020-03-31,3,,,,,13951000000,-0.175,-588000000,,-560000000,,,-691000000,,-16.69,,,,,,50087000000,32226000000,0.642,,32147000000,,,,,,,,,,,,true,false,9,2019-04-01,2019-12-31,0
2020-01-30,86240,2019-03-31,3,,,,,16917000000,-0.143,2305000000,-0.560,2471000000,-0.537,,1849000000,,43.23,43.16,,,,,,,,,,,,,,,,,,,,,true,false,9,2018-04-01,2018-12-31,-1
2020-01-30,86240,2019-03-31,3,,,,,,,,,,,,,,,,,,,,48544000000,34718000000,0.712,,34586000000,,,,,,,,,,,,true,false,12,2018-04-01,2019-03-31,-1
2020-01-30,86240,2019-03-31,3,,,,,,,,,,,,,,,,,,,,,,,,,,,,,34.00,,,,44431386,2635963,,false,false,12,2018-04-01,2019-03-31,-1
2020-01-30,86240,2020-03-31,3,,,,,,,,,,,,,,,,,,,,,,,,,,,,,16.00,,,,,,,false,false,12,2019-04-01,2020-03-31,0
2020-01-30,86240,2020-03-31,3,,,,,,,,,,,,,,,,,,,,,,,,,,,,,,,,,42431386,1136008,41407917,false,false,9,2019-04-01,2019-12-31,0
2020-01-30,86240,2019-03-31,3,,,,,,,,,,,,,,,,,,,,,,,,,,,,,,,,,,,42769874,false,false,9,2018-04-01,2018-12-31,-1
,86240,2020-03-31,,,,,,,,,,,,,,,,,,,,,,,,,,,,,,32.00,,,,,,,false,true,12,2019-04-01,2020-03-31,0
,86240,2020-03-31,,,,,,,,,,,,,,,,,,,,,,,,,,,,,,16.00,,,,,,,false,false,12,2019-04-01,2020-03-31,0
,86240,2019-03-31,,,,,,,,,,,,,,,,,,,,,,,,,,,,,,34.00,,,,,,,false,false,12,2018-04-01,2019-03-31,-1
2020-04-17,86240,2020-03-31,,,,,,18846000000,,-545000000,,-469000000,,,-724000000,,-17.72,,,,,,,,,,,,,,,,,,,,,,true,true,12,2019-04-01,2020-03-31,0
2020-04-17,86240,2019-03-31,,,,,,21227000000,,2056000000,,2238000000,,,1674000000,,39.25,,,,,,,,,,,,,,,,,,,,,,true,false,12,2018-04-01,2019-03-31,-1
2020-04-28,86240,2020-03-31,,,,,,18846000000,-0.112,-545000000,,-469000000,,,-724000000,,-17.72,,-0.023,,,,43530000000,28772000000,0.659,797.12,28694000000,4968000000,-1395000000,-5051000000,12647000000,,,,,,,,true,false,12,2019-04-01,2020-03-31,0
2020-04-28,86240,2019-03-31,,,,,,21227000000,-0.199,2056000000,-0.712,2238000000,-0.690,,1674000000,,39.25,39.20,0.047,,,,48544000000,34718000000,0.712,827.53,34586000000,4565000000,-130000000,-3188000000,14220000000,,0.866,,,,,,true,false,12,2018-04-01,2019-03-31,-1
2020-04-28,86240,2020-03-31,,,,,,15512000000,-0.128,-1599000000,,-1231000000,,-1115000000,,,-27.30,,-0.038,,,,40664000000,26594000000,0.652,736.61,26515000000,,,,,32.00,,,,42431386,6434008,40858821,false,false,12,2019-04-01,2020-03-31,0
2020-04-28,86240,2019-03-31,,,,,,17790000000,-0.241,753000000,-0.875,1892000000,-0.691,1725000000,,-0.597,40.44,40.39,0.052,,,,45598000000,32670000000,0.715,779.80,32592000000,,,,,34.00,,,,44431386,2635963,42663754,false,false,12,2018-04-01,2019-03-31,-1
2020-07-16,86240,2021-03-31,,4182000000,,,,,,-381000000,,-365000000,,,-401000000,,-11.15,,,,,,,,,,,,,,,,,,,,,,true,true,3,2020-04-01,2020-06-30,0
2020-07-16,86240,2020-03-31,,4618000000,,,,,,-239000000,,-218000000,,,-194000000,,-4.66,,,,,,,,,,,,,,,,,,,,,,true,false,3,2019-04-01,2019-06-30,-1
2020-07-30,86240,2021-03-31,1,,,,,4182000000,-0.095,-381000000,,-365000000,,,-401000000,,-11.15,,,,,,46470000000,27894000000,0.599,,27821000000,,,,,,,,,,,,true,false,3,2020-04-01,2020-06-30,0
2020-07-30,86240,2020-03-31,1,,,,,4618000000,-0.221,-239000000,,-218000000,,,-194000000,,-4.66,,,,,,,,,,,,,,,,,,,,,,true,false,3,2019-04-01,2019-06-30,-1
2020-07-30,86240,2020-03-31,1,,,,,,,,,,,,,,,,,,,,43530000000,28772000000,0.659,,28694000000,,,,,,,,,,,,true,false,12,2019-04-01,2020-03-31,-1
2020-07-30,86240,2020-03-31,1,,,,,,,,,,,,,,,,,,,,,,,,,,,,,32.00,,,,42431386,6434008,,false,false,12,2019-04-01,2020-03-31,-1
2020-07-30,86240,2021-03-31,1,,,,,,,,,,,,,,,,,,,,,,,,,,,,,,,,,42431386,6434079,35997344,false,false,3,2020-04-01,2020-06-30,0
2020-07-30,86240,2020-03-31,1,,,,,,,,,,,,,,,,,,,,,,,,,,,,,,,,,,,41635421,false,false,3,2019-04-01,2019-06-30,-1
,86240,2021-03-31,,,,,,,,,,,,,,,,,,,,,,,,,,,,,,15.00,,,,,,,false,true,12,2020-04-01,2021-03-31,0
,86240,2020-03-31,,,,,,,,,,,,,,,,,,,,,,,,,,,,,,32.00,,,,,,,false,false,12,2019-04-01,2020-03-31,-1
2020-10-16,86240,2021-03-31,,,,,,8770000000,,-380000000,,-377000000,,,-342000000,,-9.52,,,,,,,,,,,,,,,,,,,,,,true,true,6,2020-04-01,2020-09-30,0
2020-10-16,86240,2020-03-31,,,,,,9439000000,,-384000000,,-401000000,,,-479000000,,-11.56,,,,,,,,,,,,,,,,,,,,,,true,false,6,2019-04-01,2019-09-30,-1
2020-10-29,86240,2021-03-31,2,,,,,8770000000,-0.071,-380000000,,-377000000,,,-342000000,,-9.52,,,,,,44642000000,27932000000,0.624,,27856000000,,,,,,,,,,,,true,false,6,2020-04-01,2020-09-30,0
2020-10-29,86240,2020-03-31,2,,,,,9439000000,-0.185,-384000000,,-401000000,,,-479000000,,-11.56,,,,,,,,,,,,,,,,,,,,,,true,false,6,2019-04-01,2019-09-30,-1
2020-10-29,86240,2020-03-31,2,,,,,,,,,,,,,,,,,,,,43530000000,28772000000,0.659,,28694000000,,,,,,,,,,,,true,false,12,2019-04-01,2020-03-31,-1
2020-10-29,86240,2020-03-31,2,,,,,,,,,,,,,,,,,,,,,,,,,,,,,32.00,,,,42431386,6434008,,false,false,12,2019-04-01,2020-03-31,-1
2020-10-29,86240,2021-03-31,2,,,,,,,,,,,,,,,,,,,,,,,,,,,,,15.00,,,,,,,false,false,12,2020-04-01,2021-03-31,0
2020-10-29,86240,2021-03-31,2,,,,,,,,,,,,,,,,,,,,,,,,,,,,,,,,,42431386,6434029,35997350,false,false,6,2020-04-01,2020-09-30,0
2020-10-29,86240,2020-03-31,2,,,,,,,,,,,,,,,,,,,,,,,,,,,,,,,,,,,41464492,false,false,6,2019-04-01,2019-09-30,-1
2021-01-20,86240,2021-03-31,,,,,,13969000000,,155000000,,188000000,,111000000,,,3.11,,,,,,,,,,,,,,,,,,,,,,true,true,9,2020-04-01,2020-12-31,0
2021-01-20,86240,2020-03-31,,,,,,13951000000,,-588000000,,-560000000,,-691000000,,,-16.69,,,,,,,,,,,,,,,,,,,,,,true,false,9,2019-04-01,2019-12-31,-1
2021-01-28,86240,2021-03-31,3,,,,,13969000000,0.001,155000000,,188000000,,,111000000,,3.11,,,,,,48879000000,27914000000,0.570,,27837000000,,,,,,,,,,,,true,false,9,2020-04-01,2020-12-31,0
2021-01-28,86240,2020-03-31,3,,,,,13951000000,-0.175,-588000000,,-560000000,,,-691000000,,-16.69,,,,,,,,,,,,,,,,,,,,,,true,false,9,2019-04-01,2019-12-31,-1
2021-01-28,86240,2020-03-31,3,,,,,,,,,,,,,,,,,,,,43530000000,28772000000,0.659,,28694000000,,,,,,,,,,,,true,false,12,2019-04-01,2020-03-31,-1
2021-01-28,86240,2020-03-31,3,,,,,,,,,,,,,,,,,,,,,,,,,,,,,32.00,,,,42431386,6434008,,false,false,12,2019-04-01,2020-03-31,-1
2021-01-28,86240,2021-03-31,3,,,,,,,,,,,,,,,,,,,,,,,,,,,,,15.00,,,,,,,false,false,12,2020-04-01,2021-03-31,0
2021-01-28,86240,2021-03-31,3,,,,,,,,,,,,,,,,,,,,,,,,,,,,,,,,,42431386,6327504,36015173,false,false,9,2020-04-01,2020-12-31,0
2021-01-28,86240,2020-03-31,3,,,,,,,,,,,,,,,,,,,,,,,,,,,,,,,,,,,41407917,false,false,9,2019-04-01,2019-12-31,-1
,86240,2021-03-31,,,,,,,,,,,,,,,,,,,,,,,,,,,,,,32.00,,,,,,,false,true,12,2020-04-01,2021-03-31,0
,86240,2021-03-31,,,,,,,,,,,,,,,,,,,,,,,,,,,,,,15.00,,,,,,,false,false,12,2020-04-01,2021-03-31,0
,86240,2020-03-31,,,,,,,,,,,,,,,,,,,,,,,,,,,,,,32.00,,,,,,,false,false,12,2019-04-01,2020-03-31,-1
2021-04-19,86240,2021-03-31,,,,,,19747000000,,1264000000,,1300000000,,,1001000000,,27.79,,,,,,,,,,,,,,,,,,,,,,true,true,12,2020-04-01,2021-03-31,0
2021-04-19,86240,2020-03-31,,,,,,18846000000,,-545000000,,-469000000,,,-724000000,,-17.72,,,,,,,,,,,,,,,,,,,,,,true,false,12,2019-04-01,2020-03-31,-1
2021-04-28,86240,2021-03-31,,,,,,19747000000,0.048,1264000000,,1300000000,,,1001000000,,27.79,27.79,0.035,,,,49211000000,29108000000,0.590,804.07,29030000000,4860000000,-44000000,-1123000000,16345000000,,1.223,,,,,,true,false,12,2020-04-01,2021-03-31,0
2021-04-28,86240,2020-03-31,,,,,,18846000000,-0.112,-545000000,,-469000000,,,-724000000,,-17.72,,-0.023,,,,43530000000,28772000000,0.659,797.12,28694000000,4968000000,-1395000000,-5051000000,12647000000,,,,,,,,true,false,12,2019-04-01,2020-03-31,-1
2021-04-28,86240,2021-03-31,,,,,,16434000000,0.059,238000000,,1033000000,,1035000000,,,28.74,28.74,0.039,,,,46037000000,26635000000,0.577,735.59,26557000000,,,,,34.00,,,,42431386,6327577,36037043,false,false,12,2020-04-01,2021-03-31,0
2021-04-28,86240,2020-03-31,,,,,,15512000000,-0.128,-1599000000,,-1231000000,,-1115000000,,,-27.30,,-0.038,,,,40664000000,26594000000,0.652,736.61,26515000000,,,,,32.00,,,,42431386,6434008,40858821,false,false,12,2019-04-01,2020-03-31,-1
,86240,2021-03-31,,,,,,,,,,,,,,,,,,,,,,,,,,,,,,34.00,,,,,,,false,true,12,2020-04-01,2021-03-31,0
,86240,2020-03-31,,,,,,,,,,,,,,,,,,,,,,,,,,,,,,32.00,,,,,,,false,false,12,2019-04-01,2020-03-31,-1
2021-07-16,86240,2022-03-31,,,,,,5164000000,,882000000,,937000000,,,785000000,,21.75,,,,,,,,,,,,,,,,,,,,,,true,true,3,2021-04-01,2021-06-30,0
2021-07-16,86240,2021-03-31,,,,,,3811000000,,-381000000,,-365000000,,,-401000000,,-11.15,,,,,,,,,,,,,,,,,,,,,,true,false,3,2020-04-01,2020-06-30,-1
2021-07-29,86240,2022-03-31,1,,,,,5164000000,0.355,882000000,,937000000,,,785000000,,21.75,21.69,,,,,49919000000,29090000000,0.582,,29074000000,,,,,,,,,,,,true,false,3,2021-04-01,2021-06-30,0
2021-07-29,86240,2021-03-31,1,,,,,3811000000,,-381000000,,-365000000,,,-401000000,,-11.15,,,,,,,,,,,,,,,,,,,,,,true,false,3,2020-04-01,2020-06-30,-1
2021-07-29,86240,2021-03-31,1,,,,,,,,,,,,,,,,,,,,49211000000,29108000000,0.590,,29030000000,,,,,,,,,,,,true,false,12,2020-04-01,2021-03-31,-1
2021-07-29,86240,2021-03-31,1,,,,,,,,,,,,,,,,,,,,,,,,,,,,,34.00,,,,42431386,6327577,,false,false,12,2020-04-01,2021-03-31,-1
2021-07-29,86240,2022-03-31,1,,,,,,,,,,,,,,,,,,,,,,,,,,,,,,,,,42431386,6327577,36103809,false,false,3,2021-04-01,2021-06-30,0
2021-07-29,86240,2021-03-31,1,,,,,,,,,,,,,,,,,,,,,,,,,,,,,,,,,,,35997344,false,false,3,2020-04-01,2020-06-30,-1
,86240,2022-03-31,,,,,,,,,,,,,,,,,,,,,,,,,,,,,,19.00,,,,,,,false,true,12,2021-04-01,2022-03-31,0
,86240,2021-03-31,,,,,,,,,,,,,,,,,,,,,,,,,,,,,,34.00,,,,,,,false,false,12,2020-04-01,2021-03-31,-1
2021-10-19,86240,2022-03-31,,,,,,10120000000,,1836000000,,1922000000,,,1501000000,,41.58,,,,,,,,,,,,,,,,,,,,,,true,true,6,2021-04-01,2021-09-30,0
2021-10-19,86240,2021-03-31,,,,,,8055000000,,-380000000,,-377000000,,,-342000000,,-9.52,,,,,,,,,,,,,,,,,,,,,,true,false,6,2020-04-01,2020-09-30,-1
2021-10-28,86240,2022-03-31,2,,,,,10120000000,0.256,1836000000,,1922000000,,,1501000000,,41.58,41.45,,,,,51614000000,29807000000,0.577,825.11,29789000000,,,,,,,,,,,,true,false,6,2021-04-01,2021-09-30,0
2021-10-28,86240,2021-03-31,2,,,,,8055000000,,-380000000,,-377000000,,,-342000000,,-9.52,,,,,,,,,,,,,,,,,,,,,,true,false,6,2020-04-01,2020-09-30,-1
2021-10-28,86240,2021-03-31,2,,,,,,,,,,,,,,,,,,,,49211000000,29108000000,0.590,804.07,29030000000,,,,,,,,,,,,true,false,12,2020-04-01,2021-03-31,-1
2021-10-28,86240,2021-03-31,2,,,,,,,,,,,,,,,,,,,,,,,,,,,,,34.00,,,,42431386,6327577,,false,false,12,2020-04-01,2021-03-31,-1
2021-10-28,86240,2022-03-31,2,,,,,,,,,,,,,,,,,,,,,,,,,,,,,19.00,,,,,,,false,false,12,2021-04-01,2022-03-31,0
2021-10-28,86240,2022-03-31,2,,,,,,,,,,,,,,,,,,,,,,,,,,,,,,,,,42431386,6327637,36103793,false,false,6,2021-04-01,2021-09-30,0
2021-10-28,86240,2021-03-31,2,,,,,,,,,,,,,,,,,,,,,,,,,,,,,,,,,,,35997350,false,false,6,2020-04-01,2020-09-30,-1
2022-01-20,86240,2022-03-31,,,,,,15344000000,,2970000000,,3073000000,,,2283000000,,63.24,,,,,,,,,,,,,,,,,,,,,,true,true,9,2021-04-01,2021-12-31,0
2022-01-20,86240,2021-03-31,,,,,,12879000000,,155000000,,188000000,,,111000000,,3.11,,,,,,,,,,,,,,,,,,,,,,true,false,9,2020-04-01,2020-12-31,-1
2022-01-28,86240,2022-03-31,3,,,,,15344000000,0.191,2970000000,,3073000000,,,2283000000,,63.24,63.03,,,,,53168000000,29889000000,0.562,827.31,29868000000,,,,,,,,,,,,true,false,9,2021-04-01,2021-12-31,0
2022-01-28,86240,2021-03-31,3,,,,,12879000000,,155000000,,188000000,,,111000000,,3.11,,,,,,,,,,,,,,,,,,,,,,true,false,9,2020-04-01,2020-12-31,-1
2022-01-28,86240,2021-03-31,3,,,,,,,,,,,,,,,,,,,,49211000000,29108000000,0.590,804.07,29030000000,,,,,,,,,,,,true,false,12,2020-04-01,2021-03-31,-1
2022-01-28,86240,2021-03-31,3,,,,,,,,,,,,,,,,,,,,,,,,,,,,,34.00,,,,42431386,6327577,,false,false,12,2020-04-01,2021-03-31,-1
2022-01-28,86240,2022-03-31,3,,,,,,,,,,,,,,,,,,,,,,,,,,,,,19.00,,,,,,,false,false,12,2021-04-01,2022-03-31,0
2022-01-28,86240,2022-03-31,3,,,,,,,,,,,,,,,,,,,,,,,,,,,,,,,,,42431386,6327697,36103761,false,false,9,2021-04-01,2021-12-31,0
2022-01-28,86240,2021-03-31,3,,,,,,,,,,,,,,,,,,,,,,,,,,,,,,,,,,,36015173,false,false,9,2020-04-01,2020-12-31,-1
,86240,2022-03-31,,,,,,,,,,,,,,,,,,,,,,,,,,,,,,38.00,,,,,,,false,true,12,2021-04-01,2022-03-31,0
,86240,2022-03-31,,,,,,,,,,,,,,,,,,,,,,,,,,,,,,19.00,,,,,,,false,false,12,2021-04-01,2022-03-31,0
,86240,2021-03-31,,,,,,,,,,,,,,,,,,,,,,,,,,,,,,34.00,,,,,,,false,false,12,2020-04-01,2021-03-31,-1
2022-04-20,86240,2022-03-31,,,,,,19591000000,,3321000000,,3443000000,,,2526000000,,69.97,,,,,,,,,,,,,,,,,,,,,,true,true,12,2021-04-01,2022-03-31,0
2022-04-20,86240,2021-03-31,,,,,,18270000000,,1264000000,,1300000000,,,1001000000,,27.79,,,,,,,,,,,,,,,,,,,,,,true,false,12,2020-04-01,2021-03-31,-1
2022-04-28,86240,2022-03-31,,,,,,19591000000,0.072,3321000000,1.627,3443000000,1.647,,2526000000,,69.97,69.72,0.086,,,,47935000000,30064000000,0.627,832.12,30042000000,2092000000,-169000000,-1375000000,16892000000,,0.543,,,,,,true,false,12,2021-04-01,2022-03-31,0
2022-04-28,86240,2021-03-31,,,,,,18270000000,,1264000000,,1300000000,,,1001000000,,27.79,27.79,0.035,,,,49211000000,29108000000,0.590,804.07,29030000000,4860000000,-44000000,-1123000000,16345000000,,1.223,,,,,,true,false,12,2020-04-01,2021-03-31,-1
2022-04-28,86240,2022-03-31,,,,,,17302000000,0.053,1876000000,6.858,3362000000,2.253,2889000000,,1.789,80.03,79.74,0.106,,,,45205000000,28060000000,0.620,776.61,28038000000,,,,,38.00,,,,42431386,6327697,36103743,false,false,12,2021-04-01,2022-03-31,0
2022-04-28,86240,2021-03-31,,,,,,16434000000,0.059,238000000,,1033000000,,1035000000,,,28.74,28.74,0.039,,,,46037000000,26635000000,0.577,735.59,26557000000,,,,,34.00,,,,42431386,6327577,36037043,false,false,12,2020-04-01,2021-03-31,-1
2022-07-20,86240,2023-03-31,,,,,,4344000000,,383000000,,399000000,,,262000000,,7.39,,,,,,,,,,,,,,,,,,,,,,true,true,3,2022-04-01,2022-06-30,0
2022-07-20,86240,2022-03-31,,,,,,5164000000,,882000000,,937000000,,,785000000,,21.75,,,,,,,,,,,,,,,,,,,,,,true,false,3,2021-04-01,2021-06-30,-1
2022-07-28,86240,2023-03-31,1,,,,,4344000000,-0.159,383000000,-0.566,399000000,-0.574,,262000000,,7.39,7.37,,,,,46675000000,28409000000,0.608,830.08,28391000000,,,,,,,,,,,,true,false,3,2022-04-01,2022-06-30,0
2022-07-28,86240,2022-03-31,1,,,,,5164000000,0.355,882000000,,937000000,,,785000000,,21.75,21.69,,,,,,,,,,,,,,,,,,,,,true,false,3,2021-04-01,2021-06-30,-1
2022-07-28,86240,2022-03-31,1,,,,,,,,,,,,,,,,,,,,47935000000,30064000000,0.627,832.12,30042000000,,,,,,,,,,,,true,false,12,2021-04-01,2022-03-31,-1
2022-07-28,86240,2022-03-31,1,,,,,,,,,,,,,,,,,,,,,,,,,,,,,38.00,,,,42431386,6327697,,false,false,12,2021-04-01,2022-03-31,-1
2022-07-28,86240,2023-03-31,1,,,,,,,,,,,,,,,,,,,,,,,,,,,,,,,,,40431386,6230897,35554991,false,false,3,2022-04-01,2022-06-30,0
2022-07-28,86240,2022-03-31,1,,,,,,,,,,,,,,,,,,,,,,,,,,,,,,,,,,,36103809,false,false,3,2021-04-01,2021-06-30,-1
,86240,2023-03-31,,,,,,,,,,,,,,,,,,,,,,,,,,,,,,17.00,,,,,,,false,true,12,2022-04-01,2023-03-31,0
,86240,2022-03-31,,,,,,,,,,,,,,,,,,,,,,,,,,,,,,38.00,,,,,,,false,false,12,2021-04-01,2022-03-31,-1
2022-10-19,86240,2023-03-31,,,,,,8529000000,,737000000,,763000000,,,500000000,,14.34,,,,,,,,,,,,,,,,,,,,,,true,true,6,2022-04-01,2022-09-30,0
2022-10-19,86240,2022-03-31,,,,,,10120000000,,1836000000,,1922000000,,,1501000000,,41.58,,,,,,,,,,,,,,,,,,,,,,true,false,6,2021-04-01,2021-09-30,-1
2022-10-28,86240,2023-03-31,2,,,,,8529000000,-0.157,737000000,-0.598,763000000,-0.603,,500000000,,14.34,14.30,,,,,46179000000,28686000000,0.621,836.04,28671000000,,,,,,,,,,,,true,false,6,2022-04-01,2022-09-30,0
2022-10-28,86240,2022-03-31,2,,,,,10120000000,0.256,1836000000,,1922000000,,,1501000000,,41.58,41.45,,,,,,,,,,,,,,,,,,,,,true,false,6,2021-04-01,2021-09-30,-1
2022-10-28,86240,2022-03-31,2,,,,,,,,,,,,,,,,,,,,47935000000,30064000000,0.627,832.12,30042000000,,,,,,,,,,,,true,false,12,2021-04-01,2022-03-31,-1
2022-10-28,86240,2022-03-31,2,,,,,,,,,,,,,,,,,,,,,,,,,,,,,38.00,,,,42431386,6327697,,false,false,12,2021-04-01,2022-03-31,-1
2022-10-28,86240,2023-03-31,2,,,,,,,,,,,,,,,,,,,,,,,,,,,,,17.00,,,,,,,false,false,12,2022-04-01,2023-03-31,0
2022-10-28,86240,2023-03-31,2,,,,,,,,,,,,,,,,,,,,,,,,,,,,,,,,,40431386,6136447,34891850,false,false,6,2022-04-01,2022-09-30,0
2022-10-28,86240,2022-03-31,2,,,,,,,,,,,,,,,,,,,,,,,,,,,,,,,,,,,36103793,false,false,6,2021-04-01,2021-09-30,-1
2023-01-23,86240,2023-03-31,,,,,,12632000000,,995000000,,1048000000,,,672000000,,19.39,,,,,,,,,,,,,,,,,,,,,,true,true,9,2022-04-01,2022-12-31,0
2023-01-23,86240,2022-03-31,,,,,,15344000000,,2970000000,,3073000000,,,2283000000,,63.24,,,,,,,,,,,,,,,,,,,,,,true,false,9,2021-04-01,2021-12-31,-1
2023-01-30,86240,2023-03-31,3,,,,,12632000000,-0.177,995000000,-0.665,1048000000,-0.659,,672000000,,19.39,19.35,,,,,47013000000,28278000000,0.601,824.01,28264000000,,,,,,,,,,,,true,false,9,2022-04-01,2022-12-31,0
2023-01-30,86240,2022-03-31,3,,,,,15344000000,0.191,2970000000,,3073000000,,,2283000000,,63.24,63.03,,,,,,,,,,,,,,,,,,,,,true,false,9,2021-04-01,2021-12-31,-1
2023-01-30,86240,2022-03-31,3,,,,,,,,,,,,,,,,,,,,47935000000,30064000000,0.627,832.12,30042000000,,,,,,,,,,,,true,false,12,2021-04-01,2022-03-31,-1
2023-01-30,86240,2022-03-31,3,,,,,,,,,,,,,,,,,,,,,,,,,,,,,38.00,,,,42431386,6327697,,false,false,12,2021-04-01,2022-03-31,-1
2023-01-30,86240,2023-03-31,3,,,,,,,,,,,,,,,,,,,,,,,,,,,,,17.00,,,,,,,false,false,12,2022-04-01,2023-03-31,0
2023-01-30,86240,2023-03-31,3,,,,,,,,,,,,,,,,,,,,,,,,,,,,,,,,,40431386,6130747,34693028,false,false,9,2022-04-01,2022-12-31,0
2023-01-30,86240,2022-03-31,3,,,,,,,,,,,,,,,,,,,,,,,,,,,,,,,,,,,36103761,false,false,9,2021-04-01,2021-12-31,-1
,86240,2023-03-31,,,,,,,,,,,,,,,,,,,,,,,,,,,,,,34.00,,,,,,,false,true,12,2022-04-01,2023-03-31,0
,86240,2023-03-31,,,,,,,,,,,,,,,,,,,,,,,,,,,,,,17.00,,,,,,,false,false,12,2022-04-01,2023-03-31,0
,86240,2022-03-31,,,,,,,,,,,,,,,,,,,,,,,,,,,,,,38.00,,,,,,,false,false,12,2021-04-01,2022-03-31,-1
2023-04-19,86240,2023-03-31,,16666000000,,,,,,1166000000,,1216000000,,,758000000,,21.93,,,,,,,,,,,,,,,,,,,,,,true,true,12,2022-04-01,2023-03-31,0
2023-04-19,86240,2022-03-31,,19591000000,,,,,,3321000000,,3443000000,,,2526000000,,69.97,,,,,,,,,,,,,,,,,,,,,,true,false,12,2021-04-01,2022-03-31,-1
2023-04-28,86240,2023-03-31,,,,,,16666000000,-0.149,1166000000,-0.649,1216000000,-0.647,,758000000,,21.93,21.88,0.026,,,,42670000000,27826000000,0.652,823.78,27813000000,1608000000,-320000000,-2818000000,15363000000,,1.550,,,,,,true,false,12,2022-04-01,2023-03-31,0
2023-04-28,86240,2022-03-31,,,,,,19591000000,0.072,3321000000,1.627,3443000000,1.647,,2526000000,,69.97,69.72,0.086,,,,47935000000,30064000000,0.627,832.12,30042000000,2092000000,-169000000,-1375000000,16892000000,,0.543,,,,,,true,false,12,2021-04-01,2022-03-31,-1
2023-04-28,86240,2023-03-31,,,,,,14295000000,-0.174,-323000000,,786000000,-0.766,793000000,,-0.725,22.95,22.90,0.029,,,,40137000000,26063000000,0.649,771.56,26050000000,,,,,34.00,,,,40431386,6668047,34570722,false,false,12,2022-04-01,2023-03-31,0
2023-04-28,86240,2022-03-31,,,,,,17302000000,0.053,1876000000,6.858,3362000000,2.253,2889000000,,1.789,80.03,79.74,0.106,,,,45205000000,28060000000,0.620,776.61,28038000000,,,,,38.00,,,,42431386,6327697,36103743,false,false,12,2021-04-01,2022-03-31,-1
2023-07-20,86240,2024-03-31,,,,,,4580000000,,622000000,,642000000,,,478000000,,14.17,,,,,,,,,,,,,,,,,,,,,,true,true,3,2023-04-01,2023-06-30,0
2023-07-20,86240,2023-03-31,,,,,,4344000000,,383000000,,399000000,,,262000000,,7.39,,,,,,,,,,,,,,,,,,,,,,true,false,3,2022-04-01,2022-06-30,-1
2023-07-28,86240,2024-03-31,1,,,,,4580000000,0.054,622000000,0.625,642000000,0.607,,478000000,,14.17,14.15,,,,,45360000000,27731000000,0.611,820.96,27719000000,,,,,,,,,,,,true,false,3,2023-04-01,2023-06-30,0
2023-07-28,86240,2023-03-31,1,,,,,4344000000,-0.159,383000000,-0.566,399000000,-0.574,,262000000,,7.39,7.37,,,,,,,,,,,,,,,,,,,,,true,false,3,2022-04-01,2022-06-30,-1
2023-07-28,86240,2023-03-31,1,,,,,,,,,,,,,,,,,,,,42670000000,27826000000,0.652,823.78,27813000000,,,,,,,,,,,,true,false,12,2022-04-01,2023-03-31,-1
2023-07-28,86240,2023-03-31,1,,,,,,,,,,,,,,,,,,,,,,,,,,,,,34.00,,,,40431386,6668047,,false,false,12,2022-04-01,2023-03-31,-1
2023-07-28,86240,2024-03-31,1,,,,,,,,,,,,,,,,,,,,,,,,,,,,,,,,,40431386,6666447,33764049,false,false,3,2023-04-01,2023-06-30,0
2023-07-28,86240,2023-03-31,1,,,,,,,,,,,,,,,,,,,,,,,,,,,,,,,,,,,35554991,false,false,3,2022-04-01,2022-06-30,-1
,86240,2024-03-31,,,,,,,,,,,,,,,,,,,,,,,,,,,,,,17.00,,,,,,,false,true,12,2023-04-01,2024-03-31,0
,86240,2023-03-31,,,,,,,,,,,,,,,,,,,,,,,,,,,,,,34.00,,,,,,,false,false,12,2022-04-01,2023-03-31,-1
2023-10-19,86240,2024-03-31,,,,,,9168000000,,1224000000,,1234000000,,,854000000,,25.31,,,,,,,,,,,,,,,,,,,,,,true,true,6,2023-04-01,2023-09-30,0
2023-10-19,86240,2023-03-31,,,,,,8529000000,,737000000,,763000000,,,500000000,,14.34,,,,,,,,,,,,,,,,,,,,,,true,false,6,2022-04-01,2022-09-30,-1
2023-10-30,86240,2024-03-31,2,,,,,9168000000,0.075,1224000000,0.661,1234000000,0.617,,854000000,,25.31,25.26,,,,,48044000000,28153000000,0.586,832.55,28139000000,,,,,,,,,,,,true,false,6,2023-04-01,2023-09-30,0
2023-10-30,86240,2023-03-31,2,,,,,8529000000,-0.157,737000000,-0.598,763000000,-0.603,,500000000,,14.34,14.30,,,,,,,,,,,,,,,,,,,,,true,false,6,2022-04-01,2022-09-30,-1
2023-10-30,86240,2023-03-31,2,,,,,,,,,,,,,,,,,,,,42670000000,27826000000,0.652,823.78,27813000000,,,,,,,,,,,,true,false,12,2022-04-01,2023-03-31,-1
2023-10-30,86240,2023-03-31,2,,,,,,,,,,,,,,,,,,,,,,,,,,,,,34.00,,,,40431386,6668047,,false,false,12,2022-04-01,2023-03-31,-1
2023-10-30,86240,2024-03-31,2,,,,,,,,,,,,,,,,,,,,,,,,,,,,,17.00,,,,,,,false,false,12,2023-04-01,2024-03-31,0
2023-10-30,86240,2024-03-31,2,,,,,,,,,,,,,,,,,,,,,,,,,,,,,,,,,37931386,4131769,33769049,false,false,6,2023-04-01,2023-09-30,0
2023-10-30,86240,2023-03-31,2,,,,,,,,,,,,,,,,,,,,,,,,,,,,,,,,,,,34891850,false,false,6,2022-04-01,2022-09-30,-1
2024-01-23,86240,2024-03-31,,,,,,13504000000,,1583000000,,1628000000,,,1113000000,,32.97,,,,,,,,,,,,,,,,,,,,,,true,true,9,2023-04-01,2023-12-31,0
2024-01-23,86240,2023-03-31,,,,,,12632000000,,995000000,,1048000000,,,672000000,,19.39,,,,,,,,,,,,,,,,,,,,,,true,false,9,2022-04-01,2022-12-31,-1
2024-01-30,86240,2024-03-31,3,,,,,13504000000,0.069,1583000000,0.590,1628000000,0.553,,1113000000,,32.97,32.90,,,,,47025000000,27852000000,0.592,823.34,27834000000,,,,,,,,,,,,true,false,9,2023-04-01,2023-12-31,0
2024-01-30,86240,2023-03-31,3,,,,,12632000000,-0.177,995000000,-0.665,1048000000,-0.659,,672000000,,19.39,19.35,,,,,,,,,,,,,,,,,,,,,true,false,9,2022-04-01,2022-12-31,-1
2024-01-30,86240,2023-03-31,3,,,,,,,,,,,,,,,,,,,,42670000000,27826000000,0.652,823.78,27813000000,,,,,,,,,,,,true,false,12,2022-04-01,2023-03-31,-1
2024-01-30,86240,2023-03-31,3,,,,,,,,,,,,,,,,,,,,,,,,,,,,,34.00,,,,40431386,6668047,,false,false,12,2022-04-01,2023-03-31,-1
2024-01-30,86240,2024-03-31,3,,,,,,,,,,,,,,,,,,,,,,,,,,,,,17.00,,,,,,,false,false,12,2023-04-01,2024-03-31,0
2024-01-30,86240,2024-03-31,3,,,,,,,,,,,,,,,,,,,,,,,,,,,,,,,,,37931386,4124689,33780313,false,false,9,2023-04-01,2023-12-31,0
2024-01-30,86240,2023-03-31,3,,,,,,,,,,,,,,,,,,,,,,,,,,,,,,,,,,,34693028,false,false,9,2022-04-01,2022-12-31,-1
,86240,2024-03-31,,,,,,,,,,,,,,,,,,,,,,,,,,,,,,34.00,,,,,,,false,true,12,2023-04-01,2024-03-31,0
,86240,2024-03-31,,,,,,,,,,,,,,,,,,,,,,,,,,,,,,17.00,,,,,,,false,false,12,2023-04-01,2024-03-31,0
,86240,2023-03-31,,,,,,,,,,,,,,,,,,,,,,,,,,,,,,34.00,,,,,,,false,false,12,2022-04-01,2023-03-31,-1
2024-04-18,86240,2024-03-31,,,,,,18837000000,,2803000000,,2875000000,,,1929000000,,57.11,,,,,,,,,,,,,,,,,,,,,,true,true,12,2023-04-01,2024-03-31,0
2024-04-18,86240,2023-03-31,,,,,,16666000000,,1166000000,,1216000000,,,758000000,,21.93,,,,,,,,,,,,,,,,,,,,,,true,false,12,2022-04-01,2023-03-31,-1
2024-04-30,86240,2024-03-31,,,,,,18837000000,0.130,2803000000,1.404,2875000000,1.364,,1929000000,,57.11,56.95,0.068,,,,46647000000,29008000000,0.621,856.59,28987000000,3793000000,-524000000,-1137000000,17495000000,,0.595,,,,,,true,false,12,2023-04-01,2024-03-31,0
2024-04-30,86240,2023-03-31,,,,,,16666000000,-0.149,1166000000,-0.649,1216000000,-0.647,,758000000,,21.93,21.88,0.026,,,,42670000000,27826000000,0.652,823.78,27813000000,1608000000,-320000000,-2818000000,15363000000,,1.550,,,,,,true,false,12,2022-04-01,2023-03-31,-1
2024-04-30,86240,2024-03-31,,,,,,16131000000,0.128,1099000000,,1772000000,1.253,1297000000,,0.636,38.41,38.31,0.050,,,,42901000000,26282000000,0.612,776.06,26262000000,,,,,34.00,,,,37931386,4090909,33788978,false,false,12,2023-04-01,2024-03-31,0
2024-04-30,86240,2023-03-31,,,,,,14295000000,-0.174,-323000000,,786000000,-0.766,793000000,,-0.725,22.95,22.90,0.029,,,,40137000000,26063000000,0.649,771.56,26050000000,,,,,34.00,,,,40431386,6668047,34570722,false,false,12,2022-04-01,2023-03-31,-1
2024-07-18,86240,2025-03-31,,,,,,4998000000,,882000000,,900000000,,,590000000,,17.45,,,,,,,,,,,,,,,,,,,,,,true,true,3,2024-04-01,2024-06-30,0
2024-07-18,86240,2024-03-31,,,,,,4580000000,,622000000,,642000000,,,478000000,,14.17,,,,,,,,,,,,,,,,,,,,,,true,false,3,2023-04-01,2023-06-30,-1
2024-07-30,86240,2025-03-31,1,,,,,4998000000,0.091,882000000,0.417,900000000,0.402,,590000000,,17.45,17.37,,,,,53662000000,29031000000,0.541,856.91,29006000000,,,,,,,,,,,,true,false,3,2024-04-01,2024-06-30,0
2024-07-30,86240,2024-03-31,1,,,,,4580000000,0.054,622000000,0.625,642000000,0.607,,478000000,,14.17,14.15,,,,,,,,,,,,,,,,,,,,,true,false,3,2023-04-01,2023-06-30,-1
2024-07-30,86240,2024-03-31,1,,,,,,,,,,,,,,,,,,,,46647000000,29008000000,0.621,856.59,28987000000,,,,,,,,,,,,true,false,12,2023-04-01,2024-03-31,-1
2024-07-30,86240,2024-03-31,1,,,,,,,,,,,,,,,,,,,,,,,,,,,,,34.00,,,,37931386,4090909,,false,false,12,2023-04-01,2024-03-31,-1
2024-07-30,86240,2025-03-31,1,,,,,,,,,,,,,,,,,,,,,,,,,,,,,,,,,37931386,4081050,33844518,false,false,3,2024-04-01,2024-06-30,0
2024-07-30,86240,2024-03-31,1,,,,,,,,,,,,,,,,,,,,,,,,,,,,,,,,,,,33764049,false,false,3,2023-04-01,2023-06-30,-1
,86240,2025-03-31,,,,,,,,,,,,,,,,,,,,,,,,,,,,,,17.00,,,,,,,false,true,12,2024-04-01,2025-03-31,0
,86240,2024-03-31,,,,,,,,,,,,,,,,,,,,,,,,,,,,,,34.00,,,,,,,false,false,12,2023-04-01,2024-03-31,-1
2024-10-18,86240,2025-03-31,,,,,,9725000000,,1524000000,,1582000000,,,1041000000,,30.77,,,,,,,,,,,,,,,,,,,,,,true,true,6,2024-04-01,2024-09-30,0
2024-10-18,86240,2024-03-31,,,,,,9168000000,,1224000000,,1234000000,,,854000000,,25.31,,,,,,,,,,,,,,,,,,,,,,true,false,6,2023-04-01,2023-09-30,-1
2024-10-30,86240,2025-03-31,2,,,,,9725000000,0.061,1524000000,0.245,1582000000,0.282,,1041000000,,30.77,30.65,,,,,52909000000,29481000000,0.557,869.96,29453000000,,,,,,,,,,,,true,false,6,2024-04-01,2024-09-30,0
2024-10-30,86240,2024-03-31,2,,,,,9168000000,0.075,1224000000,0.661,1234000000,0.617,,854000000,,25.31,25.26,,,,,,,,,,,,,,,,,,,,,true,false,6,2023-04-01,2023-09-30,-1
2024-10-30,86240,2024-03-31,2,,,,,,,,,,,,,,,,,,,,46647000000,29008000000,0.621,856.59,28987000000,,,,,,,,,,,,true,false,12,2023-04-01,2024-03-31,-1
2024-10-30,86240,2024-03-31,2,,,,,,,,,,,,,,,,,,,,,,,,,,,,,34.00,,,,37931386,4090909,,false,false,12,2023-04-01,2024-03-31,-1
2024-10-30,86240,2025-03-31,2,,,,,,,,,,,,,,,,,,,,,,,,,,,,,17.00,,,,,,,false,false,12,2024-04-01,2025-03-31,0
2024-10-30,86240,2025-03-31,2,,,,,,,,,,,,,,,,,,,,,,,,,,,,,,,,,37931386,4075350,33848849,false,false,6,2024-04-01,2024-09-30,0
2024-10-30,86240,2024-03-31,2,,,,,,,,,,,,,,,,,,,,,,,,,,,,,,,,,,,33769049,false,false,6,2023-04-01,2023-09-30,-1
2025-01-23,86240,2025-03-31,,,,,,14457000000,,2036000000,,2120000000,,,1395000000,,41.52,,,,,,,,,,,,,,,,,,,,,,true,true,9,2024-04-01,2024-12-31,0
2025-01-23,86240,2024-03-31,,,,,,13504000000,,1583000000,,1628000000,,,1113000000,,32.97,,,,,,,,,,,,,,,,,,,,,,true,false,9,2023-04-01,2023-12-31,-1
2025-01-30,86240,2025-03-31,3,,,,,14457000000,0.071,2036000000,0.287,2120000000,0.302,,1395000000,,41.52,41.33,,,,,52641000000,27581000000,0.523,860.27,27546000000,,,,,,,,,,,,true,false,9,2024-04-01,2024-12-31,0
2025-01-30,86240,2024-03-31,3,,,,,13504000000,0.069,1583000000,0.590,1628000000,0.553,,1113000000,,32.97,32.90,,,,,,,,,,,,,,,,,,,,,true,false,9,2023-04-01,2023-12-31,-1
2025-01-30,86240,2024-03-31,3,,,,,,,,,,,,,,,,,,,,46647000000,29008000000,0.621,856.59,28987000000,,,,,,,,,,,,true,false,12,2023-04-01,2024-03-31,-1
2025-01-30,86240,2024-03-31,3,,,,,,,,,,,,,,,,,,,,,,,,,,,,,34.00,,,,37931386,4090909,,false,false,12,2023-04-01,2024-03-31,-1
2025-01-30,86240,2025-03-31,3,,,,,,,,,,,,,,,,,,,,,,,,,,,,,17.00,,,,,,,false,false,12,2024-04-01,2025-03-31,0
2025-01-30,86240,2025-03-31,3,,,,,,,,,,,,,,,,,,,,,,,,,,,,,,,,,37931386,5911070,33620165,false,false,9,2024-04-01,2024-12-31,0
2025-01-30,86240,2024-03-31,3,,,,,,,,,,,,,,,,,,,,,,,,,,,,,,,,,,,33780313,false,false,9,2023-04-01,2023-12-31,-1
,86240,2025-03-31,,,,,,,,,,,,,,,,,,,,,,,,,,,,,,34.00,,,,,,,false,true,12,2024-04-01,2025-03-31,0
,86240,2025-03-31,,,,,,,,,,,,,,,,,,,,,,,,,,,,,,17.00,,,,,,,false,false,12,2024-04-01,2025-03-31,0
,86240,2024-03-31,,,,,,,,,,,,,,,,,,,,,,,,,,,,,,34.00,,,,,,,false,false,12,2023-04-01,2024-03-31,-1
2025-04-18,86240,2025-03-31,,,,,,18804000000,,2285000000,,2406000000,,,1564000000,,47.11,,,,,,,,,,,,,,,,,,,,,,true,true,12,2024-04-01,2025-03-31,0
2025-04-18,86240,2024-03-31,,,,,,18837000000,,2803000000,,2875000000,,,1929000000,,57.11,,,,,,,,,,,,,,,,,,,,,,true,false,12,2023-04-01,2024-03-31,-1
2025-04-28,86240,2025-03-31,,,,,,18804000000,-0.002,2285000000,-0.185,2406000000,-0.163,,1564000000,,47.11,46.89,0.055,,,,41900000000,27461000000,0.654,861.85,27418000000,346000000,-296000000,-3040000000,14504000000,,0.722,,,,,,true,false,12,2024-04-01,2025-03-31,0
2025-04-28,86240,2024-03-31,,,,,,18837000000,0.130,2803000000,1.404,2875000000,1.364,,1929000000,,57.11,56.95,0.068,,,,46647000000,29008000000,0.621,856.59,28987000000,3793000000,-524000000,-1137000000,17495000000,,0.595,,,,,,true,false,12,2023-04-01,2024-03-31,-1
2025-04-28,86240,2025-03-31,,,,,,15752000000,-0.023,279000000,-0.746,1309000000,-0.261,1082000000,,-0.166,32.60,32.45,0.043,,,,37809000000,24385000000,0.644,765.15,24342000000,,,,,34.00,,,,37931386,6117472,33199257,false,false,12,2024-04-01,2025-03-31,0
2025-04-28,86240,2024-03-31,,,,,,16131000000,0.128,1099000000,,1772000000,1.253,1297000000,,0.636,38.41,38.31,0.050,,,,42901000000,26282000000,0.612,776.06,26262000000,,,,,34.00,,,,37931386,4090909,33788978,false,false,12,2023-04-01,2024-03-31,-1
2025-07-17,86240,2026-03-31,,,,,,4627000000,,380000000,,401000000,,,226000000,,7.10,,,,,,,,,,,,,,,,,,,,,,true,true,3,2025-04-01,2025-06-30,0
2025-07-17,86240,2025-03-31,,,,,,4998000000,,882000000,,900000000,,,590000000,,17.45,,,,,,,,,,,,,,,,,,,,,,true,false,3,2024-04-01,2024-06-30,-1
2025-07-30,86240,2026-03-31,1,,,,,4627000000,-0.074,380000000,-0.569,401000000,-0.554,,226000000,,7.10,7.09,,,,,45622000000,27175000000,0.595,851.00,27128000000,,,,,,,,,,,,true,false,3,2025-04-01,2025-06-30,0
2025-07-30,86240,2025-03-31,1,,,,,4998000000,0.091,882000000,0.417,900000000,0.402,,590000000,,17.45,17.37,,,,,,,,,,,,,,,,,,,,,true,false,3,2024-04-01,2024-06-30,-1
2025-07-30,86240,2025-03-31,1,,,,,,,,,,,,,,,,,,,,41900000000,27461000000,0.654,861.85,27418000000,,,,,,,,,,,,true,false,12,2024-04-01,2025-03-31,-1
2025-07-30,86240,2025-03-31,1,,,,,,,,,,,,,,,,,,,,,,,,,,,,,34.00,,,,37931386,6117472,,false,false,12,2024-04-01,2025-03-31,-1
2025-07-30,86240,2026-03-31,1,,,,,,,,,,,,,,,,,,,,,,,,,,,,,,,,,37931386,6058172,31836398,false,false,3,2025-04-01,2025-06-30,0
2025-07-30,86240,2025-03-31,1,,,,,,,,,,,,,,,,,,,,,,,,,,,,,,,,,,,33844518,false,false,3,2024-04-01,2024-06-30,-1
2025-09-17,86240,2026-03-31,,,,,,,,,,,,,,,,,,,,,,,,,,,,,,28.00,,,,,,,false,true,12,2025-04-01,2026-03-31,0
2025-09-17,86240,2025-03-31,,,,,,,,,,,,,,,,,,,,,,,,,,,,,,34.00,,,,,,,false,false,12,2024-04-01,2025-03-31,-1
