filing_date,code,fiscal_year_end,quarterly_period,net_sales,net_sales_change,revenue,revenue_change,operating_revenue,operating_revenue_change,operating_profit,operating_profit_change,ordinary_profit,ordinary_profit_change,net_income,net_income_of_parent,net_income_change,eps,diluted_eps,roe,roa,operating_profit_to_net_sales,operating_profit_to_revenue,total_assets,net_assets,equity_ratio,bps,owner_equity,operating_cash_flow,investing_cash_flow,financing_cash_flow,cash,dividend_per_share,payout_ratio,commemorative_dividend,extra_dividend,number_of_shares,number_of_treqsury_shares,avg_number_of_shares,is_consolidated,is_forecast,duration,period_start,period_end,period_pos
2015-07-28,86970,2016-03-31,1,,,,,27802000000,0.120,16737000000,0.377,,,,10773000000,,39.24,,,,,,25296188000000,,,,,,,,,,,,,,,,true,false,3,2015-04-01,2015-06-30,0
2015-07-28,86970,2015-03-31,1,,,,,24826000000,,12157000000,,,,,7921000000,,28.85,,,,,,,,,,,,,,,,,,,,,,true,false,3,2014-04-01,2014-06-30,-1
2015-07-28,86970,2016-03-31,1,,,,,100000000000,-0.058,48500000000,-0.094,,,,33000000000,,60.10,,,,,,,,,,,,,,,,,,,,,,true,true,12,2015-04-01,2016-03-31,0
2015-07-28,86970,2015-03-31,1,,,,,,,,,,,,,,,,,,,,27746771000000,,,,,,,,,,,,,,,,true,false,12,2014-04-01,2015-03-31,-1
2015-07-28,86970,2015-03-31,1,,,,,,,,,,,,,,,,,,,,,,,,,,,,,50.00,,,,274534550,2655,,false,false,12,2014-04-01,2015-03-31,-1
2015-07-28,86970,2016-03-31,1,,,,,,,,,,,,,,,,,,,,,,,,,,,,,18.50,,,,,,,false,true,12,2015-04-01,2016-03-31,0
2015-07-28,86970,2016-03-31,1,,,,,,,,,,,,,,,,,,,,,,,,,,,,,,,,,274534550,2655,274531895,false,false,3,2015-04-01,2015-06-30,0
2015-07-28,86970,2015-03-31,1,,,,,,,,,,,,,,,,,,,,,,,,,,,,,,,,,,,274531895,false,false,3,2014-04-01,2014-06-30,-1
,86970,2016-03-31,,,,,,,,,,,,,,,,,,,,,,,,,,,,,,18.50,,,,,,,false,true,12,2015-04-01,2016-03-31,0
,86970,2015-03-31,,,,,,,,,,,,,,,,,,,,,,,,,,,,,,50.00,,,,,,,false,false,12,2014-04-01,2015-03-31,-1
2015-09-24,86970,2016-03-31,,,,,,108000000000,0.080,56500000000,0.165,,,,38500000000,,70.12,,,,,,,,,,,,,,,,,,,,,,true,true,12,2015-04-01,2016-03-31,0
2015-09-24,86970,2015-03-31,,,,,,106167000000,,53529000000,,,,,34427000000,,62.70,,,,,,,,,,,,,,,,,,,,,,true,false,12,2014-04-01,2015-03-31,-1
2015-09-24,86970,2016-03-31,,,,,,,,,,,,,,,,,,,,,,,,,,,,,,21.00,,,,,,,false,true,12,2015-04-01,2016-03-31,0
2015-09-24,86970,2015-03-31,,,,,,,,,,,,,,,,,,,,,,,,,,,,,,50.00,,,,,,,false,false,12,2014-04-01,2015-03-31,-1
2015-10-30,86970,2016-03-31,2,,,,,57952000000,0.163,35295000000,0.445,,,,23879000000,,43.49,,,,,,29941521000000,,,,,,,,,,,,,,,,true,false,6,2015-04-01,2015-09-30,0
2015-10-30,86970,2015-03-31,2,,,,,49843000000,,24427000000,,,,,16292000000,,29.67,,,,,,,,,,,,,,,,,,,,,,true,false,6,2014-04-01,2014-09-30,-1
2015-10-30,86970,2016-03-31,2,,,,,108000000000,0.017,56500000000,0.055,,,,38500000000,,70.12,,,,,,,,,,,,,,,,,,,,,,true,true,12,2015-04-01,2016-03-31,0
2015-10-30,86970,2015-03-31,2,,,,,,,,,,,,,,,,,,,,27746771000000,,,,,,,,,,,,,,,,true,false,12,2014-04-01,2015-03-31,-1
2015-10-30,86970,2015-03-31,2,,,,,,,,,,,,,,,,,,,,,,,,,,,,,50.00,,,,549069100,5310,,false,false,12,2014-04-01,2015-03-31,-1
2015-10-30,86970,2016-03-31,2,,,,,,,,,,,,,,,,,,,,,,,,,,,,,42.00,,,,,,,false,false,12,2015-04-01,2016-03-31,0
2015-10-30,86970,2016-03-31,2,,,,,,,,,,,,,,,,,,,,,,,,,,,,,21.00,,,,,,,false,true,12,2015-04-01,2016-03-31,0
2015-10-30,86970,2016-03-31,2,,,,,,,,,,,,,,,,,,,,,,,,,,,,,,,,,549069100,5310,549063790,false,false,6,2015-04-01,2015-09-30,0
2015-10-30,86970,2015-03-31,2,,,,,,,,,,,,,,,,,,,,,,,,,,,,,,,,,,,549063790,false,false,6,2014-04-01,2014-09-30,-1
2016-01-29,86970,2016-03-31,3,,,,,85284000000,0.081,51745000000,0.289,,,,35504000000,,64.66,,,,,,25030860000000,,,,,,,,,,,,,,,,true,false,9,2015-04-01,2015-12-31,0
2016-01-29,86970,2015-03-31,3,,,,,78900000000,,40132000000,,,,,26780000000,,48.77,,,,,,,,,,,,,,,,,,,,,,true,false,9,2014-04-01,2014-12-31,-1
2016-01-29,86970,2016-03-31,3,,,,,108000000000,0.017,56500000000,0.055,,,,38500000000,,70.12,,,,,,,,,,,,,,,,,,,,,,true,true,12,2015-04-01,2016-03-31,0
2016-01-29,86970,2015-03-31,3,,,,,,,,,,,,,,,,,,,,27746771000000,,,,,,,,,,,,,,,,true,false,12,2014-04-01,2015-03-31,-1
2016-01-29,86970,2015-03-31,3,,,,,,,,,,,,,,,,,,,,,,,,,,,,,50.00,,,,549069100,5310,,false,false,12,2014-04-01,2015-03-31,-1
2016-01-29,86970,2016-03-31,3,,,,,,,,,,,,,,,,,,,,,,,,,,,,,42.00,,,,,,,false,false,12,2015-04-01,2016-03-31,0
2016-01-29,86970,2016-03-31,3,,,,,,,,,,,,,,,,,,,,,,,,,,,,,21.00,,,,,,,false,true,12,2015-04-01,2016-03-31,0
2016-01-29,86970,2016-03-31,3,,,,,,,,,,,,,,,,,,,,,,,,,,,,,,,,,549069100,7252,549063232,false,false,9,2015-04-01,2015-12-31,0
2016-01-29,86970,2015-03-31,3,,,,,,,,,,,,,,,,,,,,,,,,,,,,,,,,,,,549063790,false,false,9,2014-04-01,2014-12-31,-1
2016-03-18,86970,2016-03-31,,,,,,114500000000,0.060,66000000000,0.168,,,,44700000000,,81.41,,,,,,,,,,,,,,,,,,,,,,true,true,12,2015-04-01,2016-03-31,0
2016-03-18,86970,2015-03-31,,,,,,106167000000,,53529000000,,,,,34427000000,,62.70,,,,,,,,,,,,,,,,,,,,,,true,false,12,2014-04-01,2015-03-31,-1
2016-03-18,86970,2016-03-31,,,,,,,,,,,,,,,,,,,,,,,,,,,,,,28.00,,,,,,,false,true,12,2015-04-01,2016-03-31,0
2016-03-18,86970,2016-03-31,,,,,,,,,,,,,,,,,,,,,,,,,,,,,,42.00,,,,,,,false,false,12,2015-04-01,2016-03-31,0
2016-03-18,86970,2015-03-31,,,,,,,,,,,,,,,,,,,,,,,,,,,,,,50.00,,,,,,,false,false,12,2014-04-01,2015-03-31,-1
2016-04-28,86970,2016-03-31,,,,,,114776000000,0.081,66271000000,0.238,,,,44877000000,,81.74,,,,,,29546776000000,,,,,61069000000,-33591000000,-21030000000,,,0.612,,,,,,true,false,12,2015-04-01,2016-03-31,0
2016-04-28,86970,2015-03-31,,,,,,106167000000,-0.067,53529000000,0.003,,,,34427000000,,62.70,,,,,,27746771000000,,,,,37346000000,-5563000000,-22364000000,,,0.399,,,,,,true,false,12,2014-04-01,2015-03-31,-1
2016-04-28,86970,2017-03-31,,,,,,108000000000,-0.059,54000000000,-0.185,,,,38500000000,,70.12,,,,,,,,,,,,,,,,0.599,,,,,,true,true,12,2016-04-01,2017-03-31,1
2016-04-28,86970,2016-03-31,,,,,,35072000000,0.060,29724000000,0.089,31309000000,0.089,30275000000,,0.092,55.14,,,,,,230071000000,110107000000,0.479,200.54,110107000000,,,,,29.00,,,,549069100,7252,549062888,false,false,12,2015-04-01,2016-03-31,0
2016-04-28,86970,2015-03-31,,,,,,33102000000,1.703,27287000000,2.860,28747000000,2.404,27728000000,,2.757,50.50,,,,,,215218000000,102104000000,0.474,185.96,102104000000,,,,,50.00,,,,549069100,5310,549063790,false,false,12,2014-04-01,2015-03-31,-1
2016-04-28,86970,2017-03-31,,,,,,,,,,,,,,,,,,,,,,,,,,,,,,42.00,,,,,,,false,true,12,2016-04-01,2017-03-31,1
2016-07-28,86970,2017-03-31,1,,,,,26721000000,-0.039,14348000000,-0.143,,,,9583000000,,17.45,,,,,,31945869000000,,,,,,,,,,,,,,,,true,false,3,2016-04-01,2016-06-30,0
2016-07-28,86970,2016-03-31,1,,,,,27802000000,0.120,16737000000,0.377,,,,10773000000,,19.62,,,,,,,,,,,,,,,,,,,,,,true,false,3,2015-04-01,2015-06-30,-1
2016-07-28,86970,2017-03-31,1,,,,,108000000000,-0.059,54000000000,-0.185,,,,38500000000,,70.12,,,,,,,,,,,,,,,,,,,,,,true,true,12,2016-04-01,2017-03-31,0
2016-07-28,86970,2016-03-31,1,,,,,,,,,,,,,,,,,,,,29546776000000,,,,,,,,,,,,,,,,true,false,12,2015-04-01,2016-03-31,-1
2016-07-28,86970,2016-03-31,1,,,,,,,,,,,,,,,,,,,,,,,,,,,,,29.00,,,,549069100,7252,,false,false,12,2015-04-01,2016-03-31,-1
2016-07-28,86970,2017-03-31,1,,,,,,,,,,,,,,,,,,,,,,,,,,,,,42.00,,,,,,,false,true,12,2016-04-01,2017-03-31,0
2016-07-28,86970,2017-03-31,1,,,,,,,,,,,,,,,,,,,,,,,,,,,,,,,,,549069100,7252,549061848,false,false,3,2016-04-01,2016-06-30,0
2016-07-28,86970,2016-03-31,1,,,,,,,,,,,,,,,,,,,,,,,,,,,,,,,,,,,549063790,false,false,3,2015-04-01,2015-06-30,-1
2016-10-28,86970,2017-03-31,2,,,,,52882000000,-0.087,28258000000,-0.199,,,,19597000000,,35.73,,,,,,36061545000000,,,,,,,,,,,,,,,,true,false,6,2016-04-01,2016-09-30,0
2016-10-28,86970,2016-03-31,2,,,,,57952000000,0.163,35295000000,0.445,,,,23879000000,,43.49,,,,,,,,,,,,,,,,,,,,,,true,false,6,2015-04-01,2015-09-30,-1
2016-10-28,86970,2017-03-31,2,,,,,106000000000,-0.076,54000000000,-0.185,,,,38500000000,,70.27,,,,,,,,,,,,,,,,,,,,,,true,true,12,2016-04-01,2017-03-31,0
2016-10-28,86970,2016-03-31,2,,,,,,,,,,,,,,,,,,,,29546776000000,,,,,,,,,,,,,,,,true,false,12,2015-04-01,2016-03-31,-1
2016-10-28,86970,2016-03-31,2,,,,,,,,,,,,,,,,,,,,,,,,,,,,,29.00,,,,549069100,7252,,false,false,12,2015-04-01,2016-03-31,-1
2016-10-28,86970,2017-03-31,2,,,,,,,,,,,,,,,,,,,,,,,,,,,,,21.00,,,,,,,false,false,12,2016-04-01,2017-03-31,0
2016-10-28,86970,2017-03-31,2,,,,,,,,,,,,,,,,,,,,,,,,,,,,,42.00,,,,,,,false,true,12,2016-04-01,2017-03-31,0
2016-10-28,86970,2017-03-31,2,,,,,,,,,,,,,,,,,,,,,,,,,,,,,,,,,549069100,1839252,548523428,false,false,6,2016-04-01,2016-09-30,0
2016-10-28,86970,2016-03-31,2,,,,,,,,,,,,,,,,,,,,,,,,,,,,,,,,,,,549063790,false,false,6,2015-04-01,2015-09-30,-1
2017-01-30,86970,2017-03-31,3,,,,,80663000000,-0.054,44814000000,-0.134,,,,31832000000,,58.10,,,,,,40450677000000,,,,,,,,,,,,,,,,true,false,9,2016-04-01,2016-12-31,0
2017-01-30,86970,2016-03-31,3,,,,,85284000000,0.081,51745000000,0.289,,,,35504000000,,64.66,,,,,,,,,,,,,,,,,,,,,,true,false,9,2015-04-01,2015-12-31,-1
2017-01-30,86970,2017-03-31,3,,,,,106000000000,-0.076,54000000000,-0.185,,,,38500000000,,70.32,,,,,,,,,,,,,,,,,,,,,,true,true,12,2016-04-01,2017-03-31,0
2017-01-30,86970,2016-03-31,3,,,,,,,,,,,,,,,,,,,,29546776000000,,,,,,,,,,,,,,,,true,false,12,2015-04-01,2016-03-31,-1
2017-01-30,86970,2016-03-31,3,,,,,,,,,,,,,,,,,,,,,,,,,,,,,29.00,,,,549069100,7252,,false,false,12,2015-04-01,2016-03-31,-1
2017-01-30,86970,2017-03-31,3,,,,,,,,,,,,,,,,,,,,,,,,,,,,,21.00,,,,,,,false,false,12,2016-04-01,2017-03-31,0
2017-01-30,86970,2017-03-31,3,,,,,,,,,,,,,,,,,,,,,,,,,,,,,42.00,,,,,,,false,true,12,2016-04-01,2017-03-31,0
2017-01-30,86970,2017-03-31,3,,,,,,,,,,,,,,,,,,,,,,,,,,,,,,,,,549069100,2754052,547924549,false,false,9,2016-04-01,2016-12-31,0
2017-01-30,86970,2016-03-31,3,,,,,,,,,,,,,,,,,,,,,,,,,,,,,,,,,,,549063232,false,false,9,2015-04-01,2015-12-31,-1
2017-03-22,86970,2017-03-31,,,,,,107000000000,0.009,59000000000,0.093,,,,41800000000,,76.39,,,,,,,,,,,,,,,,,,,,,,true,true,12,2016-04-01,2017-03-31,0
2017-03-22,86970,2016-03-31,,,,,,114776000000,,66271000000,,,,,44877000000,,81.74,,,,,,,,,,,,,,,,,,,,,,true,false,12,2015-04-01,2016-03-31,-1
2017-03-22,86970,2017-03-31,,,,,,,,,,,,,,,,,,,,,,,,,,,,,,47.00,,,,,,,false,true,12,2016-04-01,2017-03-31,0
2017-03-22,86970,2017-03-31,,,,,,,,,,,,,,,,,,,,,,,,,,,,,,21.00,,,,,,,false,false,12,2016-04-01,2017-03-31,0
2017-03-22,86970,2016-03-31,,,,,,,,,,,,,,,,,,,,,,,,,,,,,,29.00,,,,,,,false,false,12,2015-04-01,2016-03-31,-1
2017-04-28,86970,2017-03-31,,,,,,107885000000,-0.060,59377000000,-0.104,,,,42124000000,,77.00,,,,,,41288932000000,,,,,47462000000,-19330000000,-21119000000,,,0.610,,,,,,true,false,12,2016-04-01,2017-03-31,0
2017-04-28,86970,2016-03-31,,,,,,114776000000,0.081,66271000000,0.238,,,,44877000000,,81.74,,,,,,29546776000000,,,,,61069000000,-33591000000,-21030000000,,,0.612,,,,,,true,false,12,2015-04-01,2016-03-31,-1
2017-04-28,86970,2018-03-31,,,,,,112000000000,0.038,60000000000,0.010,,,,42500000000,,78.64,,,,,,,,,,,,,,,,0.610,,,,,,true,true,12,2017-04-01,2018-03-31,1
2017-04-28,86970,2017-03-31,,,,,,47887000000,0.365,42424000000,0.427,43682000000,0.395,42774000000,,0.413,78.19,,,,,,244641000000,111061000000,0.454,205.50,111061000000,,,,,47.00,,,,549069100,8636052,547051034,false,false,12,2016-04-01,2017-03-31,0
2017-04-28,86970,2016-03-31,,,,,,35072000000,0.060,29724000000,0.089,31309000000,0.089,30275000000,,0.092,55.14,,,,,,230071000000,110107000000,0.479,200.54,110107000000,,,,,29.00,,,,549069100,7252,549062888,false,false,12,2015-04-01,2016-03-31,-1
2017-04-28,86970,2018-03-31,,,,,,,,,,,,,,,,,,,,,,,,,,,,,,48.00,,,,,,,false,true,12,2017-04-01,2018-03-31,1
2017-07-28,86970,2018-03-31,1,,,,,27876000000,0.043,16440000000,0.146,,,,10874000000,,20.24,,,,,,37878487000000,,,,,,,,,,,,,,,,true,false,3,2017-04-01,2017-06-30,0
2017-07-28,86970,2017-03-31,1,,,,,26721000000,-0.039,14348000000,-0.143,,,,9583000000,,17.45,,,,,,,,,,,,,,,,,,,,,,true,false,3,2016-04-01,2016-06-30,-1
2017-07-28,86970,2018-03-31,1,,,,,112000000000,0.038,60000000000,0.010,,,,42500000000,,79.27,,,,,,,,,,,,,,,,,,,,,,true,true,12,2017-04-01,2018-03-31,0
2017-07-28,86970,2017-03-31,1,,,,,,,,,,,,,,,,,,,,41288932000000,,,,,,,,,,,,,,,,true,false,12,2016-04-01,2017-03-31,-1
2017-07-28,86970,2017-03-31,1,,,,,,,,,,,,,,,,,,,,,,,,,,,,,47.00,,,,549069100,8636052,,false,false,12,2016-04-01,2017-03-31,-1
2017-07-28,86970,2018-03-31,1,,,,,,,,,,,,,,,,,,,,,,,,,,,,,48.00,,,,,,,false,true,12,2017-04-01,2018-03-31,0
2017-07-28,86970,2018-03-31,1,,,,,,,,,,,,,,,,,,,,,,,,,,,,,,,,,549069100,13303873,537208664,false,false,3,2017-04-01,2017-06-30,0
2017-07-28,86970,2017-03-31,1,,,,,,,,,,,,,,,,,,,,,,,,,,,,,,,,,,,549061848,false,false,3,2016-04-01,2016-06-30,-1
2017-10-30,86970,2018-03-31,2,,,,,55762000000,0.054,32808000000,0.161,,,,22692000000,,42.30,,,,,,42523504000000,,,,,,,,,,,,,,,,true,false,6,2017-04-01,2017-09-30,0
2017-10-30,86970,2017-03-31,2,,,,,52882000000,-0.087,28258000000,-0.199,,,,19597000000,,35.73,,,,,,,,,,,,,,,,,,,,,,true,false,6,2016-04-01,2016-09-30,-1
2017-10-30,86970,2018-03-31,2,,,,,110000000000,0.020,60000000000,0.010,,,,42500000000,,79.27,,,,,,,,,,,,,,,,,,,,,,true,true,12,2017-04-01,2018-03-31,0
2017-10-30,86970,2017-03-31,2,,,,,,,,,,,,,,,,,,,,41288932000000,,,,,,,,,,,,,,,,true,false,12,2016-04-01,2017-03-31,-1
2017-10-30,86970,2017-03-31,2,,,,,,,,,,,,,,,,,,,,,,,,,,,,,47.00,,,,549069100,8636052,,false,false,12,2016-04-01,2017-03-31,-1
2017-10-30,86970,2018-03-31,2,,,,,,,,,,,,,,,,,,,,,,,,,,,,,24.00,,,,,,,false,false,12,2017-04-01,2018-03-31,0
2017-10-30,86970,2018-03-31,2,,,,,,,,,,,,,,,,,,,,,,,,,,,,,48.00,,,,,,,false,true,12,2017-04-01,2018-03-31,0
2017-10-30,86970,2018-03-31,2,,,,,,,,,,,,,,,,,,,,,,,,,,,,,,,,,549069100,13303807,536483009,false,false,6,2017-04-01,2017-09-30,0
2017-10-30,86970,2017-03-31,2,,,,,,,,,,,,,,,,,,,,,,,,,,,,,,,,,,,548523428,false,false,6,2016-04-01,2016-09-30,-1
2018-01-31,86970,2018-03-31,3,,,,,87861000000,0.089,53090000000,0.185,,,,37195000000,,69.36,,,,,,37987261000000,,,,,,,,,,,,,,,,true,false,9,2017-04-01,2017-12-31,0
2018-01-31,86970,2017-03-31,3,,,,,80663000000,-0.054,44814000000,-0.134,,,,31832000000,,58.10,,,,,,,,,,,,,,,,,,,,,,true,false,9,2016-04-01,2016-12-31,-1
2018-01-31,86970,2018-03-31,3,,,,,110000000000,0.020,60000000000,0.010,,,,42500000000,,79.27,,,,,,,,,,,,,,,,,,,,,,true,true,12,2017-04-01,2018-03-31,0
2018-01-31,86970,2017-03-31,3,,,,,,,,,,,,,,,,,,,,41288932000000,,,,,,,,,,,,,,,,true,false,12,2016-04-01,2017-03-31,-1
2018-01-31,86970,2017-03-31,3,,,,,,,,,,,,,,,,,,,,,,,,,,,,,47.00,,,,549069100,8636052,,false,false,12,2016-04-01,2017-03-31,-1
2018-01-31,86970,2018-03-31,3,,,,,,,,,,,,,,,,,,,,,,,,,,,,,24.00,,,,,,,false,false,12,2017-04-01,2018-03-31,0
2018-01-31,86970,2018-03-31,3,,,,,,,,,,,,,,,,,,,,,,,,,,,,,48.00,,,,,,,false,true,12,2017-04-01,2018-03-31,0
2018-01-31,86970,2018-03-31,3,,,,,,,,,,,,,,,,,,,,,,,,,,,,,,,,,549069100,13303754,536242907,false,false,9,2017-04-01,2017-12-31,0
2018-01-31,86970,2017-03-31,3,,,,,,,,,,,,,,,,,,,,,,,,,,,,,,,,,,,547924549,false,false,9,2016-04-01,2016-12-31,-1
2018-03-22,86970,2018-03-31,,,,,,120000000000,0.091,71000000000,0.183,,,,50000000000,,93.26,,,,,,,,,,,,,,,,,,,,,,true,true,12,2017-04-01,2018-03-31,0
2018-03-22,86970,2017-03-31,,,,,,107885000000,,59377000000,,,,,42124000000,,77.00,,,,,,,,,,,,,,,,,,,,,,true,false,12,2016-04-01,2017-03-31,-1
2018-03-22,86970,2018-03-31,,,,,,,,,,,,,,,,,,,,,,,,,,,,,,57.00,,,,,,,false,true,12,2017-04-01,2018-03-31,0
2018-03-22,86970,2018-03-31,,,,,,,,,,,,,,,,,,,,,,,,,,,,,,24.00,,,,,,,false,false,12,2017-04-01,2018-03-31,0
2018-03-22,86970,2017-03-31,,,,,,,,,,,,,,,,,,,,,,,,,,,,,,47.00,,,,,,,false,false,12,2016-04-01,2017-03-31,-1
2018-04-27,86970,2018-03-31,,,,,,120711000000,0.119,71791000000,0.209,,,,50484000000,,94.17,,,,,,41316341000000,,,,,66018000000,-26164000000,-34393000000,,,0.712,,,,,,true,false,12,2017-04-01,2018-03-31,0
2018-04-27,86970,2017-03-31,,,,,,107885000000,-0.060,59377000000,-0.104,,,,42124000000,,77.00,,,,,,41288932000000,,,,,47462000000,-19330000000,-21119000000,,,0.610,,,,,,true,false,12,2016-04-01,2017-03-31,-1
2018-04-27,86970,2019-03-31,,,,,,123000000000,0.019,68000000000,-0.053,,,,48000000000,,89.59,,,,,,,,,,,,,,,,0.603,,,,,,true,true,12,2018-04-01,2019-03-31,1
2018-04-27,86970,2018-03-31,,,,,,41119000000,-0.141,35118000000,-0.172,36441000000,-0.166,35503000000,,-0.170,66.22,,,,,,252081000000,111970000000,0.444,208.99,111970000000,,,,,67.00,,,,536351448,585416,536125158,false,false,12,2017-04-01,2018-03-31,0
2018-04-27,86970,2017-03-31,,,,,,47887000000,0.365,42424000000,0.427,43682000000,0.395,42774000000,,0.413,78.19,,,,,,244641000000,111061000000,0.454,205.50,111061000000,,,,,47.00,,,,549069100,8636052,547051034,false,false,12,2016-04-01,2017-03-31,-1
2018-04-27,86970,2019-03-31,,,,,,,,,,,,,,,,,,,,,,,,,,,,,,54.00,,,,,,,false,true,12,2018-04-01,2019-03-31,1
2018-07-30,86970,2019-03-31,1,,,,,29562000000,0.060,17413000000,0.059,,,,11623000000,,21.69,,,,,,35842130000000,,,,,,,,,,,,,,,,true,false,3,2018-04-01,2018-06-30,0
2018-07-30,86970,2018-03-31,1,,,,,27876000000,0.043,16440000000,0.146,,,,10874000000,,20.24,,,,,,,,,,,,,,,,,,,,,,true,false,3,2017-04-01,2017-06-30,-1
2018-07-30,86970,2019-03-31,1,,,,,123000000000,0.019,68000000000,-0.053,,,,48000000000,,89.59,,,,,,,,,,,,,,,,,,,,,,true,true,12,2018-04-01,2019-03-31,0
2018-07-30,86970,2018-03-31,1,,,,,,,,,,,,,,,,,,,,41316341000000,,,,,,,,,,,,,,,,true,false,12,2017-04-01,2018-03-31,-1
2018-07-30,86970,2018-03-31,1,,,,,,,,,,,,,,,,,,,,,,,,,,,,,67.00,,,,536351448,585416,,false,false,12,2017-04-01,2018-03-31,-1
2018-07-30,86970,2019-03-31,1,,,,,,,,,,,,,,,,,,,,,,,,,,,,,54.00,,,,,,,false,true,12,2018-04-01,2019-03-31,0
2018-07-30,86970,2019-03-31,1,,,,,,,,,,,,,,,,,,,,,,,,,,,,,,,,,536351448,585416,535766032,false,false,3,2018-04-01,2018-06-30,0
2018-07-30,86970,2018-03-31,1,,,,,,,,,,,,,,,,,,,,,,,,,,,,,,,,,,,537208664,false,false,3,2017-04-01,2017-06-30,-1
2018-10-29,86970,2019-03-31,2,,,,,59231000000,0.062,34355000000,0.047,,,,23920000000,,44.65,,,,,,42544750000000,,,,,,,,,,,,,,,,true,false,6,2018-04-01,2018-09-30,0
2018-10-29,86970,2018-03-31,2,,,,,55762000000,0.054,32808000000,0.161,,,,22692000000,,42.30,,,,,,,,,,,,,,,,,,,,,,true,false,6,2017-04-01,2017-09-30,-1
2018-10-29,86970,2019-03-31,2,,,,,120000000000,-0.006,68000000000,-0.053,,,,48000000000,,89.61,,,,,,,,,,,,,,,,,,,,,,true,true,12,2018-04-01,2019-03-31,0
2018-10-29,86970,2018-03-31,2,,,,,,,,,,,,,,,,,,,,41316341000000,,,,,,,,,,,,,,,,true,false,12,2017-04-01,2018-03-31,-1
2018-10-29,86970,2018-03-31,2,,,,,,,,,,,,,,,,,,,,,,,,,,,,,67.00,,,,536351448,585416,,false,false,12,2017-04-01,2018-03-31,-1
2018-10-29,86970,2019-03-31,2,,,,,,,,,,,,,,,,,,,,,,,,,,,,,27.00,,,,,,,false,false,12,2018-04-01,2019-03-31,0
2018-10-29,86970,2019-03-31,2,,,,,,,,,,,,,,,,,,,,,,,,,,,,,54.00,,,,,,,false,true,12,2018-04-01,2019-03-31,0
2018-10-29,86970,2019-03-31,2,,,,,,,,,,,,,,,,,,,,,,,,,,,,,,,,,536351448,721216,535725501,false,false,6,2018-04-01,2018-09-30,0
2018-10-29,86970,2018-03-31,2,,,,,,,,,,,,,,,,,,,,,,,,,,,,,,,,,,,536483009,false,false,6,2017-04-01,2017-09-30,-1
2019-01-29,86970,2019-03-31,3,,,,,92020000000,0.047,54302000000,0.023,,,,38430000000,,71.74,,,,,,55009203000000,,,,,,,,,,,,,,,,true,false,9,2018-04-01,2018-12-31,0
2019-01-29,86970,2018-03-31,3,,,,,87861000000,0.089,53090000000,0.185,,,,37195000000,,69.36,,,,,,,,,,,,,,,,,,,,,,true,false,9,2017-04-01,2017-12-31,-1
2019-01-29,86970,2019-03-31,3,,,,,120000000000,-0.006,68000000000,-0.053,,,,48000000000,,89.61,,,,,,,,,,,,,,,,,,,,,,true,true,12,2018-04-01,2019-03-31,0
2019-01-29,86970,2018-03-31,3,,,,,,,,,,,,,,,,,,,,41316341000000,,,,,,,,,,,,,,,,true,false,12,2017-04-01,2018-03-31,-1
2019-01-29,86970,2018-03-31,3,,,,,,,,,,,,,,,,,,,,,,,,,,,,,67.00,,,,536351448,585416,,false,false,12,2017-04-01,2018-03-31,-1
2019-01-29,86970,2019-03-31,3,,,,,,,,,,,,,,,,,,,,,,,,,,,,,27.00,,,,,,,false,false,12,2018-04-01,2019-03-31,0
2019-01-29,86970,2019-03-31,3,,,,,,,,,,,,,,,,,,,,,,,,,,,,,54.00,,,,,,,false,true,12,2018-04-01,2019-03-31,0
2019-01-29,86970,2019-03-31,3,,,,,,,,,,,,,,,,,,,,,,,,,,,,,,,,,536351448,721216,535693629,false,false,9,2018-04-01,2018-12-31,0
2019-01-29,86970,2018-03-31,3,,,,,,,,,,,,,,,,,,,,,,,,,,,,,,,,,,,536242907,false,false,9,2017-04-01,2017-12-31,-1
2019-04-26,86970,2019-03-31,,,,,,121134000000,0.004,69535000000,-0.031,,,,49057000000,,91.58,,,,,,54069405000000,,,,,52778000000,-30066000000,-37809000000,,,0.764,,,,,,true,false,12,2018-04-01,2019-03-31,0
2019-04-26,86970,2018-03-31,,,,,,120711000000,0.119,71791000000,0.209,,,,50484000000,,94.17,,,,,,41316341000000,,,,,66018000000,-26164000000,-34393000000,,,0.712,,,,,,true,false,12,2017-04-01,2018-03-31,-1
2019-04-26,86970,2020-03-31,,,,,,122000000000,0.007,66000000000,-0.051,,,,46000000000,,85.88,,,,,,,,,,,,,,,,0.605,,,,,,true,true,12,2019-04-01,2020-03-31,1
2019-04-26,86970,2019-03-31,,,,,,48932000000,0.190,43082000000,0.227,44486000000,0.221,46805000000,,0.318,87.38,,,,,,246883000000,118035000000,0.478,220.37,118035000000,,,,,70.00,,,,536351448,718620,535678846,false,false,12,2018-04-01,2019-03-31,0
2019-04-26,86970,2018-03-31,,,,,,41119000000,-0.141,35118000000,-0.172,36441000000,-0.166,35503000000,,-0.170,66.22,,,,,,252081000000,111970000000,0.444,208.99,111970000000,,,,,67.00,,,,536351448,585416,536125158,false,false,12,2017-04-01,2018-03-31,-1
2019-04-26,86970,2020-03-31,,,,,,,,,,,,,,,,,,,,,,,,,,,,,,52.00,,,,,,,false,true,12,2019-04-01,2020-03-31,1
2019-07-30,86970,2020-03-31,1,,,,,29069000000,-0.017,16246000000,-0.067,,,,10711000000,,20.00,,,,,,56422396000000,,,,,,,,,,,,,,,,true,false,3,2019-04-01,2019-06-30,0
2019-07-30,86970,2019-03-31,1,,,,,29562000000,0.060,17413000000,0.059,,,,11623000000,,21.69,,,,,,,,,,,,,,,,,,,,,,true,false,3,2018-04-01,2018-06-30,-1
2019-07-30,86970,2020-03-31,1,,,,,122000000000,0.007,66000000000,-0.051,,,,46000000000,,85.91,,,,,,,,,,,,,,,,,,,,,,true,true,12,2019-04-01,2020-03-31,0
2019-07-30,86970,2019-03-31,1,,,,,,,,,,,,,,,,,,,,54069405000000,,,,,,,,,,,,,,,,true,false,12,2018-04-01,2019-03-31,-1
2019-07-30,86970,2019-03-31,1,,,,,,,,,,,,,,,,,,,,,,,,,,,,,70.00,,,,536351448,718620,,false,false,12,2018-04-01,2019-03-31,-1
2019-07-30,86970,2020-03-31,1,,,,,,,,,,,,,,,,,,,,,,,,,,,,,52.00,,,,,,,false,true,12,2019-04-01,2020-03-31,0
2019-07-30,86970,2020-03-31,1,,,,,,,,,,,,,,,,,,,,,,,,,,,,,,,,,536351448,911324,535522061,false,false,3,2019-04-01,2019-06-30,0
2019-07-30,86970,2019-03-31,1,,,,,,,,,,,,,,,,,,,,,,,,,,,,,,,,,,,535766032,false,false,3,2018-04-01,2018-06-30,-1
2019-09-25,86970,2020-03-31,,,,,,117000000000,-0.041,60000000000,-0.091,,,,42000000000,,78.44,,,,,,,,,,,,,,,,,,,,,,true,true,12,2019-04-01,2020-03-31,0
2019-09-25,86970,2019-03-31,,,,,,121134000000,,69535000000,,,,,49057000000,,91.58,,,,,,,,,,,,,,,,,,,,,,true,false,12,2018-04-01,2019-03-31,-1
2019-09-25,86970,2020-03-31,,,,,,,,,,,,,,,,,,,,,,,,,,,,,,48.00,,,,,,,false,true,12,2019-04-01,2020-03-31,0
2019-09-25,86970,2019-03-31,,,,,,,,,,,,,,,,,,,,,,,,,,,,,,70.00,,,,,,,false,false,12,2018-04-01,2019-03-31,-1
2019-10-30,86970,2020-03-31,2,,,,,57936000000,-0.022,31870000000,-0.072,,,,21573000000,,40.29,,,,,,68410143000000,,,,,,,,,,,,,,,,true,false,6,2019-04-01,2019-09-30,0
2019-10-30,86970,2019-03-31,2,,,,,59231000000,0.062,34355000000,0.047,,,,23920000000,,44.65,,,,,,,,,,,,,,,,,,,,,,true,false,6,2018-04-01,2018-09-30,-1
2019-10-30,86970,2020-03-31,2,,,,,117000000000,-0.034,60000000000,-0.137,,,,42000000000,,78.44,,,,,,,,,,,,,,,,,,,,,,true,true,12,2019-04-01,2020-03-31,0
2019-10-30,86970,2019-03-31,2,,,,,,,,,,,,,,,,,,,,54069405000000,,,,,,,,,,,,,,,,true,false,12,2018-04-01,2019-03-31,-1
2019-10-30,86970,2019-03-31,2,,,,,,,,,,,,,,,,,,,,,,,,,,,,,70.00,,,,536351448,718620,,false,false,12,2018-04-01,2019-03-31,-1
2019-10-30,86970,2020-03-31,2,,,,,,,,,,,,,,,,,,,,,,,,,,,,,24.00,,,,,,,false,false,12,2019-04-01,2020-03-31,0
2019-10-30,86970,2020-03-31,2,,,,,,,,,,,,,,,,,,,,,,,,,,,,,48.00,,,,,,,false,true,12,2019-04-01,2020-03-31,0
2019-10-30,86970,2020-03-31,2,,,,,,,,,,,,,,,,,,,,,,,,,,,,,,,,,536351448,911324,535480869,false,false,6,2019-04-01,2019-09-30,0
2019-10-30,86970,2019-03-31,2,,,,,,,,,,,,,,,,,,,,,,,,,,,,,,,,,,,535725501,false,false,6,2018-04-01,2018-09-30,-1
2020-01-30,86970,2020-03-31,3,,,,,87433000000,-0.050,48176000000,-0.113,,,,33317000000,,62.22,,,,,,56671198000000,,,,,,,,,,,,,,,,true,false,9,2019-04-01,2019-12-31,0
2020-01-30,86970,2019-03-31,3,,,,,92020000000,0.047,54302000000,0.023,,,,38430000000,,71.74,,,,,,,,,,,,,,,,,,,,,,true,false,9,2018-04-01,2018-12-31,-1
2020-01-30,86970,2020-03-31,3,,,,,117000000000,-0.034,60000000000,-0.137,,,,42000000000,,78.44,,,,,,,,,,,,,,,,,,,,,,true,true,12,2019-04-01,2020-03-31,0
2020-01-30,86970,2019-03-31,3,,,,,,,,,,,,,,,,,,,,54069405000000,,,,,,,,,,,,,,,,true,false,12,2018-04-01,2019-03-31,-1
2020-01-30,86970,2019-03-31,3,,,,,,,,,,,,,,,,,,,,,,,,,,,,,70.00,,,,536351448,718620,,false,false,12,2018-04-01,2019-03-31,-1
2020-01-30,86970,2020-03-31,3,,,,,,,,,,,,,,,,,,,,,,,,,,,,,24.00,,,,,,,false,false,12,2019-04-01,2020-03-31,0
2020-01-30,86970,2020-03-31,3,,,,,,,,,,,,,,,,,,,,,,,,,,,,,48.00,,,,,,,false,true,12,2019-04-01,2020-03-31,0
2020-01-30,86970,2020-03-31,3,,,,,,,,,,,,,,,,,,,,,,,,,,,,,,,,,536351448,911324,535467238,false,false,9,2019-04-01,2019-12-31,0
2020-01-30,86970,2019-03-31,3,,,,,,,,,,,,,,,,,,,,,,,,,,,,,,,,,,,535693629,false,false,9,2018-04-01,2018-12-31,-1
2020-03-23,86970,2020-03-31,,,,,,123000000000,0.051,67500000000,0.125,,,,47500000000,,88.71,,,,,,,,,,,,,,,,,,,,,,true,true,12,2019-04-01,2020-03-31,0
2020-03-23,86970,2019-03-31,,,,,,121134000000,,69535000000,,,,,49057000000,,91.58,,,,,,,,,,,,,,,,,,,,,,true,false,12,2018-04-01,2019-03-31,-1
2020-03-23,86970,2020-03-31,,,,,,,,,,,,,,,,,,,,,,,,,,,,,,54.00,,,,,,,false,true,12,2019-04-01,2020-03-31,0
2020-03-23,86970,2020-03-31,,,,,,,,,,,,,,,,,,,,,,,,,,,,,,24.00,,,,,,,false,false,12,2019-04-01,2020-03-31,0
2020-03-23,86970,2019-03-31,,,,,,,,,,,,,,,,,,,,,,,,,,,,,,70.00,,,,,,,false,false,12,2018-04-01,2019-03-31,-1
2020-04-30,86970,2020-03-31,,,,,,123688000000,0.021,68533000000,-0.014,,,,47609000000,,88.91,,,,,,67286302000000,,,,,56881000000,-9434000000,-39411000000,,,0.607,,,,,,true,false,12,2019-04-01,2020-03-31,0
2020-04-30,86970,2019-03-31,,,,,,121134000000,0.004,69535000000,-0.031,,,,49057000000,,91.58,,,,,,54069405000000,,,,,52778000000,-30066000000,-37809000000,,,0.764,,,,,,true,false,12,2018-04-01,2019-03-31,-1
2020-04-30,86970,2021-03-31,,,,,,121500000000,-0.018,62000000000,-0.095,,,,42500000000,,79.37,,,,,,,,,,,,,,,,0.605,,,,,,true,true,12,2020-04-01,2021-03-31,1
2020-04-30,86970,2020-03-31,,,,,,47057000000,-0.038,41143000000,-0.045,41906000000,-0.058,45396000000,,-0.030,84.78,,,,,,242849000000,124091000000,0.511,231.75,124091000000,,,,,54.00,,,,536351448,904476,535464274,false,false,12,2019-04-01,2020-03-31,0
2020-04-30,86970,2019-03-31,,,,,,48932000000,0.190,43082000000,0.227,44486000000,0.221,46805000000,,0.318,87.38,,,,,,246883000000,118035000000,0.478,220.37,118035000000,,,,,70.00,,,,536351448,718620,535678846,false,false,12,2018-04-01,2019-03-31,-1
2020-04-30,86970,2021-03-31,,,,,,,,,,,,,,,,,,,,,,,,,,,,,,48.00,,,,,,,false,true,12,2020-04-01,2021-03-31,1
2020-07-29,86970,2021-03-31,1,,,,,32666000000,0.124,18365000000,0.130,,,,12082000000,,22.57,,,,,,60827068000000,,,,,,,,,,,,,,,,true,false,3,2020-04-01,2020-06-30,0
2020-07-29,86970,2020-03-31,1,,,,,29069000000,-0.017,16246000000,-0.067,,,,10711000000,,20.00,,,,,,,,,,,,,,,,,,,,,,true,false,3,2019-04-01,2019-06-30,-1
2020-07-29,86970,2021-03-31,1,,,,,121500000000,-0.018,62000000000,-0.095,,,,42500000000,,79.40,,,,,,,,,,,,,,,,,,,,,,true,true,12,2020-04-01,2021-03-31,0
2020-07-29,86970,2020-03-31,1,,,,,,,,,,,,,,,,,,,,67286302000000,,,,,,,,,,,,,,,,true,false,12,2019-04-01,2020-03-31,-1
2020-07-29,86970,2020-03-31,1,,,,,,,,,,,,,,,,,,,,,,,,,,,,,54.00,,,,536351448,904476,,false,false,12,2019-04-01,2020-03-31,-1
2020-07-29,86970,2021-03-31,1,,,,,,,,,,,,,,,,,,,,,,,,,,,,,48.00,,,,,,,false,true,12,2020-04-01,2021-03-31,0
2020-07-29,86970,2021-03-31,1,,,,,,,,,,,,,,,,,,,,,,,,,,,,,,,,,536351448,1075955,535342754,false,false,3,2020-04-01,2020-06-30,0
2020-07-29,86970,2020-03-31,1,,,,,,,,,,,,,,,,,,,,,,,,,,,,,,,,,,,535522061,false,false,3,2019-04-01,2019-06-30,-1
2020-10-28,86970,2021-03-31,2,,,,,63834000000,0.102,35191000000,0.104,,,,23787000000,,44.44,,,,,,60545559000000,,,,,,,,,,,,,,,,true,false,6,2020-04-01,2020-09-30,0
2020-10-28,86970,2020-03-31,2,,,,,57936000000,-0.022,31870000000,-0.072,,,,21573000000,,40.29,,,,,,,,,,,,,,,,,,,,,,true,false,6,2019-04-01,2019-09-30,-1
2020-10-28,86970,2021-03-31,2,,,,,126000000000,0.019,65500000000,-0.044,,,,45500000000,,85.00,,,,,,,,,,,,,,,,,,,,,,true,true,12,2020-04-01,2021-03-31,0
2020-10-28,86970,2020-03-31,2,,,,,,,,,,,,,,,,,,,,67286302000000,,,,,,,,,,,,,,,,true,false,12,2019-04-01,2020-03-31,-1
2020-10-28,86970,2020-03-31,2,,,,,,,,,,,,,,,,,,,,,,,,,,,,,54.00,,,,536351448,904476,,false,false,12,2019-04-01,2020-03-31,-1
2020-10-28,86970,2021-03-31,2,,,,,,,,,,,,,,,,,,,,,,,,,,,,,26.00,,,,,,,false,false,12,2020-04-01,2021-03-31,0
2020-10-28,86970,2021-03-31,2,,,,,,,,,,,,,,,,,,,,,,,,,,,,,52.00,,,,,,,false,true,12,2020-04-01,2021-03-31,0
2020-10-28,86970,2021-03-31,2,,,,,,,,,,,,,,,,,,,,,,,,,,,,,,,,,536351448,1069255,535311832,false,false,6,2020-04-01,2020-09-30,0
2020-10-28,86970,2020-03-31,2,,,,,,,,,,,,,,,,,,,,,,,,,,,,,,,,,,,535480869,false,false,6,2019-04-01,2019-09-30,-1
2021-01-28,86970,2021-03-31,3,,,,,97273000000,0.113,54365000000,0.128,,,,37361000000,,69.80,,,,,,59393100000000,,,,,,,,,,,,,,,,true,false,9,2020-04-01,2020-12-31,0
2021-01-28,86970,2020-03-31,3,,,,,87433000000,-0.050,48176000000,-0.113,,,,33317000000,,62.22,,,,,,,,,,,,,,,,,,,,,,true,false,9,2019-04-01,2019-12-31,-1
2021-01-28,86970,2021-03-31,3,,,,,126000000000,0.019,65500000000,-0.044,,,,45500000000,,85.00,,,,,,,,,,,,,,,,,,,,,,true,true,12,2020-04-01,2021-03-31,0
2021-01-28,86970,2020-03-31,3,,,,,,,,,,,,,,,,,,,,67286302000000,,,,,,,,,,,,,,,,true,false,12,2019-04-01,2020-03-31,-1
2021-01-28,86970,2020-03-31,3,,,,,,,,,,,,,,,,,,,,,,,,,,,,,54.00,,,,536351448,904476,,false,false,12,2019-04-01,2020-03-31,-1
2021-01-28,86970,2021-03-31,3,,,,,,,,,,,,,,,,,,,,,,,,,,,,,26.00,,,,,,,false,false,12,2020-04-01,2021-03-31,0
2021-01-28,86970,2021-03-31,3,,,,,,,,,,,,,,,,,,,,,,,,,,,,,52.00,,,,,,,false,true,12,2020-04-01,2021-03-31,0
2021-01-28,86970,2021-03-31,3,,,,,,,,,,,,,,,,,,,,,,,,,,,,,,,,,536351448,1069255,535301916,false,false,9,2020-04-01,2020-12-31,0
2021-01-28,86970,2020-03-31,3,,,,,,,,,,,,,,,,,,,,,,,,,,,,,,,,,,,535467238,false,false,9,2019-04-01,2019-12-31,-1
2021-03-22,86970,2021-03-31,,,,,,133000000000,0.056,74000000000,0.130,,,,51500000000,,96.21,,,,,,,,,,,,,,,,,,,,,,true,true,12,2020-04-01,2021-03-31,0
2021-03-22,86970,2020-03-31,,,,,,123688000000,,68533000000,,,,,47609000000,,88.91,,,,,,,,,,,,,,,,,,,,,,true,false,12,2019-04-01,2020-03-31,-1
2021-03-22,86970,2021-03-31,,,,,,,,,,,,,,,,,,,,,,,,,,,,,,68.00,,,,,,,false,true,12,2020-04-01,2021-03-31,0
2021-03-22,86970,2021-03-31,,,,,,,,,,,,,,,,,,,,,,,,,,,,,,26.00,,,,,,,false,false,12,2020-04-01,2021-03-31,0
2021-03-22,86970,2020-03-31,,,,,,,,,,,,,,,,,,,,,,,,,,,,,,54.00,,,,,,,false,false,12,2019-04-01,2020-03-31,-1
2021-04-28,86970,2021-03-31,,,,,,133343000000,0.078,74565000000,0.088,,,,51389000000,,96.00,,,,,,60075678000000,,,,,71750000000,-1513000000,-33932000000,,,0.708,,,,,,true,false,12,2020-04-01,2021-03-31,0
2021-04-28,86970,2020-03-31,,,,,,123688000000,0.021,68533000000,-0.014,,,,47609000000,,88.91,,,,,,67286302000000,,,,,56881000000,-9434000000,-39411000000,,,0.607,,,,,,true,false,12,2019-04-01,2020-03-31,-1
2021-04-28,86970,2022-03-31,,,,,,130000000000,-0.025,66000000000,-0.115,,,,45500000000,,85.00,,,,,,,,,,,,,,,,0.612,,,,,,true,true,12,2021-04-01,2022-03-31,1
2021-04-28,86970,2021-03-31,,,,,,47642000000,0.012,41055000000,-0.002,41419000000,-0.012,45643000000,,0.005,85.27,,,,,,265247000000,135331000000,0.510,252.81,135331000000,,,,,68.00,,,,536351448,1034400,535304490,false,false,12,2020-04-01,2021-03-31,0
2021-04-28,86970,2020-03-31,,,,,,47057000000,-0.038,41143000000,-0.045,41906000000,-0.058,45396000000,,-0.030,84.78,,,,,,242849000000,124091000000,0.511,231.75,124091000000,,,,,54.00,,,,536351448,904476,535464274,false,false,12,2019-04-01,2020-03-31,-1
2021-04-28,86970,2022-03-31,,,,,,,,,,,,,,,,,,,,,,,,,,,,,,52.00,,,,,,,false,true,12,2021-04-01,2022-03-31,1
2021-07-28,86970,2022-03-31,1,,,,,32503000000,-0.005,18459000000,0.005,,,,12291000000,,23.02,,,,,,61301218000000,,,,,,,,,,,,,,,,true,false,3,2021-04-01,2021-06-30,0
2021-07-28,86970,2021-03-31,1,,,,,32666000000,0.124,18365000000,0.130,,,,12082000000,,22.57,,,,,,,,,,,,,,,,,,,,,,true,false,3,2020-04-01,2020-06-30,-1
2021-07-28,86970,2022-03-31,1,,,,,130000000000,-0.025,66000000000,-0.115,,,,45500000000,,85.55,,,,,,,,,,,,,,,,,,,,,,true,true,12,2021-04-01,2022-03-31,0
2021-07-28,86970,2021-03-31,1,,,,,,,,,,,,,,,,,,,,60075678000000,,,,,,,,,,,,,,,,true,false,12,2020-04-01,2021-03-31,-1
2021-07-28,86970,2021-03-31,1,,,,,,,,,,,,,,,,,,,,,,,,,,,,,68.00,,,,536351448,1034400,,false,false,12,2020-04-01,2021-03-31,-1
2021-07-28,86970,2022-03-31,1,,,,,,,,,,,,,,,,,,,,,,,,,,,,,52.00,,,,,,,false,true,12,2021-04-01,2022-03-31,0
2021-07-28,86970,2022-03-31,1,,,,,,,,,,,,,,,,,,,,,,,,,,,,,,,,,536351448,5170427,533875558,false,false,3,2021-04-01,2021-06-30,0
2021-07-28,86970,2021-03-31,1,,,,,,,,,,,,,,,,,,,,,,,,,,,,,,,,,,,535342754,false,false,3,2020-04-01,2020-06-30,-1
2021-10-27,8697,2022-03-31,2,,,,,65506000000,0.026,36051000000,0.024,,,,24564000000,,46.23,,,,,,59583064000000,,,,,,,,,,,,,,,,true,false,6,2021-04-01,2021-09-30,0
2021-10-27,8697,2021-03-31,2,,,,,63834000000,0.102,35191000000,0.104,,,,23787000000,,44.44,,,,,,,,,,,,,,,,,,,,,,true,false,6,2020-04-01,2020-09-30,-1
2021-10-27,8697,2022-03-31,2,,,,,131000000000,-0.018,67500000000,-0.095,,,,46000000000,,86.88,,,,,,,,,,,,,,,,,,,,,,true,true,12,2021-04-01,2022-03-31,0
2021-10-27,8697,2021-03-31,2,,,,,,,,,,,,,,,,,,,,60075678000000,,,,,,,,,,,,,,,,true,false,12,2020-04-01,2021-03-31,-1
2021-10-27,8697,2021-03-31,2,,,,,,,,,,,,,,,,,,,,,,,,,,,,,68.00,,,,536351448,1034400,,false,false,12,2020-04-01,2021-03-31,-1
2021-10-27,8697,2022-03-31,2,,,,,,,,,,,,,,,,,,,,,,,,,,,,,26.00,,,,,,,false,false,12,2021-04-01,2022-03-31,0
2021-10-27,8697,2022-03-31,2,,,,,,,,,,,,,,,,,,,,,,,,,,,,,53.00,,,,,,,false,true,12,2021-04-01,2022-03-31,0
2021-10-27,8697,2022-03-31,2,,,,,,,,,,,,,,,,,,,,,,,,,,,,,,,,,536351448,8822727,531421385,false,false,6,2021-04-01,2021-09-30,0
2021-10-27,8697,2021-03-31,2,,,,,,,,,,,,,,,,,,,,,,,,,,,,,,,,,,,535311832,false,false,6,2020-04-01,2020-09-30,-1
2022-01-27,8697,2022-03-31,3,,,,,100586000000,0.034,55967000000,0.029,,,,38013000000,,71.71,,,,,,62076519000000,,,,,,,,,,,,,,,,true,false,9,2021-04-01,2021-12-31,0
2022-01-27,8697,2021-03-31,3,,,,,97273000000,0.113,54365000000,0.128,,,,37361000000,,69.80,,,,,,,,,,,,,,,,,,,,,,true,false,9,2020-04-01,2020-12-31,-1
2022-01-27,8697,2022-03-31,3,,,,,131000000000,-0.018,67500000000,-0.095,,,,46000000000,,86.88,,,,,,,,,,,,,,,,,,,,,,true,true,12,2021-04-01,2022-03-31,0
2022-01-27,8697,2021-03-31,3,,,,,,,,,,,,,,,,,,,,60075678000000,,,,,,,,,,,,,,,,true,false,12,2020-04-01,2021-03-31,-1
2022-01-27,8697,2021-03-31,3,,,,,,,,,,,,,,,,,,,,,,,,,,,,,68.00,,,,536351448,1034400,,false,false,12,2020-04-01,2021-03-31,-1
2022-01-27,8697,2022-03-31,3,,,,,,,,,,,,,,,,,,,,,,,,,,,,,26.00,,,,,,,false,false,12,2021-04-01,2022-03-31,0
2022-01-27,8697,2022-03-31,3,,,,,,,,,,,,,,,,,,,,,,,,,,,,,53.00,,,,,,,false,true,12,2021-04-01,2022-03-31,0
2022-01-27,8697,2022-03-31,3,,,,,,,,,,,,,,,,,,,,,,,,,,,,,,,,,536351448,8822727,530119112,false,false,9,2021-04-01,2021-12-31,0
2022-01-27,8697,2021-03-31,3,,,,,,,,,,,,,,,,,,,,,,,,,,,,,,,,,,,535301916,false,false,9,2020-04-01,2020-12-31,-1
2022-03-22,86970,2022-03-31,,,,,,135500000000,0.034,73500000000,0.089,,,,50000000000,,94.43,,,,,,,,,,,,,,,,,,,,,,true,true,12,2021-04-01,2022-03-31,0
2022-03-22,86970,2021-03-31,,,,,,133343000000,,74565000000,,,,,51389000000,,96.00,,,,,,,,,,,,,,,,,,,,,,true,false,12,2020-04-01,2021-03-31,-1
2022-03-22,86970,2022-03-31,,,,,,,,,,,,,,,,,,,,,,,,,,,,,,72.00,,,,,,,false,true,12,2021-04-01,2022-03-31,0
2022-03-22,86970,2022-03-31,,,,,,,,,,,,,,,,,,,,,,,,,,,,,,26.00,,,,,,,false,false,12,2021-04-01,2022-03-31,0
2022-03-22,86970,2021-03-31,,,,,,,,,,,,,,,,,,,,,,,,,,,,,,68.00,,,,,,,false,false,12,2020-04-01,2021-03-31,-1
2022-04-26,8697,2022-03-31,,,,,,135432000000,0.016,73473000000,-0.015,,,,49955000000,,94.35,,,,,,71463434000000,,,,,58191000000,-13299000000,-59747000000,,,0.763,,,,,,true,false,12,2021-04-01,2022-03-31,0
2022-04-26,8697,2021-03-31,,,,,,133343000000,0.078,74565000000,0.088,,,,51389000000,,96.00,,,,,,60075678000000,,,,,71750000000,-1513000000,-33932000000,,,0.708,,,,,,true,false,12,2020-04-01,2021-03-31,-1
2022-04-26,8697,2023-03-31,,,,,,132500000000,-0.022,65500000000,-0.109,,,,45000000000,,85.30,,,,,,,,,,,,,,,,0.610,,,,,,true,true,12,2022-04-01,2023-03-31,1
2022-04-26,8697,2022-03-31,,,,,,52727000000,0.107,46339000000,0.129,46451000000,0.121,43365000000,,-0.050,81.90,,,,,,233153000000,121796000000,0.522,230.88,121796000000,,,,,72.00,,,,528578441,1037782,529487172,false,false,12,2021-04-01,2022-03-31,0
2022-04-26,8697,2021-03-31,,,,,,47642000000,0.012,41055000000,-0.002,41419000000,-0.012,45643000000,,0.005,85.27,,,,,,265247000000,135331000000,0.510,252.81,135331000000,,,,,68.00,,,,536351448,1034400,535304490,false,false,12,2020-04-01,2021-03-31,-1
2022-04-26,8697,2023-03-31,,,,,,,,,,,,,,,,,,,,,,,,,,,,,,52.00,,,,,,,false,true,12,2022-04-01,2023-03-31,1
2022-07-27,8697,2023-03-31,1,,,,,33576000000,0.033,17777000000,-0.037,,,,12089000000,,22.93,,,,,,76048180000000,,,,,,,,,,,,,,,,true,false,3,2022-04-01,2022-06-30,0
2022-07-27,8697,2022-03-31,1,,,,,32503000000,-0.005,18459000000,0.005,,,,12291000000,,23.02,,,,,,,,,,,,,,,,,,,,,,true,false,3,2021-04-01,2021-06-30,-1
2022-07-27,8697,2023-03-31,1,,,,,132500000000,-0.022,65500000000,-0.109,,,,45000000000,,85.42,,,,,,,,,,,,,,,,,,,,,,true,true,12,2022-04-01,2023-03-31,0
2022-07-27,8697,2022-03-31,1,,,,,,,,,,,,,,,,,,,,71463434000000,,,,,,,,,,,,,,,,true,false,12,2021-04-01,2022-03-31,-1
2022-07-27,8697,2022-03-31,1,,,,,,,,,,,,,,,,,,,,,,,,,,,,,72.00,,,,528578441,1037782,,false,false,12,2021-04-01,2022-03-31,-1
2022-07-27,8697,2023-03-31,1,,,,,,,,,,,,,,,,,,,,,,,,,,,,,52.00,,,,,,,false,true,12,2022-04-01,2023-03-31,0
2022-07-27,8697,2023-03-31,1,,,,,,,,,,,,,,,,,,,,,,,,,,,,,,,,,528578441,1938843,527204054,false,false,3,2022-04-01,2022-06-30,0
2022-07-27,8697,2022-03-31,1,,,,,,,,,,,,,,,,,,,,,,,,,,,,,,,,,,,533875558,false,false,3,2021-04-01,2021-06-30,-1
2022-10-27,8697,2023-03-31,2,,,,,66486000000,0.015,34127000000,-0.053,,,,23189000000,,44.01,,,,,,78465370000000,,,,,,,,,,,,,,,,true,false,6,2022-04-01,2022-09-30,0
2022-10-27,8697,2022-03-31,2,,,,,65506000000,0.026,36051000000,0.024,,,,24564000000,,46.23,,,,,,,,,,,,,,,,,,,,,,true,false,6,2021-04-01,2021-09-30,-1
2022-10-27,8697,2023-03-31,2,,,,,132500000000,-0.022,65500000000,-0.109,,,,45000000000,,85.42,,,,,,,,,,,,,,,,,,,,,,true,true,12,2022-04-01,2023-03-31,0
2022-10-27,8697,2022-03-31,2,,,,,,,,,,,,,,,,,,,,71463434000000,,,,,,,,,,,,,,,,true,false,12,2021-04-01,2022-03-31,-1
2022-10-27,8697,2022-03-31,2,,,,,,,,,,,,,,,,,,,,,,,,,,,,,72.00,,,,528578441,1037782,,false,false,12,2021-04-01,2022-03-31,-1
2022-10-27,8697,2023-03-31,2,,,,,,,,,,,,,,,,,,,,,,,,,,,,,26.00,,,,,,,false,false,12,2022-04-01,2023-03-31,0
2022-10-27,8697,2023-03-31,2,,,,,,,,,,,,,,,,,,,,,,,,,,,,,52.00,,,,,,,false,true,12,2022-04-01,2023-03-31,0
2022-10-27,8697,2023-03-31,2,,,,,,,,,,,,,,,,,,,,,,,,,,,,,,,,,528578441,1861043,526953869,false,false,6,2022-04-01,2022-09-30,0
2022-10-27,8697,2022-03-31,2,,,,,,,,,,,,,,,,,,,,,,,,,,,,,,,,,,,531421385,false,false,6,2021-04-01,2021-09-30,-1
2023-01-30,8697,2023-03-31,3,,,,,100529000000,-0.001,51765000000,-0.075,,,,35175000000,,66.76,,,,,,79205861000000,,,,,,,,,,,,,,,,true,false,9,2022-04-01,2022-12-31,0
2023-01-30,8697,2022-03-31,3,,,,,100586000000,0.034,55967000000,0.029,,,,38013000000,,71.71,,,,,,,,,,,,,,,,,,,,,,true,false,9,2021-04-01,2021-12-31,-1
2023-01-30,8697,2023-03-31,3,,,,,132500000000,-0.022,65500000000,-0.109,,,,45000000000,,85.42,,,,,,,,,,,,,,,,,,,,,,true,true,12,2022-04-01,2023-03-31,0
2023-01-30,8697,2022-03-31,3,,,,,,,,,,,,,,,,,,,,71463434000000,,,,,,,,,,,,,,,,true,false,12,2021-04-01,2022-03-31,-1
2023-01-30,8697,2022-03-31,3,,,,,,,,,,,,,,,,,,,,,,,,,,,,,72.00,,,,528578441,1037782,,false,false,12,2021-04-01,2022-03-31,-1
2023-01-30,8697,2023-03-31,3,,,,,,,,,,,,,,,,,,,,,,,,,,,,,26.00,,,,,,,false,false,12,2022-04-01,2023-03-31,0
2023-01-30,8697,2023-03-31,3,,,,,,,,,,,,,,,,,,,,,,,,,,,,,62.00,,,,,,,false,true,12,2022-04-01,2023-03-31,0
2023-01-30,8697,2023-03-31,3,,,,,,,,,,,,,,,,,,,,,,,,,,,,,,,,,528578441,1861043,526874759,false,false,9,2022-04-01,2022-12-31,0
2023-01-30,8697,2022-03-31,3,,,,,,,,,,,,,,,,,,,,,,,,,,,,,,,,,,,530119112,false,false,9,2021-04-01,2021-12-31,-1
2023-03-22,86970,2023-03-31,,,,,,134000000000,0.011,68000000000,0.038,,,,46300000000,,87.93,,,,,,,,,,,,,,,,,,,,,,true,true,12,2022-04-01,2023-03-31,0
2023-03-22,86970,2022-03-31,,,,,,135432000000,,73473000000,,,,,49955000000,,94.35,,,,,,,,,,,,,,,,,,,,,,true,false,12,2021-04-01,2022-03-31,-1
2023-03-22,86970,2023-03-31,,,,,,,,,,,,,,,,,,,,,,,,,,,,,,63.00,,,,,,,false,true,12,2022-04-01,2023-03-31,0
2023-03-22,86970,2023-03-31,,,,,,,,,,,,,,,,,,,,,,,,,,,,,,26.00,,,,,,,false,false,12,2022-04-01,2023-03-31,0
2023-03-22,86970,2022-03-31,,,,,,,,,,,,,,,,,,,,,,,,,,,,,,72.00,,,,,,,false,false,12,2021-04-01,2022-03-31,-1
2023-04-27,8697,2023-03-31,,,,,,133991000000,-0.011,68253000000,-0.071,,,,46342000000,,88.03,,,,,,82187392000000,,,,,66878000000,-8522000000,-52898000000,,,0.716,,,,,,true,false,12,2022-04-01,2023-03-31,0
2023-04-27,8697,2022-03-31,,,,,,135432000000,0.016,73473000000,-0.015,,,,49955000000,,94.35,,,,,,71463434000000,,,,,58191000000,-13299000000,-59747000000,,,0.763,,,,,,true,false,12,2021-04-01,2022-03-31,-1
2023-04-27,8697,2024-03-31,,,,,,134500000000,0.004,68500000000,0.004,,,,49000000000,,93.93,,,,,,,,,,,,,,,,0.607,,,,,,true,true,12,2023-04-01,2024-03-31,1
2023-04-27,8697,2023-03-31,,,,,,37975000000,-0.280,30787000000,-0.336,31029000000,-0.332,30387000000,,-0.299,57.73,,,,,,211678000000,102440000000,0.484,196.36,102440000000,,,,,63.00,,,,528578441,6891928,526414670,false,false,12,2022-04-01,2023-03-31,0
2023-04-27,8697,2022-03-31,,,,,,52727000000,0.107,46339000000,0.129,46451000000,0.121,43365000000,,-0.050,81.90,,,,,,233153000000,121796000000,0.522,230.88,121796000000,,,,,72.00,,,,528578441,1037782,529487172,false,false,12,2021-04-01,2022-03-31,-1
2023-04-27,8697,2024-03-31,,,,,,,,,,,,,,,,,,,,,,,,,,,,,,57.00,,,,,,,false,true,12,2023-04-01,2024-03-31,1
2023-07-28,8697,2024-03-31,1,,,,,36953000000,0.101,25038000000,0.408,,,,17736000000,,34.08,,,,,,74174323000000,,,,,,,,,,,,,,,,true,false,3,2023-04-01,2023-06-30,0
2023-07-28,8697,2023-03-31,1,,,,,33576000000,0.033,17777000000,-0.037,,,,12089000000,,22.93,,,,,,,,,,,,,,,,,,,,,,true,false,3,2022-04-01,2022-06-30,-1
2023-07-28,8697,2024-03-31,1,,,,,134500000000,0.004,68500000000,0.004,,,,49000000000,,94.19,,,,,,,,,,,,,,,,,,,,,,true,true,12,2023-04-01,2024-03-31,0
2023-07-28,8697,2023-03-31,1,,,,,,,,,,,,,,,,,,,,82187392000000,,,,,,,,,,,,,,,,true,false,12,2022-04-01,2023-03-31,-1
2023-07-28,8697,2023-03-31,1,,,,,,,,,,,,,,,,,,,,,,,,,,,,,63.00,,,,528578441,6891928,,false,false,12,2022-04-01,2023-03-31,-1
2023-07-28,8697,2024-03-31,1,,,,,,,,,,,,,,,,,,,,,,,,,,,,,57.00,,,,,,,false,true,12,2023-04-01,2024-03-31,0
2023-07-28,8697,2024-03-31,1,,,,,,,,,,,,,,,,,,,,,,,,,,,,,,,,,528578441,8384491,520398562,false,false,3,2023-04-01,2023-06-30,0
2023-07-28,8697,2023-03-31,1,,,,,,,,,,,,,,,,,,,,,,,,,,,,,,,,,,,527204054,false,false,3,2022-04-01,2022-06-30,-1
2023-09-25,86970,2024-03-31,,,,,,143000000000,0.063,77000000000,0.124,,,,54000000000,,103.80,,,,,,,,,,,,,,,,,,,,,,true,true,12,2023-04-01,2024-03-31,0
2023-09-25,86970,2023-03-31,,,,,,133991000000,,68253000000,,,,,46342000000,,88.03,,,,,,,,,,,,,,,,,,,,,,true,false,12,2022-04-01,2023-03-31,-1
2023-09-25,86970,2024-03-31,,,,,,,,,,,,,,,,,,,,,,,,,,,,,,63.00,,,,,,,false,true,12,2023-04-01,2024-03-31,0
2023-09-25,86970,2023-03-31,,,,,,,,,,,,,,,,,,,,,,,,,,,,,,63.00,,,,,,,false,false,12,2022-04-01,2023-03-31,-1
2023-10-26,8697,2024-03-31,2,,,,,73385000000,0.104,44499000000,0.304,,,,31432000000,,60.41,,,,,,90775523000000,,,,,,,,,,,,,,,,true,false,6,2023-04-01,2023-09-30,0
2023-10-26,8697,2023-03-31,2,,,,,66486000000,0.015,34127000000,-0.053,,,,23189000000,,44.01,,,,,,,,,,,,,,,,,,,,,,true,false,6,2022-04-01,2022-09-30,-1
2023-10-26,8697,2024-03-31,2,,,,,143000000000,0.067,77000000000,0.128,,,,54000000000,,103.78,,,,,,,,,,,,,,,,,,,,,,true,true,12,2023-04-01,2024-03-31,0
2023-10-26,8697,2023-03-31,2,,,,,,,,,,,,,,,,,,,,82187392000000,,,,,,,,,,,,,,,,true,false,12,2022-04-01,2023-03-31,-1
2023-10-26,8697,2023-03-31,2,,,,,,,,,,,,,,,,,,,,,,,,,,,,,63.00,,,,528578441,6891928,,false,false,12,2022-04-01,2023-03-31,-1
2023-10-26,8697,2024-03-31,2,,,,,,,,,,,,,,,,,,,,,,,,,,,,,31.00,,,,,,,false,false,12,2023-04-01,2024-03-31,0
2023-10-26,8697,2024-03-31,2,,,,,,,,,,,,,,,,,,,,,,,,,,,,,63.00,,,,,,,false,true,12,2023-04-01,2024-03-31,0
2023-10-26,8697,2024-03-31,2,,,,,,,,,,,,,,,,,,,,,,,,,,,,,,,,,528578441,8275794,520342621,false,false,6,2023-04-01,2023-09-30,0
2023-10-26,8697,2023-03-31,2,,,,,,,,,,,,,,,,,,,,,,,,,,,,,,,,,,,526953869,false,false,6,2022-04-01,2022-09-30,-1
2024-01-29,8697,2024-03-31,3,,,,,111639000000,0.111,66042000000,0.276,,,,46591000000,,89.54,,,,,,82910170000000,,,,,,,,,,,,,,,,true,false,9,2023-04-01,2023-12-31,0
2024-01-29,8697,2023-03-31,3,,,,,100529000000,-0.001,51765000000,-0.075,,,,35175000000,,66.76,,,,,,,,,,,,,,,,,,,,,,true,false,9,2022-04-01,2022-12-31,-1
2024-01-29,8697,2024-03-31,3,,,,,143000000000,0.067,77000000000,0.128,,,,54000000000,,103.78,,,,,,,,,,,,,,,,,,,,,,true,true,12,2023-04-01,2024-03-31,0
2024-01-29,8697,2023-03-31,3,,,,,,,,,,,,,,,,,,,,82187392000000,,,,,,,,,,,,,,,,true,false,12,2022-04-01,2023-03-31,-1
2024-01-29,8697,2023-03-31,3,,,,,,,,,,,,,,,,,,,,,,,,,,,,,63.00,,,,528578441,6891928,,false,false,12,2022-04-01,2023-03-31,-1
2024-01-29,8697,2024-03-31,3,,,,,,,,,,,,,,,,,,,,,,,,,,,,,31.00,,,,,,,false,false,12,2023-04-01,2024-03-31,0
2024-01-29,8697,2024-03-31,3,,,,,,,,,,,,,,,,,,,,,,,,,,,,,63.00,,,,,,,false,true,12,2023-04-01,2024-03-31,0
2024-01-29,8697,2024-03-31,3,,,,,,,,,,,,,,,,,,,,,,,,,,,,,,,,,528578441,8275795,520329248,false,false,9,2023-04-01,2023-12-31,0
2024-01-29,8697,2023-03-31,3,,,,,,,,,,,,,,,,,,,,,,,,,,,,,,,,,,,526874759,false,false,9,2022-04-01,2022-12-31,-1
2024-03-22,86970,2024-03-31,,,,,,152500000000,0.066,87000000000,0.130,,,,61000000000,,117.23,,,,,,,,,,,,,,,,,,,,,,true,true,12,2023-04-01,2024-03-31,0
2024-03-22,86970,2023-03-31,,,,,,133991000000,,68253000000,,,,,46342000000,,88.03,,,,,,,,,,,,,,,,,,,,,,true,false,12,2022-04-01,2023-03-31,-1
2024-03-22,86970,2024-03-31,,,,,,,,,,,,,,,,,,,,,,,,,,,,,,91.00,,,,,,,false,true,12,2023-04-01,2024-03-31,0
2024-03-22,86970,2024-03-31,,,,,,,,,,,,,,,,,,,,,,,,,,,,,,31.00,,,,,,,false,false,12,2023-04-01,2024-03-31,0
2024-03-22,86970,2023-03-31,,,,,,,,,,,,,,,,,,,,,,,,,,,,,,63.00,,,,,,,false,false,12,2022-04-01,2023-03-31,-1
2024-04-30,8697,2024-03-31,,,,,,152871000000,0.141,87444000000,0.281,,,,60822000000,,116.89,,,,,,80682627000000,,,,,79566000000,-7166000000,-43195000000,,,0.778,,,,,,true,false,12,2023-04-01,2024-03-31,0
2024-04-30,8697,2023-03-31,,,,,,133991000000,-0.011,68253000000,-0.071,,,,46342000000,,88.03,,,,,,82187392000000,,,,,66878000000,-8522000000,-52898000000,,,0.716,,,,,,true,false,12,2022-04-01,2023-03-31,-1
2024-04-30,8697,2025-03-31,,,,,,152000000000,-0.006,79000000000,-0.097,,,,53500000000,,102.82,,,,,,,,,,,,,,,,0.603,,,,,,true,true,12,2024-04-01,2025-03-31,1
2024-04-30,8697,2024-03-31,,,,,,49758000000,0.310,41896000000,0.361,42155000000,0.359,41094000000,,0.352,78.98,,,,,,215084000000,105125000000,0.489,202.04,105125000000,,,,,91.00,,,,522289183,1975211,520329145,false,false,12,2023-04-01,2024-03-31,0
2024-04-30,8697,2023-03-31,,,,,,37975000000,-0.280,30787000000,-0.336,31029000000,-0.332,30387000000,,-0.299,57.73,,,,,,211678000000,102440000000,0.484,196.36,102440000000,,,,,63.00,,,,528578441,6891928,526414670,false,false,12,2022-04-01,2023-03-31,-1
2024-04-30,8697,2025-03-31,,,,,,,,,,,,,,,,,,,,,,,,,,,,,,62.00,,,,,,,false,true,12,2024-04-01,2025-03-31,1
,86970,2025-03-31,,,,,,,,,,,,,,,,,,,,,,,,,,,,,,15.50,,,,,,,false,true,12,2024-04-01,2025-03-31,0
,86970,2024-03-31,,,,,,,,,,,,,,,,,,,,,,,,,,,,,,91.00,,,,,,,false,false,12,2023-04-01,2024-03-31,-1
2024-07-30,8697,2025-03-31,1,,,,,40328000000,0.091,23291000000,-0.070,,,,15768000000,,30.31,,,,,,83289342000000,,,,,,,,,,,,,,,,true,false,3,2024-04-01,2024-06-30,0
2024-07-30,8697,2024-03-31,1,,,,,36953000000,0.101,25038000000,0.408,,,,17736000000,,34.08,,,,,,,,,,,,,,,,,,,,,,true,false,3,2023-04-01,2023-06-30,-1
2024-07-30,8697,2025-03-31,1,,,,,152000000000,-0.006,79000000000,-0.097,,,,53500000000,,51.43,,,,,,,,,,,,,,,,,,,,,,true,true,12,2024-04-01,2025-03-31,0
2024-07-30,8697,2024-03-31,1,,,,,,,,,,,,,,,,,,,,80682627000000,,,,,,,,,,,,,,,,true,false,12,2023-04-01,2024-03-31,-1
2024-07-30,8697,2024-03-31,1,,,,,,,,,,,,,,,,,,,,,,,,,,,,,91.00,,,,522289183,1975211,,false,false,12,2023-04-01,2024-03-31,-1
2024-07-30,8697,2025-03-31,1,,,,,,,,,,,,,,,,,,,,,,,,,,,,,15.50,,,,,,,false,true,12,2024-04-01,2025-03-31,0
2024-07-30,8697,2025-03-31,1,,,,,,,,,,,,,,,,,,,,,,,,,,,,,,,,,522289183,2126614,520194170,false,false,3,2024-04-01,2024-06-30,0
2024-07-30,8697,2024-03-31,1,,,,,,,,,,,,,,,,,,,,,,,,,,,,,,,,,,,520398562,false,false,3,2023-04-01,2023-06-30,-1
2024-09-24,86970,2025-03-31,,,,,,158500000000,0.043,85000000000,0.076,,,,57500000000,,55.27,,,,,,,,,,,,,,,,,,,,,,true,true,12,2024-04-01,2025-03-31,0
2024-09-24,86970,2024-03-31,,,,,,152871000000,,87444000000,,,,,60822000000,,58.45,,,,,,,,,,,,,,,,,,,,,,true,false,12,2023-04-01,2024-03-31,-1
2024-09-24,86970,2025-03-31,,,,,,,,,,,,,,,,,,,,,,,,,,,,,,17.00,,,,,,,false,true,12,2024-04-01,2025-03-31,0
2024-09-24,86970,2024-03-31,,,,,,,,,,,,,,,,,,,,,,,,,,,,,,91.00,,,,,,,false,false,12,2023-04-01,2024-03-31,-1
2024-10-29,8697,2025-03-31,2,,,,,81810000000,0.115,47718000000,0.072,,,,32308000000,,31.05,,,,,,83153457000000,,,,,,,,,,,,,,,,true,false,6,2024-04-01,2024-09-30,0
2024-10-29,8697,2024-03-31,2,,,,,73385000000,0.104,44499000000,0.304,,,,31432000000,,30.20,,,,,,,,,,,,,,,,,,,,,,true,false,6,2023-04-01,2023-09-30,-1
2024-10-29,8697,2025-03-31,2,,,,,159000000000,0.040,86000000000,-0.017,,,,58000000000,,55.75,,,,,,,,,,,,,,,,,,,,,,true,true,12,2024-04-01,2025-03-31,0
2024-10-29,8697,2024-03-31,2,,,,,,,,,,,,,,,,,,,,80682627000000,,,,,,,,,,,,,,,,true,false,12,2023-04-01,2024-03-31,-1
2024-10-29,8697,2024-03-31,2,,,,,,,,,,,,,,,,,,,,,,,,,,,,,91.00,,,,1044578366,3950422,,false,false,12,2023-04-01,2024-03-31,-1
2024-10-29,8697,2025-03-31,2,,,,,,,,,,,,,,,,,,,,,,,,,,,,,33.00,,,,,,,false,false,12,2024-04-01,2025-03-31,0
2024-10-29,8697,2025-03-31,2,,,,,,,,,,,,,,,,,,,,,,,,,,,,,17.00,,,,,,,false,true,12,2024-04-01,2025-03-31,0
2024-10-29,8697,2025-03-31,2,,,,,,,,,,,,,,,,,,,,,,,,,,,,,,,,,1044578366,4154792,1040400140,false,false,6,2024-04-01,2024-09-30,0
2024-10-29,8697,2024-03-31,2,,,,,,,,,,,,,,,,,,,,,,,,,,,,,,,,,,,1040685242,false,false,6,2023-04-01,2023-09-30,-1
2025-01-30,8697,2025-03-31,3,,,,,121591000000,0.089,69441000000,0.051,,,,46967000000,,45.14,,,,,,82859285000000,,,,,,,,,,,,,,,,true,false,9,2024-04-01,2024-12-31,0
2025-01-30,8697,2024-03-31,3,,,,,111639000000,0.111,66042000000,0.276,,,,46591000000,,44.77,,,,,,,,,,,,,,,,,,,,,,true,false,9,2023-04-01,2023-12-31,-1
2025-01-30,8697,2025-03-31,3,,,,,159000000000,0.040,86000000000,-0.017,,,,58000000000,,55.75,,,,,,,,,,,,,,,,,,,,,,true,true,12,2024-04-01,2025-03-31,0
2025-01-30,8697,2024-03-31,3,,,,,,,,,,,,,,,,,,,,80682627000000,,,,,,,,,,,,,,,,true,false,12,2023-04-01,2024-03-31,-1
2025-01-30,8697,2024-03-31,3,,,,,,,,,,,,,,,,,,,,,,,,,,,,,91.00,,,,1044578366,3950422,,false,false,12,2023-04-01,2024-03-31,-1
2025-01-30,8697,2025-03-31,3,,,,,,,,,,,,,,,,,,,,,,,,,,,,,33.00,,,,,,,false,false,12,2024-04-01,2025-03-31,0
2025-01-30,8697,2025-03-31,3,,,,,,,,,,,,,,,,,,,,,,,,,,,,,17.00,,,,,,,false,true,12,2024-04-01,2025-03-31,0
2025-01-30,8697,2025-03-31,3,,,,,,,,,,,,,,,,,,,,,,,,,,,,,,,,,1044578366,4155658,1040407715,false,false,9,2024-04-01,2024-12-31,0
2025-01-30,8697,2024-03-31,3,,,,,,,,,,,,,,,,,,,,,,,,,,,,,,,,,,,1040658495,false,false,9,2023-04-01,2023-12-31,-1
2025-03-25,86970,2025-03-31,,,,,,162000000000,0.019,89500000000,0.041,,,,60500000000,,58.15,,,,,,,,,,,,,,,,,,,,,,true,true,12,2024-04-01,2025-03-31,0
2025-03-25,86970,2024-03-31,,,,,,152871000000,,87444000000,,,,,60822000000,,58.45,,,,,,,,,,,,,,,,,,,,,,true,false,12,2023-04-01,2024-03-31,-1
2025-03-25,86970,2025-03-31,,,,,,,,,,,,,,,,,,,,,,,,,,,,,,29.00,,,,,,,false,true,12,2024-04-01,2025-03-31,0
2025-03-25,86970,2025-03-31,,,,,,,,,,,,,,,,,,,,,,,,,,,,,,33.00,,,,,,,false,false,12,2024-04-01,2025-03-31,0
2025-03-25,86970,2024-03-31,,,,,,,,,,,,,,,,,,,,,,,,,,,,,,91.00,,,,,,,false,false,12,2023-04-01,2024-03-31,-1
2025-04-28,8697,2025-03-31,,,,,,162230000000,0.061,90122000000,0.031,,,,61092000000,,58.72,,,,,,85396761000000,,,,,86136000000,-61223000000,-54498000000,,,0.775,,,,,,true,false,12,2024-04-01,2025-03-31,0
2025-04-28,8697,2024-03-31,,,,,,152871000000,0.141,87444000000,0.281,,,,60822000000,,58.45,,,,,,80682627000000,,,,,79566000000,-7166000000,-43195000000,,,0.778,,,,,,true,false,12,2023-04-01,2024-03-31,-1
2025-04-28,8697,2026-03-31,,,,,,161000000000,-0.008,82500000000,-0.085,,,,55500000000,,53.34,,,,,,,,,,,,,,,,0.806,,,,,,true,true,12,2025-04-01,2026-03-31,1
2025-04-28,8697,2025-03-31,,,,,,59873000000,0.203,51686000000,0.234,51934000000,0.232,51078000000,,0.243,49.09,,,,,,215569000000,107164000000,0.497,103.00,107164000000,,,,,29.00,,,,1044578366,4131952,1040429264,false,false,12,2024-04-01,2025-03-31,0
2025-04-28,8697,2024-03-31,,,,,,49758000000,0.310,41896000000,0.361,42155000000,0.359,41094000000,,0.352,39.49,,,,,,215084000000,105125000000,0.489,101.02,105125000000,,,,,91.00,,,,1044578366,3950422,1040658290,false,false,12,2023-04-01,2024-03-31,-1
2025-04-28,8697,2026-03-31,,,,,,,,,,,,,,,,,,,,,,,,,,,,,,43.00,,,,,,,false,true,12,2025-04-01,2026-03-31,1
2025-07-30,8697,2026-03-31,1,,,,,43451000000,0.077,25233000000,0.083,,,,17029000000,,16.42,,,,,,72345348000000,,,,,,,,,,,,,,,,true,false,3,2025-04-01,2025-06-30,0
2025-07-30,8697,2025-03-31,1,,,,,40328000000,0.091,23291000000,-0.070,,,,15768000000,,15.16,,,,,,,,,,,,,,,,,,,,,,true,false,3,2024-04-01,2024-06-30,-1
2025-07-30,8697,2026-03-31,1,,,,,161000000000,-0.008,82500000000,-0.085,,,,55500000000,,53.74,,,,,,,,,,,,,,,,,,,,,,true,true,12,2025-04-01,2026-03-31,0
2025-07-30,8697,2025-03-31,1,,,,,,,,,,,,,,,,,,,,85396761000000,,,,,,,,,,,,,,,,true,false,12,2024-04-01,2025-03-31,-1
2025-07-30,8697,2025-03-31,1,,,,,,,,,,,,,,,,,,,,,,,,,,,,,29.00,,,,1044578366,4131952,,false,false,12,2024-04-01,2025-03-31,-1
2025-07-30,8697,2026-03-31,1,,,,,,,,,,,,,,,,,,,,,,,,,,,,,43.00,,,,,,,false,true,12,2025-04-01,2026-03-31,0
2025-07-30,8697,2026-03-31,1,,,,,,,,,,,,,,,,,,,,,,,,,,,,,,,,,1044578366,13169348,1037164921,false,false,3,2025-04-01,2025-06-30,0
2025-07-30,8697,2025-03-31,1,,,,,,,,,,,,,,,,,,,,,,,,,,,,,,,,,,,1040388339,false,false,3,2024-04-01,2024-06-30,-1
