filing_date,code,fiscal_year_end,quarterly_period,net_sales,net_sales_change,revenue,revenue_change,operating_revenue,operating_revenue_change,operating_profit,operating_profit_change,ordinary_profit,ordinary_profit_change,net_income,net_income_of_parent,net_income_change,eps,diluted_eps,roe,roa,operating_profit_to_net_sales,operating_profit_to_revenue,total_assets,net_assets,equity_ratio,bps,owner_equity,operating_cash_flow,investing_cash_flow,financing_cash_flow,cash,dividend_per_share,payout_ratio,commemorative_dividend,extra_dividend,number_of_shares,number_of_treqsury_shares,avg_number_of_shares,is_consolidated,is_forecast,duration,period_start,period_end,period_pos
2015-07-31,86980,2016-03-31,1,,,,,14194000000,0.311,,,,,,1733000000,,6.02,,,,,,1110430000000,,,,,,,,,,,,,,,,true,false,3,2015-04-01,2015-06-30,0
2015-07-31,86980,2015-03-31,1,,,,,10823000000,-0.358,,,,,,562000000,,1.95,,,,,,,,,,,,,,,,,,,,,,true,false,3,2014-04-01,2014-06-30,-1
2015-07-31,86980,2015-03-31,1,,,,,,,,,,,,,,,,,,,,1055242000000,,,,,,,,,,,,,,,,true,false,12,2014-04-01,2015-03-31,-1
2015-07-31,86980,2015-03-31,1,,,,,,,,,,,,,,,,,,,,,,,,,,,,,8.20,,,,287680500,,,false,false,12,2014-04-01,2015-03-31,-1
2015-07-31,86980,2016-03-31,1,,,,,,,,,,,,,,,,,,,,,,,,,,,,,,,,,287680500,,287680500,false,false,3,2015-04-01,2015-06-30,0
2015-07-31,86980,2015-03-31,1,,,,,,,,,,,,,,,,,,,,,,,,,,,,,,,,,,,287680500,false,false,3,2014-04-01,2014-06-30,-1
,86980,2016-03-31,,,,,,,,,,,,,,,,,,,,,,,,,,,,,,7.00,,,,,,,false,true,12,2015-04-01,2016-03-31,0
,86980,2015-03-31,,,,,,,,,,,,,,,,,,,,,,,,,,,,,,8.20,,,,,,,false,false,12,2014-04-01,2015-03-31,-1
2015-10-27,86980,2016-03-31,,,,,,28900000000,,,,,,,3500000000,,,,,,,,,,,,,,,,,,,,,,,,true,true,6,2015-04-01,2015-09-30,0
2015-10-27,86980,2015-03-31,,,,,,22843000000,,,,,,,-304000000,,,,,,,,,,,,,,,,,,,,,,,,true,false,6,2014-04-01,2014-09-30,-1
2015-10-29,86980,2016-03-31,2,,,,,28967000000,0.268,,,,,,3548000000,,12.39,12.39,,,,,998406000000,,,,,,,,,,,,,,,,true,false,6,2015-04-01,2015-09-30,0
2015-10-29,86980,2015-03-31,2,,,,,22843000000,-0.220,,,,,,-304000000,,-1.06,,,,,,,,,,,,,,,,,,,,,,true,false,6,2014-04-01,2014-09-30,-1
2015-10-29,86980,2015-03-31,2,,,,,,,,,,,,,,,,,,,,1055242000000,,,,,,,,,,,,,,,,true,false,12,2014-04-01,2015-03-31,-1
2015-10-29,86980,2015-03-31,2,,,,,,,,,,,,,,,,,,,,,,,,,,,,,8.20,,,,287680500,,,false,false,12,2014-04-01,2015-03-31,-1
2015-10-29,86980,2016-03-31,2,,,,,,,,,,,,,,,,,,,,,,,,,,,,,7.00,,,,,,,false,false,12,2015-04-01,2016-03-31,0
2015-10-29,86980,2016-03-31,2,,,,,,,,,,,,,,,,,,,,,,,,,,,,,,,,,287680500,3546200,286384171,false,false,6,2015-04-01,2015-09-30,0
2015-10-29,86980,2015-03-31,2,,,,,,,,,,,,,,,,,,,,,,,,,,,,,,,,,,,287680500,false,false,6,2014-04-01,2014-09-30,-1
2016-01-28,86980,2016-03-31,3,,,,,41905000000,0.133,,,,,,3200000000,,11.20,11.20,,,,,977351000000,,,,,,,,,,,,,,,,true,false,9,2015-04-01,2015-12-31,0
2016-01-28,86980,2015-03-31,3,,,,,36977000000,-0.133,,,,,,1881000000,,6.54,,,,,,,,,,,,,,,,,,,,,,true,false,9,2014-04-01,2014-12-31,-1
2016-01-28,86980,2015-03-31,3,,,,,,,,,,,,,,,,,,,,1055242000000,,,,,,,,,,,,,,,,true,false,12,2014-04-01,2015-03-31,-1
2016-01-28,86980,2015-03-31,3,,,,,,,,,,,,,,,,,,,,,,,,,,,,,8.20,,,,287680500,,,false,false,12,2014-04-01,2015-03-31,-1
2016-01-28,86980,2016-03-31,3,,,,,,,,,,,,,,,,,,,,,,,,,,,,,7.00,,,,,,,false,false,12,2015-04-01,2016-03-31,0
2016-01-28,86980,2016-03-31,3,,,,,,,,,,,,,,,,,,,,,,,,,,,,,,,,,287680500,3546200,285709210,false,false,9,2015-04-01,2015-12-31,0
2016-01-28,86980,2015-03-31,3,,,,,,,,,,,,,,,,,,,,,,,,,,,,,,,,,,,287680500,false,false,9,2014-04-01,2014-12-31,-1
,86980,2016-03-31,,,,,,,,,,,,,,,,,,,,,,,,,,,,,,9.60,,,,,,,false,true,12,2015-04-01,2016-03-31,0
,86980,2016-03-31,,,,,,,,,,,,,,,,,,,,,,,,,,,,,,7.00,,,,,,,false,false,12,2015-04-01,2016-03-31,0
,86980,2015-03-31,,,,,,,,,,,,,,,,,,,,,,,,,,,,,,8.20,,,,,,,false,false,12,2014-04-01,2015-03-31,-1
2016-04-26,86980,2016-03-31,,,,,,54200000000,,,,,,,3550000000,,,,,,,,,,,,,,,,,,,,,,,,true,true,12,2015-04-01,2016-03-31,0
2016-04-26,86980,2015-03-31,,,,,,50975000000,,,,,,,3494000000,,,,,,,,,,,,,,,,,,,,,,,,true,false,12,2014-04-01,2015-03-31,-1
2016-04-28,86980,2016-03-31,,,,,,54271000000,0.065,,,,,,3554000000,,12.46,12.45,,,,,888116000000,,,,,766000000,-5934000000,-673000000,,,0.771,,,,,,true,false,12,2015-04-01,2016-03-31,0
2016-04-28,86980,2015-03-31,,,,,,50975000000,-0.068,,,,,,3494000000,,12.15,,,,,,1055242000000,,,,,-249000000,-8602000000,-11968000000,,,0.675,,,,,,true,false,12,2014-04-01,2015-03-31,-1
2016-04-28,86980,2016-03-31,,,,,,9689000000,0.140,7336000000,0.138,7164000000,0.154,6989000000,,0.184,24.49,,,,,,106238000000,76767000000,0.723,270.18,76767000000,,,,,9.60,,,,284134300,,285345769,false,false,12,2015-04-01,2016-03-31,0
2016-04-28,86980,2015-03-31,,,,,,8502000000,-0.210,6447000000,-0.257,6209000000,-0.266,5903000000,,-0.374,20.52,,,,,,105011000000,74803000000,0.712,260.02,74803000000,,,,,8.20,,,,287680500,,287680500,false,false,12,2014-04-01,2015-03-31,-1
2016-07-28,86980,2017-03-31,1,,,,,11624000000,-0.181,,,,,,261000000,,0.92,0.92,,,,,865376000000,,,,,,,,,,,,,,,,true,false,3,2016-04-01,2016-06-30,0
2016-07-28,86980,2016-03-31,1,,,,,14194000000,0.311,,,,,,1733000000,,6.02,,,,,,,,,,,,,,,,,,,,,,true,false,3,2015-04-01,2015-06-30,-1
2016-07-28,86980,2016-03-31,1,,,,,,,,,,,,,,,,,,,,888116000000,,,,,,,,,,,,,,,,true,false,12,2015-04-01,2016-03-31,-1
2016-07-28,86980,2016-03-31,1,,,,,,,,,,,,,,,,,,,,,,,,,,,,,9.60,,,,284134300,,,false,false,12,2015-04-01,2016-03-31,-1
2016-07-28,86980,2017-03-31,1,,,,,,,,,,,,,,,,,,,,,,,,,,,,,,,,,284134300,3542600,282438875,false,false,3,2016-04-01,2016-06-30,0
2016-07-28,86980,2016-03-31,1,,,,,,,,,,,,,,,,,,,,,,,,,,,,,,,,,,,287680500,false,false,3,2015-04-01,2015-06-30,-1
,86980,2017-03-31,,,,,,,,,,,,,,,,,,,,,,,,,,,,,,2.60,,,,,,,false,true,12,2016-04-01,2017-03-31,0
,86980,2016-03-31,,,,,,,,,,,,,,,,,,,,,,,,,,,,,,9.60,,,,,,,false,false,12,2015-04-01,2016-03-31,-1
2016-10-26,86980,2017-03-31,,,,,,22050000000,,,,,,,-100000000,,,,,,,,,,,,,,,,,,,,,,,,true,true,6,2016-04-01,2016-09-30,0
2016-10-26,86980,2016-03-31,,,,,,28967000000,,,,,,,3548000000,,,,,,,,,,,,,,,,,,,,,,,,true,false,6,2015-04-01,2015-09-30,-1
2016-10-28,86980,2017-03-31,2,,,,,22051000000,-0.239,,,,,,-102000000,,-0.36,-0.37,,,,,852011000000,,,,,,,,,,,,,,,,true,false,6,2016-04-01,2016-09-30,0
2016-10-28,86980,2016-03-31,2,,,,,28967000000,0.268,,,,,,3548000000,,12.39,12.39,,,,,,,,,,,,,,,,,,,,,true,false,6,2015-04-01,2015-09-30,-1
2016-10-28,86980,2016-03-31,2,,,,,,,,,,,,,,,,,,,,888116000000,,,,,,,,,,,,,,,,true,false,12,2015-04-01,2016-03-31,-1
2016-10-28,86980,2016-03-31,2,,,,,,,,,,,,,,,,,,,,,,,,,,,,,9.60,,,,284134300,,,false,false,12,2015-04-01,2016-03-31,-1
2016-10-28,86980,2017-03-31,2,,,,,,,,,,,,,,,,,,,,,,,,,,,,,2.60,,,,,,,false,false,12,2016-04-01,2017-03-31,0
2016-10-28,86980,2017-03-31,2,,,,,,,,,,,,,,,,,,,,,,,,,,,,,,,,,284134300,3542600,281647229,false,false,6,2016-04-01,2016-09-30,0
2016-10-28,86980,2016-03-31,2,,,,,,,,,,,,,,,,,,,,,,,,,,,,,,,,,,,286384171,false,false,6,2015-04-01,2015-09-30,-1
2017-01-31,86980,2017-03-31,3,,,,,33473000000,-0.201,,,,,,401000000,,1.42,1.42,,,,,994696000000,,,,,,,,,,,,,,,,true,false,9,2016-04-01,2016-12-31,0
2017-01-31,86980,2016-03-31,3,,,,,41905000000,0.133,,,,,,3200000000,,11.20,11.20,,,,,,,,,,,,,,,,,,,,,true,false,9,2015-04-01,2015-12-31,-1
2017-01-31,86980,2016-03-31,3,,,,,,,,,,,,,,,,,,,,888116000000,,,,,,,,,,,,,,,,true,false,12,2015-04-01,2016-03-31,-1
2017-01-31,86980,2016-03-31,3,,,,,,,,,,,,,,,,,,,,,,,,,,,,,9.60,,,,284134300,,,false,false,12,2015-04-01,2016-03-31,-1
2017-01-31,86980,2017-03-31,3,,,,,,,,,,,,,,,,,,,,,,,,,,,,,2.60,,,,,,,false,false,12,2016-04-01,2017-03-31,0
2017-01-31,86980,2017-03-31,3,,,,,,,,,,,,,,,,,,,,,,,,,,,,,,,,,284134300,3542600,281330570,false,false,9,2016-04-01,2016-12-31,0
2017-01-31,86980,2016-03-31,3,,,,,,,,,,,,,,,,,,,,,,,,,,,,,,,,,,,285709210,false,false,9,2015-04-01,2015-12-31,-1
,86980,2017-03-31,,,,,,,,,,,,,,,,,,,,,,,,,,,,,,5.20,,,,,,,false,true,12,2016-04-01,2017-03-31,0
,86980,2017-03-31,,,,,,,,,,,,,,,,,,,,,,,,,,,,,,2.60,,,,,,,false,false,12,2016-04-01,2017-03-31,0
,86980,2016-03-31,,,,,,,,,,,,,,,,,,,,,,,,,,,,,,9.60,,,,,,,false,false,12,2015-04-01,2016-03-31,-1
2017-04-21,86980,2017-03-31,,,,,,45800000000,,,,,,,300000000,,,,,,,,,,,,,,,,,,,,,,,,true,true,12,2016-04-01,2017-03-31,0
2017-04-21,86980,2016-03-31,,,,,,54271000000,,,,,,,3554000000,,,,,,,,,,,,,,,,,,,,,,,,true,false,12,2015-04-01,2016-03-31,-1
2017-04-28,86980,2017-03-31,,,,,,45831000000,-0.156,,,,,,298000000,,1.06,1.05,,,,,936776000000,,,,,43715000000,-8301000000,-18462000000,,,4.914,,,,,,true,false,12,2016-04-01,2017-03-31,0
2017-04-28,86980,2016-03-31,,,,,,54271000000,0.065,,,,,,3554000000,,12.46,12.45,,,,,888116000000,,,,,766000000,-5934000000,-673000000,,,0.771,,,,,,true,false,12,2015-04-01,2016-03-31,-1
2017-04-28,86980,2017-03-31,,,,,,6596000000,-0.319,4164000000,-0.432,3889000000,-0.457,4146000000,,-0.407,14.75,,,,,,104102000000,78401000000,0.753,279.29,78365000000,,,,,5.20,,,,280591700,,281160062,false,false,12,2016-04-01,2017-03-31,0
2017-04-28,86980,2016-03-31,,,,,,9689000000,0.140,7336000000,0.138,7164000000,0.154,6989000000,,0.184,24.49,,,,,,106238000000,76767000000,0.723,270.18,76767000000,,,,,9.60,,,,284134300,,285345769,false,false,12,2015-04-01,2016-03-31,-1
2017-07-28,86980,2018-03-31,1,,,,,11845000000,0.019,,,,,,441000000,,1.58,1.58,,,,,995283000000,,,,,,,,,,,,,,,,true,false,3,2017-04-01,2017-06-30,0
2017-07-28,86980,2017-03-31,1,,,,,11624000000,-0.181,,,,,,261000000,,0.92,0.92,,,,,,,,,,,,,,,,,,,,,true,false,3,2016-04-01,2016-06-30,-1
2017-07-28,86980,2017-03-31,1,,,,,,,,,,,,,,,,,,,,936776000000,,,,,,,,,,,,,,,,true,false,12,2016-04-01,2017-03-31,-1
2017-07-28,86980,2017-03-31,1,,,,,,,,,,,,,,,,,,,,,,,,,,,,,5.20,,,,280591700,,,false,false,12,2016-04-01,2017-03-31,-1
2017-07-28,86980,2018-03-31,1,,,,,,,,,,,,,,,,,,,,,,,,,,,,,,,,,280591700,3690000,278746700,false,false,3,2017-04-01,2017-06-30,0
2017-07-28,86980,2017-03-31,1,,,,,,,,,,,,,,,,,,,,,,,,,,,,,,,,,,,282438875,false,false,3,2016-04-01,2016-06-30,-1
2017-10-27,86980,2018-03-31,2,,,,,24608000000,0.116,,,,,,2014000000,,7.24,7.24,,,,,980582000000,,,,,,,,,,,,,,,,true,false,6,2017-04-01,2017-09-30,0
2017-10-27,86980,2017-03-31,2,,,,,22051000000,-0.239,,,,,,-102000000,,-0.36,-0.37,,,,,,,,,,,,,,,,,,,,,true,false,6,2016-04-01,2016-09-30,-1
2017-10-27,86980,2017-03-31,2,,,,,,,,,,,,,,,,,,,,936776000000,,,,,,,,,,,,,,,,true,false,12,2016-04-01,2017-03-31,-1
2017-10-27,86980,2017-03-31,2,,,,,,,,,,,,,,,,,,,,,,,,,,,,,5.20,,,,280591700,,,false,false,12,2016-04-01,2017-03-31,-1
2017-10-27,86980,2018-03-31,2,,,,,,,,,,,,,,,,,,,,,,,,,,,,,3.70,,,,,,,false,false,12,2017-04-01,2018-03-31,0
2017-10-27,86980,2018-03-31,2,,,,,,,,,,,,,,,,,,,,,,,,,,,,,,,,,280591700,3376000,278090557,false,false,6,2017-04-01,2017-09-30,0
2017-10-27,86980,2017-03-31,2,,,,,,,,,,,,,,,,,,,,,,,,,,,,,,,,,,,281647229,false,false,6,2016-04-01,2016-09-30,-1
2018-01-31,86980,2018-03-31,3,,,,,38377000000,0.147,,,,,,4661000000,,16.78,16.77,,,,,1009924000000,,,,,,,,,,,,,,,,true,false,9,2017-04-01,2017-12-31,0
2018-01-31,86980,2017-03-31,3,,,,,33473000000,-0.201,,,,,,401000000,,1.42,1.42,,,,,,,,,,,,,,,,,,,,,true,false,9,2016-04-01,2016-12-31,-1
2018-01-31,86980,2017-03-31,3,,,,,,,,,,,,,,,,,,,,936776000000,,,,,,,,,,,,,,,,true,false,12,2016-04-01,2017-03-31,-1
2018-01-31,86980,2017-03-31,3,,,,,,,,,,,,,,,,,,,,,,,,,,,,,5.20,,,,280591700,,,false,false,12,2016-04-01,2017-03-31,-1
2018-01-31,86980,2018-03-31,3,,,,,,,,,,,,,,,,,,,,,,,,,,,,,3.70,,,,,,,false,false,12,2017-04-01,2018-03-31,0
2018-01-31,86980,2018-03-31,3,,,,,,,,,,,,,,,,,,,,,,,,,,,,,,,,,280591700,3380178,277826847,false,false,9,2017-04-01,2017-12-31,0
2018-01-31,86980,2017-03-31,3,,,,,,,,,,,,,,,,,,,,,,,,,,,,,,,,,,,281330570,false,false,9,2016-04-01,2016-12-31,-1
2018-04-26,86980,2018-03-31,,,,,,53635000000,0.170,,,,,,6730000000,,24.33,24.33,,,,,973520000000,,,,,-38701000000,-5872000000,49870000000,,,0.411,,,,,,true,false,12,2017-04-01,2018-03-31,0
2018-04-26,86980,2017-03-31,,,,,,45831000000,-0.156,,,,,,298000000,,1.06,1.05,,,,,936776000000,,,,,43715000000,-8301000000,-18462000000,,,4.914,,,,,,true,false,12,2016-04-01,2017-03-31,-1
2018-04-26,86980,2018-03-31,,,,,,6772000000,0.027,3987000000,-0.043,4084000000,0.050,3531000000,,-0.148,12.77,,,,,,99667000000,76237000000,0.765,283.30,76237000000,,,,,10.00,,,,269706000,600078,276600079,false,false,12,2017-04-01,2018-03-31,0
2018-04-26,86980,2017-03-31,,,,,,6596000000,-0.319,4164000000,-0.432,3889000000,-0.457,4146000000,,-0.407,14.75,,,,,,104102000000,78401000000,0.753,279.29,78365000000,,,,,5.20,,,,280591700,,281160062,false,false,12,2016-04-01,2017-03-31,-1
2018-07-27,86980,2019-03-31,1,,,,,13612000000,0.149,,,,,,1196000000,,4.44,,,,,,1050282000000,,,,,,,,,,,,,,,,true,false,3,2018-04-01,2018-06-30,0
2018-07-27,86980,2018-03-31,1,,,,,11845000000,0.019,,,,,,441000000,,1.58,1.58,,,,,,,,,,,,,,,,,,,,,true,false,3,2017-04-01,2017-06-30,-1
2018-07-27,86980,2018-03-31,1,,,,,,,,,,,,,,,,,,,,973520000000,,,,,,,,,,,,,,,,true,false,12,2017-04-01,2018-03-31,-1
2018-07-27,86980,2018-03-31,1,,,,,,,,,,,,,,,,,,,,,,,,,,,,,10.00,,,,269706000,600078,,false,false,12,2017-04-01,2018-03-31,-1
2018-07-27,86980,2019-03-31,1,,,,,,,,,,,,,,,,,,,,,,,,,,,,,,,,,269706000,603212,269105139,false,false,3,2018-04-01,2018-06-30,0
2018-07-27,86980,2018-03-31,1,,,,,,,,,,,,,,,,,,,,,,,,,,,,,,,,,,,278746700,false,false,3,2017-04-01,2017-06-30,-1
2018-10-29,86980,2019-03-31,2,,,,,26400000000,0.073,,,,,,1745000000,,6.51,,,,,,1066897000000,,,,,,,,,,,,,,,,true,false,6,2018-04-01,2018-09-30,0
2018-10-29,86980,2018-03-31,2,,,,,24608000000,0.116,,,,,,2014000000,,7.24,7.24,,,,,,,,,,,,,,,,,,,,,true,false,6,2017-04-01,2017-09-30,-1
2018-10-29,86980,2018-03-31,2,,,,,,,,,,,,,,,,,,,,973520000000,,,,,,,,,,,,,,,,true,false,12,2017-04-01,2018-03-31,-1
2018-10-29,86980,2018-03-31,2,,,,,,,,,,,,,,,,,,,,,,,,,,,,,10.00,,,,269706000,600078,,false,false,12,2017-04-01,2018-03-31,-1
2018-10-29,86980,2019-03-31,2,,,,,,,,,,,,,,,,,,,,,,,,,,,,,2.70,,,,,,,false,false,12,2018-04-01,2019-03-31,0
2018-10-29,86980,2019-03-31,2,,,,,,,,,,,,,,,,,,,,,,,,,,,,,,,,,269706000,3963412,268196460,false,false,6,2018-04-01,2018-09-30,0
2018-10-29,86980,2018-03-31,2,,,,,,,,,,,,,,,,,,,,,,,,,,,,,,,,,,,278090557,false,false,6,2017-04-01,2017-09-30,-1
2019-01-31,86980,2019-03-31,3,,,,,40116000000,0.045,,,,,,2696000000,,10.08,,,,,,1011162000000,,,,,,,,,,,,,,,,true,false,9,2018-04-01,2018-12-31,0
2019-01-31,86980,2018-03-31,3,,,,,38377000000,0.147,,,,,,4661000000,,16.78,16.77,,,,,,,,,,,,,,,,,,,,,true,false,9,2017-04-01,2017-12-31,-1
2019-01-31,86980,2018-03-31,3,,,,,,,,,,,,,,,,,,,,973520000000,,,,,,,,,,,,,,,,true,false,12,2017-04-01,2018-03-31,-1
2019-01-31,86980,2018-03-31,3,,,,,,,,,,,,,,,,,,,,,,,,,,,,,10.00,,,,269706000,600078,,false,false,12,2017-04-01,2018-03-31,-1
2019-01-31,86980,2019-03-31,3,,,,,,,,,,,,,,,,,,,,,,,,,,,,,2.70,,,,,,,false,false,12,2018-04-01,2019-03-31,0
2019-01-31,86980,2019-03-31,3,,,,,,,,,,,,,,,,,,,,,,,,,,,,,,,,,269706000,3963422,267460297,false,false,9,2018-04-01,2018-12-31,0
2019-01-31,86980,2018-03-31,3,,,,,,,,,,,,,,,,,,,,,,,,,,,,,,,,,,,277826847,false,false,9,2017-04-01,2017-12-31,-1
2019-04-25,86980,2019-03-31,,,,,,52175000000,-0.027,,,,,,1181000000,,4.42,,,,,,1027849000000,,,,,53834000000,22763000000,-5909000000,,,1.221,,,,,,true,false,12,2018-04-01,2019-03-31,0
2019-04-25,86980,2018-03-31,,,,,,53635000000,0.170,,,,,,6730000000,,24.33,24.33,,,,,973520000000,,,,,-38701000000,-5872000000,49870000000,,,0.411,,,,,,true,false,12,2017-04-01,2018-03-31,-1
2019-04-25,86980,2019-03-31,,,,,,8018000000,0.184,4837000000,0.213,4967000000,0.216,5100000000,,0.444,19.10,,,,,,105325000000,77020000000,0.731,289.85,77020000000,,,,,5.40,,,,266322300,600022,267060777,false,false,12,2018-04-01,2019-03-31,0
2019-04-25,86980,2018-03-31,,,,,,6772000000,0.027,3987000000,-0.043,4084000000,0.050,3531000000,,-0.148,12.77,,,,,,99667000000,76237000000,0.765,283.30,76237000000,,,,,10.00,,,,269706000,600078,276600079,false,false,12,2017-04-01,2018-03-31,-1
2019-07-26,86980,2020-03-31,1,,,,,13153000000,-0.034,,,,,,849000000,,3.20,3.17,,,,,1034754000000,,,,,,,,,,,,,,,,true,false,3,2019-04-01,2019-06-30,0
2019-07-26,86980,2019-03-31,1,,,,,13612000000,0.149,,,,,,1196000000,,4.44,,,,,,,,,,,,,,,,,,,,,,true,false,3,2018-04-01,2018-06-30,-1
2019-07-26,86980,2019-03-31,1,,,,,,,,,,,,,,,,,,,,1027849000000,,,,,,,,,,,,,,,,true,false,12,2018-04-01,2019-03-31,-1
2019-07-26,86980,2019-03-31,1,,,,,,,,,,,,,,,,,,,,,,,,,,,,,5.40,,,,266322300,600022,,false,false,12,2018-04-01,2019-03-31,-1
2019-07-26,86980,2020-03-31,1,,,,,,,,,,,,,,,,,,,,,,,,,,,,,,,,,266322300,608631,265715821,false,false,3,2019-04-01,2019-06-30,0
2019-07-26,86980,2019-03-31,1,,,,,,,,,,,,,,,,,,,,,,,,,,,,,,,,,,,269105139,false,false,3,2018-04-01,2018-06-30,-1
2019-10-28,86980,2020-03-31,2,,,,,26034000000,-0.014,,,,,,1679000000,,6.39,6.36,,,,,1063020000000,,,,,,,,,,,,,,,,true,false,6,2019-04-01,2019-09-30,0
2019-10-28,86980,2019-03-31,2,,,,,26400000000,0.073,,,,,,1745000000,,6.51,,,,,,,,,,,,,,,,,,,,,,true,false,6,2018-04-01,2018-09-30,-1
2019-10-28,86980,2019-03-31,2,,,,,,,,,,,,,,,,,,,,1027849000000,,,,,,,,,,,,,,,,true,false,12,2018-04-01,2019-03-31,-1
2019-10-28,86980,2019-03-31,2,,,,,,,,,,,,,,,,,,,,,,,,,,,,,5.40,,,,266322300,600022,,false,false,12,2018-04-01,2019-03-31,-1
2019-10-28,86980,2020-03-31,2,,,,,,,,,,,,,,,,,,,,,,,,,,,,,2.70,,,,,,,false,false,12,2019-04-01,2020-03-31,0
2019-10-28,86980,2020-03-31,2,,,,,,,,,,,,,,,,,,,,,,,,,,,,,,,,,266322300,10316831,262982813,false,false,6,2019-04-01,2019-09-30,0
2019-10-28,86980,2019-03-31,2,,,,,,,,,,,,,,,,,,,,,,,,,,,,,,,,,,,268196460,false,false,6,2018-04-01,2018-09-30,-1
2020-01-31,86980,2020-03-31,3,,,,,38575000000,-0.038,,,,,,2252000000,,8.63,,,,,,1040546000000,,,,,,,,,,,,,,,,true,false,9,2019-04-01,2019-12-31,0
2020-01-31,86980,2019-03-31,3,,,,,40116000000,0.045,,,,,,2696000000,,10.08,,,,,,,,,,,,,,,,,,,,,,true,false,9,2018-04-01,2018-12-31,-1
2020-01-31,86980,2019-03-31,3,,,,,,,,,,,,,,,,,,,,1027849000000,,,,,,,,,,,,,,,,true,false,12,2018-04-01,2019-03-31,-1
2020-01-31,86980,2019-03-31,3,,,,,,,,,,,,,,,,,,,,,,,,,,,,,5.40,,,,266322300,600022,,false,false,12,2018-04-01,2019-03-31,-1
2020-01-31,86980,2020-03-31,3,,,,,,,,,,,,,,,,,,,,,,,,,,,,,2.70,,,,,,,false,false,12,2019-04-01,2020-03-31,0
2020-01-31,86980,2020-03-31,3,,,,,,,,,,,,,,,,,,,,,,,,,,,,,,,,,266322300,10323706,260887547,false,false,9,2019-04-01,2019-12-31,0
2020-01-31,86980,2019-03-31,3,,,,,,,,,,,,,,,,,,,,,,,,,,,,,,,,,,,267460297,false,false,9,2018-04-01,2018-12-31,-1
2020-05-07,86980,2020-03-31,,,,,,53226000000,0.020,,,,,,3011000000,,11.59,11.55,,,,,1022934000000,,,,,34454000000,-7068000000,-48399000000,,,0.509,,,,,,true,false,12,2019-04-01,2020-03-31,0
2020-05-07,86980,2019-03-31,,,,,,52175000000,-0.027,,,,,,1181000000,,4.42,,,,,,1027849000000,,,,,53834000000,22763000000,-5909000000,,,1.221,,,,,,true,false,12,2018-04-01,2019-03-31,-1
2020-05-07,86980,2020-03-31,,,,,,4678000000,-0.417,1516000000,-0.687,1504000000,-0.697,1005000000,,-0.803,3.87,,,,,,102489000000,73284000000,0.715,286.27,73284000000,,,,,5.90,,,,258998600,3000006,259759327,false,false,12,2019-04-01,2020-03-31,0
2020-05-07,86980,2019-03-31,,,,,,8018000000,0.184,4837000000,0.213,4967000000,0.216,5100000000,,0.444,19.10,,,,,,105325000000,77020000000,0.731,289.85,77020000000,,,,,5.40,,,,266322300,600022,267060777,false,false,12,2018-04-01,2019-03-31,-1
2020-07-29,86980,2021-03-31,1,,,,,14267000000,0.085,,,,,,1425000000,,5.57,5.55,,,,,1102619000000,,,,,,,,,,,,,,,,true,false,3,2020-04-01,2020-06-30,0
2020-07-29,86980,2020-03-31,1,,,,,13153000000,-0.034,,,,,,849000000,,3.20,3.17,,,,,,,,,,,,,,,,,,,,,true,false,3,2019-04-01,2019-06-30,-1
2020-07-29,86980,2020-03-31,1,,,,,,,,,,,,,,,,,,,,1022934000000,,,,,,,,,,,,,,,,true,false,12,2019-04-01,2020-03-31,-1
2020-07-29,86980,2020-03-31,1,,,,,,,,,,,,,,,,,,,,,,,,,,,,,5.90,,,,258998600,3000006,,false,false,12,2019-04-01,2020-03-31,-1
2020-07-29,86980,2021-03-31,1,,,,,,,,,,,,,,,,,,,,,,,,,,,,,,,,,258998600,3004865,255994950,false,false,3,2020-04-01,2020-06-30,0
2020-07-29,86980,2020-03-31,1,,,,,,,,,,,,,,,,,,,,,,,,,,,,,,,,,,,265715821,false,false,3,2019-04-01,2019-06-30,-1
2020-10-27,86980,2021-03-31,2,,,,,29317000000,0.126,,,,,,2919000000,,11.37,11.23,,,,,1149909000000,,,,,,,,,,,,,,,,true,false,6,2020-04-01,2020-09-30,0
2020-10-27,86980,2020-03-31,2,,,,,26034000000,-0.014,,,,,,1679000000,,6.39,6.36,,,,,,,,,,,,,,,,,,,,,true,false,6,2019-04-01,2019-09-30,-1
2020-10-27,86980,2020-03-31,2,,,,,,,,,,,,,,,,,,,,1022934000000,,,,,,,,,,,,,,,,true,false,12,2019-04-01,2020-03-31,-1
2020-10-27,86980,2020-03-31,2,,,,,,,,,,,,,,,,,,,,,,,,,,,,,5.90,,,,258998600,3000006,,false,false,12,2019-04-01,2020-03-31,-1
2020-10-27,86980,2021-03-31,2,,,,,,,,,,,,,,,,,,,,,,,,,,,,,4.50,,,,,,,false,false,12,2020-04-01,2021-03-31,0
2020-10-27,86980,2021-03-31,2,,,,,,,,,,,,,,,,,,,,,,,,,,,,,,,,,258998600,1299665,256725229,false,false,6,2020-04-01,2020-09-30,0
2020-10-27,86980,2020-03-31,2,,,,,,,,,,,,,,,,,,,,,,,,,,,,,,,,,,,262982813,false,false,6,2019-04-01,2019-09-30,-1
2021-01-29,86980,2021-03-31,3,,,,,47265000000,0.225,,,,,,6548000000,,25.48,24.63,,,,,1213671000000,,,,,,,,,,,,,,,,true,false,9,2020-04-01,2020-12-31,0
2021-01-29,86980,2020-03-31,3,,,,,38575000000,-0.038,,,,,,2252000000,,8.63,,,,,,,,,,,,,,,,,,,,,,true,false,9,2019-04-01,2019-12-31,-1
2021-01-29,86980,2020-03-31,3,,,,,,,,,,,,,,,,,,,,1022934000000,,,,,,,,,,,,,,,,true,false,12,2019-04-01,2020-03-31,-1
2021-01-29,86980,2020-03-31,3,,,,,,,,,,,,,,,,,,,,,,,,,,,,,5.90,,,,258998600,3000006,,false,false,12,2019-04-01,2020-03-31,-1
2021-01-29,86980,2021-03-31,3,,,,,,,,,,,,,,,,,,,,,,,,,,,,,4.50,,,,,,,false,false,12,2020-04-01,2021-03-31,0
2021-01-29,86980,2021-03-31,3,,,,,,,,,,,,,,,,,,,,,,,,,,,,,,,,,258998600,1309765,257016330,false,false,9,2020-04-01,2020-12-31,0
2021-01-29,86980,2020-03-31,3,,,,,,,,,,,,,,,,,,,,,,,,,,,,,,,,,,,260887547,false,false,9,2019-04-01,2019-12-31,-1
2021-04-27,86980,2021-03-31,,,,,,77905000000,0.464,,,,,,14354000000,,55.82,49.55,,,,,1401130000000,,,,,-45466000000,-7158000000,95483000000,,,0.215,,,,,,true,false,12,2020-04-01,2021-03-31,0
2021-04-27,86980,2020-03-31,,,,,,53226000000,0.020,,,,,,3011000000,,11.59,11.55,,,,,1022934000000,,,,,34454000000,-7068000000,-48399000000,,,0.509,,,,,,true,false,12,2019-04-01,2020-03-31,-1
2021-04-27,86980,2021-03-31,,,,,,7115000000,0.521,3933000000,1.595,6287000000,3.179,5605000000,,4.573,21.79,,,,,,110842000000,77636000000,0.700,301.34,77636000000,,,,,12.00,,,,258998600,1359365,257162063,false,false,12,2020-04-01,2021-03-31,0
2021-04-27,86980,2020-03-31,,,,,,4678000000,-0.417,1516000000,-0.687,1504000000,-0.697,1005000000,,-0.803,3.87,,,,,,102489000000,73284000000,0.715,286.27,73284000000,,,,,5.90,,,,258998600,3000006,259759327,false,false,12,2019-04-01,2020-03-31,-1
2021-04-27,86980,2021-03-31,,,,,,77905000000,0.464,,,,,,14354000000,,55.82,49.55,,,,,1401130000000,,,,,-57696000000,-7158000000,95483000000,,,0.215,,,,,,true,false,12,2020-04-01,2021-03-31,0
2021-04-27,86980,2020-03-31,,,,,,53226000000,0.020,,,,,,3011000000,,11.59,11.55,,,,,1022934000000,,,,,34454000000,-7068000000,-48399000000,,,0.509,,,,,,true,false,12,2019-04-01,2020-03-31,-1
2021-04-27,86980,2021-03-31,,,,,,7115000000,0.521,3933000000,1.595,6287000000,3.179,5605000000,,4.573,21.79,,,,,,110842000000,77636000000,0.700,301.34,77636000000,,,,,12.00,,,,258998600,1359365,257162063,false,false,12,2020-04-01,2021-03-31,0
2021-04-27,86980,2020-03-31,,,,,,4678000000,-0.417,1516000000,-0.687,1504000000,-0.697,1005000000,,-0.803,3.87,,,,,,102489000000,73284000000,0.715,286.27,73284000000,,,,,5.90,,,,258998600,3000006,259759327,false,false,12,2019-04-01,2020-03-31,-1
2021-07-28,86980,2022-03-31,1,,,,,27060000000,0.897,,,,,,7260000000,,28.18,24.54,,,,,1407080000000,,,,,,,,,,,,,,,,true,false,3,2021-04-01,2021-06-30,0
2021-07-28,86980,2021-03-31,1,,,,,14267000000,0.085,,,,,,1425000000,,5.57,5.55,,,,,,,,,,,,,,,,,,,,,true,false,3,2020-04-01,2020-06-30,-1
2021-07-28,86980,2021-03-31,1,,,,,,,,,,,,,,,,,,,,1401130000000,,,,,,,,,,,,,,,,true,false,12,2020-04-01,2021-03-31,-1
2021-07-28,86980,2021-03-31,1,,,,,,,,,,,,,,,,,,,,,,,,,,,,,12.00,,,,258998600,1359365,,false,false,12,2020-04-01,2021-03-31,-1
2021-07-28,86980,2022-03-31,1,,,,,,,,,,,,,,,,,,,,,,,,,,,,,,,,,258998600,1359365,257639235,false,false,3,2021-04-01,2021-06-30,0
2021-07-28,86980,2021-03-31,1,,,,,,,,,,,,,,,,,,,,,,,,,,,,,,,,,,,255994950,false,false,3,2020-04-01,2020-06-30,-1
2021-10-29,86980,2022-03-31,2,,,,,49094000000,0.675,,,,,,12027000000,,46.67,41.87,,,,,1466176000000,,,,,,,,,,,,,,,,true,false,6,2021-04-01,2021-09-30,0
2021-10-29,86980,2021-03-31,2,,,,,29317000000,0.126,,,,,,2919000000,,11.37,11.23,,,,,,,,,,,,,,,,,,,,,true,false,6,2020-04-01,2020-09-30,-1
2021-10-29,86980,2021-03-31,2,,,,,,,,,,,,,,,,,,,,1401130000000,,,,,,,,,,,,,,,,true,false,12,2020-04-01,2021-03-31,-1
2021-10-29,86980,2021-03-31,2,,,,,,,,,,,,,,,,,,,,,,,,,,,,,12.00,,,,258998600,1359365,,false,false,12,2020-04-01,2021-03-31,-1
2021-10-29,86980,2022-03-31,2,,,,,,,,,,,,,,,,,,,,,,,,,,,,,7.60,,,,,,,false,false,12,2021-04-01,2022-03-31,0
2021-10-29,86980,2022-03-31,2,,,,,,,,,,,,,,,,,,,,,,,,,,,,,,,,,258998600,1166965,257721692,false,false,6,2021-04-01,2021-09-30,0
2021-10-29,86980,2021-03-31,2,,,,,,,,,,,,,,,,,,,,,,,,,,,,,,,,,,,256725229,false,false,6,2020-04-01,2020-09-30,-1
2022-01-31,86980,2022-03-31,3,,,,,69691000000,0.474,,,,,,12462000000,,48.19,43.76,,,,,1532095000000,,,,,,,,,,,,,,,,true,false,9,2021-04-01,2021-12-31,0
2022-01-31,86980,2021-03-31,3,,,,,47265000000,0.225,,,,,,6548000000,,25.48,24.63,,,,,,,,,,,,,,,,,,,,,true,false,9,2020-04-01,2020-12-31,-1
2022-01-31,86980,2021-03-31,3,,,,,,,,,,,,,,,,,,,,1401130000000,,,,,,,,,,,,,,,,true,false,12,2020-04-01,2021-03-31,-1
2022-01-31,86980,2021-03-31,3,,,,,,,,,,,,,,,,,,,,,,,,,,,,,12.00,,,,258998600,1359365,,false,false,12,2020-04-01,2021-03-31,-1
2022-01-31,86980,2022-03-31,3,,,,,,,,,,,,,,,,,,,,,,,,,,,,,7.60,,,,,,,false,false,12,2021-04-01,2022-03-31,0
2022-01-31,86980,2022-03-31,3,,,,,,,,,,,,,,,,,,,,,,,,,,,,,,,,,267447100,1166965,258599525,false,false,9,2021-04-01,2021-12-31,0
2022-01-31,86980,2021-03-31,3,,,,,,,,,,,,,,,,,,,,,,,,,,,,,,,,,,,257016330,false,false,9,2020-04-01,2020-12-31,-1
2022-04-27,8698,2022-03-31,,,,,,88783000000,0.140,,,,,,13017000000,,50.00,,,,,,1607761000000,,,,,51701000000,-6026000000,13763000000,,,0.306,,,,,,true,false,12,2021-04-01,2022-03-31,0
2022-04-27,8698,2021-03-31,,,,,,77905000000,0.464,,,,,,14354000000,,55.82,49.55,,,,,1401130000000,,,,,-63818000000,-7158000000,95483000000,,,0.215,,,,,,true,false,12,2020-04-01,2021-03-31,-1
2022-04-27,8698,2022-03-31,,,,,,17275000000,1.428,14306000000,2.637,18089000000,1.877,18057000000,,2.221,69.35,,,,,,118608000000,98001000000,0.826,368.06,98001000000,,,,,15.30,,,,267447100,1179565,260369065,false,false,12,2021-04-01,2022-03-31,0
2022-04-27,8698,2021-03-31,,,,,,7115000000,0.521,3933000000,1.595,6287000000,3.179,5605000000,,4.573,21.79,,,,,,110842000000,77636000000,0.700,301.34,77636000000,,,,,12.00,,,,258998600,1359365,257162063,false,false,12,2020-04-01,2021-03-31,-1
2022-08-03,8698,2023-03-31,1,,,,,19059000000,-0.296,,,,,,952000000,,3.58,,,,,,1578554000000,,,,,,,,,,,,,,,,true,false,3,2022-04-01,2022-06-30,0
2022-08-03,8698,2022-03-31,1,,,,,27060000000,0.897,,,,,,7260000000,,28.18,24.54,,,,,,,,,,,,,,,,,,,,,true,false,3,2021-04-01,2021-06-30,-1
2022-08-03,8698,2022-03-31,1,,,,,,,,,,,,,,,,,,,,1607761000000,,,,,,,,,,,,,,,,true,false,12,2021-04-01,2022-03-31,-1
2022-08-03,8698,2022-03-31,1,,,,,,,,,,,,,,,,,,,,,,,,,,,,,15.30,,,,267447100,1179565,,false,false,12,2021-04-01,2022-03-31,-1
2022-08-03,8698,2023-03-31,1,,,,,,,,,,,,,,,,,,,,,,,,,,,,,,,,,267447100,1179565,266267535,false,false,3,2022-04-01,2022-06-30,0
2022-08-03,8698,2022-03-31,1,,,,,,,,,,,,,,,,,,,,,,,,,,,,,,,,,,,257639235,false,false,3,2021-04-01,2021-06-30,-1
2022-10-28,8698,2023-03-31,2,,,,,39024000000,-0.205,,,,,,1247000000,,4.67,,,,,,1555373000000,,,,,,,,,,,,,,,,true,false,6,2022-04-01,2022-09-30,0
2022-10-28,8698,2022-03-31,2,,,,,49094000000,0.675,,,,,,12027000000,,46.67,41.87,,,,,,,,,,,,,,,,,,,,,true,false,6,2021-04-01,2021-09-30,-1
2022-10-28,8698,2022-03-31,2,,,,,,,,,,,,,,,,,,,,1607761000000,,,,,,,,,,,,,,,,true,false,12,2021-04-01,2022-03-31,-1
2022-10-28,8698,2022-03-31,2,,,,,,,,,,,,,,,,,,,,,,,,,,,,,15.30,,,,267447100,1179565,,false,false,12,2021-04-01,2022-03-31,-1
2022-10-28,8698,2023-03-31,2,,,,,,,,,,,,,,,,,,,,,,,,,,,,,7.80,,,,,,,false,false,12,2022-04-01,2023-03-31,0
2022-10-28,8698,2023-03-31,2,,,,,,,,,,,,,,,,,,,,,,,,,,,,,,,,,267447100,45865,266759135,false,false,6,2022-04-01,2022-09-30,0
2022-10-28,8698,2022-03-31,2,,,,,,,,,,,,,,,,,,,,,,,,,,,,,,,,,,,257721692,false,false,6,2021-04-01,2021-09-30,-1
2023-01-30,8698,2023-03-31,3,,,,,58672000000,-0.158,,,,,,1934000000,,7.27,,,,,,1441304000000,,,,,,,,,,,,,,,,true,false,9,2022-04-01,2022-12-31,0
2023-01-30,8698,2022-03-31,3,,,,,69691000000,0.474,,,,,,12462000000,,48.19,43.76,,,,,,,,,,,,,,,,,,,,,true,false,9,2021-04-01,2021-12-31,-1
2023-01-30,8698,2022-03-31,3,,,,,,,,,,,,,,,,,,,,1607761000000,,,,,,,,,,,,,,,,true,false,12,2021-04-01,2022-03-31,-1
2023-01-30,8698,2022-03-31,3,,,,,,,,,,,,,,,,,,,,,,,,,,,,,15.30,,,,267447100,1179565,,false,false,12,2021-04-01,2022-03-31,-1
2023-01-30,8698,2023-03-31,3,,,,,,,,,,,,,,,,,,,,,,,,,,,,,7.80,,,,,,,false,false,12,2022-04-01,2023-03-31,0
2023-01-30,8698,2023-03-31,3,,,,,,,,,,,,,,,,,,,,,,,,,,,,,,,,,267447100,6338564,266095875,false,false,9,2022-04-01,2022-12-31,0
2023-01-30,8698,2022-03-31,3,,,,,,,,,,,,,,,,,,,,,,,,,,,,,,,,,,,258599525,false,false,9,2021-04-01,2021-12-31,-1
2023-04-27,8698,2023-03-31,,,,,,79304000000,-0.107,,,,,,3392000000,,12.85,,,,,,1504110000000,,,,,-30977000000,-21873000000,-34156000000,,,1.222,,,,,,true,false,12,2022-04-01,2023-03-31,0
2023-04-27,8698,2022-03-31,,,,,,88783000000,0.140,,,,,,13017000000,,50.00,,,,,,1607761000000,,,,,51701000000,-6026000000,13763000000,,,0.306,,,,,,true,false,12,2021-04-01,2022-03-31,-1
2023-04-27,8698,2023-03-31,,,,,,11782000000,-0.318,8431000000,-0.410,9464000000,-0.476,5998000000,,-0.692,22.72,,,,,,113500000000,95866000000,0.845,373.94,95866000000,,,,,15.70,,,,257947100,1581964,264018289,false,false,12,2022-04-01,2023-03-31,0
2023-04-27,8698,2022-03-31,,,,,,17275000000,1.428,14306000000,2.637,18089000000,1.877,18057000000,,2.221,69.35,,,,,,118608000000,98001000000,0.826,368.06,98001000000,,,,,15.30,,,,267447100,1179565,260369065,false,false,12,2021-04-01,2022-03-31,-1
2023-07-28,8698,2024-03-31,1,,,,,22129000000,0.161,,,,,,2414000000,,9.42,,,,,,1562424000000,,,,,,,,,,,,,,,,true,false,3,2023-04-01,2023-06-30,0
2023-07-28,8698,2023-03-31,1,,,,,19059000000,-0.296,,,,,,952000000,,3.58,,,,,,,,,,,,,,,,,,,,,,true,false,3,2022-04-01,2022-06-30,-1
2023-07-28,8698,2023-03-31,1,,,,,,,,,,,,,,,,,,,,1504110000000,,,,,,,,,,,,,,,,true,false,12,2022-04-01,2023-03-31,-1
2023-07-28,8698,2023-03-31,1,,,,,,,,,,,,,,,,,,,,,,,,,,,,,15.70,,,,257947100,1581964,,false,false,12,2022-04-01,2023-03-31,-1
2023-07-28,8698,2024-03-31,1,,,,,,,,,,,,,,,,,,,,,,,,,,,,,,,,,257947100,1585864,256364161,false,false,3,2023-04-01,2023-06-30,0
2023-07-28,8698,2023-03-31,1,,,,,,,,,,,,,,,,,,,,,,,,,,,,,,,,,,,266267535,false,false,3,2022-04-01,2022-06-30,-1
2023-10-27,8698,2024-03-31,2,,,,,44886000000,0.150,,,,,,4257000000,,16.57,,,,,,1574344000000,,,,,,,,,,,,,,,,true,false,6,2023-04-01,2023-09-30,0
2023-10-27,8698,2023-03-31,2,,,,,39024000000,-0.205,,,,,,1247000000,,4.67,,,,,,,,,,,,,,,,,,,,,,true,false,6,2022-04-01,2022-09-30,-1
2023-10-27,8698,2023-03-31,2,,,,,,,,,,,,,,,,,,,,1504110000000,,,,,,,,,,,,,,,,true,false,12,2022-04-01,2023-03-31,-1
2023-10-27,8698,2023-03-31,2,,,,,,,,,,,,,,,,,,,,,,,,,,,,,15.70,,,,257947100,1581964,,false,false,12,2022-04-01,2023-03-31,-1
2023-10-27,8698,2024-03-31,2,,,,,,,,,,,,,,,,,,,,,,,,,,,,,8.00,,,,,,,false,false,12,2023-04-01,2024-03-31,0
2023-10-27,8698,2024-03-31,2,,,,,,,,,,,,,,,,,,,,,,,,,,,,,,,,,257947100,383464,256878222,false,false,6,2023-04-01,2023-09-30,0
2023-10-27,8698,2023-03-31,2,,,,,,,,,,,,,,,,,,,,,,,,,,,,,,,,,,,266759135,false,false,6,2022-04-01,2022-09-30,-1
2024-01-31,8698,2024-03-31,3,,,,,46856000000,0.135,,,,,,6542000000,,25.45,,,,,,1571269000000,,,,,,,,,,,,,,,,true,false,9,2023-04-01,2023-12-31,0
2024-01-31,8698,2023-03-31,3,,,,,41287000000,,,,,,,1934000000,,7.27,,,,,,,,,,,,,,,,,,,,,,true,false,9,2022-04-01,2022-12-31,-1
2024-01-31,8698,2023-03-31,3,,,,,,,,,,,,,,,,,,,,1504110000000,,,,,,,,,,,,,,,,true,false,12,2022-04-01,2023-03-31,-1
2024-01-31,8698,2023-03-31,3,,,,,,,,,,,,,,,,,,,,,,,,,,,,,15.70,,,,257947100,1581964,,false,false,12,2022-04-01,2023-03-31,-1
2024-01-31,8698,2024-03-31,3,,,,,,,,,,,,,,,,,,,,,,,,,,,,,8.00,,,,,,,false,false,12,2023-04-01,2024-03-31,0
2024-01-31,8698,2024-03-31,3,,,,,,,,,,,,,,,,,,,,,,,,,,,,,,,,,257947100,383479,257083845,false,false,9,2023-04-01,2023-12-31,0
2024-01-31,8698,2023-03-31,3,,,,,,,,,,,,,,,,,,,,,,,,,,,,,,,,,,,266095875,false,false,9,2022-04-01,2022-12-31,-1
2024-04-25,8698,2024-03-31,,,,,,66796000000,0.196,,,,,,31293000000,,121.67,,,,,,761642000000,,,,,8055000000,-86353000000,-5106000000,,,0.189,,,,,,true,false,12,2023-04-01,2024-03-31,0
2024-04-25,8698,2023-03-31,,,,,,55841000000,,,,,,,3392000000,,12.85,,,,,,1504110000000,,,,,-30977000000,-21873000000,-34156000000,,,1.222,,,,,,true,false,12,2022-04-01,2023-03-31,-1
2024-04-25,8698,2024-03-31,,,,,,7180000000,-0.391,2330000000,-0.724,2303000000,-0.757,16572000000,,1.763,64.44,,,,,,117655000000,109768000000,0.933,426.18,109768000000,,,,,23.00,,,,257947100,383504,257194558,false,false,12,2023-04-01,2024-03-31,0
2024-04-25,8698,2023-03-31,,,,,,11782000000,-0.318,8431000000,-0.410,9464000000,-0.476,5998000000,,-0.692,22.72,,,,,,113500000000,95866000000,0.845,373.94,95866000000,,,,,15.70,,,,257947100,1581964,264018289,false,false,12,2022-04-01,2023-03-31,-1
2024-07-26,8698,2025-03-31,1,,,,,19244000000,,,,,,,2472000000,,9.60,,,,,,785222000000,,,,,,,,,,,,,,,,true,false,3,2024-04-01,2024-06-30,0
2024-07-26,8698,2024-03-31,1,,,,,15836000000,,,,,,,2414000000,,9.42,,,,,,,,,,,,,,,,,,,,,,true,false,3,2023-04-01,2023-06-30,-1
2024-07-26,8698,2024-03-31,1,,,,,,,,,,,,,,,,,,,,761642000000,,,,,,,,,,,,,,,,true,false,12,2023-04-01,2024-03-31,-1
2024-07-26,8698,2024-03-31,1,,,,,,,,,,,,,,,,,,,,,,,,,,,,,23.00,,,,257947100,383504,,false,false,12,2023-04-01,2024-03-31,-1
2024-07-26,8698,2025-03-31,1,,,,,,,,,,,,,,,,,,,,,,,,,,,,,,,,,257947100,383504,257563596,false,false,3,2024-04-01,2024-06-30,0
2024-07-26,8698,2024-03-31,1,,,,,,,,,,,,,,,,,,,,,,,,,,,,,,,,,,,256364161,false,false,3,2023-04-01,2023-06-30,-1
2024-10-28,8698,2025-03-31,2,,,,,35813000000,,,,,,,4051000000,,15.74,15.72,,,,,700697000000,,,,,,,,,,,,,,,,true,false,6,2024-04-01,2024-09-30,0
2024-10-28,8698,2024-03-31,2,,,,,31012000000,,,,,,,4257000000,,16.57,,,,,,,,,,,,,,,,,,,,,,true,false,6,2023-04-01,2023-09-30,-1
2024-10-28,8698,2024-03-31,2,,,,,,,,,,,,,,,,,,,,761642000000,,,,,,,,,,,,,,,,true,false,12,2023-04-01,2024-03-31,-1
2024-10-28,8698,2024-03-31,2,,,,,,,,,,,,,,,,,,,,,,,,,,,,,23.00,,,,257947100,383504,,false,false,12,2023-04-01,2024-03-31,-1
2024-10-28,8698,2025-03-31,2,,,,,,,,,,,,,,,,,,,,,,,,,,,,,15.10,,,,,,,false,false,12,2024-04-01,2025-03-31,0
2024-10-28,8698,2025-03-31,2,,,,,,,,,,,,,,,,,,,,,,,,,,,,,40.20,,,,,,,false,true,12,2024-04-01,2025-03-31,0
2024-10-28,8698,2025-03-31,2,,,,,,,,,,,,,,,,,,,,,,,,,,,,,,,,,257947100,1359404,257432225,false,false,6,2024-04-01,2024-09-30,0
2024-10-28,8698,2024-03-31,2,,,,,,,,,,,,,,,,,,,,,,,,,,,,,,,,,,,256878222,false,false,6,2023-04-01,2023-09-30,-1
2025-02-12,8698,2025-03-31,3,,,,,55545000000,,,,,,,-5835000000,,-22.72,-22.76,,,,,772099000000,,,,,,,,,,,,,,,,true,false,9,2024-04-01,2024-12-31,0
2025-02-12,8698,2024-03-31,3,,,,,46088000000,,,,,,,6542000000,,25.45,,,,,,,,,,,,,,,,,,,,,,true,false,9,2023-04-01,2023-12-31,-1
2025-02-12,8698,2024-03-31,3,,,,,,,,,,,,,,,,,,,,761642000000,,,,,,,,,,,,,,,,true,false,12,2023-04-01,2024-03-31,-1
2025-02-12,8698,2024-03-31,3,,,,,,,,,,,,,,,,,,,,,,,,,,,,,23.00,,,,257947100,383504,,false,false,12,2023-04-01,2024-03-31,-1
2025-02-12,8698,2025-03-31,3,,,,,,,,,,,,,,,,,,,,,,,,,,,,,15.10,,,,,,,false,false,12,2024-04-01,2025-03-31,0
2025-02-12,8698,2025-03-31,3,,,,,,,,,,,,,,,,,,,,,,,,,,,,,40.20,,,,,,,false,true,12,2024-04-01,2025-03-31,0
2025-02-12,8698,2025-03-31,3,,,,,,,,,,,,,,,,,,,,,,,,,,,,,,,,,257947100,3162504,256758026,false,false,9,2024-04-01,2024-12-31,0
2025-02-12,8698,2024-03-31,3,,,,,,,,,,,,,,,,,,,,,,,,,,,,,,,,,,,257083845,false,false,9,2023-04-01,2023-12-31,-1
2025-05-09,8698,2025-03-31,,,,,,73814000000,0.123,,,,,,-5067000000,,-19.79,-19.84,,,,,709641000000,,,,,13300000000,-32178000000,-25191000000,,,,,,,,,true,false,12,2024-04-01,2025-03-31,0
2025-05-09,8698,2024-03-31,,,,,,65726000000,,,,,,,31293000000,,121.67,,,,,,761642000000,,,,,8055000000,-86353000000,-5106000000,,,0.189,,,,,,true,false,12,2023-04-01,2024-03-31,-1
2025-05-09,8698,2025-03-31,,,,,,5189000000,-0.277,983000000,-0.578,672000000,-0.707,769000000,,-0.953,3.00,,,,,,112965000000,98517000000,0.872,389.87,98517000000,,,,,40.30,,,10.00,253647100,953104,256013196,false,false,12,2024-04-01,2025-03-31,0
2025-05-09,8698,2024-03-31,,,,,,7180000000,-0.391,2330000000,-0.724,2303000000,-0.757,16572000000,,1.763,64.44,,,,,,117655000000,109768000000,0.933,426.18,109768000000,,,,,23.00,,,,257947100,383504,257194558,false,false,12,2023-04-01,2024-03-31,-1
2025-05-09,8698,2026-03-31,,,,,,,,,,,,,,,,,,,,,,,,,,,,,,30.40,,,,,,,false,true,12,2025-04-01,2026-03-31,1
2025-08-07,8698,2026-03-31,1,,,,,18684000000,-0.012,,,,,,1856000000,,7.38,,,,,,718738000000,,,,,,,,,,,,,,,,true,false,3,2025-04-01,2025-06-30,0
2025-08-07,8698,2025-03-31,1,,,,,18907000000,,,,,,,2472000000,,9.60,,,,,,,,,,,,,,,,,,,,,,true,false,3,2024-04-01,2024-06-30,-1
2025-08-07,8698,2025-03-31,1,,,,,,,,,,,,,,,,,,,,709641000000,,,,,,,,,,,,,,,,true,false,12,2024-04-01,2025-03-31,-1
2025-08-07,8698,2025-03-31,1,,,,,,,,,,,,,,,,,,,,,,,,,,,,,40.30,,,,253647100,953104,,false,false,12,2024-04-01,2025-03-31,-1
2025-08-07,8698,2026-03-31,1,,,,,,,,,,,,,,,,,,,,,,,,,,,,,30.40,,,,,,,false,true,12,2025-04-01,2026-03-31,0
2025-08-07,8698,2026-03-31,1,,,,,,,,,,,,,,,,,,,,,,,,,,,,,,,,,253647100,2494914,251557116,false,false,3,2025-04-01,2025-06-30,0
2025-08-07,8698,2025-03-31,1,,,,,,,,,,,,,,,,,,,,,,,,,,,,,,,,,,,257563596,false,false,3,2024-04-01,2024-06-30,-1
