filing_date,code,fiscal_year_end,quarterly_period,net_sales,net_sales_change,revenue,revenue_change,operating_revenue,operating_revenue_change,operating_profit,operating_profit_change,ordinary_profit,ordinary_profit_change,net_income,net_income_of_parent,net_income_change,eps,diluted_eps,roe,roa,operating_profit_to_net_sales,operating_profit_to_revenue,total_assets,net_assets,equity_ratio,bps,owner_equity,operating_cash_flow,investing_cash_flow,financing_cash_flow,cash,dividend_per_share,payout_ratio,commemorative_dividend,extra_dividend,number_of_shares,number_of_treqsury_shares,avg_number_of_shares,is_consolidated,is_forecast,duration,period_start,period_end,period_pos
2015-07-30,86990,2016-03-31,1,,,,,13234000000,0.408,2678000000,0.821,2819000000,0.811,,1987000000,,49.64,49.64,,,,,367958000000,56428000000,0.119,,43663000000,,,,,,,,,,,,true,false,3,2015-04-01,2015-06-30,0
2015-07-30,86990,2015-03-31,1,,,,,9401000000,-0.018,1471000000,-0.197,1557000000,-0.325,,954000000,,23.84,23.84,,,,,,,,,,,,,,,,,,,,,true,false,3,2014-04-01,2014-06-30,-1
2015-07-30,86990,2015-03-31,1,,,,,,,,,,,,,,,,,,,,394595000000,55467000000,0.109,,43086000000,,,,,,,,,,,,true,false,12,2014-04-01,2015-03-31,-1
2015-07-30,86990,2015-03-31,1,,,,,,,,,,,,,,,,,,,,,,,,,,,,,8.00,,,,40953500,906495,,false,false,12,2014-04-01,2015-03-31,-1
2015-07-30,86990,2016-03-31,1,,,,,,,,,,,,,,,,,,,,,,,,,,,,,,,,,40953500,968895,40037832,false,false,3,2015-04-01,2015-06-30,0
2015-07-30,86990,2015-03-31,1,,,,,,,,,,,,,,,,,,,,,,,,,,,,,,,,,,,40047115,false,false,3,2014-04-01,2014-06-30,-1
2015-10-29,86990,2016-03-31,2,,,,,28393000000,0.342,5520000000,0.560,5609000000,0.557,,3635000000,,90.98,,,,,,378797000000,58878000000,0.118,,44672000000,,,,,,,,,,,,true,false,6,2015-04-01,2015-09-30,0
2015-10-29,86990,2015-03-31,2,,,,,21165000000,0.004,3537000000,-0.168,3602000000,-0.250,,2400000000,,59.94,59.94,,,,,,,,,,,,,,,,,,,,,true,false,6,2014-04-01,2014-09-30,-1
2015-10-29,86990,2015-03-31,2,,,,,,,,,,,,,,,,,,,,394595000000,55467000000,0.109,,43086000000,,,,,,,,,,,,true,false,12,2014-04-01,2015-03-31,-1
2015-10-29,86990,2015-03-31,2,,,,,,,,,,,,,,,,,,,,,,,,,,,,,8.00,,,,40953500,906495,,false,false,12,2014-04-01,2015-03-31,-1
2015-10-29,86990,2016-03-31,2,,,,,,,,,,,,,,,,,,,,,,,,,,,,,0.00,,,,,,,false,false,12,2015-04-01,2016-03-31,0
2015-10-29,86990,2016-03-31,2,,,,,,,,,,,,,,,,,,,,,,,,,,,,,,,,,40953500,1248775,39958113,false,false,6,2015-04-01,2015-09-30,0
2015-10-29,86990,2015-03-31,2,,,,,,,,,,,,,,,,,,,,,,,,,,,,,,,,,,,40047095,false,false,6,2014-04-01,2014-09-30,-1
2016-01-28,86990,2016-03-31,3,,,,,42720000000,0.299,8259000000,0.266,8382000000,0.261,,5608000000,,140.74,,,,,,369360000000,60362000000,0.124,,45681000000,,,,,,,,,,,,true,false,9,2015-04-01,2015-12-31,0
2016-01-28,86990,2015-03-31,3,,,,,32890000000,0.009,6523000000,-0.017,6648000000,-0.093,,4756000000,,118.77,118.77,,,,,,,,,,,,,,,,,,,,,true,false,9,2014-04-01,2014-12-31,-1
2016-01-28,86990,2015-03-31,3,,,,,,,,,,,,,,,,,,,,394595000000,55467000000,0.109,,43086000000,,,,,,,,,,,,true,false,12,2014-04-01,2015-03-31,-1
2016-01-28,86990,2015-03-31,3,,,,,,,,,,,,,,,,,,,,,,,,,,,,,8.00,,,,40953500,906495,,false,false,12,2014-04-01,2015-03-31,-1
2016-01-28,86990,2016-03-31,3,,,,,,,,,,,,,,,,,,,,,,,,,,,,,0.00,,,,,,,false,false,12,2015-04-01,2016-03-31,0
2016-01-28,86990,2016-03-31,3,,,,,,,,,,,,,,,,,,,,,,,,,,,,,,,,,40953500,1332007,39850231,false,false,9,2015-04-01,2015-12-31,0
2016-01-28,86990,2015-03-31,3,,,,,,,,,,,,,,,,,,,,,,,,,,,,,,,,,,,40047081,false,false,9,2014-04-01,2014-12-31,-1
2016-04-27,86990,2016-03-31,,,,,,55270000000,0.219,9967000000,0.059,9957000000,0.005,,6701000000,,168.41,,0.150,0.013,,,372446000000,61876000000,0.125,1170.49,46376000000,-16736000000,-15041000000,4227000000,46914000000,,0.059,,,,,,true,false,12,2015-04-01,2016-03-31,0
2016-04-27,86990,2015-03-31,,,,,,45329000000,0.040,9414000000,0.054,9907000000,0.064,,6527000000,,162.99,162.99,0.164,0.026,,,394595000000,55467000000,0.109,1075.89,43086000000,-9311000000,-8988000000,4147000000,77364000000,,0.049,,,,,,true,false,12,2014-04-01,2015-03-31,-1
2016-04-27,86990,2016-03-31,,,,,,491000000,-0.056,238000000,-0.201,316000000,-0.225,2879000000,,0.793,72.08,,,,,,26412000000,23924000000,0.906,603.49,23924000000,,,,,10.00,,,,40953500,1332082,39793345,false,false,12,2015-04-01,2016-03-31,0
2016-04-27,86990,2015-03-31,,,,,,520000000,1.930,298000000,,408000000,1.582,1606000000,,,39.88,,,,,,25775000000,22681000000,0.880,563.12,22681000000,,,,,8.00,,,,40953500,906495,40047066,false,false,12,2014-04-01,2015-03-31,-1
2016-07-28,86990,2017-03-31,1,,,,,12519000000,-0.054,416000000,-0.845,439000000,-0.844,,1253000000,,31.65,,,,,,340466000000,59366000000,0.134,,45664000000,,,,,,,,,,,,true,false,3,2016-04-01,2016-06-30,0
2016-07-28,86990,2016-03-31,1,,,,,13234000000,0.408,2678000000,0.821,2819000000,0.811,,1987000000,,49.64,,,,,,,,,,,,,,,,,,,,,,true,false,3,2015-04-01,2015-06-30,-1
2016-07-28,86990,2016-03-31,1,,,,,,,,,,,,,,,,,,,,372446000000,61876000000,0.125,,46376000000,,,,,,,,,,,,true,false,12,2015-04-01,2016-03-31,-1
2016-07-28,86990,2016-03-31,1,,,,,,,,,,,,,,,,,,,,,,,,,,,,,10.00,,,,40953500,1332082,,false,false,12,2015-04-01,2016-03-31,-1
2016-07-28,86990,2017-03-31,1,,,,,,,,,,,,,,,,,,,,,,,,,,,,,,,,,40953500,1332082,39621418,false,false,3,2016-04-01,2016-06-30,0
2016-07-28,86990,2016-03-31,1,,,,,,,,,,,,,,,,,,,,,,,,,,,,,,,,,,,40037832,false,false,3,2015-04-01,2015-06-30,-1
2016-07-28,86990,2017-03-31,1,,,,,12519000000,-0.054,416000000,-0.845,439000000,-0.844,,1253000000,,31.65,,,,,,340308000000,59257000000,0.134,,45554000000,,,,,,,,,,,,true,false,3,2016-04-01,2016-06-30,0
2016-07-28,86990,2016-03-31,1,,,,,13234000000,0.408,2678000000,0.821,2819000000,0.811,,1987000000,,49.64,,,,,,,,,,,,,,,,,,,,,,true,false,3,2015-04-01,2015-06-30,-1
2016-07-28,86990,2016-03-31,1,,,,,,,,,,,,,,,,,,,,372446000000,61876000000,0.125,,46376000000,,,,,,,,,,,,true,false,12,2015-04-01,2016-03-31,-1
2016-07-28,86990,2016-03-31,1,,,,,,,,,,,,,,,,,,,,,,,,,,,,,10.00,,,,40953500,1332082,,false,false,12,2015-04-01,2016-03-31,-1
2016-07-28,86990,2017-03-31,1,,,,,,,,,,,,,,,,,,,,,,,,,,,,,,,,,40953500,1332082,39621418,false,false,3,2016-04-01,2016-06-30,0
2016-07-28,86990,2016-03-31,1,,,,,,,,,,,,,,,,,,,,,,,,,,,,,,,,,,,40037832,false,false,3,2015-04-01,2015-06-30,-1
2016-10-27,86990,2017-03-31,2,,,,,23891000000,-0.159,2550000000,-0.538,2517000000,-0.551,,2360000000,,59.58,,,,,,347581000000,59975000000,0.132,,46011000000,,,,,,,,,,,,true,false,6,2016-04-01,2016-09-30,0
2016-10-27,86990,2016-03-31,2,,,,,28393000000,0.342,5520000000,0.560,5609000000,0.557,,3635000000,,90.98,,,,,,,,,,,,,,,,,,,,,,true,false,6,2015-04-01,2015-09-30,-1
2016-10-27,86990,2016-03-31,2,,,,,,,,,,,,,,,,,,,,372446000000,61876000000,0.125,,46376000000,,,,,,,,,,,,true,false,12,2015-04-01,2016-03-31,-1
2016-10-27,86990,2016-03-31,2,,,,,,,,,,,,,,,,,,,,,,,,,,,,,10.00,,,,40953500,1332082,,false,false,12,2015-04-01,2016-03-31,-1
2016-10-27,86990,2017-03-31,2,,,,,,,,,,,,,,,,,,,,,,,,,,,,,0.00,,,,,,,false,false,12,2016-04-01,2017-03-31,0
2016-10-27,86990,2017-03-31,2,,,,,,,,,,,,,,,,,,,,,,,,,,,,,,,,,40953500,1332170,39621386,false,false,6,2016-04-01,2016-09-30,0
2016-10-27,86990,2016-03-31,2,,,,,,,,,,,,,,,,,,,,,,,,,,,,,,,,,,,39958113,false,false,6,2015-04-01,2015-09-30,-1
2017-01-30,86990,2017-03-31,3,,,,,34742000000,-0.187,4027000000,-0.512,4665000000,-0.443,,4113000000,,103.81,,,,,,334418000000,58617000000,0.137,,45833000000,,,,,,,,,,,,true,false,9,2016-04-01,2016-12-31,0
2017-01-30,86990,2016-03-31,3,,,,,42720000000,0.299,8259000000,0.266,8382000000,0.261,,5608000000,,140.74,,,,,,,,,,,,,,,,,,,,,,true,false,9,2015-04-01,2015-12-31,-1
2017-01-30,86990,2016-03-31,3,,,,,,,,,,,,,,,,,,,,372446000000,61876000000,0.125,,46376000000,,,,,,,,,,,,true,false,12,2015-04-01,2016-03-31,-1
2017-01-30,86990,2016-03-31,3,,,,,,,,,,,,,,,,,,,,,,,,,,,,,10.00,,,,40953500,1332082,,false,false,12,2015-04-01,2016-03-31,-1
2017-01-30,86990,2017-03-31,3,,,,,,,,,,,,,,,,,,,,,,,,,,,,,0.00,,,,,,,false,false,12,2016-04-01,2017-03-31,0
2017-01-30,86990,2017-03-31,3,,,,,,,,,,,,,,,,,,,,,,,,,,,,,,,,,40953500,1332230,39621350,false,false,9,2016-04-01,2016-12-31,0
2017-01-30,86990,2016-03-31,3,,,,,,,,,,,,,,,,,,,,,,,,,,,,,,,,,,,39850231,false,false,9,2015-04-01,2015-12-31,-1
2017-04-27,86990,2017-03-31,,,,,,46374000000,-0.161,5764000000,-0.422,6843000000,-0.313,,5591000000,,141.13,,0.118,0.019,,,365254000000,62178000000,0.132,1212.11,48034000000,22979000000,-483000000,1170000000,60057000000,,0.071,,,,,,true,false,12,2016-04-01,2017-03-31,0
2017-04-27,86990,2016-03-31,,,,,,55270000000,0.219,9967000000,0.059,9957000000,0.005,,6701000000,,168.41,,0.150,0.013,,,372446000000,61876000000,0.125,1170.49,46376000000,-16736000000,-15041000000,4227000000,46914000000,,0.059,,,,,,true,false,12,2015-04-01,2016-03-31,-1
2017-04-27,86990,2017-03-31,,,,,,597000000,0.216,286000000,0.202,789000000,1.496,1486000000,,-0.484,37.49,,,,,,28277000000,25668000000,0.908,647.47,25668000000,,,,,10.00,,,,40953500,1324787,39622352,false,false,12,2016-04-01,2017-03-31,0
2017-04-27,86990,2016-03-31,,,,,,491000000,-0.056,238000000,-0.201,316000000,-0.225,2879000000,,0.793,72.08,,,,,,26412000000,23924000000,0.906,603.49,23924000000,,,,,10.00,,,,40953500,1332082,39793345,false,false,12,2015-04-01,2016-03-31,-1
2017-07-27,86990,2018-03-31,1,,,,,12382000000,-0.011,1560000000,2.746,1540000000,2.505,,1035000000,,26.13,,,,,,363691000000,64176000000,0.134,,48594000000,,,,,,,,,,,,true,false,3,2017-04-01,2017-06-30,0
2017-07-27,86990,2017-03-31,1,,,,,12519000000,-0.054,416000000,-0.845,439000000,-0.844,,1253000000,,31.65,,,,,,,,,,,,,,,,,,,,,,true,false,3,2016-04-01,2016-06-30,-1
2017-07-27,86990,2017-03-31,1,,,,,,,,,,,,,,,,,,,,365254000000,62178000000,0.132,,48034000000,,,,,,,,,,,,true,false,12,2016-04-01,2017-03-31,-1
2017-07-27,86990,2017-03-31,1,,,,,,,,,,,,,,,,,,,,,,,,,,,,,10.00,,,,40953500,1324787,,false,false,12,2016-04-01,2017-03-31,-1
2017-07-27,86990,2018-03-31,1,,,,,,,,,,,,,,,,,,,,,,,,,,,,,,,,,40953500,1309000,39635769,false,false,3,2017-04-01,2017-06-30,0
2017-07-27,86990,2017-03-31,1,,,,,,,,,,,,,,,,,,,,,,,,,,,,,,,,,,,39621418,false,false,3,2016-04-01,2016-06-30,-1
2017-10-30,86990,2018-03-31,2,,,,,24809000000,0.038,3250000000,0.275,3368000000,0.338,,2221000000,,56.05,,,,,,385297000000,66997000000,0.131,,50275000000,,,,,,,,,,,,true,false,6,2017-04-01,2017-09-30,0
2017-10-30,86990,2017-03-31,2,,,,,23891000000,-0.159,2550000000,-0.538,2517000000,-0.551,,2360000000,,59.58,,,,,,,,,,,,,,,,,,,,,,true,false,6,2016-04-01,2016-09-30,-1
2017-10-30,86990,2017-03-31,2,,,,,,,,,,,,,,,,,,,,365254000000,62178000000,0.132,,48034000000,,,,,,,,,,,,true,false,12,2016-04-01,2017-03-31,-1
2017-10-30,86990,2017-03-31,2,,,,,,,,,,,,,,,,,,,,,,,,,,,,,10.00,,,,40953500,1324787,,false,false,12,2016-04-01,2017-03-31,-1
2017-10-30,86990,2018-03-31,2,,,,,,,,,,,,,,,,,,,,,,,,,,,,,0.00,,,,,,,false,false,12,2017-04-01,2018-03-31,0
2017-10-30,86990,2018-03-31,2,,,,,,,,,,,,,,,,,,,,,,,,,,,,,,,,,40953500,1309000,39640158,false,false,6,2017-04-01,2017-09-30,0
2017-10-30,86990,2017-03-31,2,,,,,,,,,,,,,,,,,,,,,,,,,,,,,,,,,,,39621386,false,false,6,2016-04-01,2016-09-30,-1
2018-01-30,86990,2018-03-31,3,,,,,37927000000,0.092,4995000000,0.240,5188000000,0.112,,3475000000,,87.66,,,,,,393852000000,67364000000,0.129,,50732000000,,,,,,,,,,,,true,false,9,2017-04-01,2017-12-31,0
2018-01-30,86990,2017-03-31,3,,,,,34742000000,-0.187,4027000000,-0.512,4665000000,-0.443,,4113000000,,103.81,,,,,,,,,,,,,,,,,,,,,,true,false,9,2016-04-01,2016-12-31,-1
2018-01-30,86990,2017-03-31,3,,,,,,,,,,,,,,,,,,,,365254000000,62178000000,0.132,,48034000000,,,,,,,,,,,,true,false,12,2016-04-01,2017-03-31,-1
2018-01-30,86990,2017-03-31,3,,,,,,,,,,,,,,,,,,,,,,,,,,,,,10.00,,,,40953500,1324787,,false,false,12,2016-04-01,2017-03-31,-1
2018-01-30,86990,2018-03-31,3,,,,,,,,,,,,,,,,,,,,,,,,,,,,,0.00,,,,,,,false,false,12,2017-04-01,2018-03-31,0
2018-01-30,86990,2018-03-31,3,,,,,,,,,,,,,,,,,,,,,,,,,,,,,,,,,40953500,1309039,39641604,false,false,9,2017-04-01,2017-12-31,0
2018-01-30,86990,2017-03-31,3,,,,,,,,,,,,,,,,,,,,,,,,,,,,,,,,,,,39621350,false,false,9,2016-04-01,2016-12-31,-1
2018-04-27,86990,2018-03-31,,,,,,52080000000,0.123,7192000000,0.248,7141000000,0.044,,4219000000,,106.44,,0.084,0.019,,,406090000000,69545000000,0.128,1308.89,51890000000,37735000000,-10505000000,-8582000000,77954000000,,0.094,,,,,,true,false,12,2017-04-01,2018-03-31,0
2018-04-27,86990,2017-03-31,,,,,,46374000000,-0.161,5764000000,-0.422,6843000000,-0.313,,5591000000,,141.13,,0.118,0.019,,,365254000000,62178000000,0.132,1212.11,48034000000,22979000000,-483000000,1170000000,60057000000,,0.071,,,,,,true,false,12,2016-04-01,2017-03-31,-1
2018-04-27,86990,2018-03-31,,,,,,533000000,-0.108,267000000,-0.066,357000000,-0.547,691000000,,-0.535,17.44,,,,,,27377000000,25924000000,0.947,653.93,25924000000,,,,,10.00,,,,40953500,1309039,39642308,false,false,12,2017-04-01,2018-03-31,0
2018-04-27,86990,2017-03-31,,,,,,597000000,0.216,286000000,0.202,789000000,1.496,1486000000,,-0.484,37.49,,,,,,28277000000,25668000000,0.908,647.47,25668000000,,,,,10.00,,,,40953500,1324787,39622352,false,false,12,2016-04-01,2017-03-31,-1
2018-07-27,86990,2019-03-31,1,,,,,13063000000,0.055,2263000000,0.451,2570000000,0.668,,1310000000,,33.05,,,,,,403087000000,68960000000,0.128,,51547000000,,,,,,,,,,,,true,false,3,2018-04-01,2018-06-30,0
2018-07-27,86990,2018-03-31,1,,,,,12382000000,-0.011,1560000000,2.746,1540000000,2.505,,1035000000,,26.13,,,,,,,,,,,,,,,,,,,,,,true,false,3,2017-04-01,2017-06-30,-1
2018-07-27,86990,2018-03-31,1,,,,,,,,,,,,,,,,,,,,405974000000,69545000000,0.128,,51890000000,,,,,,,,,,,,true,false,12,2017-04-01,2018-03-31,-1
2018-07-27,86990,2018-03-31,1,,,,,,,,,,,,,,,,,,,,,,,,,,,,,10.00,,,,40953500,1309039,,false,false,12,2017-04-01,2018-03-31,-1
2018-07-27,86990,2019-03-31,1,,,,,,,,,,,,,,,,,,,,,,,,,,,,,,,,,40953500,1309039,39644461,false,false,3,2018-04-01,2018-06-30,0
2018-07-27,86990,2018-03-31,1,,,,,,,,,,,,,,,,,,,,,,,,,,,,,,,,,,,39635769,false,false,3,2017-04-01,2017-06-30,-1
2018-10-31,86990,2019-03-31,2,,,,,26995000000,0.088,4858000000,0.495,5629000000,0.671,,3134000000,,79.06,,,,,,431509000000,71302000000,0.123,,53032000000,,,,,,,,,,,,true,false,6,2018-04-01,2018-09-30,0
2018-10-31,86990,2018-03-31,2,,,,,24809000000,0.038,3250000000,0.275,3368000000,0.338,,2221000000,,56.05,,,,,,,,,,,,,,,,,,,,,,true,false,6,2017-04-01,2017-09-30,-1
2018-10-31,86990,2018-03-31,2,,,,,,,,,,,,,,,,,,,,405974000000,69545000000,0.128,,51890000000,,,,,,,,,,,,true,false,12,2017-04-01,2018-03-31,-1
2018-10-31,86990,2018-03-31,2,,,,,,,,,,,,,,,,,,,,,,,,,,,,,10.00,,,,40953500,1309039,,false,false,12,2017-04-01,2018-03-31,-1
2018-10-31,86990,2019-03-31,2,,,,,,,,,,,,,,,,,,,,,,,,,,,,,0.00,,,,,,,false,false,12,2018-04-01,2019-03-31,0
2018-10-31,86990,2019-03-31,2,,,,,,,,,,,,,,,,,,,,,,,,,,,,,,,,,40953500,1309128,39644423,false,false,6,2018-04-01,2018-09-30,0
2018-10-31,86990,2018-03-31,2,,,,,,,,,,,,,,,,,,,,,,,,,,,,,,,,,,,39640158,false,false,6,2017-04-01,2017-09-30,-1
2019-01-30,86990,2019-03-31,3,,,,,41523000000,0.095,7577000000,0.517,8300000000,0.600,,4584000000,,115.64,,,,,,442018000000,72852000000,0.122,,53828000000,,,,,,,,,,,,true,false,9,2018-04-01,2018-12-31,0
2019-01-30,86990,2018-03-31,3,,,,,37927000000,0.092,4995000000,0.240,5188000000,0.112,,3475000000,,87.66,,,,,,,,,,,,,,,,,,,,,,true,false,9,2017-04-01,2017-12-31,-1
2019-01-30,86990,2018-03-31,3,,,,,,,,,,,,,,,,,,,,405974000000,69545000000,0.128,,51890000000,,,,,,,,,,,,true,false,12,2017-04-01,2018-03-31,-1
2019-01-30,86990,2018-03-31,3,,,,,,,,,,,,,,,,,,,,,,,,,,,,,10.00,,,,40953500,1309039,,false,false,12,2017-04-01,2018-03-31,-1
2019-01-30,86990,2019-03-31,3,,,,,,,,,,,,,,,,,,,,,,,,,,,,,0.00,,,,,,,false,false,12,2018-04-01,2019-03-31,0
2019-01-30,86990,2019-03-31,3,,,,,,,,,,,,,,,,,,,,,,,,,,,,,,,,,40953500,1309129,39644406,false,false,9,2018-04-01,2018-12-31,0
2019-01-30,86990,2018-03-31,3,,,,,,,,,,,,,,,,,,,,,,,,,,,,,,,,,,,39641604,false,false,9,2017-04-01,2017-12-31,-1
2019-04-26,86990,2019-03-31,,,,,,56686000000,0.088,9682000000,0.346,10840000000,0.518,,5959000000,,150.33,,0.112,0.026,,,440428000000,72565000000,0.123,1369.24,54282000000,52412000000,-2800000000,-3511000000,113705000000,,0.080,,,,,,true,false,12,2018-04-01,2019-03-31,0
2019-04-26,86990,2018-03-31,,,,,,52080000000,0.123,7192000000,0.248,7141000000,0.044,,4219000000,,106.44,,0.084,0.019,,,405974000000,69545000000,0.128,1308.89,51890000000,37735000000,-10505000000,-8582000000,77954000000,,0.094,,,,,,true,false,12,2017-04-01,2018-03-31,-1
2019-04-26,86990,2019-03-31,,,,,,795000000,0.492,514000000,0.923,952000000,1.664,673000000,,-0.026,16.98,,,,,,27009000000,26517000000,0.982,668.88,26517000000,,,,,12.00,,,,40953500,1309224,39644394,false,false,12,2018-04-01,2019-03-31,0
2019-04-26,86990,2018-03-31,,,,,,533000000,-0.108,267000000,-0.066,357000000,-0.547,691000000,,-0.535,17.44,,,,,,27377000000,25924000000,0.947,653.93,25924000000,,,,,10.00,,,,40953500,1309039,39642308,false,false,12,2017-04-01,2018-03-31,-1
2019-07-30,86990,2020-03-31,1,,,,,14693000000,0.125,2351000000,0.039,2453000000,-0.046,,1843000000,,46.51,,,,,,448659000000,76002000000,0.125,,56132000000,,,,,,,,,,,,true,false,3,2019-04-01,2019-06-30,0
2019-07-30,86990,2019-03-31,1,,,,,13063000000,0.055,2263000000,0.451,2570000000,0.668,,1310000000,,33.05,,,,,,,,,,,,,,,,,,,,,,true,false,3,2018-04-01,2018-06-30,-1
2019-07-30,86990,2019-03-31,1,,,,,,,,,,,,,,,,,,,,440428000000,72565000000,0.123,,54282000000,,,,,,,,,,,,true,false,12,2018-04-01,2019-03-31,-1
2019-07-30,86990,2019-03-31,1,,,,,,,,,,,,,,,,,,,,,,,,,,,,,12.00,,,,40953500,1309224,,false,false,12,2018-04-01,2019-03-31,-1
2019-07-30,86990,2020-03-31,1,,,,,,,,,,,,,,,,,,,,,,,,,,,,,,,,,40953500,1309224,39644276,false,false,3,2019-04-01,2019-06-30,0
2019-07-30,86990,2019-03-31,1,,,,,,,,,,,,,,,,,,,,,,,,,,,,,,,,,,,39644461,false,false,3,2018-04-01,2018-06-30,-1
2019-10-30,86990,2020-03-31,2,,,,,30149000000,0.117,5095000000,0.049,5449000000,-0.032,,4517000000,,113.95,,,,,,462196000000,76582000000,0.123,,56654000000,,,,,,,,,,,,true,false,6,2019-04-01,2019-09-30,0
2019-10-30,86990,2019-03-31,2,,,,,26995000000,0.088,4858000000,0.495,5629000000,0.671,,3134000000,,79.06,,,,,,,,,,,,,,,,,,,,,,true,false,6,2018-04-01,2018-09-30,-1
2019-10-30,86990,2019-03-31,2,,,,,,,,,,,,,,,,,,,,440428000000,72565000000,0.123,,54282000000,,,,,,,,,,,,true,false,12,2018-04-01,2019-03-31,-1
2019-10-30,86990,2019-03-31,2,,,,,,,,,,,,,,,,,,,,,,,,,,,,,12.00,,,,40953500,1309224,,false,false,12,2018-04-01,2019-03-31,-1
2019-10-30,86990,2020-03-31,2,,,,,,,,,,,,,,,,,,,,,,,,,,,,,0.00,,,,,,,false,false,12,2019-04-01,2020-03-31,0
2019-10-30,86990,2020-03-31,2,,,,,,,,,,,,,,,,,,,,,,,,,,,,,,,,,40953500,1309308,39644238,false,false,6,2019-04-01,2019-09-30,0
2019-10-30,86990,2019-03-31,2,,,,,,,,,,,,,,,,,,,,,,,,,,,,,,,,,,,39644423,false,false,6,2018-04-01,2018-09-30,-1
2020-01-30,86990,2020-03-31,3,,,,,45691000000,0.100,8519000000,0.124,9179000000,0.106,,6149000000,,155.13,,,,,,460421000000,78800000000,0.126,,58048000000,,,,,,,,,,,,true,false,9,2019-04-01,2019-12-31,0
2020-01-30,86990,2019-03-31,3,,,,,41523000000,0.095,7577000000,0.517,8300000000,0.600,,4584000000,,115.64,,,,,,,,,,,,,,,,,,,,,,true,false,9,2018-04-01,2018-12-31,-1
2020-01-30,86990,2019-03-31,3,,,,,,,,,,,,,,,,,,,,440428000000,72565000000,0.123,,54282000000,,,,,,,,,,,,true,false,12,2018-04-01,2019-03-31,-1
2020-01-30,86990,2019-03-31,3,,,,,,,,,,,,,,,,,,,,,,,,,,,,,12.00,,,,40953500,1309224,,false,false,12,2018-04-01,2019-03-31,-1
2020-01-30,86990,2020-03-31,3,,,,,,,,,,,,,,,,,,,,,,,,,,,,,0.00,,,,,,,false,false,12,2019-04-01,2020-03-31,0
2020-01-30,86990,2020-03-31,3,,,,,,,,,,,,,,,,,,,,,,,,,,,,,,,,,40953500,1309308,39644223,false,false,9,2019-04-01,2019-12-31,0
2020-01-30,86990,2019-03-31,3,,,,,,,,,,,,,,,,,,,,,,,,,,,,,,,,,,,39644406,false,false,9,2018-04-01,2018-12-31,-1
2020-04-27,86990,2020-03-31,,,,,,61028000000,0.077,10901000000,0.126,11564000000,0.067,,7205000000,,181.74,,0.127,0.025,,,469659000000,80613000000,0.126,1489.70,59057000000,41444000000,5155000000,-8201000000,145995000000,,0.066,,,,,,true,false,12,2019-04-01,2020-03-31,0
2020-04-27,86990,2019-03-31,,,,,,56686000000,0.088,9682000000,0.346,10840000000,0.518,,5959000000,,150.33,,0.112,0.026,,,440428000000,72565000000,0.123,1369.24,54282000000,52412000000,-2800000000,-3511000000,113705000000,,0.080,,,,,,true,false,12,2018-04-01,2019-03-31,-1
2020-04-27,86990,2020-03-31,,,,,,1060000000,0.333,677000000,0.316,713000000,-0.250,2671000000,,2.968,67.38,,,,,,27581000000,27330000000,0.991,689.39,27330000000,,,,,12.00,,,,40953500,1309308,39644215,false,false,12,2019-04-01,2020-03-31,0
2020-04-27,86990,2019-03-31,,,,,,795000000,0.492,514000000,0.923,952000000,1.664,673000000,,-0.026,16.98,,,,,,27009000000,26517000000,0.982,668.88,26517000000,,,,,12.00,,,,40953500,1309224,39644394,false,false,12,2018-04-01,2019-03-31,-1
2020-07-27,86990,2021-03-31,1,,,,,14214000000,-0.033,580000000,-0.753,906000000,-0.631,,429000000,,10.84,,,,,,458191000000,77119000000,0.124,,57005000000,,,,,,,,,,,,true,false,3,2020-04-01,2020-06-30,0
2020-07-27,86990,2020-03-31,1,,,,,14693000000,0.125,2351000000,0.039,2453000000,-0.046,,1843000000,,46.51,,,,,,,,,,,,,,,,,,,,,,true,false,3,2019-04-01,2019-06-30,-1
2020-07-27,86990,2020-03-31,1,,,,,,,,,,,,,,,,,,,,469659000000,80613000000,0.126,,59057000000,,,,,,,,,,,,true,false,12,2019-04-01,2020-03-31,-1
2020-07-27,86990,2020-03-31,1,,,,,,,,,,,,,,,,,,,,,,,,,,,,,12.00,,,,40953500,1309308,,false,false,12,2019-04-01,2020-03-31,-1
2020-07-27,86990,2021-03-31,1,,,,,,,,,,,,,,,,,,,,,,,,,,,,,,,,,40953500,1309308,39644192,false,false,3,2020-04-01,2020-06-30,0
2020-07-27,86990,2020-03-31,1,,,,,,,,,,,,,,,,,,,,,,,,,,,,,,,,,,,39644215,false,false,3,2019-04-01,2019-06-30,-1
2020-10-27,86990,2021-03-31,2,,,,,28036000000,-0.070,3668000000,-0.280,3833000000,-0.296,,1623000000,,40.95,,,,,,485887000000,80317000000,0.121,,58870000000,,,,,,,,,,,,true,false,6,2020-04-01,2020-09-30,0
2020-10-27,86990,2020-03-31,2,,,,,30149000000,0.117,5095000000,0.049,5449000000,-0.032,,4517000000,,113.95,,,,,,,,,,,,,,,,,,,,,,true,false,6,2019-04-01,2019-09-30,-1
2020-10-27,86990,2020-03-31,2,,,,,,,,,,,,,,,,,,,,469659000000,80613000000,0.126,,59057000000,,,,,,,,,,,,true,false,12,2019-04-01,2020-03-31,-1
2020-10-27,86990,2020-03-31,2,,,,,,,,,,,,,,,,,,,,,,,,,,,,,12.00,,,,40953500,1309308,,false,false,12,2019-04-01,2020-03-31,-1
2020-10-27,86990,2021-03-31,2,,,,,,,,,,,,,,,,,,,,,,,,,,,,,0.00,,,,,,,false,false,12,2020-04-01,2021-03-31,0
2020-10-27,86990,2021-03-31,2,,,,,,,,,,,,,,,,,,,,,,,,,,,,,,,,,40953500,1309348,39644184,false,false,6,2020-04-01,2020-09-30,0
2020-10-27,86990,2020-03-31,2,,,,,,,,,,,,,,,,,,,,,,,,,,,,,,,,,,,39644238,false,false,6,2019-04-01,2019-09-30,-1
2021-01-26,86990,2021-03-31,3,,,,,43198000000,-0.055,6905000000,-0.189,7102000000,-0.226,,2976000000,,75.09,,,,,,479266000000,74539000000,0.121,,57936000000,,,,,,,,,,,,true,false,9,2020-04-01,2020-12-31,0
2021-01-26,86990,2020-03-31,3,,,,,45691000000,0.100,8519000000,0.124,9179000000,0.106,,6149000000,,155.13,,,,,,,,,,,,,,,,,,,,,,true,false,9,2019-04-01,2019-12-31,-1
2021-01-26,86990,2020-03-31,3,,,,,,,,,,,,,,,,,,,,469659000000,80613000000,0.126,,59057000000,,,,,,,,,,,,true,false,12,2019-04-01,2020-03-31,-1
2021-01-26,86990,2020-03-31,3,,,,,,,,,,,,,,,,,,,,,,,,,,,,,12.00,,,,40953500,1309308,,false,false,12,2019-04-01,2020-03-31,-1
2021-01-26,86990,2021-03-31,3,,,,,,,,,,,,,,,,,,,,,,,,,,,,,0.00,,,,,,,false,false,12,2020-04-01,2021-03-31,0
2021-01-26,86990,2021-03-31,3,,,,,,,,,,,,,,,,,,,,,,,,,,,,,,,,,40953500,1309348,39644173,false,false,9,2020-04-01,2020-12-31,0
2021-01-26,86990,2020-03-31,3,,,,,,,,,,,,,,,,,,,,,,,,,,,,,,,,,,,39644223,false,false,9,2019-04-01,2019-12-31,-1
2021-04-28,86990,2021-03-31,,,,,,57755000000,-0.054,8871000000,-0.186,9723000000,-0.159,,-3015000000,,-76.06,,-0.053,0.020,,,499591000000,71343000000,0.109,1376.79,54581000000,77637000000,-8704000000,-14749000000,185412000000,,,,,,,,true,false,12,2020-04-01,2021-03-31,0
2021-04-28,86990,2020-03-31,,,,,,61028000000,0.077,10901000000,0.126,11564000000,0.067,,7205000000,,181.74,,0.127,0.025,,,469659000000,80613000000,0.126,1489.70,59057000000,41444000000,5155000000,-8201000000,145995000000,,0.066,,,,,,true,false,12,2019-04-01,2020-03-31,-1
2021-04-28,86990,2021-03-31,,,,,,999000000,-0.058,687000000,0.014,1173000000,0.644,106000000,,-0.960,2.68,,,,,,27448000000,27305000000,0.995,688.76,27305000000,,,,,12.00,,,,40953500,1309348,39644168,false,false,12,2020-04-01,2021-03-31,0
2021-04-28,86990,2020-03-31,,,,,,1060000000,0.333,677000000,0.316,713000000,-0.250,2671000000,,2.968,67.38,,,,,,27581000000,27330000000,0.991,689.39,27330000000,,,,,12.00,,,,40953500,1309308,39644215,false,false,12,2019-04-01,2020-03-31,-1
2021-07-29,86990,2022-03-31,1,,,,,13407000000,-0.057,3148000000,4.421,3423000000,2.778,,1389000000,,35.06,,,,,,540297000000,75896000000,0.105,,56979000000,,,,,,,,,,,,true,false,3,2021-04-01,2021-06-30,0
2021-07-29,86990,2021-03-31,1,,,,,14214000000,-0.033,580000000,-0.753,906000000,-0.631,,429000000,,10.84,,,,,,,,,,,,,,,,,,,,,,true,false,3,2020-04-01,2020-06-30,-1
2021-07-29,86990,2021-03-31,1,,,,,,,,,,,,,,,,,,,,499591000000,71343000000,0.109,,54581000000,,,,,,,,,,,,true,false,12,2020-04-01,2021-03-31,-1
2021-07-29,86990,2021-03-31,1,,,,,,,,,,,,,,,,,,,,,,,,,,,,,12.00,,,,40953500,1309348,,false,false,12,2020-04-01,2021-03-31,-1
2021-07-29,86990,2022-03-31,1,,,,,,,,,,,,,,,,,,,,,,,,,,,,,,,,,40953500,1309348,39644152,false,false,3,2021-04-01,2021-06-30,0
2021-07-29,86990,2021-03-31,1,,,,,,,,,,,,,,,,,,,,,,,,,,,,,,,,,,,39644192,false,false,3,2020-04-01,2020-06-30,-1
2021-10-28,86990,2022-03-31,2,,,,,28797000000,0.027,7493000000,1.043,8170000000,1.131,,4117000000,,103.87,,,,,,600901000000,76505000000,0.099,,59541000000,,,,,,,,,,,,true,false,6,2021-04-01,2021-09-30,0
2021-10-28,86990,2021-03-31,2,,,,,28036000000,-0.070,3668000000,-0.280,3833000000,-0.296,,1623000000,,40.95,,,,,,,,,,,,,,,,,,,,,,true,false,6,2020-04-01,2020-09-30,-1
2021-10-28,86990,2021-03-31,2,,,,,,,,,,,,,,,,,,,,499591000000,71343000000,0.109,,54581000000,,,,,,,,,,,,true,false,12,2020-04-01,2021-03-31,-1
2021-10-28,86990,2021-03-31,2,,,,,,,,,,,,,,,,,,,,,,,,,,,,,12.00,,,,40953500,1309348,,false,false,12,2020-04-01,2021-03-31,-1
2021-10-28,86990,2022-03-31,2,,,,,,,,,,,,,,,,,,,,,,,,,,,,,0.00,,,,,,,false,false,12,2021-04-01,2022-03-31,0
2021-10-28,86990,2022-03-31,2,,,,,,,,,,,,,,,,,,,,,,,,,,,,,,,,,40953500,1309348,39644152,false,false,6,2021-04-01,2021-09-30,0
2021-10-28,86990,2021-03-31,2,,,,,,,,,,,,,,,,,,,,,,,,,,,,,,,,,,,39644184,false,false,6,2020-04-01,2020-09-30,-1
2022-01-28,86990,2022-03-31,3,,,,,45200000000,0.046,12604000000,0.825,14003000000,0.972,,3914000000,,98.74,,,,,,579426000000,77639000000,0.103,,59414000000,,,,,,,,,,,,true,false,9,2021-04-01,2021-12-31,0
2022-01-28,86990,2021-03-31,3,,,,,43198000000,-0.055,6905000000,-0.189,7102000000,-0.226,,2976000000,,75.09,,,,,,,,,,,,,,,,,,,,,,true,false,9,2020-04-01,2020-12-31,-1
2022-01-28,86990,2021-03-31,3,,,,,,,,,,,,,,,,,,,,499591000000,71343000000,0.109,,54581000000,,,,,,,,,,,,true,false,12,2020-04-01,2021-03-31,-1
2022-01-28,86990,2021-03-31,3,,,,,,,,,,,,,,,,,,,,,,,,,,,,,12.00,,,,40953500,1309348,,false,false,12,2020-04-01,2021-03-31,-1
2022-01-28,86990,2022-03-31,3,,,,,,,,,,,,,,,,,,,,,,,,,,,,,0.00,,,,,,,false,false,12,2021-04-01,2022-03-31,0
2022-01-28,86990,2022-03-31,3,,,,,,,,,,,,,,,,,,,,,,,,,,,,,,,,,40953500,1309447,39644135,false,false,9,2021-04-01,2021-12-31,0
2022-01-28,86990,2021-03-31,3,,,,,,,,,,,,,,,,,,,,,,,,,,,,,,,,,,,39644173,false,false,9,2020-04-01,2020-12-31,-1
2022-04-28,86990,2022-03-31,,,,,,61566000000,0.066,15993000000,0.803,17813000000,0.832,,6545000000,,169.53,,0.122,0.033,,,577449000000,74427000000,0.091,1681.34,52540000000,-4785000000,-7656000000,-1719000000,191071000000,,0.059,,,,,,true,false,12,2021-04-01,2022-03-31,0
2022-04-28,86990,2021-03-31,,,,,,57755000000,-0.054,8871000000,-0.186,9723000000,-0.159,,-3015000000,,-76.06,,-0.053,0.020,,,499591000000,71343000000,0.109,1376.79,54581000000,77637000000,-8704000000,-14749000000,185412000000,,,,,,,,true,false,12,2020-04-01,2021-03-31,-1
2022-04-28,86990,2022-03-31,,,,,,11911000000,,11446000000,,12453000000,9.610,13149000000,,,340.58,,,,,,31140000000,30348000000,0.975,971.18,30348000000,,,,,10.00,,,,40953500,9704529,38609099,false,false,12,2021-04-01,2022-03-31,0
2022-04-28,86990,2021-03-31,,,,,,999000000,-0.058,687000000,0.014,1173000000,0.644,106000000,,-0.960,2.68,,,,,,27448000000,27305000000,0.995,688.76,27305000000,,,,,12.00,,,,40953500,1309348,39644168,false,false,12,2020-04-01,2021-03-31,-1
2022-07-28,86990,2023-03-31,1,,,,,16389000000,0.222,4957000000,0.574,7361000000,1.150,,3233000000,,103.46,,,,,,557734000000,79795000000,0.100,,55830000000,,,,,,,,,,,,true,false,3,2022-04-01,2022-06-30,0
2022-07-28,86990,2022-03-31,1,,,,,13407000000,-0.057,3148000000,4.421,3423000000,2.778,,1389000000,,35.06,,,,,,,,,,,,,,,,,,,,,,true,false,3,2021-04-01,2021-06-30,-1
2022-07-28,86990,2022-03-31,1,,,,,,,,,,,,,,,,,,,,577449000000,74427000000,0.091,,52540000000,,,,,,,,,,,,true,false,12,2021-04-01,2022-03-31,-1
2022-07-28,86990,2022-03-31,1,,,,,,,,,,,,,,,,,,,,,,,,,,,,,10.00,,,,40953500,9704529,,false,false,12,2021-04-01,2022-03-31,-1
2022-07-28,86990,2023-03-31,1,,,,,,,,,,,,,,,,,,,,,,,,,,,,,,,,,40953500,9704554,31248951,false,false,3,2022-04-01,2022-06-30,0
2022-07-28,86990,2022-03-31,1,,,,,,,,,,,,,,,,,,,,,,,,,,,,,,,,,,,39644152,false,false,3,2021-04-01,2021-06-30,-1
2022-10-31,86990,2023-03-31,2,,,,,35842000000,0.245,12236000000,0.633,15100000000,0.848,,9249000000,,296.00,,,,,,630317000000,88275000000,0.102,,64085000000,,,,,,,,,,,,true,false,6,2022-04-01,2022-09-30,0
2022-10-31,86990,2022-03-31,2,,,,,28797000000,0.027,7493000000,1.043,8170000000,1.131,,4117000000,,103.87,,,,,,,,,,,,,,,,,,,,,,true,false,6,2021-04-01,2021-09-30,-1
2022-10-31,86990,2022-03-31,2,,,,,,,,,,,,,,,,,,,,577449000000,74427000000,0.091,,52540000000,,,,,,,,,,,,true,false,12,2021-04-01,2022-03-31,-1
2022-10-31,86990,2022-03-31,2,,,,,,,,,,,,,,,,,,,,,,,,,,,,,10.00,,,,40953500,9704529,,false,false,12,2021-04-01,2022-03-31,-1
2022-10-31,86990,2023-03-31,2,,,,,,,,,,,,,,,,,,,,,,,,,,,,,0.00,,,,,,,false,false,12,2022-04-01,2023-03-31,0
2022-10-31,86990,2023-03-31,2,,,,,,,,,,,,,,,,,,,,,,,,,,,,,,,,,40953500,9704618,31248927,false,false,6,2022-04-01,2022-09-30,0
2022-10-31,86990,2022-03-31,2,,,,,,,,,,,,,,,,,,,,,,,,,,,,,,,,,,,39644152,false,false,6,2021-04-01,2021-09-30,-1
2023-01-27,86990,2023-03-31,3,,,,,54536000000,0.207,19171000000,0.521,20867000000,0.490,,11251000000,,360.06,,,,,,626537000000,96193000000,0.105,,65550000000,,,,,,,,,,,,true,false,9,2022-04-01,2022-12-31,0
2023-01-27,86990,2022-03-31,3,,,,,45200000000,0.046,12604000000,0.825,14003000000,0.972,,3914000000,,98.74,,,,,,,,,,,,,,,,,,,,,,true,false,9,2021-04-01,2021-12-31,-1
2023-01-27,86990,2022-03-31,3,,,,,,,,,,,,,,,,,,,,577449000000,74427000000,0.091,,52540000000,,,,,,,,,,,,true,false,12,2021-04-01,2022-03-31,-1
2023-01-27,86990,2022-03-31,3,,,,,,,,,,,,,,,,,,,,,,,,,,,,,10.00,,,,40953500,9704529,,false,false,12,2021-04-01,2022-03-31,-1
2023-01-27,86990,2023-03-31,3,,,,,,,,,,,,,,,,,,,,,,,,,,,,,0.00,,,,,,,false,false,12,2022-04-01,2023-03-31,0
2023-01-27,86990,2023-03-31,3,,,,,,,,,,,,,,,,,,,,,,,,,,,,,,,,,40953500,9704618,31248912,false,false,9,2022-04-01,2022-12-31,0
2023-01-27,86990,2022-03-31,3,,,,,,,,,,,,,,,,,,,,,,,,,,,,,,,,,,,39644135,false,false,9,2021-04-01,2021-12-31,-1
2023-04-28,86990,2023-03-31,,,,,,77698000000,0.262,24142000000,0.510,25693000000,0.442,,11372000000,,363.94,,0.203,0.043,,,621727000000,81411000000,0.096,1908.27,59631000000,18505000000,-17938000000,2578000000,186057000000,,0.027,,,,,,true,false,12,2022-04-01,2023-03-31,0
2023-04-28,86990,2022-03-31,,,,,,61566000000,0.066,15993000000,0.803,17813000000,0.832,,6545000000,,169.53,,0.122,0.033,,,577449000000,74427000000,0.091,1681.34,52540000000,-4785000000,-7656000000,-1719000000,191071000000,,0.059,,,,,,true,false,12,2021-04-01,2022-03-31,-1
2023-04-28,86990,2023-03-31,,,,,,8304000000,-0.303,7044000000,-0.385,8273000000,-0.336,13711000000,,0.043,438.77,,,,,,47858000000,43484000000,0.909,1391.56,43484000000,,,,,10.00,,,,40953500,9704618,31248905,false,false,12,2022-04-01,2023-03-31,0
2023-04-28,86990,2022-03-31,,,,,,11911000000,,11446000000,,12453000000,9.610,13149000000,,,340.58,,,,,,31140000000,30348000000,0.975,971.18,30348000000,,,,,10.00,,,,40953500,9704529,38609099,false,false,12,2021-04-01,2022-03-31,-1
2023-07-28,86990,2024-03-31,1,,,,,25694000000,0.568,5782000000,0.166,6347000000,-0.138,,1966000000,,62.94,,,,,,83290000000,62168000000,0.741,,61704000000,,,,,,,,,,,,true,false,3,2023-04-01,2023-06-30,0
2023-07-28,86990,2023-03-31,1,,,,,16389000000,0.222,4957000000,0.574,7361000000,1.150,,3233000000,,103.46,,,,,,,,,,,,,,,,,,,,,,true,false,3,2022-04-01,2022-06-30,-1
2023-07-28,86990,2023-03-31,1,,,,,,,,,,,,,,,,,,,,621727000000,81411000000,0.096,,59631000000,,,,,,,,,,,,true,false,12,2022-04-01,2023-03-31,-1
2023-07-28,86990,2023-03-31,1,,,,,,,,,,,,,,,,,,,,,,,,,,,,,10.00,,,,40953500,9704618,,false,false,12,2022-04-01,2023-03-31,-1
2023-07-28,86990,2024-03-31,1,,,,,,,,,,,,,,,,,,,,,,,,,,,,,,,,,40953500,9704618,31248882,false,false,3,2023-04-01,2023-06-30,0
2023-07-28,86990,2023-03-31,1,,,,,,,,,,,,,,,,,,,,,,,,,,,,,,,,,,,31248951,false,false,3,2022-04-01,2022-06-30,-1
2023-10-30,86990,2024-03-31,2,,,,,32856000000,-0.083,5515000000,-0.549,9461000000,-0.373,,4407000000,,142.99,,,,,,89448000000,66753000000,0.741,,66242000000,,,,,,,,,,,,true,false,6,2023-04-01,2023-09-30,0
2023-10-30,86990,2023-03-31,2,,,,,35842000000,0.245,12236000000,0.633,15100000000,0.848,,9249000000,,296.00,,,,,,,,,,,,,,,,,,,,,,true,false,6,2022-04-01,2022-09-30,-1
2023-10-30,86990,2023-03-31,2,,,,,,,,,,,,,,,,,,,,621727000000,81411000000,0.096,,59631000000,,,,,,,,,,,,true,false,12,2022-04-01,2023-03-31,-1
2023-10-30,86990,2023-03-31,2,,,,,,,,,,,,,,,,,,,,,,,,,,,,,10.00,,,,40953500,9704618,,false,false,12,2022-04-01,2023-03-31,-1
2023-10-30,86990,2024-03-31,2,,,,,,,,,,,,,,,,,,,,,,,,,,,,,0.00,,,,,,,false,false,12,2023-04-01,2024-03-31,0
2023-10-30,86990,2024-03-31,2,,,,,,,,,,,,,,,,,,,,,,,,,,,,,,,,,40953500,10857318,30826855,false,false,6,2023-04-01,2023-09-30,0
2023-10-30,86990,2023-03-31,2,,,,,,,,,,,,,,,,,,,,,,,,,,,,,,,,,,,31248927,false,false,6,2022-04-01,2022-09-30,-1
2024-01-29,86990,2024-03-31,3,,,,,41043000000,-0.247,5231000000,-0.727,12284000000,-0.411,,6735000000,,220.24,,,,,,94243000000,69708000000,0.734,,69154000000,,,,,,,,,,,,true,false,9,2023-04-01,2023-12-31,0
2024-01-29,86990,2023-03-31,3,,,,,54536000000,0.207,19171000000,0.521,20867000000,0.490,,11251000000,,360.06,,,,,,,,,,,,,,,,,,,,,,true,false,9,2022-04-01,2022-12-31,-1
2024-01-29,86990,2023-03-31,3,,,,,,,,,,,,,,,,,,,,621727000000,81411000000,0.096,,59631000000,,,,,,,,,,,,true,false,12,2022-04-01,2023-03-31,-1
2024-01-29,86990,2023-03-31,3,,,,,,,,,,,,,,,,,,,,,,,,,,,,,10.00,,,,40953500,9704618,,false,false,12,2022-04-01,2023-03-31,-1
2024-01-29,86990,2024-03-31,3,,,,,,,,,,,,,,,,,,,,,,,,,,,,,0.00,,,,,,,false,false,12,2023-04-01,2024-03-31,0
2024-01-29,86990,2024-03-31,3,,,,,,,,,,,,,,,,,,,,,,,,,,,,,,,,,40953500,10857318,30582412,false,false,9,2023-04-01,2023-12-31,0
2024-01-29,86990,2023-03-31,3,,,,,,,,,,,,,,,,,,,,,,,,,,,,,,,,,,,31248912,false,false,9,2022-04-01,2022-12-31,-1
2024-04-30,86990,2024-03-31,,,,,,49597000000,-0.362,5008000000,-0.793,15775000000,-0.386,,9463000000,,310.67,,0.144,0.044,,,98774000000,72416000000,0.728,2388.07,71871000000,-25586000000,-8104000000,12129000000,18199000000,,0.033,,,,,,true,false,12,2023-04-01,2024-03-31,0
2024-04-30,86990,2023-03-31,,,,,,77698000000,0.262,24142000000,0.510,25693000000,0.442,,11372000000,,363.94,,0.203,0.043,,,621727000000,81411000000,0.096,1908.27,59631000000,18505000000,-17938000000,2578000000,186057000000,,0.027,,,,,,true,false,12,2022-04-01,2023-03-31,-1
2024-04-30,86990,2024-03-31,,,,,,13000000,-0.998,-733000000,,292000000,-0.965,182000000,,-0.987,5.98,,,,,,44505000000,43600000000,0.980,1448.70,43600000000,,,,,10.00,,,,40953500,10857318,30461519,false,false,12,2023-04-01,2024-03-31,0
2024-04-30,86990,2023-03-31,,,,,,8304000000,-0.303,7044000000,-0.385,8273000000,-0.336,13711000000,,0.043,438.77,,,,,,47858000000,43484000000,0.909,1391.56,43484000000,,,,,10.00,,,,40953500,9704618,31248905,false,false,12,2022-04-01,2023-03-31,-1
2024-07-29,86990,2025-03-31,1,,,,,9127000000,-0.645,-28000000,,3733000000,-0.412,,3071000000,,102.06,,,,,,102632000000,77925000000,0.754,,77364000000,,,,,,,,,,,,true,false,3,2024-04-01,2024-06-30,0
2024-07-29,86990,2024-03-31,1,,,,,25694000000,0.568,5782000000,0.166,6347000000,-0.138,,1966000000,,62.94,,,,,,,,,,,,,,,,,,,,,,true,false,3,2023-04-01,2023-06-30,-1
2024-07-29,86990,2024-03-31,1,,,,,,,,,,,,,,,,,,,,98774000000,72416000000,0.728,,71871000000,,,,,,,,,,,,true,false,12,2023-04-01,2024-03-31,-1
2024-07-29,86990,2024-03-31,1,,,,,,,,,,,,,,,,,,,,,,,,,,,,,10.00,,,,40953500,10857318,,false,false,12,2023-04-01,2024-03-31,-1
2024-07-29,86990,2025-03-31,1,,,,,,,,,,,,,,,,,,,,,,,,,,,,,,,,,40953500,10857318,30096182,false,false,3,2024-04-01,2024-06-30,0
2024-07-29,86990,2024-03-31,1,,,,,,,,,,,,,,,,,,,,,,,,,,,,,,,,,,,31248882,false,false,3,2023-04-01,2023-06-30,-1
2024-10-29,86990,2025-03-31,2,,,,,18749000000,-0.429,-174000000,,6679000000,-0.294,,5396000000,,179.31,,,,,,109489000000,82287000000,0.745,,81611000000,,,,,,,,,,,,true,false,6,2024-04-01,2024-09-30,0
2024-10-29,86990,2024-03-31,2,,,,,32856000000,-0.083,5515000000,-0.549,9461000000,-0.373,,4407000000,,142.99,,,,,,,,,,,,,,,,,,,,,,true,false,6,2023-04-01,2023-09-30,-1
2024-10-29,86990,2024-03-31,2,,,,,,,,,,,,,,,,,,,,98774000000,72416000000,0.728,,71871000000,,,,,,,,,,,,true,false,12,2023-04-01,2024-03-31,-1
2024-10-29,86990,2024-03-31,2,,,,,,,,,,,,,,,,,,,,,,,,,,,,,10.00,,,,40953500,10857318,,false,false,12,2023-04-01,2024-03-31,-1
2024-10-29,86990,2025-03-31,2,,,,,,,,,,,,,,,,,,,,,,,,,,,,,0.00,,,,,,,false,false,12,2024-04-01,2025-03-31,0
2024-10-29,86990,2025-03-31,2,,,,,,,,,,,,,,,,,,,,,,,,,,,,,,,,,40953500,10857411,30096176,false,false,6,2024-04-01,2024-09-30,0
2024-10-29,86990,2024-03-31,2,,,,,,,,,,,,,,,,,,,,,,,,,,,,,,,,,,,30826855,false,false,6,2023-04-01,2023-09-30,-1
2025-01-28,86990,2025-03-31,3,,,,,27820000000,-0.322,-425000000,,11599000000,-0.056,,9311000000,,309.40,,,,,,107916000000,81492000000,0.749,,80875000000,,,,,,,,,,,,true,false,9,2024-04-01,2024-12-31,0
2025-01-28,86990,2024-03-31,3,,,,,41043000000,-0.247,5231000000,-0.727,12284000000,-0.411,,6735000000,,220.24,,,,,,,,,,,,,,,,,,,,,,true,false,9,2023-04-01,2023-12-31,-1
2025-01-28,86990,2024-03-31,3,,,,,,,,,,,,,,,,,,,,98774000000,72416000000,0.728,,71871000000,,,,,,,,,,,,true,false,12,2023-04-01,2024-03-31,-1
2025-01-28,86990,2024-03-31,3,,,,,,,,,,,,,,,,,,,,,,,,,,,,,10.00,,,,40953500,10857318,,false,false,12,2023-04-01,2024-03-31,-1
2025-01-28,86990,2025-03-31,3,,,,,,,,,,,,,,,,,,,,,,,,,,,,,0.00,,,,,,,false,false,12,2024-04-01,2025-03-31,0
2025-01-28,86990,2025-03-31,3,,,,,,,,,,,,,,,,,,,,,,,,,,,,,,,,,40953500,10857411,30096147,false,false,9,2024-04-01,2024-12-31,0
2025-01-28,86990,2024-03-31,3,,,,,,,,,,,,,,,,,,,,,,,,,,,,,,,,,,,30582412,false,false,9,2023-04-01,2023-12-31,-1
2025-04-30,86990,2025-03-31,,,,,,37766000000,-0.239,-1106000000,,15122000000,-0.041,,12100000000,,402.07,,0.153,0.141,,,115334000000,86701000000,0.749,2869.94,86373000000,4532000000,-6054000000,-287000000,17137000000,,0.025,,,,,,true,false,12,2024-04-01,2025-03-31,0
2025-04-30,86990,2024-03-31,,,,,,49597000000,-0.362,5008000000,-0.793,15775000000,-0.386,,9463000000,,310.67,,0.144,0.044,,,98774000000,72416000000,0.728,2388.07,71871000000,-25586000000,-8104000000,12129000000,18199000000,,0.033,,,,,,true,false,12,2023-04-01,2024-03-31,-1
2025-04-30,86990,2025-03-31,,,,,,5965000000,,5359000000,,6332000000,,4905000000,,,162.98,,,,,,47856000000,46956000000,0.981,1560.22,46956000000,,,,,10.00,,,,40953500,10857411,30096133,false,false,12,2024-04-01,2025-03-31,0
2025-04-30,86990,2024-03-31,,,,,,13000000,-0.998,-733000000,,292000000,-0.965,182000000,,-0.987,5.98,,,,,,44505000000,43600000000,0.980,1448.70,43600000000,,,,,10.00,,,,40953500,10857318,30461519,false,false,12,2023-04-01,2024-03-31,-1
2025-07-30,86990,2026-03-31,1,,,,,9622000000,0.054,-260000000,,4373000000,0.172,,3660000000,,121.62,,,,,,114570000000,87264000000,0.757,,86725000000,,,,,,,,,,,,true,false,3,2025-04-01,2025-06-30,0
2025-07-30,86990,2025-03-31,1,,,,,9127000000,-0.645,-28000000,,3733000000,-0.412,,3071000000,,102.06,,,,,,,,,,,,,,,,,,,,,,true,false,3,2024-04-01,2024-06-30,-1
2025-07-30,86990,2025-03-31,1,,,,,,,,,,,,,,,,,,,,115334000000,86701000000,0.749,,86373000000,,,,,,,,,,,,true,false,12,2024-04-01,2025-03-31,-1
2025-07-30,86990,2025-03-31,1,,,,,,,,,,,,,,,,,,,,,,,,,,,,,10.00,,,,40953500,10857411,,false,false,12,2024-04-01,2025-03-31,-1
2025-07-30,86990,2026-03-31,1,,,,,,,,,,,,,,,,,,,,,,,,,,,,,,,,,40953500,10857451,30096087,false,false,3,2025-04-01,2025-06-30,0
2025-07-30,86990,2025-03-31,1,,,,,,,,,,,,,,,,,,,,,,,,,,,,,,,,,,,30096182,false,false,3,2024-04-01,2024-06-30,-1
