filing_date,code,fiscal_year_end,quarterly_period,net_sales,net_sales_change,revenue,revenue_change,operating_revenue,operating_revenue_change,operating_profit,operating_profit_change,ordinary_profit,ordinary_profit_change,net_income,net_income_of_parent,net_income_change,eps,diluted_eps,roe,roa,operating_profit_to_net_sales,operating_profit_to_revenue,total_assets,net_assets,equity_ratio,bps,owner_equity,operating_cash_flow,investing_cash_flow,financing_cash_flow,cash,dividend_per_share,payout_ratio,commemorative_dividend,extra_dividend,number_of_shares,number_of_treqsury_shares,avg_number_of_shares,is_consolidated,is_forecast,duration,period_start,period_end,period_pos
2015-07-31,87000,2016-03-31,1,,,,,995000000,0.205,283000000,0.744,307000000,0.832,258000000,,0.722,6.47,,,,,,10516000000,6687000000,0.636,167.56,6687000000,,,,,,,,,40429708,517588,39912120,false,false,3,2015-04-01,2015-06-30,0
2015-07-31,87000,2015-03-31,1,,,,,826000000,-0.364,162000000,-0.710,167000000,-0.700,150000000,,-0.711,3.71,,,,,,,,,,,,,,,,,,,,,40413644,false,false,3,2014-04-01,2014-06-30,-1
2015-07-31,87000,2015-03-31,1,,,,,,,,,,,,,,,,,,,,10573000000,6670000000,0.631,167.13,6670000000,,,,,6.00,,,,40429708,517588,,false,false,12,2014-04-01,2015-03-31,-1
2015-10-19,87000,2016-03-31,,,,,,1675000000,,298000000,,322000000,,277000000,,,,,,,,,,,,,,,,,,,,,,,,,false,true,6,2015-04-01,2015-09-30,0
2015-10-19,87000,2015-03-31,,,,,,1802000000,,452000000,,457000000,,435000000,,,,,,,,,,,,,,,,,,,,,,,,,false,false,6,2014-04-01,2014-09-30,-1
2015-10-30,87000,2016-03-31,2,,,,,1675000000,-0.070,298000000,-0.341,322000000,-0.294,277000000,,-0.361,6.96,,,,,,10868000000,6697000000,0.616,167.80,6697000000,,,,,,,,,40429708,517588,39912120,false,false,6,2015-04-01,2015-09-30,0
2015-10-30,87000,2015-03-31,2,,,,,1802000000,-0.147,452000000,-0.359,457000000,-0.351,435000000,,-0.320,10.77,,,,,,,,,,,,,,,,,,,,,40413123,false,false,6,2014-04-01,2014-09-30,-1
2015-10-30,87000,2015-03-31,2,,,,,,,,,,,,,,,,,,,,10573000000,6670000000,0.631,167.13,6670000000,,,,,6.00,,,,40429708,517588,,false,false,12,2014-04-01,2015-03-31,-1
2016-01-29,87000,2016-03-31,3,,,,,2256000000,-0.182,252000000,-0.661,278000000,-0.631,230000000,,-0.669,5.78,,,,,,10447000000,6648000000,0.636,166.58,6648000000,,,,,,,,,40429708,517588,39912120,false,false,9,2015-04-01,2015-12-31,0
2016-01-29,87000,2015-03-31,3,,,,,2757000000,-0.103,743000000,-0.217,756000000,-0.202,696000000,,-0.192,17.23,,,,,,,,,,,,,,,,,,,,,40412854,false,false,9,2014-04-01,2014-12-31,-1
2016-01-29,87000,2015-03-31,3,,,,,,,,,,,,,,,,,,,,10573000000,6670000000,0.631,167.13,6670000000,,,,,6.00,,,,40429708,517588,,false,false,12,2014-04-01,2015-03-31,-1
2016-04-18,87000,2016-03-31,,,,,,2835000000,,188000000,,254000000,,204000000,,,,,,,,,,,,,,,,,,,,,,,,,false,true,12,2015-04-01,2016-03-31,0
2016-04-18,87000,2015-03-31,,,,,,3657000000,,996000000,,1014000000,,1124000000,,,,,,,,,,,,,,,,,,,,,,,,,false,false,12,2014-04-01,2015-03-31,-1
2016-04-28,87000,2016-03-31,,,,,,2835000000,-0.225,188000000,-0.811,254000000,-0.749,204000000,,-0.818,5.12,,0.031,0.027,,,8386000000,6602000000,0.787,165.43,6602000000,1279000000,-86000000,-539000000,3139000000,2.00,0.391,,,40429708,517588,39912120,false,false,12,2015-04-01,2016-03-31,0
2016-04-28,87000,2015-03-31,,,,,,3657000000,-0.052,996000000,-0.080,1014000000,-0.059,1124000000,,0.038,27.83,,0.179,0.091,,,10573000000,6670000000,0.631,167.13,6670000000,562000000,25000000,57000000,2485000000,6.00,0.216,,,40429708,517588,40409970,false,false,12,2014-04-01,2015-03-31,-1
2016-07-29,87000,2017-03-31,1,,,,,434000000,-0.563,-175000000,,-172000000,,-187000000,,,-4.69,,,,,,8554000000,6326000000,0.740,158.50,6326000000,,,,,,,,,40429708,517588,39912120,false,false,3,2016-04-01,2016-06-30,0
2016-07-29,87000,2016-03-31,1,,,,,995000000,0.205,283000000,0.744,307000000,0.832,258000000,,0.722,6.47,,,,,,,,,,,,,,,,,,,,,39912120,false,false,3,2015-04-01,2015-06-30,-1
2016-07-29,87000,2016-03-31,1,,,,,,,,,,,,,,,,,,,,8386000000,6602000000,0.787,165.43,6602000000,,,,,2.00,,,,40429708,517588,,false,false,12,2015-04-01,2016-03-31,-1
2016-10-20,87000,2017-03-31,,,,,,969000000,,-212000000,,-209000000,,-262000000,,,,,,,,,,,,,,,,,,,,,,,,,false,true,6,2016-04-01,2016-09-30,0
2016-10-20,87000,2016-03-31,,,,,,1675000000,,298000000,,322000000,,277000000,,,,,,,,,,,,,,,,,,,,,,,,,false,false,6,2015-04-01,2015-09-30,-1
2016-10-28,87000,2017-03-31,2,,,,,969000000,-0.421,-212000000,,-209000000,,-262000000,,,-6.57,,,,,,7974000000,6256000000,0.785,156.77,6256000000,,,,,,,,,40429708,517588,39912120,false,false,6,2016-04-01,2016-09-30,0
2016-10-28,87000,2016-03-31,2,,,,,1675000000,-0.070,298000000,-0.341,322000000,-0.294,277000000,,-0.361,6.96,,,,,,,,,,,,,,,,,,,,,39912120,false,false,6,2015-04-01,2015-09-30,-1
2016-10-28,87000,2016-03-31,2,,,,,,,,,,,,,,,,,,,,8386000000,6602000000,0.787,165.43,6602000000,,,,,2.00,,,,40429708,517588,,false,false,12,2015-04-01,2016-03-31,-1
2017-01-27,87000,2017-03-31,3,,,,,1624000000,-0.280,-154000000,,-149000000,,-216000000,,,-5.42,,,,,,8290000000,6322000000,0.763,158.40,6322000000,,,,,,,,,40429708,517727,39912110,false,false,9,2016-04-01,2016-12-31,0
2017-01-27,87000,2016-03-31,3,,,,,2256000000,-0.182,252000000,-0.661,278000000,-0.631,230000000,,-0.669,5.78,,,,,,,,,,,,,,,,,,,,,39912120,false,false,9,2015-04-01,2015-12-31,-1
2017-01-27,87000,2016-03-31,3,,,,,,,,,,,,,,,,,,,,8386000000,6602000000,0.787,165.43,6602000000,,,,,2.00,,,,40429708,517588,,false,false,12,2015-04-01,2016-03-31,-1
2017-04-20,87000,2017-03-31,,,,,,2441000000,,72000000,,82000000,,71000000,,,,,,,,,,,,,,,,,,,,,,,,,false,true,12,2016-04-01,2017-03-31,0
2017-04-20,87000,2016-03-31,,,,,,2835000000,,188000000,,254000000,,204000000,,,,,,,,,,,,,,,,,,,,,,,,,false,false,12,2015-04-01,2016-03-31,-1
2017-04-28,87000,2017-03-31,,,,,,2441000000,-0.139,72000000,-0.616,82000000,-0.675,71000000,,-0.650,1.79,,0.011,0.010,,,8335000000,6591000000,0.791,165.15,6591000000,805000000,82000000,-179000000,3847000000,2.00,1.117,,,40429708,517727,39912078,false,false,12,2016-04-01,2017-03-31,0
2017-04-28,87000,2016-03-31,,,,,,2835000000,-0.225,188000000,-0.811,254000000,-0.749,204000000,,-0.818,5.12,,0.031,0.027,,,8386000000,6602000000,0.787,165.43,6602000000,1279000000,-86000000,-539000000,3139000000,2.00,0.391,,,40429708,517588,39912120,false,false,12,2015-04-01,2016-03-31,-1
2017-07-26,87000,2018-03-31,1,,,,,627000000,0.443,48000000,,53000000,,43000000,,,1.08,,,,,,8849000000,6556000000,0.741,164.29,6556000000,,,,,,,,,40429708,517727,39911981,false,false,3,2017-04-01,2017-06-30,0
2017-07-26,87000,2017-03-31,1,,,,,434000000,-0.563,-175000000,,-172000000,,-187000000,,,-4.69,,,,,,,,,,,,,,,,,,,,,39912120,false,false,3,2016-04-01,2016-06-30,-1
2017-07-26,87000,2017-03-31,1,,,,,,,,,,,,,,,,,,,,8335000000,6591000000,0.791,165.15,6591000000,,,,,2.00,,,,40429708,517727,,false,false,12,2016-04-01,2017-03-31,-1
2017-10-17,87000,2018-03-31,,,,,,1262000000,,109000000,,114000000,,104000000,,,,,,,,,,,,,,,,,,,,,,,,,false,true,6,2017-04-01,2017-09-30,0
2017-10-17,87000,2017-03-31,,,,,,969000000,,-212000000,,-209000000,,-262000000,,,,,,,,,,,,,,,,,,,,,,,,,false,false,6,2016-04-01,2016-09-30,-1
2017-10-25,87000,2018-03-31,2,,,,,1262000000,0.302,109000000,,114000000,,104000000,,,2.62,,,,,,8960000000,6618000000,0.739,165.83,6618000000,,,,,,,,,40429708,517727,39911981,false,false,6,2017-04-01,2017-09-30,0
2017-10-25,87000,2017-03-31,2,,,,,969000000,-0.421,-212000000,,-209000000,,-262000000,,,-6.57,,,,,,,,,,,,,,,,,,,,,39912120,false,false,6,2016-04-01,2016-09-30,-1
2017-10-25,87000,2017-03-31,2,,,,,,,,,,,,,,,,,,,,8335000000,6591000000,0.791,165.15,6591000000,,,,,2.00,,,,40429708,517727,,false,false,12,2016-04-01,2017-03-31,-1
2018-01-23,87000,2018-03-31,,,,,,1943000000,,199000000,,204000000,,168000000,,,,,,,,,,,,,,,,,,,,,,,,,false,true,9,2017-04-01,2017-12-31,0
2018-01-23,87000,2017-03-31,,,,,,1624000000,,-154000000,,-149000000,,-216000000,,,,,,,,,,,,,,,,,,,,,,,,,false,false,9,2016-04-01,2016-12-31,-1
2018-01-31,87000,2018-03-31,3,,,,,1943000000,0.196,199000000,,204000000,,168000000,,,4.21,,,,,,9449000000,6677000000,0.707,167.30,6677000000,,,,,,,,,40429708,517728,39911980,false,false,9,2017-04-01,2017-12-31,0
2018-01-31,87000,2017-03-31,3,,,,,1624000000,-0.280,-154000000,,-149000000,,-216000000,,,-5.42,,,,,,,,,,,,,,,,,,,,,39912110,false,false,9,2016-04-01,2016-12-31,-1
2018-01-31,87000,2017-03-31,3,,,,,,,,,,,,,,,,,,,,8335000000,6591000000,0.791,165.15,6591000000,,,,,2.00,,,,40429708,517727,,false,false,12,2016-04-01,2017-03-31,-1
2018-04-17,87000,2018-03-31,,,,,,2815000000,,433000000,,444000000,,375000000,,,,,,,,,,,,,,,,,,,,,,,,,false,true,12,2017-04-01,2018-03-31,0
2018-04-17,87000,2017-03-31,,,,,,2441000000,,72000000,,82000000,,71000000,,,,,,,,,,,,,,,,,,,,,,,,,false,false,12,2016-04-01,2017-03-31,-1
2018-04-25,87000,2018-03-31,,,,,,2815000000,0.153,433000000,4.985,444000000,4.370,375000000,,4.252,9.41,,0.056,0.052,,,8815000000,6869000000,0.779,172.12,6869000000,-220000000,-343000000,-79000000,3204000000,4.00,0.425,,,40429708,517728,39911980,false,false,12,2017-04-01,2018-03-31,0
2018-04-25,87000,2017-03-31,,,,,,2441000000,-0.139,72000000,-0.616,82000000,-0.675,71000000,,-0.650,1.79,,0.011,0.010,,,8335000000,6591000000,0.791,165.15,6591000000,805000000,82000000,-179000000,3847000000,2.00,1.117,,,40429708,517727,39912078,false,false,12,2016-04-01,2017-03-31,-1
2018-07-19,87000,2019-03-31,,,,,,723000000,,138000000,,144000000,,109000000,,,,,,,,,,,,,,,,,,,,,,,,,false,true,3,2018-04-01,2018-06-30,0
2018-07-19,87000,2018-03-31,,,,,,627000000,,48000000,,53000000,,43000000,,,,,,,,,,,,,,,,,,,,,,,,,false,false,3,2017-04-01,2017-06-30,-1
2018-07-25,87000,2019-03-31,1,,,,,723000000,0.152,138000000,1.827,144000000,1.717,109000000,,1.527,2.74,,,,,,9083000000,6832000000,0.752,171.18,6832000000,,,,,,,,,40429708,517728,39911980,false,false,3,2018-04-01,2018-06-30,0
2018-07-25,87000,2018-03-31,1,,,,,627000000,0.443,48000000,,53000000,,43000000,,,1.08,,,,,,,,,,,,,,,,,,,,,39911981,false,false,3,2017-04-01,2017-06-30,-1
2018-07-25,87000,2018-03-31,1,,,,,,,,,,,,,,,,,,,,8815000000,6869000000,0.779,172.12,6869000000,,,,,4.00,,,,40429708,517728,,false,false,12,2017-04-01,2018-03-31,-1
2018-10-17,87000,2019-03-31,,,,,,1446000000,,273000000,,278000000,,223000000,,,,,,,,,,,,,,,,,,,,,,,,,false,true,6,2018-04-01,2018-09-30,0
2018-10-17,87000,2018-03-31,,,,,,1262000000,,109000000,,114000000,,104000000,,,,,,,,,,,,,,,,,,,,,,,,,false,false,6,2017-04-01,2017-09-30,-1
2018-10-31,87000,2019-03-31,2,,,,,1446000000,0.146,273000000,1.489,278000000,1.444,223000000,,1.138,55.96,,,,,,9099000000,6962000000,0.765,1744.37,6962000000,,,,,,,,,4042970,51772,3991198,false,false,6,2018-04-01,2018-09-30,0
2018-10-31,87000,2018-03-31,2,,,,,1262000000,0.302,109000000,,114000000,,104000000,,,26.17,,,,,,,,,,,,,,,,,,,,,3991198,false,false,6,2017-04-01,2017-09-30,-1
2018-10-31,87000,2018-03-31,2,,,,,,,,,,,,,,,,,,,,8815000000,6869000000,0.779,1721.17,6869000000,,,,,4.00,,,,4042970,51772,,false,false,12,2017-04-01,2018-03-31,-1
2019-01-22,87000,2019-03-31,,,,,,2110000000,,334000000,,361000000,,287000000,,,,,,,,,,,,,,,,,,,,,,,,,false,true,9,2018-04-01,2018-12-31,0
2019-01-22,87000,2018-03-31,,,,,,1943000000,,199000000,,204000000,,168000000,,,,,,,,,,,,,,,,,,,,,,,,,false,false,9,2017-04-01,2017-12-31,-1
2019-01-30,87000,2019-03-31,3,,,,,2110000000,0.086,334000000,0.677,361000000,0.766,287000000,,0.711,72.02,,,,,,8812000000,6851000000,0.778,1716.71,6851000000,,,,,,,,,4042970,51791,3991196,false,false,9,2018-04-01,2018-12-31,0
2019-01-30,87000,2018-03-31,3,,,,,1943000000,0.196,199000000,,204000000,,168000000,,,42.10,,,,,,,,,,,,,,,,,,,,,3991198,false,false,9,2017-04-01,2017-12-31,-1
2019-01-30,87000,2018-03-31,3,,,,,,,,,,,,,,,,,,,,8815000000,6869000000,0.779,1721.17,6869000000,,,,,4.00,,,,4042970,51772,,false,false,12,2017-04-01,2018-03-31,-1
2019-04-17,87000,2019-03-31,,,,,,2898000000,,504000000,,548000000,,406000000,,,,,,,,,,,,,,,,,,,,,,,,,false,true,12,2018-04-01,2019-03-31,0
2019-04-17,87000,2018-03-31,,,,,,2815000000,,433000000,,444000000,,375000000,,,,,,,,,,,,,,,,,,,,,,,,,false,false,12,2017-04-01,2018-03-31,-1
2019-04-25,87000,2019-03-31,,,,,,2898000000,0.029,504000000,0.165,548000000,0.235,406000000,,0.082,101.72,,0.058,0.063,,,8722000000,7064000000,0.810,1769.94,7064000000,1348000000,-25000000,-159000000,4368000000,50.00,0.492,,,4042970,51791,3991192,false,false,12,2018-04-01,2019-03-31,0
2019-04-25,87000,2018-03-31,,,,,,2815000000,0.153,433000000,4.985,444000000,4.370,375000000,,4.252,94.06,,0.056,0.052,,,8815000000,6869000000,0.779,1721.17,6869000000,-220000000,-343000000,-79000000,3204000000,4.00,0.425,,,4042970,51772,3991198,false,false,12,2017-04-01,2018-03-31,-1
2019-07-24,87000,2020-03-31,,,,,,618000000,,38000000,,61000000,,40000000,,,,,,,,,,,,,,,,,,,,,,,,,false,true,3,2019-04-01,2019-06-30,0
2019-07-24,87000,2019-03-31,,,,,,723000000,,138000000,,144000000,,109000000,,,,,,,,,,,,,,,,,,,,,,,,,false,false,3,2018-04-01,2018-06-30,-1
2019-07-31,87000,2020-03-31,1,,,,,618000000,-0.144,38000000,-0.719,61000000,-0.571,40000000,,-0.626,10.24,,,,,,8611000000,6864000000,0.797,1719.87,6864000000,,,,,,,,,4042970,51791,3991179,false,false,3,2019-04-01,2019-06-30,0
2019-07-31,87000,2019-03-31,1,,,,,723000000,0.152,138000000,1.827,144000000,1.717,109000000,,1.527,27.40,,,,,,,,,,,,,,,,,,,,,3991198,false,false,3,2018-04-01,2018-06-30,-1
2019-07-31,87000,2019-03-31,1,,,,,,,,,,,,,,,,,,,,8722000000,7064000000,0.810,1769.94,7064000000,,,,,50.00,,,,4042970,51791,,false,false,12,2018-04-01,2019-03-31,-1
2019-10-21,87000,2020-03-31,,,,,,1225000000,,57000000,,95000000,,75000000,,,,,,,,,,,,,,,,,,,,,,,,,false,true,6,2019-04-01,2019-09-30,0
2019-10-21,87000,2019-03-31,,,,,,1446000000,,273000000,,278000000,,223000000,,,,,,,,,,,,,,,,,,,,,,,,,false,false,6,2018-04-01,2018-09-30,-1
2019-10-30,87000,2020-03-31,2,,,,,1225000000,-0.153,57000000,-0.788,95000000,-0.659,75000000,,-0.663,18.85,,,,,,8733000000,6862000000,0.786,1719.33,6862000000,,,,,,,,,4042970,51791,3991179,false,false,6,2019-04-01,2019-09-30,0
2019-10-30,87000,2019-03-31,2,,,,,1446000000,0.146,273000000,1.489,278000000,1.444,223000000,,1.138,55.96,,,,,,,,,,,,,,,,,,,,,3991198,false,false,6,2018-04-01,2018-09-30,-1
2019-10-30,87000,2019-03-31,2,,,,,,,,,,,,,,,,,,,,8722000000,7064000000,0.810,1769.94,7064000000,,,,,50.00,,,,4042970,51791,,false,false,12,2018-04-01,2019-03-31,-1
2020-01-22,87000,2020-03-31,,,,,,1890000000,,140000000,,252000000,,182000000,,,,,,,,,,,,,,,,,,,,,,,,,false,true,9,2019-04-01,2019-12-31,0
2020-01-22,87000,2019-03-31,,,,,,2110000000,,334000000,,361000000,,287000000,,,,,,,,,,,,,,,,,,,,,,,,,false,false,9,2018-04-01,2018-12-31,-1
2020-01-29,87000,2020-03-31,3,,,,,1890000000,-0.104,140000000,-0.580,252000000,-0.301,182000000,,-0.365,45.76,,,,,,9212000000,7056000000,0.766,1768.07,7056000000,,,,,,,,,4042970,51791,3991179,false,false,9,2019-04-01,2019-12-31,0
2020-01-29,87000,2019-03-31,3,,,,,2110000000,0.086,334000000,0.677,361000000,0.766,287000000,,0.711,72.02,,,,,,,,,,,,,,,,,,,,,3991196,false,false,9,2018-04-01,2018-12-31,-1
2020-01-29,87000,2019-03-31,3,,,,,,,,,,,,,,,,,,,,8722000000,7064000000,0.810,1769.94,7064000000,,,,,50.00,,,,4042970,51791,,false,false,12,2018-04-01,2019-03-31,-1
2020-04-22,87000,2020-03-31,,,,,,2421000000,,81000000,,228000000,,163000000,,,,,,,,,,,,,,,,,,,,,,,,,false,true,12,2019-04-01,2020-03-31,0
2020-04-22,87000,2019-03-31,,,,,,2898000000,,504000000,,548000000,,406000000,,,,,,,,,,,,,,,,,,,,,,,,,false,false,12,2018-04-01,2019-03-31,-1
2020-04-28,87000,2020-03-31,,,,,,2421000000,-0.165,81000000,-0.838,228000000,-0.584,163000000,,-0.598,40.90,,0.024,0.026,,,8698000000,6752000000,0.776,1691.73,6752000000,305000000,-792000000,-199000000,3682000000,30.00,0.733,,,4042970,51791,3991179,false,false,12,2019-04-01,2020-03-31,0
2020-04-28,87000,2019-03-31,,,,,,2898000000,0.029,504000000,0.165,548000000,0.235,406000000,,0.082,101.72,,0.058,0.063,,,8722000000,7064000000,0.810,1769.94,7064000000,1348000000,-25000000,-159000000,4368000000,50.00,0.492,,,4042970,51791,3991192,false,false,12,2018-04-01,2019-03-31,-1
2020-07-21,87000,2021-03-31,,,,,,667000000,,66000000,,106000000,,67000000,,,,,,,,,,,,,,,,,,,,,,,,,false,true,3,2020-04-01,2020-06-30,0
2020-07-21,87000,2020-03-31,,,,,,618000000,,38000000,,61000000,,40000000,,,,,,,,,,,,,,,,,,,,,,,,,false,false,3,2019-04-01,2019-06-30,-1
2020-07-29,87000,2021-03-31,1,,,,,667000000,0.080,66000000,0.708,106000000,0.728,67000000,,0.642,16.82,,,,,,9152000000,6777000000,0.740,1698.04,6777000000,,,,,,,,,4042970,51791,3991179,false,false,3,2020-04-01,2020-06-30,0
2020-07-29,87000,2020-03-31,1,,,,,618000000,-0.144,38000000,-0.719,61000000,-0.571,40000000,,-0.626,10.24,,,,,,,,,,,,,,,,,,,,,3991179,false,false,3,2019-04-01,2019-06-30,-1
2020-07-29,87000,2020-03-31,1,,,,,,,,,,,,,,,,,,,,8698000000,6752000000,0.776,1691.73,6752000000,,,,,30.00,,,,4042970,51791,,false,false,12,2019-04-01,2020-03-31,-1
2020-10-21,87000,2021-03-31,,,,,,1434000000,,222000000,,294000000,,196000000,,,,,,,,,,,,,,,,,,,,,,,,,false,true,6,2020-04-01,2020-09-30,0
2020-10-21,87000,2020-03-31,,,,,,1225000000,,57000000,,95000000,,75000000,,,,,,,,,,,,,,,,,,,,,,,,,false,false,6,2019-04-01,2019-09-30,-1
2020-10-27,87000,2021-03-31,2,,,,,1434000000,0.170,222000000,2.852,294000000,2.091,196000000,,1.618,49.36,,,,,,9406000000,6873000000,0.731,1722.22,6873000000,,,,,,,,,4042970,51791,3991179,false,false,6,2020-04-01,2020-09-30,0
2020-10-27,87000,2020-03-31,2,,,,,1225000000,-0.153,57000000,-0.788,95000000,-0.659,75000000,,-0.663,18.85,,,,,,,,,,,,,,,,,,,,,3991179,false,false,6,2019-04-01,2019-09-30,-1
2020-10-27,87000,2020-03-31,2,,,,,,,,,,,,,,,,,,,,8698000000,6752000000,0.776,1691.73,6752000000,,,,,30.00,,,,4042970,51791,,false,false,12,2019-04-01,2020-03-31,-1
2021-01-20,87000,2021-03-31,,,,,,2268000000,,453000000,,471000000,,320000000,,,,,,,,,,,,,,,,,,,,,,,,,false,true,9,2020-04-01,2020-12-31,0
2021-01-20,87000,2020-03-31,,,,,,1890000000,,140000000,,252000000,,182000000,,,,,,,,,,,,,,,,,,,,,,,,,false,false,9,2019-04-01,2019-12-31,-1
2021-01-26,87000,2021-03-31,3,,,,,2268000000,0.200,453000000,2.226,471000000,0.862,320000000,,0.754,80.26,,,,,,9960000000,7180000000,0.721,1799.21,7180000000,,,,,,,,,4042970,51791,3991179,false,false,9,2020-04-01,2020-12-31,0
2021-01-26,87000,2020-03-31,3,,,,,1890000000,-0.104,140000000,-0.580,252000000,-0.301,182000000,,-0.365,45.76,,,,,,,,,,,,,,,,,,,,,3991179,false,false,9,2019-04-01,2019-12-31,-1
2021-01-26,87000,2020-03-31,3,,,,,,,,,,,,,,,,,,,,8698000000,6752000000,0.776,1691.73,6752000000,,,,,30.00,,,,4042970,51791,,false,false,12,2019-04-01,2020-03-31,-1
2021-04-21,87000,2021-03-31,,,,,,3040000000,,572000000,,607000000,,413000000,,,,,,,,,,,,,,,,,,,,,,,,,false,true,12,2020-04-01,2021-03-31,0
2021-04-21,87000,2020-03-31,,,,,,2421000000,,81000000,,228000000,,163000000,,,,,,,,,,,,,,,,,,,,,,,,,false,false,12,2019-04-01,2020-03-31,-1
2021-04-27,87000,2021-03-31,,,,,,3040000000,0.256,572000000,5.996,607000000,1.662,413000000,,1.533,103.60,,0.059,0.065,,,9957000000,7346000000,0.738,1840.71,7346000000,-484000000,907000000,-119000000,3986000000,50.00,0.483,,,4042970,51831,3991171,false,false,12,2020-04-01,2021-03-31,0
2021-04-27,87000,2020-03-31,,,,,,2421000000,-0.165,81000000,-0.838,228000000,-0.584,163000000,,-0.598,40.90,,0.024,0.026,,,8698000000,6752000000,0.776,1691.73,6752000000,305000000,-792000000,-199000000,3682000000,30.00,0.733,,,4042970,51791,3991179,false,false,12,2019-04-01,2020-03-31,-1
2021-07-21,87000,2022-03-31,,,,,,618000000,,8000000,,29000000,,23000000,,,,,,,,,,,,,,,,,,,,,,,,,false,true,3,2021-04-01,2021-06-30,0
2021-07-21,87000,2021-03-31,,,,,,667000000,,66000000,,106000000,,67000000,,,,,,,,,,,,,,,,,,,,,,,,,false,false,3,2020-04-01,2020-06-30,-1
2021-07-30,87000,2022-03-31,1,,,,,618000000,-0.074,8000000,-0.880,29000000,-0.721,23000000,,-0.649,5.90,,,,,,9831000000,7194000000,0.732,1802.68,7194000000,,,,,,,,,4042970,51831,3991139,false,false,3,2021-04-01,2021-06-30,0
2021-07-30,87000,2021-03-31,1,,,,,667000000,0.080,66000000,0.708,106000000,0.728,67000000,,0.642,16.82,,,,,,,,,,,,,,,,,,,,,3991179,false,false,3,2020-04-01,2020-06-30,-1
2021-07-30,87000,2021-03-31,1,,,,,,,,,,,,,,,,,,,,9957000000,7346000000,0.738,1840.71,7346000000,,,,,50.00,,,,4042970,51831,,false,false,12,2020-04-01,2021-03-31,-1
2021-10-22,87000,2022-03-31,,,,,,1347000000,,140000000,,188000000,,130000000,,,,,,,,,,,,,,,,,,,,,,,,,false,true,6,2021-04-01,2021-09-30,0
2021-10-22,87000,2021-03-31,,,,,,1434000000,,222000000,,294000000,,196000000,,,,,,,,,,,,,,,,,,,,,,,,,false,false,6,2020-04-01,2020-09-30,-1
2021-10-29,8700,2022-03-31,2,,,,,1347000000,-0.060,140000000,-0.371,188000000,-0.359,130000000,,-0.337,32.72,,,,,,10481000000,7293000000,0.696,1827.43,7293000000,,,,,,,,,4042970,51831,3991139,false,false,6,2021-04-01,2021-09-30,0
2021-10-29,8700,2021-03-31,2,,,,,1434000000,0.170,222000000,2.852,294000000,2.091,196000000,,1.618,49.36,,,,,,,,,,,,,,,,,,,,,3991179,false,false,6,2020-04-01,2020-09-30,-1
2021-10-29,8700,2021-03-31,2,,,,,,,,,,,,,,,,,,,,9957000000,7346000000,0.738,1840.71,7346000000,,,,,50.00,,,,4042970,51831,,false,false,12,2020-04-01,2021-03-31,-1
2022-01-24,87000,2022-03-31,,,,,,2153000000,,340000000,,389000000,,266000000,,,,,,,,,,,,,,,,,,,,,,,,,false,true,9,2021-04-01,2021-12-31,0
2022-01-24,87000,2021-03-31,,,,,,2268000000,,453000000,,471000000,,320000000,,,,,,,,,,,,,,,,,,,,,,,,,false,false,9,2020-04-01,2020-12-31,-1
2022-01-31,8700,2022-03-31,3,,,,,2153000000,-0.051,340000000,-0.247,389000000,-0.174,266000000,,-0.167,66.85,,,,,,11014000000,7426000000,0.674,1860.78,7426000000,,,,,,,,,4042970,51831,3991139,false,false,9,2021-04-01,2021-12-31,0
2022-01-31,8700,2021-03-31,3,,,,,2268000000,0.200,453000000,2.226,471000000,0.862,320000000,,0.754,80.26,,,,,,,,,,,,,,,,,,,,,3991179,false,false,9,2020-04-01,2020-12-31,-1
2022-01-31,8700,2021-03-31,3,,,,,,,,,,,,,,,,,,,,9957000000,7346000000,0.738,1840.71,7346000000,,,,,50.00,,,,4042970,51831,,false,false,12,2020-04-01,2021-03-31,-1
2022-04-21,87000,2022-03-31,,,,,,2864000000,,402000000,,452000000,,288000000,,,,,,,,,,,,,,,,,,,,,,,,,false,true,12,2021-04-01,2022-03-31,0
2022-04-21,87000,2021-03-31,,,,,,3040000000,,572000000,,607000000,,413000000,,,,,,,,,,,,,,,,,,,,,,,,,false,false,12,2020-04-01,2021-03-31,-1
2022-04-28,8700,2022-03-31,,,,,,2864000000,-0.058,402000000,-0.296,452000000,-0.255,288000000,,-0.301,72.37,,0.039,0.046,,,9700000000,7449000000,0.768,1866.51,7449000000,-234000000,304000000,-199000000,3856000000,40.00,0.553,,,4042970,51869,3991136,false,false,12,2021-04-01,2022-03-31,0
2022-04-28,8700,2021-03-31,,,,,,3040000000,0.256,572000000,5.996,607000000,1.662,413000000,,1.533,103.60,,0.059,0.065,,,9957000000,7346000000,0.738,1840.71,7346000000,-484000000,907000000,-119000000,3986000000,50.00,0.483,,,4042970,51831,3991171,false,false,12,2020-04-01,2021-03-31,-1
2022-07-22,87000,2023-03-31,,,,,,658000000,,43000000,,49000000,,31000000,,,,,,,,,,,,,,,,,,,,,,,,,false,true,3,2022-04-01,2022-06-30,0
2022-07-22,87000,2022-03-31,,,,,,618000000,,8000000,,29000000,,23000000,,,,,,,,,,,,,,,,,,,,,,,,,false,false,3,2021-04-01,2021-06-30,-1
2022-07-29,8700,2023-03-31,1,,,,,658000000,0.065,43000000,4.427,49000000,0.667,31000000,,0.342,7.92,,,,,,9863000000,7334000000,0.744,1837.60,7334000000,,,,,,,,,4042970,51869,3991101,false,false,3,2022-04-01,2022-06-30,0
2022-07-29,8700,2022-03-31,1,,,,,618000000,-0.074,8000000,-0.880,29000000,-0.721,23000000,,-0.649,5.90,,,,,,,,,,,,,,,,,,,,,3991139,false,false,3,2021-04-01,2021-06-30,-1
2022-07-29,8700,2022-03-31,1,,,,,,,,,,,,,,,,,,,,9700000000,7449000000,0.768,1866.51,7449000000,,,,,40.00,,,,4042970,51869,,false,false,12,2021-04-01,2022-03-31,-1
2022-10-24,87000,2023-03-31,,,,,,1268000000,,62000000,,72000000,,37000000,,,,,,,,,,,,,,,,,,,,,,,,,false,true,6,2022-04-01,2022-09-30,0
2022-10-24,87000,2022-03-31,,,,,,1347000000,,140000000,,188000000,,130000000,,,,,,,,,,,,,,,,,,,,,,,,,false,false,6,2021-04-01,2021-09-30,-1
2022-10-31,8700,2023-03-31,2,,,,,1268000000,-0.059,62000000,-0.556,72000000,-0.617,37000000,,-0.713,9.39,,,,,,10164000000,7343000000,0.722,1840.07,7343000000,,,,,,,,,4042970,51869,3991101,false,false,6,2022-04-01,2022-09-30,0
2022-10-31,8700,2022-03-31,2,,,,,1347000000,-0.060,140000000,-0.371,188000000,-0.359,130000000,,-0.337,32.72,,,,,,,,,,,,,,,,,,,,,3991139,false,false,6,2021-04-01,2021-09-30,-1
2022-10-31,8700,2022-03-31,2,,,,,,,,,,,,,,,,,,,,9700000000,7449000000,0.768,1866.51,7449000000,,,,,40.00,,,,4042970,51869,,false,false,12,2021-04-01,2022-03-31,-1
2023-01-24,87000,2023-03-31,,,,,,1889000000,,112000000,,124000000,,62000000,,,,,,,,,,,,,,,,,,,,,,,,,false,true,9,2022-04-01,2022-12-31,0
2023-01-24,87000,2022-03-31,,,,,,2153000000,,340000000,,389000000,,266000000,,,,,,,,,,,,,,,,,,,,,,,,,false,false,9,2021-04-01,2021-12-31,-1
2023-01-31,8700,2023-03-31,3,,,,,1889000000,-0.123,112000000,-0.671,124000000,-0.679,62000000,,-0.765,15.72,,,,,,10305000000,7322000000,0.711,1834.74,7322000000,,,,,,,,,4042970,51869,3991101,false,false,9,2022-04-01,2022-12-31,0
2023-01-31,8700,2022-03-31,3,,,,,2153000000,-0.051,340000000,-0.247,389000000,-0.174,266000000,,-0.167,66.85,,,,,,,,,,,,,,,,,,,,,3991139,false,false,9,2021-04-01,2021-12-31,-1
2023-01-31,8700,2022-03-31,3,,,,,,,,,,,,,,,,,,,,9700000000,7449000000,0.768,1866.51,7449000000,,,,,40.00,,,,4042970,51869,,false,false,12,2021-04-01,2022-03-31,-1
2023-04-21,87000,2023-03-31,,,,,,2502000000,,127000000,,129000000,,62000000,,,,,,,,,,,,,,,,,,,,,,,,,false,true,12,2022-04-01,2023-03-31,0
2023-04-21,87000,2022-03-31,,,,,,2864000000,,402000000,,452000000,,288000000,,,,,,,,,,,,,,,,,,,,,,,,,false,false,12,2021-04-01,2022-03-31,-1
2023-04-28,8700,2023-03-31,,,,,,2502000000,-0.126,127000000,-0.684,129000000,-0.714,62000000,,-0.783,15.68,,0.008,0.014,,,9288000000,7354000000,0.792,1842.73,7354000000,69000000,-1023000000,-159000000,2743000000,30.00,1.913,,,4042970,51869,3991101,false,false,12,2022-04-01,2023-03-31,0
2023-04-28,8700,2022-03-31,,,,,,2864000000,-0.058,402000000,-0.296,452000000,-0.255,288000000,,-0.301,72.37,,0.039,0.046,,,9700000000,7449000000,0.768,1866.51,7449000000,-234000000,304000000,-199000000,3856000000,40.00,0.553,,,4042970,51869,3991136,false,false,12,2021-04-01,2022-03-31,-1
2023-07-24,87000,2024-03-31,,,,,,790000000,,132000000,,169000000,,118000000,,,,,,,,,,,,,,,,,,,,,,,,,false,true,3,2023-04-01,2023-06-30,0
2023-07-24,87000,2023-03-31,,,,,,658000000,,43000000,,49000000,,31000000,,,,,,,,,,,,,,,,,,,,,,,,,false,false,3,2022-04-01,2022-06-30,-1
2023-07-31,8700,2024-03-31,1,,,,,790000000,0.200,132000000,2.050,169000000,2.420,118000000,,2.756,29.74,,,,,,10320000000,7384000000,0.716,1850.27,7384000000,,,,,,,,,4042970,51870,3991100,false,false,3,2023-04-01,2023-06-30,0
2023-07-31,8700,2023-03-31,1,,,,,658000000,0.065,43000000,4.427,49000000,0.667,31000000,,0.342,7.92,,,,,,,,,,,,,,,,,,,,,3991101,false,false,3,2022-04-01,2022-06-30,-1
2023-07-31,8700,2023-03-31,1,,,,,,,,,,,,,,,,,,,,9288000000,7354000000,0.792,1842.73,7354000000,,,,,30.00,,,,4042970,51869,,false,false,12,2022-04-01,2023-03-31,-1
2023-10-25,87000,2024-03-31,,,,,,1613000000,,336000000,,381000000,,261000000,,,,,,,,,,,,,,,,,,,,,,,,,false,true,6,2023-04-01,2023-09-30,0
2023-10-25,87000,2023-03-31,,,,,,1268000000,,62000000,,72000000,,37000000,,,,,,,,,,,,,,,,,,,,,,,,,false,false,6,2022-04-01,2022-09-30,-1
2023-10-31,8700,2024-03-31,2,,,,,1613000000,0.273,336000000,4.415,381000000,4.293,261000000,,5.965,65.43,,,,,,11180000000,7511000000,0.672,1882.12,7511000000,,,,,,,,,4042970,51870,3991100,false,false,6,2023-04-01,2023-09-30,0
2023-10-31,8700,2023-03-31,2,,,,,1268000000,-0.059,62000000,-0.556,72000000,-0.617,37000000,,-0.713,9.39,,,,,,,,,,,,,,,,,,,,,3991101,false,false,6,2022-04-01,2022-09-30,-1
2023-10-31,8700,2023-03-31,2,,,,,,,,,,,,,,,,,,,,9288000000,7354000000,0.792,1842.73,7354000000,,,,,30.00,,,,4042970,51869,,false,false,12,2022-04-01,2023-03-31,-1
2024-01-24,87000,2024-03-31,,,,,,2312000000,,420000000,,522000000,,354000000,,,,,,,,,,,,,,,,,,,,,,,,,false,true,9,2023-04-01,2023-12-31,0
2024-01-24,87000,2023-03-31,,,,,,1889000000,,112000000,,124000000,,62000000,,,,,,,,,,,,,,,,,,,,,,,,,false,false,9,2022-04-01,2022-12-31,-1
2024-01-31,8700,2024-03-31,3,,,,,2312000000,0.224,420000000,2.746,522000000,3.180,354000000,,4.649,88.81,,,,,,11401000000,7594000000,0.666,1902.84,7594000000,,,,,,,,,4042970,51870,3991100,false,false,9,2023-04-01,2023-12-31,0
2024-01-31,8700,2023-03-31,3,,,,,1889000000,-0.123,112000000,-0.671,124000000,-0.679,62000000,,-0.765,15.72,,,,,,,,,,,,,,,,,,,,,3991101,false,false,9,2022-04-01,2022-12-31,-1
2024-01-31,8700,2023-03-31,3,,,,,,,,,,,,,,,,,,,,9288000000,7354000000,0.792,1842.73,7354000000,,,,,30.00,,,,4042970,51869,,false,false,12,2022-04-01,2023-03-31,-1
,87000,2024-03-31,,,,,,,,,,,,,,,,,,,,,,,,,,,,,,80.00,,,,,,,false,true,12,2023-04-01,2024-03-31,0
,87000,2023-03-31,,,,,,,,,,,,,,,,,,,,,,,,,,,,,,30.00,,,,,,,false,false,12,2022-04-01,2023-03-31,-1
2024-04-23,87000,2024-03-31,,,,,,3262000000,,663000000,,768000000,,517000000,,,,,,,,,,,,,,,,,,,,,,,,,false,true,12,2023-04-01,2024-03-31,0
2024-04-23,87000,2023-03-31,,,,,,2502000000,,127000000,,129000000,,62000000,,,,,,,,,,,,,,,,,,,,,,,,,false,false,12,2022-04-01,2023-03-31,-1
2024-04-30,8700,2024-03-31,,,,,,3262000000,0.304,663000000,4.206,768000000,4.930,517000000,,7.273,129.74,,0.068,0.075,,,11326000000,7832000000,0.691,1962.41,7832000000,1628000000,-526000000,-119000000,3725000000,80.00,0.617,,,4042970,51870,3991100,false,false,12,2023-04-01,2024-03-31,0
2024-04-30,8700,2023-03-31,,,,,,2502000000,-0.126,127000000,-0.684,129000000,-0.714,62000000,,-0.783,15.68,,0.008,0.014,,,9288000000,7354000000,0.792,1842.73,7354000000,69000000,-1023000000,-159000000,2743000000,30.00,1.913,,,4042970,51869,3991101,false,false,12,2022-04-01,2023-03-31,-1
2024-07-24,87000,2025-03-31,,,,,,821000000,,163000000,,238000000,,161000000,,,,,,,,,,,,,,,,,,,,,,,,,true,true,3,2024-04-01,2024-06-30,0
2024-07-24,87000,2024-03-31,,,,,,790000000,,132000000,,169000000,,118000000,,,,,,,,,,,,,,,,,,,,,,,,,true,false,3,2023-04-01,2023-06-30,-1
2024-07-31,8700,2025-03-31,1,,,,,821000000,0.039,163000000,0.236,238000000,0.405,161000000,,0.360,40.44,,,,,,11464000000,7690000000,0.671,1926.97,7690000000,,,,,,,,,4042970,51870,3991100,false,false,3,2024-04-01,2024-06-30,0
2024-07-31,8700,2024-03-31,1,,,,,790000000,0.200,132000000,2.050,169000000,2.420,118000000,,2.756,29.74,,,,,,,,,,,,,,,,,,,,,3991100,false,false,3,2023-04-01,2023-06-30,-1
2024-07-31,8700,2024-03-31,1,,,,,,,,,,,,,,,,,,,,11326000000,7832000000,0.691,1962.41,7832000000,,,,,80.00,,,,4042970,51870,,false,false,12,2023-04-01,2024-03-31,-1
2024-10-24,87000,2025-03-31,,,,,,1474000000,,159000000,,268000000,,182000000,,,,,,,,,,,,,,,,,,,,,,,,,false,true,6,2024-04-01,2024-09-30,0
2024-10-24,87000,2024-03-31,,,,,,1613000000,,336000000,,381000000,,261000000,,,,,,,,,,,,,,,,,,,,,,,,,false,false,6,2023-04-01,2023-09-30,-1
2024-10-31,8700,2025-03-31,2,,,,,1474000000,-0.086,159000000,-0.527,268000000,-0.296,182000000,,-0.301,45.73,,,,,,12129000000,7456000000,0.615,1868.17,7456000000,,,,,,,,,4042970,51870,3991100,false,false,6,2024-04-01,2024-09-30,0
2024-10-31,8700,2024-03-31,2,,,,,1613000000,0.273,336000000,4.415,381000000,4.293,261000000,,5.965,65.43,,,,,,,,,,,,,,,,,,,,,3991100,false,false,6,2023-04-01,2023-09-30,-1
2024-10-31,8700,2024-03-31,2,,,,,,,,,,,,,,,,,,,,11326000000,7832000000,0.691,1962.41,7832000000,,,,,80.00,,,,4042970,51870,,false,false,12,2023-04-01,2024-03-31,-1
2025-01-27,87000,2025-03-31,,,,,,2341000000,,356000000,,484000000,,326000000,,,,,,,,,,,,,,,,,,,,,,,,,false,true,9,2024-04-01,2024-12-31,0
2025-01-27,87000,2024-03-31,,,,,,2312000000,,420000000,,522000000,,354000000,,,,,,,,,,,,,,,,,,,,,,,,,false,false,9,2023-04-01,2023-12-31,-1
2025-01-31,8700,2025-03-31,3,,,,,2341000000,0.012,356000000,-0.151,484000000,-0.072,326000000,,-0.078,81.86,,,,,,13055000000,7620000000,0.584,1909.50,7620000000,,,,,,,,,4042970,51870,3991100,false,false,9,2024-04-01,2024-12-31,0
2025-01-31,8700,2024-03-31,3,,,,,2312000000,0.224,420000000,2.746,522000000,3.180,354000000,,4.649,88.81,,,,,,,,,,,,,,,,,,,,,3991100,false,false,9,2023-04-01,2023-12-31,-1
2025-01-31,8700,2024-03-31,3,,,,,,,,,,,,,,,,,,,,11326000000,7832000000,0.691,1962.41,7832000000,,,,,80.00,,,,4042970,51870,,false,false,12,2023-04-01,2024-03-31,-1
,87000,2025-03-31,,,,,,,,,,,,,,,,,,,,,,,,,,,,,,60.00,,,,,,,false,true,12,2024-04-01,2025-03-31,0
,87000,2024-03-31,,,,,,,,,,,,,,,,,,,,,,,,,,,,,,80.00,,,,,,,false,false,12,2023-04-01,2024-03-31,-1
2025-04-23,87000,2025-03-31,,,,,,3082000000,,441000000,,599000000,,392000000,,,,,,,,,,,,,,,,,,,,,,,,,false,true,12,2024-04-01,2025-03-31,0
2025-04-23,87000,2024-03-31,,,,,,3262000000,,663000000,,768000000,,517000000,,,,,,,,,,,,,,,,,,,,,,,,,false,false,12,2023-04-01,2024-03-31,-1
2025-04-30,8700,2025-03-31,,,,,,3082000000,-0.055,441000000,-0.335,599000000,-0.220,392000000,,-0.243,98.28,,0.051,0.056,,,9917000000,7593000000,0.766,1902.64,7593000000,-35000000,-495000000,-319000000,2875000000,60.00,0.611,,,4042970,51870,3991100,false,false,12,2024-04-01,2025-03-31,0
2025-04-30,8700,2024-03-31,,,,,,3262000000,0.304,663000000,4.206,768000000,4.930,517000000,,7.273,129.74,,0.068,0.075,,,11326000000,7832000000,0.691,1962.41,7832000000,1628000000,-526000000,-119000000,3725000000,80.00,0.617,,,4042970,51870,3991100,false,false,12,2023-04-01,2024-03-31,-1
2025-07-23,87000,2026-03-31,,,,,,729000000,,85000000,,109000000,,92000000,,,,,,,,,,,,,,,,,,,,,,,,,false,true,3,2025-04-01,2025-06-30,0
2025-07-23,87000,2025-03-31,,,,,,821000000,,163000000,,238000000,,161000000,,,,,,,,,,,,,,,,,,,,,,,,,false,false,3,2024-04-01,2024-06-30,-1
2025-07-31,8700,2026-03-31,1,,,,,729000000,-0.111,85000000,-0.479,109000000,-0.542,92000000,,-0.424,23.28,,,,,,10828000000,7533000000,0.696,1887.64,7533000000,,,,,,,,,4042970,51890,3991087,false,false,3,2025-04-01,2025-06-30,0
2025-07-31,8700,2025-03-31,1,,,,,821000000,0.039,163000000,0.236,238000000,0.405,161000000,,0.360,40.44,,,,,,,,,,,,,,,,,,,,,3991100,false,false,3,2024-04-01,2024-06-30,-1
2025-07-31,8700,2025-03-31,1,,,,,,,,,,,,,,,,,,,,9917000000,7593000000,0.766,1902.64,7593000000,,,,,60.00,,,,4042970,51870,,false,false,12,2024-04-01,2025-03-31,-1
