filing_date,code,fiscal_year_end,quarterly_period,net_sales,net_sales_change,revenue,revenue_change,operating_revenue,operating_revenue_change,operating_profit,operating_profit_change,ordinary_profit,ordinary_profit_change,net_income,net_income_of_parent,net_income_change,eps,diluted_eps,roe,roa,operating_profit_to_net_sales,operating_profit_to_revenue,total_assets,net_assets,equity_ratio,bps,owner_equity,operating_cash_flow,investing_cash_flow,financing_cash_flow,cash,dividend_per_share,payout_ratio,commemorative_dividend,extra_dividend,number_of_shares,number_of_treqsury_shares,avg_number_of_shares,is_consolidated,is_forecast,duration,period_start,period_end,period_pos
2015-07-30,87060,2016-03-31,1,,,,,3125000000,-0.125,975000000,-0.516,1269000000,-0.413,,1825000000,,57.22,,,,,,85828000000,47032000000,0.511,1375.51,43881000000,,,,,,,,,,,,true,false,3,2015-04-01,2015-06-30,0
2015-07-30,87060,2015-03-31,1,,,,,3574000000,0.000,2016000000,0.106,2162000000,0.102,,1499000000,,47.01,,,,,,,,,,,,,,,,,,,,,,true,false,3,2014-04-01,2014-06-30,-1
2015-07-30,87060,2015-03-31,1,,,,,,,,,,,,,,,,,,,,99232000000,50099000000,0.445,1382.67,44109000000,,,,,,,,,,,,true,false,12,2014-04-01,2015-03-31,-1
2015-07-30,87060,2015-03-31,1,,,,,,,,,,,,,,,,,,,,,,,,,,,,,90.00,,,,32779000,877402,,false,false,12,2014-04-01,2015-03-31,-1
2015-07-30,87060,2016-03-31,1,,,,,,,,,,,,,,,,,,,,,,,,,,,,,,,,,32779000,877402,31901598,false,false,3,2015-04-01,2015-06-30,0
2015-07-30,87060,2015-03-31,1,,,,,,,,,,,,,,,,,,,,,,,,,,,,,,,,,,,31901610,false,false,3,2014-04-01,2014-06-30,-1
,87060,2016-03-31,,,,,,,,,,,,,,,,,,,,,,,,,,,,,,40.00,,,,,,,false,true,12,2015-04-01,2016-03-31,0
,87060,2015-03-31,,,,,,,,,,,,,,,,,,,,,,,,,,,,,,90.00,,,,,,,false,false,12,2014-04-01,2015-03-31,-1
2015-10-16,87060,2016-03-31,,,,,,5335000000,,1623000000,,2180000000,,,2309000000,,72.40,,,,,,,,,,,,,,,,,,,,,,true,true,6,2015-04-01,2015-09-30,0
2015-10-16,87060,2015-03-31,,,,,,7178000000,,3745000000,,3968000000,,,2968000000,,93.06,,,,,,,,,,,,,,,,,,,,,,true,false,6,2014-04-01,2014-09-30,-1
2015-10-29,87060,2016-03-31,2,,,,,5335000000,-0.257,1623000000,-0.567,2180000000,-0.450,,2309000000,,72.40,,,,,,89346000000,46473000000,0.490,1372.48,43784000000,,,,,,,,,,,,true,false,6,2015-04-01,2015-09-30,0
2015-10-29,87060,2015-03-31,2,,,,,7178000000,0.021,3745000000,0.111,3968000000,0.043,,2968000000,,93.06,,,,,,,,,,,,,,,,,,,,,,true,false,6,2014-04-01,2014-09-30,-1
2015-10-29,87060,2015-03-31,2,,,,,,,,,,,,,,,,,,,,99232000000,50099000000,0.445,1382.67,44109000000,,,,,,,,,,,,true,false,12,2014-04-01,2015-03-31,-1
2015-10-29,87060,2015-03-31,2,,,,,,,,,,,,,,,,,,,,,,,,,,,,,90.00,,,,32779000,877402,,false,false,12,2014-04-01,2015-03-31,-1
2015-10-29,87060,2016-03-31,2,,,,,,,,,,,,,,,,,,,,,,,,,,,,,40.00,,,,,,,false,false,12,2015-04-01,2016-03-31,0
2015-10-29,87060,2016-03-31,2,,,,,,,,,,,,,,,,,,,,,,,,,,,,,,,,,32779000,877402,31901598,false,false,6,2015-04-01,2015-09-30,0
2015-10-29,87060,2015-03-31,2,,,,,,,,,,,,,,,,,,,,,,,,,,,,,,,,,,,31901604,false,false,6,2014-04-01,2014-09-30,-1
2016-01-28,87060,2016-03-31,3,,,,,7644000000,-0.285,2484000000,-0.506,3177000000,-0.392,,2170000000,,68.04,,,,,,86616000000,45335000000,0.492,1335.03,42589000000,,,,,,,,,,,,true,false,9,2015-04-01,2015-12-31,0
2016-01-28,87060,2015-03-31,3,,,,,10687000000,0.037,5032000000,0.041,5229000000,-0.031,,4015000000,,125.86,,,,,,,,,,,,,,,,,,,,,,true,false,9,2014-04-01,2014-12-31,-1
2016-01-28,87060,2015-03-31,3,,,,,,,,,,,,,,,,,,,,99232000000,50099000000,0.445,1382.67,44109000000,,,,,,,,,,,,true,false,12,2014-04-01,2015-03-31,-1
2016-01-28,87060,2015-03-31,3,,,,,,,,,,,,,,,,,,,,,,,,,,,,,90.00,,,,32779000,877402,,false,false,12,2014-04-01,2015-03-31,-1
2016-01-28,87060,2016-03-31,3,,,,,,,,,,,,,,,,,,,,,,,,,,,,,40.00,,,,,,,false,false,12,2015-04-01,2016-03-31,0
2016-01-28,87060,2016-03-31,3,,,,,,,,,,,,,,,,,,,,,,,,,,,,,,,,,32779000,877402,31901598,false,false,9,2015-04-01,2015-12-31,0
2016-01-28,87060,2015-03-31,3,,,,,,,,,,,,,,,,,,,,,,,,,,,,,,,,,,,31901602,false,false,9,2014-04-01,2014-12-31,-1
,87060,2016-03-31,,,,,,,,,,,,,,,,,,,,,,,,,,,,,,70.00,,,,,,,false,true,12,2015-04-01,2016-03-31,0
,87060,2016-03-31,,,,,,,,,,,,,,,,,,,,,,,,,,,,,,40.00,,,,,,,false,false,12,2015-04-01,2016-03-31,0
,87060,2015-03-31,,,,,,,,,,,,,,,,,,,,,,,,,,,,,,90.00,,,,,,,false,false,12,2014-04-01,2015-03-31,-1
2016-04-15,87060,2016-03-31,,,,,,10222000000,,3420000000,,4276000000,,,2855000000,,89.51,,,,,,,,,,,,,,,,,,,,,,true,true,12,2015-04-01,2016-03-31,0
2016-04-15,87060,2015-03-31,,,,,,13361000000,,6273000000,,6326000000,,,5659000000,,177.41,,,,,,,,,,,,,,,,,,,,,,true,false,12,2014-04-01,2015-03-31,-1
2016-04-28,87060,2016-03-31,,,,,,10222000000,-0.235,3420000000,-0.455,4276000000,-0.324,,2867000000,,89.87,,0.066,0.047,0.335,,83011000000,45605000000,0.518,1348.46,43017000000,1039000000,9507000000,-13732000000,8400000000,,0.779,,,,,,true,false,12,2015-04-01,2016-03-31,0
2016-04-28,87060,2015-03-31,,,,,,13361000000,-0.039,6273000000,-0.084,6326000000,-0.160,,5659000000,,177.41,,0.131,0.066,0.469,,99232000000,50099000000,0.445,1382.67,44109000000,6588000000,-7417000000,423000000,11793000000,,0.507,,,,,,true,false,12,2014-04-01,2015-03-31,-1
2016-04-28,87060,2016-03-31,,,,,,8371000000,-0.229,2938000000,-0.443,4179000000,-0.300,2634000000,,-0.500,82.59,,,,,,69128000000,40741000000,0.589,1277.11,40741000000,,,,,70.00,,,,32779000,877402,31901598,false,false,12,2015-04-01,2016-03-31,0
2016-04-28,87060,2015-03-31,,,,,,10854000000,-0.112,5278000000,-0.113,5967000000,-0.184,5269000000,,-0.323,165.18,,,,,,76388000000,42065000000,0.551,1318.60,42065000000,,,,,90.00,,,,32779000,877402,31901601,false,false,12,2014-04-01,2015-03-31,-1
2016-07-28,87060,2017-03-31,1,,,,,2957000000,-0.054,1051000000,0.077,1257000000,-0.009,,1382000000,,43.33,,,,,,73712000000,45077000000,0.586,1353.31,43172000000,,,,,,,,,,,,true,false,3,2016-04-01,2016-06-30,0
2016-07-28,87060,2016-03-31,1,,,,,3125000000,-0.125,975000000,-0.516,1269000000,-0.413,,1825000000,,57.22,,,,,,,,,,,,,,,,,,,,,,true,false,3,2015-04-01,2015-06-30,-1
2016-07-28,87060,2016-03-31,1,,,,,,,,,,,,,,,,,,,,83011000000,45605000000,0.518,1348.46,43017000000,,,,,,,,,,,,true,false,12,2015-04-01,2016-03-31,-1
2016-07-28,87060,2016-03-31,1,,,,,,,,,,,,,,,,,,,,,,,,,,,,,70.00,,,,32779000,877402,,false,false,12,2015-04-01,2016-03-31,-1
2016-07-28,87060,2017-03-31,1,,,,,,,,,,,,,,,,,,,,,,,,,,,,,,,,,32779000,877402,31901598,false,false,3,2016-04-01,2016-06-30,0
2016-07-28,87060,2016-03-31,1,,,,,,,,,,,,,,,,,,,,,,,,,,,,,,,,,,,31901598,false,false,3,2015-04-01,2015-06-30,-1
,87060,2017-03-31,,,,,,,,,,,,,,,,,,,,,,,,,,,,,,40.00,,,,,,,false,true,12,2016-04-01,2017-03-31,0
,87060,2016-03-31,,,,,,,,,,,,,,,,,,,,,,,,,,,,,,70.00,,,,,,,false,false,12,2015-04-01,2016-03-31,-1
2016-10-18,87060,2017-03-31,,,,,,5767000000,,2475000000,,2751000000,,,2994000000,,93.87,,,,,,,,,,,,,,,,,,,,,,true,true,6,2016-04-01,2016-09-30,0
2016-10-18,87060,2016-03-31,,,,,,5335000000,,1623000000,,2180000000,,,2309000000,,72.40,,,,,,,,,,,,,,,,,,,,,,true,false,6,2015-04-01,2015-09-30,-1
2016-10-28,87060,2017-03-31,2,,,,,5767000000,0.081,2475000000,0.525,2751000000,0.262,,2994000000,,93.87,,,,,,74853000000,47069000000,0.602,1413.45,45091000000,,,,,,,,,,,,true,false,6,2016-04-01,2016-09-30,0
2016-10-28,87060,2016-03-31,2,,,,,5335000000,-0.257,1623000000,-0.567,2180000000,-0.450,,2309000000,,72.40,,,,,,,,,,,,,,,,,,,,,,true,false,6,2015-04-01,2015-09-30,-1
2016-10-28,87060,2016-03-31,2,,,,,,,,,,,,,,,,,,,,83011000000,45605000000,0.518,1348.46,43017000000,,,,,,,,,,,,true,false,12,2015-04-01,2016-03-31,-1
2016-10-28,87060,2016-03-31,2,,,,,,,,,,,,,,,,,,,,,,,,,,,,,70.00,,,,32779000,877402,,false,false,12,2015-04-01,2016-03-31,-1
2016-10-28,87060,2017-03-31,2,,,,,,,,,,,,,,,,,,,,,,,,,,,,,40.00,,,,,,,false,false,12,2016-04-01,2017-03-31,0
2016-10-28,87060,2017-03-31,2,,,,,,,,,,,,,,,,,,,,,,,,,,,,,,,,,32779000,877432,31901595,false,false,6,2016-04-01,2016-09-30,0
2016-10-28,87060,2016-03-31,2,,,,,,,,,,,,,,,,,,,,,,,,,,,,,,,,,,,31901598,false,false,6,2015-04-01,2015-09-30,-1
2017-01-27,87060,2017-03-31,3,,,,,8077000000,0.057,3250000000,0.308,3654000000,0.150,,3909000000,,122.55,,,,,,73008000000,45781000000,0.615,1407.74,44909000000,,,,,,,,,,,,true,false,9,2016-04-01,2016-12-31,0
2017-01-27,87060,2016-03-31,3,,,,,7644000000,-0.285,2484000000,-0.506,3177000000,-0.392,,2170000000,,68.04,,,,,,,,,,,,,,,,,,,,,,true,false,9,2015-04-01,2015-12-31,-1
2017-01-27,87060,2016-03-31,3,,,,,,,,,,,,,,,,,,,,83011000000,45605000000,0.518,1348.46,43017000000,,,,,,,,,,,,true,false,12,2015-04-01,2016-03-31,-1
2017-01-27,87060,2016-03-31,3,,,,,,,,,,,,,,,,,,,,,,,,,,,,,70.00,,,,32779000,877402,,false,false,12,2015-04-01,2016-03-31,-1
2017-01-27,87060,2017-03-31,3,,,,,,,,,,,,,,,,,,,,,,,,,,,,,40.00,,,,,,,false,false,12,2016-04-01,2017-03-31,0
2017-01-27,87060,2017-03-31,3,,,,,,,,,,,,,,,,,,,,,,,,,,,,,,,,,32779000,877432,31901586,false,false,9,2016-04-01,2016-12-31,0
2017-01-27,87060,2016-03-31,3,,,,,,,,,,,,,,,,,,,,,,,,,,,,,,,,,,,31901598,false,false,9,2015-04-01,2015-12-31,-1
,87060,2017-03-31,,,,,,,,,,,,,,,,,,,,,,,,,,,,,,80.00,,,,,,,false,true,12,2016-04-01,2017-03-31,0
,87060,2017-03-31,,,,,,,,,,,,,,,,,,,,,,,,,,,,,,40.00,,,,,,,false,false,12,2016-04-01,2017-03-31,0
,87060,2016-03-31,,,,,,,,,,,,,,,,,,,,,,,,,,,,,,70.00,,,,,,,false,false,12,2015-04-01,2016-03-31,-1
2017-04-14,87060,2017-03-31,,,,,,10341000000,,4244000000,,4735000000,,,4688000000,,146.98,,,,,,,,,,,,,,,,,,,,,,true,true,12,2016-04-01,2017-03-31,0
2017-04-14,87060,2016-03-31,,,,,,10222000000,,3420000000,,4276000000,,,2867000000,,89.87,,,,,,,,,,,,,,,,,,,,,,true,false,12,2015-04-01,2016-03-31,-1
2017-04-28,87060,2017-03-31,,,,,,10341000000,0.012,4244000000,0.241,4735000000,0.107,,4688000000,,146.98,,0.106,0.061,0.410,,72263000000,46435000000,0.631,1430.25,45627000000,5280000000,17266000000,-18313000000,12406000000,,0.544,,,,,,true,false,12,2016-04-01,2017-03-31,0
2017-04-28,87060,2016-03-31,,,,,,10222000000,-0.235,3420000000,-0.455,4276000000,-0.324,,2867000000,,89.87,,0.066,0.047,0.335,,83011000000,45605000000,0.518,1348.46,43017000000,1039000000,9507000000,-13732000000,8400000000,,0.779,,,,,,true,false,12,2015-04-01,2016-03-31,-1
2017-04-28,87060,2017-03-31,,,,,,9410000000,0.124,4219000000,0.436,4596000000,0.100,3545000000,,0.345,111.13,,,,,,65882000000,42207000000,0.641,1323.06,42207000000,,,,,80.00,,,,32779000,877432,31901582,false,false,12,2016-04-01,2017-03-31,0
2017-04-28,87060,2016-03-31,,,,,,8371000000,-0.229,2938000000,-0.443,4179000000,-0.300,2634000000,,-0.500,82.59,,,,,,69128000000,40741000000,0.589,1277.11,40741000000,,,,,70.00,,,,32779000,877402,31901598,false,false,12,2015-04-01,2016-03-31,-1
2017-07-28,87060,2018-03-31,1,,,,,848000000,-0.713,-322000000,,-114000000,,,-105000000,,-3.31,,,,,,74393000000,45342000000,0.599,1395.84,44529000000,,,,,,,,,,,,true,false,3,2017-04-01,2017-06-30,0
2017-07-28,87060,2017-03-31,1,,,,,2957000000,-0.054,1051000000,0.077,1257000000,-0.009,,1382000000,,43.33,,,,,,,,,,,,,,,,,,,,,,true,false,3,2016-04-01,2016-06-30,-1
2017-07-28,87060,2017-03-31,1,,,,,,,,,,,,,,,,,,,,72263000000,46435000000,0.631,1430.25,45627000000,,,,,,,,,,,,true,false,12,2016-04-01,2017-03-31,-1
2017-07-28,87060,2017-03-31,1,,,,,,,,,,,,,,,,,,,,,,,,,,,,,80.00,,,,32779000,877432,,false,false,12,2016-04-01,2017-03-31,-1
2017-07-28,87060,2018-03-31,1,,,,,,,,,,,,,,,,,,,,,,,,,,,,,,,,,32779000,877432,31901568,false,false,3,2017-04-01,2017-06-30,0
2017-07-28,87060,2017-03-31,1,,,,,,,,,,,,,,,,,,,,,,,,,,,,,,,,,,,31901598,false,false,3,2016-04-01,2016-06-30,-1
,87060,2018-03-31,,,,,,,,,,,,,,,,,,,,,,,,,,,,,,30.00,,,,,,,false,true,12,2017-04-01,2018-03-31,0
,87060,2017-03-31,,,,,,,,,,,,,,,,,,,,,,,,,,,,,,80.00,,,,,,,false,false,12,2016-04-01,2017-03-31,-1
2017-10-17,87060,2018-03-31,,,,,,3381000000,,897000000,,1188000000,,,807000000,,25.31,,,,,,,,,,,,,,,,,,,,,,true,true,6,2017-04-01,2017-09-30,0
2017-10-17,87060,2017-03-31,,,,,,5767000000,,2475000000,,2751000000,,,2994000000,,93.87,,,,,,,,,,,,,,,,,,,,,,true,false,6,2016-04-01,2016-09-30,-1
2017-10-27,87060,2018-03-31,2,,,,,3381000000,-0.414,897000000,-0.637,1188000000,-0.568,,807000000,,25.31,,,,,,73782000000,45973000000,0.612,1415.58,45159000000,,,,,,,,,,,,true,false,6,2017-04-01,2017-09-30,0
2017-10-27,87060,2017-03-31,2,,,,,5767000000,0.081,2475000000,0.525,2751000000,0.262,,2994000000,,93.87,,,,,,,,,,,,,,,,,,,,,,true,false,6,2016-04-01,2016-09-30,-1
2017-10-27,87060,2017-03-31,2,,,,,,,,,,,,,,,,,,,,72263000000,46435000000,0.631,1430.25,45627000000,,,,,,,,,,,,true,false,12,2016-04-01,2017-03-31,-1
2017-10-27,87060,2017-03-31,2,,,,,,,,,,,,,,,,,,,,,,,,,,,,,80.00,,,,32779000,877432,,false,false,12,2016-04-01,2017-03-31,-1
2017-10-27,87060,2018-03-31,2,,,,,,,,,,,,,,,,,,,,,,,,,,,,,30.00,,,,,,,false,false,12,2017-04-01,2018-03-31,0
2017-10-27,87060,2018-03-31,2,,,,,,,,,,,,,,,,,,,,,,,,,,,,,,,,,32779000,877432,31901568,false,false,6,2017-04-01,2017-09-30,0
2017-10-27,87060,2017-03-31,2,,,,,,,,,,,,,,,,,,,,,,,,,,,,,,,,,,,31901595,false,false,6,2016-04-01,2016-09-30,-1
2018-01-26,87060,2018-03-31,3,,,,,5653000000,-0.300,1868000000,-0.425,2263000000,-0.381,,2334000000,,73.19,,,,,,75904000000,46613000000,0.603,1435.20,45785000000,,,,,,,,,,,,true,false,9,2017-04-01,2017-12-31,0
2018-01-26,87060,2017-03-31,3,,,,,8077000000,0.057,3250000000,0.308,3654000000,0.150,,3909000000,,122.55,,,,,,,,,,,,,,,,,,,,,,true,false,9,2016-04-01,2016-12-31,-1
2018-01-26,87060,2017-03-31,3,,,,,,,,,,,,,,,,,,,,72263000000,46435000000,0.631,1430.25,45627000000,,,,,,,,,,,,true,false,12,2016-04-01,2017-03-31,-1
2018-01-26,87060,2017-03-31,3,,,,,,,,,,,,,,,,,,,,,,,,,,,,,80.00,,,,32779000,877432,,false,false,12,2016-04-01,2017-03-31,-1
2018-01-26,87060,2018-03-31,3,,,,,,,,,,,,,,,,,,,,,,,,,,,,,30.00,,,,,,,false,false,12,2017-04-01,2018-03-31,0
2018-01-26,87060,2018-03-31,3,,,,,,,,,,,,,,,,,,,,,,,,,,,,,,,,,32779000,877496,31901550,false,false,9,2017-04-01,2017-12-31,0
2018-01-26,87060,2017-03-31,3,,,,,,,,,,,,,,,,,,,,,,,,,,,,,,,,,,,31901586,false,false,9,2016-04-01,2016-12-31,-1
,87060,2018-03-31,,,,,,,,,,,,,,,,,,,,,,,,,,,,,,70.00,,,,,,,false,true,12,2017-04-01,2018-03-31,0
,87060,2018-03-31,,,,,,,,,,,,,,,,,,,,,,,,,,,,,,30.00,,,,,,,false,false,12,2017-04-01,2018-03-31,0
,87060,2017-03-31,,,,,,,,,,,,,,,,,,,,,,,,,,,,,,80.00,,,,,,,false,false,12,2016-04-01,2017-03-31,-1
2018-04-13,87060,2018-03-31,,,,,,8289000000,,3097000000,,3567000000,,,3065000000,,96.09,,,,,,,,,,,,,,,,,,,,,,true,true,12,2017-04-01,2018-03-31,0
2018-04-13,87060,2017-03-31,,,,,,10341000000,,4244000000,,4735000000,,,4688000000,,146.98,,,,,,,,,,,,,,,,,,,,,,true,false,12,2016-04-01,2017-03-31,-1
2018-04-27,87060,2018-03-31,,,,,,8289000000,-0.198,3097000000,-0.270,3567000000,-0.247,,3065000000,,96.09,,0.067,0.049,0.374,,73113000000,47337000000,0.636,1457.39,46492000000,605000000,-364000000,-3268000000,9278000000,,0.729,,,,,,true,false,12,2017-04-01,2018-03-31,0
2018-04-27,87060,2017-03-31,,,,,,10341000000,0.012,4244000000,0.241,4735000000,0.107,,4688000000,,146.98,,0.106,0.061,0.410,,72263000000,46435000000,0.631,1430.25,45627000000,5280000000,17266000000,-18313000000,12406000000,,0.544,,,,,,true,false,12,2016-04-01,2017-03-31,-1
2018-04-27,87060,2018-03-31,,,,,,7430000000,-0.210,2303000000,-0.454,2803000000,-0.390,2926000000,,-0.174,91.74,,,,,,66354000000,42934000000,0.647,1345.84,42934000000,,,,,70.00,,,,32779000,877496,31901539,false,false,12,2017-04-01,2018-03-31,0
2018-04-27,87060,2017-03-31,,,,,,9410000000,0.124,4219000000,0.436,4596000000,0.100,3545000000,,0.345,111.13,,,,,,65882000000,42207000000,0.641,1323.06,42207000000,,,,,80.00,,,,32779000,877432,31901582,false,false,12,2016-04-01,2017-03-31,-1
2018-07-13,87060,2019-03-31,,,,,,1522000000,,276000000,,264000000,,,223000000,,7.01,,,,,,,,,,,,,,,,,,,,,,true,true,3,2018-04-01,2018-06-30,0
2018-07-13,87060,2018-03-31,,,,,,848000000,,-322000000,,-114000000,,,-105000000,,-3.31,,,,,,,,,,,,,,,,,,,,,,true,false,3,2017-04-01,2017-06-30,-1
2018-07-27,87060,2019-03-31,1,,,,,1522000000,0.795,276000000,,264000000,,,223000000,,7.01,,,,,,73091000000,46274000000,0.622,1424.00,45427000000,,,,,,,,,,,,true,false,3,2018-04-01,2018-06-30,0
2018-07-27,87060,2018-03-31,1,,,,,848000000,-0.713,-322000000,,-114000000,,,-105000000,,-3.31,,,,,,,,,,,,,,,,,,,,,,true,false,3,2017-04-01,2017-06-30,-1
2018-07-27,87060,2018-03-31,1,,,,,,,,,,,,,,,,,,,,72972000000,47337000000,0.637,1457.39,46492000000,,,,,,,,,,,,true,false,12,2017-04-01,2018-03-31,-1
2018-07-27,87060,2018-03-31,1,,,,,,,,,,,,,,,,,,,,,,,,,,,,,70.00,,,,32779000,877496,,false,false,12,2017-04-01,2018-03-31,-1
2018-07-27,87060,2019-03-31,1,,,,,,,,,,,,,,,,,,,,,,,,,,,,,,,,,32779000,877496,31901504,false,false,3,2018-04-01,2018-06-30,0
2018-07-27,87060,2018-03-31,1,,,,,,,,,,,,,,,,,,,,,,,,,,,,,,,,,,,31901568,false,false,3,2017-04-01,2017-06-30,-1
,87060,2019-03-31,,,,,,,,,,,,,,,,,,,,,,,,,,,,,,30.00,,,,,,,false,true,12,2018-04-01,2019-03-31,0
,87060,2018-03-31,,,,,,,,,,,,,,,,,,,,,,,,,,,,,,70.00,,,,,,,false,false,12,2017-04-01,2018-03-31,-1
2018-10-12,87060,2019-03-31,,,,,,3319000000,,797000000,,881000000,,,1322000000,,41.45,,,,,,,,,,,,,,,,,,,,,,true,true,6,2018-04-01,2018-09-30,0
2018-10-12,87060,2018-03-31,,,,,,3381000000,,897000000,,1188000000,,,807000000,,25.31,,,,,,,,,,,,,,,,,,,,,,true,false,6,2017-04-01,2017-09-30,-1
2018-10-26,87060,2019-03-31,2,,,,,3319000000,-0.018,797000000,-0.111,881000000,-0.258,,1322000000,,41.45,,,,,,71957000000,46590000000,0.647,1460.15,46580000000,,,,,,,,,,,,true,false,6,2018-04-01,2018-09-30,0
2018-10-26,87060,2018-03-31,2,,,,,3381000000,-0.414,897000000,-0.637,1188000000,-0.568,,807000000,,25.31,,,,,,,,,,,,,,,,,,,,,,true,false,6,2017-04-01,2017-09-30,-1
2018-10-26,87060,2018-03-31,2,,,,,,,,,,,,,,,,,,,,72972000000,47337000000,0.637,1457.39,46492000000,,,,,,,,,,,,true,false,12,2017-04-01,2018-03-31,-1
2018-10-26,87060,2018-03-31,2,,,,,,,,,,,,,,,,,,,,,,,,,,,,,70.00,,,,32779000,877496,,false,false,12,2017-04-01,2018-03-31,-1
2018-10-26,87060,2019-03-31,2,,,,,,,,,,,,,,,,,,,,,,,,,,,,,30.00,,,,,,,false,false,12,2018-04-01,2019-03-31,0
2018-10-26,87060,2019-03-31,2,,,,,,,,,,,,,,,,,,,,,,,,,,,,,,,,,32779000,877496,31901504,false,false,6,2018-04-01,2018-09-30,0
2018-10-26,87060,2018-03-31,2,,,,,,,,,,,,,,,,,,,,,,,,,,,,,,,,,,,31901568,false,false,6,2017-04-01,2017-09-30,-1
2019-01-18,87060,2019-03-31,,,,,,4048000000,,315000000,,458000000,,,1005000000,,31.53,,,,,,,,,,,,,,,,,,,,,,true,true,9,2018-04-01,2018-12-31,0
2019-01-18,87060,2018-03-31,,,,,,5653000000,,1868000000,,2263000000,,,2334000000,,73.19,,,,,,,,,,,,,,,,,,,,,,true,false,9,2017-04-01,2017-12-31,-1
2019-01-25,87060,2019-03-31,3,,,,,4048000000,-0.284,315000000,-0.831,458000000,-0.797,,1005000000,,31.53,,,,,,66489000000,44699000000,0.672,1400.89,44690000000,,,,,,,,,,,,true,false,9,2018-04-01,2018-12-31,0
2019-01-25,87060,2018-03-31,3,,,,,5653000000,-0.300,1868000000,-0.425,2263000000,-0.381,,2334000000,,73.19,,,,,,,,,,,,,,,,,,,,,,true,false,9,2017-04-01,2017-12-31,-1
2019-01-25,87060,2018-03-31,3,,,,,,,,,,,,,,,,,,,,72972000000,47337000000,0.637,1457.39,46492000000,,,,,,,,,,,,true,false,12,2017-04-01,2018-03-31,-1
2019-01-25,87060,2018-03-31,3,,,,,,,,,,,,,,,,,,,,,,,,,,,,,70.00,,,,32779000,877496,,false,false,12,2017-04-01,2018-03-31,-1
2019-01-25,87060,2019-03-31,3,,,,,,,,,,,,,,,,,,,,,,,,,,,,,30.00,,,,,,,false,false,12,2018-04-01,2019-03-31,0
2019-01-25,87060,2019-03-31,3,,,,,,,,,,,,,,,,,,,,,,,,,,,,,,,,,32779000,877496,31901504,false,false,9,2018-04-01,2018-12-31,0
2019-01-25,87060,2018-03-31,3,,,,,,,,,,,,,,,,,,,,,,,,,,,,,,,,,,,31901550,false,false,9,2017-04-01,2017-12-31,-1
,87060,2019-03-31,,,,,,,,,,,,,,,,,,,,,,,,,,,,,,45.00,,,,,,,false,true,12,2018-04-01,2019-03-31,0
,87060,2019-03-31,,,,,,,,,,,,,,,,,,,,,,,,,,,,,,30.00,,,,,,,false,false,12,2018-04-01,2019-03-31,0
,87060,2018-03-31,,,,,,,,,,,,,,,,,,,,,,,,,,,,,,70.00,,,,,,,false,false,12,2017-04-01,2018-03-31,-1
2019-04-16,87060,2019-03-31,,,,,,6485000000,,1447000000,,1685000000,,,1680000000,,52.69,,,,,,,,,,,,,,,,,,,,,,true,true,12,2018-04-01,2019-03-31,0
2019-04-16,87060,2018-03-31,,,,,,8289000000,,3097000000,,3567000000,,,3065000000,,96.09,,,,,,,,,,,,,,,,,,,,,,true,false,12,2017-04-01,2018-03-31,-1
2019-04-26,87060,2019-03-31,,,,,,6485000000,-0.218,1447000000,-0.533,1685000000,-0.528,,1680000000,,52.69,,0.036,0.024,0.223,,67898000000,45805000000,0.674,1435.55,45796000000,10566000000,-3080000000,-2243000000,14440000000,,0.854,,,,,,true,false,12,2018-04-01,2019-03-31,0
2019-04-26,87060,2018-03-31,,,,,,8289000000,-0.198,3097000000,-0.270,3567000000,-0.247,,3065000000,,96.09,,0.067,0.049,0.374,,72972000000,47337000000,0.637,1457.39,46492000000,605000000,-364000000,-3268000000,9278000000,,0.729,,,,,,true,false,12,2017-04-01,2018-03-31,-1
2019-04-26,87060,2019-03-31,,,,,,6232000000,-0.161,1199000000,-0.479,1442000000,-0.486,1438000000,,-0.509,45.08,,,,,,64095000000,42047000000,0.656,1318.04,42047000000,,,,,45.00,,,,32779000,877496,31901504,false,false,12,2018-04-01,2019-03-31,0
2019-04-26,87060,2018-03-31,,,,,,7430000000,-0.210,2303000000,-0.454,2803000000,-0.390,2926000000,,-0.174,91.74,,,,,,66213000000,42934000000,0.648,1345.84,42934000000,,,,,70.00,,,,32779000,877496,31901539,false,false,12,2017-04-01,2018-03-31,-1
2019-07-12,87060,2020-03-31,,,,,,1877000000,,607000000,,694000000,,,453000000,,14.22,,,,,,,,,,,,,,,,,,,,,,true,true,3,2019-04-01,2019-06-30,0
2019-07-12,87060,2019-03-31,,,,,,1522000000,,276000000,,264000000,,,223000000,,7.01,,,,,,,,,,,,,,,,,,,,,,true,false,3,2018-04-01,2018-06-30,-1
2019-07-30,87060,2020-03-31,1,,,,,1877000000,0.233,607000000,1.196,694000000,1.623,,453000000,,14.22,,,,,,68016000000,45263000000,0.665,1418.59,45255000000,,,,,,,,,,,,true,false,3,2019-04-01,2019-06-30,0
2019-07-30,87060,2019-03-31,1,,,,,1522000000,0.795,276000000,,264000000,,,223000000,,7.01,,,,,,,,,,,,,,,,,,,,,,true,false,3,2018-04-01,2018-06-30,-1
2019-07-30,87060,2019-03-31,1,,,,,,,,,,,,,,,,,,,,67898000000,45805000000,0.674,1435.55,45796000000,,,,,,,,,,,,true,false,12,2018-04-01,2019-03-31,-1
2019-07-30,87060,2019-03-31,1,,,,,,,,,,,,,,,,,,,,,,,,,,,,,45.00,,,,32779000,877496,,false,false,12,2018-04-01,2019-03-31,-1
2019-07-30,87060,2020-03-31,1,,,,,,,,,,,,,,,,,,,,,,,,,,,,,,,,,32779000,877496,31901504,false,false,3,2019-04-01,2019-06-30,0
2019-07-30,87060,2019-03-31,1,,,,,,,,,,,,,,,,,,,,,,,,,,,,,,,,,,,31901504,false,false,3,2018-04-01,2018-06-30,-1
,87060,2020-03-31,,,,,,,,,,,,,,,,,,,,,,,,,,,,,,15.00,,,,,,,false,true,12,2019-04-01,2020-03-31,0
,87060,2019-03-31,,,,,,,,,,,,,,,,,,,,,,,,,,,,,,45.00,,,,,,,false,false,12,2018-04-01,2019-03-31,-1
2019-10-16,87060,2020-03-31,,2561000000,,,,,,112000000,,340000000,,200000000,,,6.28,,,,,,,,,,,,,,,,,,,,,,true,true,6,2019-04-01,2019-09-30,0
2019-10-16,87060,2019-03-31,,3319000000,,,,,,797000000,,881000000,,1322000000,,,41.45,,,,,,,,,,,,,,,,,,,,,,true,false,6,2018-04-01,2018-09-30,-1
2019-10-30,87060,2020-03-31,2,,,,,2561000000,-0.228,112000000,-0.859,340000000,-0.614,,200000000,,6.28,,,,,,69593000000,45156000000,0.649,1415.23,45147000000,,,,,,,,,,,,true,false,6,2019-04-01,2019-09-30,0
2019-10-30,87060,2019-03-31,2,,,,,3319000000,-0.018,797000000,-0.111,881000000,-0.258,,1322000000,,41.45,,,,,,,,,,,,,,,,,,,,,,true,false,6,2018-04-01,2018-09-30,-1
2019-10-30,87060,2019-03-31,2,,,,,,,,,,,,,,,,,,,,67898000000,45805000000,0.674,1435.55,45796000000,,,,,,,,,,,,true,false,12,2018-04-01,2019-03-31,-1
2019-10-30,87060,2019-03-31,2,,,,,,,,,,,,,,,,,,,,,,,,,,,,,45.00,,,,32779000,877496,,false,false,12,2018-04-01,2019-03-31,-1
2019-10-30,87060,2020-03-31,2,,,,,,,,,,,,,,,,,,,,,,,,,,,,,15.00,,,,,,,false,false,12,2019-04-01,2020-03-31,0
2019-10-30,87060,2020-03-31,2,,,,,,,,,,,,,,,,,,,,,,,,,,,,,,,,,32779000,877512,31901497,false,false,6,2019-04-01,2019-09-30,0
2019-10-30,87060,2019-03-31,2,,,,,,,,,,,,,,,,,,,,,,,,,,,,,,,,,,,31901504,false,false,6,2018-04-01,2018-09-30,-1
2020-01-21,87060,2020-03-31,,,,,,4573000000,,877000000,,1239000000,,,836000000,,26.21,,,,,,,,,,,,,,,,,,,,,,true,true,9,2019-04-01,2019-12-31,0
2020-01-21,87060,2019-03-31,,,,,,4048000000,,315000000,,458000000,,,1005000000,,31.53,,,,,,,,,,,,,,,,,,,,,,true,false,9,2018-04-01,2018-12-31,-1
2020-01-30,87060,2020-03-31,3,,,,,4573000000,0.130,877000000,1.777,1239000000,1.705,,836000000,,26.21,,,,,,70954000000,45532000000,0.642,1427.00,45523000000,,,,,,,,,,,,true,false,9,2019-04-01,2019-12-31,0
2020-01-30,87060,2019-03-31,3,,,,,4048000000,-0.284,315000000,-0.831,458000000,-0.797,,1005000000,,31.53,,,,,,,,,,,,,,,,,,,,,,true,false,9,2018-04-01,2018-12-31,-1
2020-01-30,87060,2019-03-31,3,,,,,,,,,,,,,,,,,,,,67898000000,45805000000,0.674,1435.55,45796000000,,,,,,,,,,,,true,false,12,2018-04-01,2019-03-31,-1
2020-01-30,87060,2019-03-31,3,,,,,,,,,,,,,,,,,,,,,,,,,,,,,45.00,,,,32779000,877496,,false,false,12,2018-04-01,2019-03-31,-1
2020-01-30,87060,2020-03-31,3,,,,,,,,,,,,,,,,,,,,,,,,,,,,,15.00,,,,,,,false,false,12,2019-04-01,2020-03-31,0
2020-01-30,87060,2020-03-31,3,,,,,,,,,,,,,,,,,,,,,,,,,,,,,,,,,32779000,877512,31901494,false,false,9,2019-04-01,2019-12-31,0
2020-01-30,87060,2019-03-31,3,,,,,,,,,,,,,,,,,,,,,,,,,,,,,,,,,,,31901504,false,false,9,2018-04-01,2018-12-31,-1
,87060,2020-03-31,,,,,,,,,,,,,,,,,,,,,,,,,,,,,,30.00,,,,,,,false,true,12,2019-04-01,2020-03-31,0
,87060,2020-03-31,,,,,,,,,,,,,,,,,,,,,,,,,,,,,,15.00,,,,,,,false,false,12,2019-04-01,2020-03-31,0
,87060,2019-03-31,,,,,,,,,,,,,,,,,,,,,,,,,,,,,,45.00,,,,,,,false,false,12,2018-04-01,2019-03-31,-1
2020-04-14,87060,2020-03-31,,,,,,3754000000,,-1191000000,,-746000000,,,-560000000,,-17.56,,,,,,,,,,,,,,,,,,,,,,true,true,12,2019-04-01,2020-03-31,0
2020-04-14,87060,2019-03-31,,,,,,6485000000,,1447000000,,1685000000,,,1680000000,,52.69,,,,,,,,,,,,,,,,,,,,,,true,false,12,2018-04-01,2019-03-31,-1
2020-04-28,87060,2020-03-31,,,,,,3754000000,-0.421,-1191000000,,-746000000,,,-560000000,,-17.56,,-0.013,-0.011,-0.317,,68471000000,42749000000,0.624,1339.78,42741000000,7336000000,-3020000000,-957000000,17597000000,,,,,,,,true,false,12,2019-04-01,2020-03-31,0
2020-04-28,87060,2019-03-31,,,,,,6485000000,-0.218,1447000000,-0.533,1685000000,-0.528,,1680000000,,52.69,,0.036,0.024,0.223,,67898000000,45805000000,0.674,1435.55,45796000000,10566000000,-3080000000,-2243000000,14440000000,,0.854,,,,,,true,false,12,2018-04-01,2019-03-31,-1
2020-04-28,87060,2020-03-31,,,,,,3736000000,-0.401,-1270000000,,-865000000,,-640000000,,,-20.07,,,,,,64828000000,39131000000,0.604,1226.64,39131000000,,,,,30.00,,,,32779000,877512,31901493,false,false,12,2019-04-01,2020-03-31,0
2020-04-28,87060,2019-03-31,,,,,,6232000000,-0.161,1199000000,-0.479,1442000000,-0.486,1438000000,,-0.509,45.08,,,,,,64095000000,42047000000,0.656,1318.04,42047000000,,,,,45.00,,,,32779000,877496,31901504,false,false,12,2018-04-01,2019-03-31,-1
2020-07-14,87060,2021-03-31,,,,,,2066000000,,856000000,,941000000,,,643000000,,20.18,,,,,,,,,,,,,,,,,,,,,,true,true,3,2020-04-01,2020-06-30,0
2020-07-14,87060,2020-03-31,,,,,,1831000000,,561000000,,694000000,,,453000000,,14.22,,,,,,,,,,,,,,,,,,,,,,true,false,3,2019-04-01,2019-06-30,-1
2020-07-30,87060,2021-03-31,1,,,,,2066000000,0.128,856000000,0.527,941000000,0.355,,643000000,,20.18,,,,,,69495000000,43297000000,0.623,1356.97,43289000000,,,,,,,,,,,,true,false,3,2020-04-01,2020-06-30,0
2020-07-30,87060,2020-03-31,1,,,,,1831000000,,561000000,,694000000,,,453000000,,14.22,,,,,,,,,,,,,,,,,,,,,,true,false,3,2019-04-01,2019-06-30,-1
2020-07-30,87060,2020-03-31,1,,,,,,,,,,,,,,,,,,,,68471000000,42749000000,0.624,1339.78,42741000000,,,,,,,,,,,,true,false,12,2019-04-01,2020-03-31,-1
2020-07-30,87060,2020-03-31,1,,,,,,,,,,,,,,,,,,,,,,,,,,,,,30.00,,,,32779000,877512,,false,false,12,2019-04-01,2020-03-31,-1
2020-07-30,87060,2021-03-31,1,,,,,,,,,,,,,,,,,,,,,,,,,,,,,,,,,32779000,877512,31901488,false,false,3,2020-04-01,2020-06-30,0
2020-07-30,87060,2020-03-31,1,,,,,,,,,,,,,,,,,,,,,,,,,,,,,,,,,,,31901504,false,false,3,2019-04-01,2019-06-30,-1
,87060,2021-03-31,,,,,,,,,,,,,,,,,,,,,,,,,,,,,,20.00,,,,,,,false,true,12,2020-04-01,2021-03-31,0
,87060,2020-03-31,,,,,,,,,,,,,,,,,,,,,,,,,,,,,,30.00,,,,,,,false,false,12,2019-04-01,2020-03-31,-1
2020-10-14,87060,2021-03-31,,4439000000,,,,,,1995000000,,2214000000,,1533000000,,,48.06,,,,,,,,,,,,,,,,,,,,,,true,true,6,2020-04-01,2020-09-30,0
2020-10-14,87060,2020-03-31,,2460000000,,,,,,12000000,,340000000,,200000000,,,6.28,,,,,,,,,,,,,,,,,,,,,,true,false,6,2019-04-01,2019-09-30,-1
2020-10-29,87060,2021-03-31,2,,,,,4439000000,0.804,1995000000,,2214000000,5.508,,1533000000,,48.06,,,,,,74162000000,44141000000,0.595,1383.41,44132000000,,,,,,,,,,,,true,false,6,2020-04-01,2020-09-30,0
2020-10-29,87060,2020-03-31,2,,,,,2460000000,,12000000,,340000000,,,200000000,,6.28,,,,,,,,,,,,,,,,,,,,,,true,false,6,2019-04-01,2019-09-30,-1
2020-10-29,87060,2020-03-31,2,,,,,,,,,,,,,,,,,,,,68471000000,42749000000,0.624,1339.78,42741000000,,,,,,,,,,,,true,false,12,2019-04-01,2020-03-31,-1
2020-10-29,87060,2020-03-31,2,,,,,,,,,,,,,,,,,,,,,,,,,,,,,30.00,,,,32779000,877512,,false,false,12,2019-04-01,2020-03-31,-1
2020-10-29,87060,2021-03-31,2,,,,,,,,,,,,,,,,,,,,,,,,,,,,,20.00,,,,,,,false,false,12,2020-04-01,2021-03-31,0
2020-10-29,87060,2021-03-31,2,,,,,,,,,,,,,,,,,,,,,,,,,,,,,,,,,32779000,877512,31901488,false,false,6,2020-04-01,2020-09-30,0
2020-10-29,87060,2020-03-31,2,,,,,,,,,,,,,,,,,,,,,,,,,,,,,,,,,,,31901497,false,false,6,2019-04-01,2019-09-30,-1
2020-04-28,87060,2020-03-31,,,,,,3754000000,-0.421,-1191000000,,-746000000,,,-560000000,,-17.56,,-0.013,-0.011,-0.317,,68471000000,42749000000,0.624,1339.78,42741000000,7336000000,-3020000000,-957000000,17597000000,,,,,,,,true,false,12,2019-04-01,2020-03-31,0
2020-04-28,87060,2019-03-31,,,,,,6485000000,-0.218,1447000000,-0.533,1685000000,-0.528,,1680000000,,52.69,,0.036,0.024,0.223,,67898000000,45805000000,0.674,1435.55,45796000000,10566000000,-3080000000,-2243000000,14440000000,,0.854,,,,,,true,false,12,2018-04-01,2019-03-31,-1
2020-04-28,87060,2020-03-31,,,,,,3736000000,-0.401,-1270000000,,-865000000,,-640000000,,,-20.07,,,,,,64828000000,39131000000,0.604,1226.64,39131000000,,,,,30.00,,,,32779000,877512,31901493,false,false,12,2019-04-01,2020-03-31,0
2020-04-28,87060,2019-03-31,,,,,,6232000000,-0.161,1199000000,-0.479,1442000000,-0.486,1438000000,,-0.509,45.08,,,,,,64095000000,42047000000,0.656,1318.04,42047000000,,,,,45.00,,,,32779000,877496,31901504,false,false,12,2018-04-01,2019-03-31,-1
2021-01-19,87060,2021-03-31,,,,,,6732000000,,2958000000,,3406000000,,,2431000000,,76.23,,,,,,,,,,,,,,,,,,,,,,true,true,9,2020-04-01,2020-12-31,0
2021-01-19,87060,2020-03-31,,,,,,4548000000,,853000000,,1239000000,,,836000000,,26.21,,,,,,,,,,,,,,,,,,,,,,true,false,9,2019-04-01,2019-12-31,-1
2021-01-28,87060,2021-03-31,3,,,,,6732000000,0.480,2958000000,2.467,3406000000,1.748,,2431000000,,76.23,,,,,,76154000000,44576000000,0.585,1397.04,44567000000,,,,,,,,,,,,true,false,9,2020-04-01,2020-12-31,0
2021-01-28,87060,2020-03-31,3,,,,,4548000000,,853000000,,1239000000,,,836000000,,26.21,,,,,,,,,,,,,,,,,,,,,,true,false,9,2019-04-01,2019-12-31,-1
2021-01-28,87060,2020-03-31,3,,,,,,,,,,,,,,,,,,,,68471000000,42749000000,0.624,1339.78,42741000000,,,,,,,,,,,,true,false,12,2019-04-01,2020-03-31,-1
2021-01-28,87060,2020-03-31,3,,,,,,,,,,,,,,,,,,,,,,,,,,,,,30.00,,,,32779000,877512,,false,false,12,2019-04-01,2020-03-31,-1
2021-01-28,87060,2021-03-31,3,,,,,,,,,,,,,,,,,,,,,,,,,,,,,20.00,,,,,,,false,false,12,2020-04-01,2021-03-31,0
2021-01-28,87060,2021-03-31,3,,,,,,,,,,,,,,,,,,,,,,,,,,,,,,,,,32779000,877512,31901488,false,false,9,2020-04-01,2020-12-31,0
2021-01-28,87060,2020-03-31,3,,,,,,,,,,,,,,,,,,,,,,,,,,,,,,,,,,,31901494,false,false,9,2019-04-01,2019-12-31,-1
,87060,2021-03-31,,,,,,,,,,,,,,,,,,,,,,,,,,,,,,50.00,,,,,,,false,true,12,2020-04-01,2021-03-31,0
,87060,2021-03-31,,,,,,,,,,,,,,,,,,,,,,,,,,,,,,20.00,,,,,,,false,false,12,2020-04-01,2021-03-31,0
,87060,2020-03-31,,,,,,,,,,,,,,,,,,,,,,,,,,,,,,30.00,,,,,,,false,false,12,2019-04-01,2020-03-31,-1
2021-04-14,87060,2021-03-31,,,,,,8948000000,,3913000000,,4395000000,,,3101000000,,97.23,,,,,,,,,,,,,,,,,,,,,,true,true,12,2020-04-01,2021-03-31,0
2021-04-14,87060,2020-03-31,,,,,,3670000000,,-1276000000,,-746000000,,,-560000000,,-17.56,,,,,,,,,,,,,,,,,,,,,,true,false,12,2019-04-01,2020-03-31,-1
2021-04-28,87060,2021-03-31,,,,,,8948000000,1.438,3913000000,,4395000000,,,3101000000,,97.23,,0.070,0.060,0.437,,77861000000,46264000000,0.594,1449.94,46255000000,8840000000,-5270000000,-116000000,21324000000,,0.514,,,,,,true,false,12,2020-04-01,2021-03-31,0
2021-04-28,87060,2020-03-31,,,,,,3670000000,,-1276000000,,-746000000,,,-560000000,,-17.56,,-0.013,-0.011,-0.348,,68471000000,42749000000,0.624,1339.78,42741000000,7336000000,-3020000000,-957000000,17597000000,,,,,,,,true,false,12,2019-04-01,2020-03-31,-1
2021-04-28,87060,2021-03-31,,,,,,8930000000,1.446,3875000000,,4304000000,,3026000000,,,94.87,,,,,,73996000000,42422000000,0.573,1329.79,42422000000,,,,,50.00,,,,32779000,877512,31901488,false,false,12,2020-04-01,2021-03-31,0
2021-04-28,87060,2020-03-31,,,,,,3651000000,,-1355000000,,-865000000,,-640000000,,,-20.07,,,,,,64828000000,39131000000,0.604,1226.64,39131000000,,,,,30.00,,,,32779000,877512,31901493,false,false,12,2019-04-01,2020-03-31,-1
2021-07-14,87060,2022-03-31,,,,,,1822000000,,547000000,,720000000,,,519000000,,16.29,,,,,,,,,,,,,,,,,,,,,,true,true,3,2021-04-01,2021-06-30,0
2021-07-14,87060,2021-03-31,,,,,,2066000000,,856000000,,941000000,,,643000000,,20.18,,,,,,,,,,,,,,,,,,,,,,true,false,3,2020-04-01,2020-06-30,-1
2021-07-29,87060,2022-03-31,1,,,,,1822000000,-0.118,547000000,-0.361,720000000,-0.235,,519000000,,16.29,,,,,,74294000000,45832000000,0.617,1436.42,45823000000,,,,,,,,,,,,true,false,3,2021-04-01,2021-06-30,0
2021-07-29,87060,2021-03-31,1,,,,,2066000000,0.128,856000000,0.527,941000000,0.355,,643000000,,20.18,,,,,,,,,,,,,,,,,,,,,,true,false,3,2020-04-01,2020-06-30,-1
2021-07-29,87060,2021-03-31,1,,,,,,,,,,,,,,,,,,,,77861000000,46264000000,0.594,1449.94,46255000000,,,,,,,,,,,,true,false,12,2020-04-01,2021-03-31,-1
2021-07-29,87060,2021-03-31,1,,,,,,,,,,,,,,,,,,,,,,,,,,,,,50.00,,,,32779000,877512,,false,false,12,2020-04-01,2021-03-31,-1
2021-07-29,87060,2022-03-31,1,,,,,,,,,,,,,,,,,,,,,,,,,,,,,,,,,32779000,877512,31901488,false,false,3,2021-04-01,2021-06-30,0
2021-07-29,87060,2021-03-31,1,,,,,,,,,,,,,,,,,,,,,,,,,,,,,,,,,,,31901488,false,false,3,2020-04-01,2020-06-30,-1
,87060,2022-03-31,,,,,,,,,,,,,,,,,,,,,,,,,,,,,,20.00,,,,,,,false,true,12,2021-04-01,2022-03-31,0
,87060,2021-03-31,,,,,,,,,,,,,,,,,,,,,,,,,,,,,,50.00,,,,,,,false,false,12,2020-04-01,2021-03-31,-1
2021-10-14,87060,2022-03-31,,,,,,3522000000,,1014000000,,1334000000,,,1240000000,,38.87,,,,,,,,,,,,,,,,,,,,,,true,true,6,2021-04-01,2021-09-30,0
2021-10-14,87060,2021-03-31,,,,,,4439000000,,1995000000,,2214000000,,,1533000000,,48.06,,,,,,,,,,,,,,,,,,,,,,true,false,6,2020-04-01,2020-09-30,-1
2021-10-28,87060,2022-03-31,2,,,,,3522000000,-0.206,1014000000,-0.492,1334000000,-0.397,,1240000000,,38.87,,,,,,76267000000,46567000000,0.610,1459.44,46558000000,,,,,,,,,,,,true,false,6,2021-04-01,2021-09-30,0
2021-10-28,87060,2021-03-31,2,,,,,4439000000,0.804,1995000000,,2214000000,5.508,,1533000000,,48.06,,,,,,,,,,,,,,,,,,,,,,true,false,6,2020-04-01,2020-09-30,-1
2021-10-28,87060,2021-03-31,2,,,,,,,,,,,,,,,,,,,,77861000000,46264000000,0.594,1449.94,46255000000,,,,,,,,,,,,true,false,12,2020-04-01,2021-03-31,-1
2021-10-28,87060,2021-03-31,2,,,,,,,,,,,,,,,,,,,,,,,,,,,,,50.00,,,,32779000,877512,,false,false,12,2020-04-01,2021-03-31,-1
2021-10-28,87060,2022-03-31,2,,,,,,,,,,,,,,,,,,,,,,,,,,,,,20.00,,,,,,,false,false,12,2021-04-01,2022-03-31,0
2021-10-28,87060,2022-03-31,2,,,,,,,,,,,,,,,,,,,,,,,,,,,,,,,,,32779000,877531,31901480,false,false,6,2021-04-01,2021-09-30,0
2021-10-28,87060,2021-03-31,2,,,,,,,,,,,,,,,,,,,,,,,,,,,,,,,,,,,31901488,false,false,6,2020-04-01,2020-09-30,-1
2022-01-18,87060,2022-03-31,,,,,,5188000000,,1392000000,,1858000000,,,1708000000,,53.54,,,,,,,,,,,,,,,,,,,,,,true,true,9,2021-04-01,2021-12-31,0
2022-01-18,87060,2021-03-31,,,,,,6732000000,,2958000000,,3406000000,,,2431000000,,76.23,,,,,,,,,,,,,,,,,,,,,,true,false,9,2020-04-01,2020-12-31,-1
2022-01-27,87060,2022-03-31,3,,,,,5188000000,-0.229,1392000000,-0.529,1858000000,-0.455,,1708000000,,53.54,,,,,,74119000000,46102000000,0.622,1444.88,46093000000,,,,,,,,,,,,true,false,9,2021-04-01,2021-12-31,0
2022-01-27,87060,2021-03-31,3,,,,,6732000000,0.480,2958000000,2.467,3406000000,1.748,,2431000000,,76.23,,,,,,,,,,,,,,,,,,,,,,true,false,9,2020-04-01,2020-12-31,-1
2022-01-27,87060,2021-03-31,3,,,,,,,,,,,,,,,,,,,,77861000000,46264000000,0.594,1449.94,46255000000,,,,,,,,,,,,true,false,12,2020-04-01,2021-03-31,-1
2022-01-27,87060,2021-03-31,3,,,,,,,,,,,,,,,,,,,,,,,,,,,,,50.00,,,,32779000,877512,,false,false,12,2020-04-01,2021-03-31,-1
2022-01-27,87060,2022-03-31,3,,,,,,,,,,,,,,,,,,,,,,,,,,,,,20.00,,,,,,,false,false,12,2021-04-01,2022-03-31,0
2022-01-27,87060,2022-03-31,3,,,,,,,,,,,,,,,,,,,,,,,,,,,,,,,,,32779000,877531,31901477,false,false,9,2021-04-01,2021-12-31,0
2022-01-27,87060,2021-03-31,3,,,,,,,,,,,,,,,,,,,,,,,,,,,,,,,,,,,31901488,false,false,9,2020-04-01,2020-12-31,-1
,87060,2022-03-31,,,,,,,,,,,,,,,,,,,,,,,,,,,,,,40.00,,,,,,,false,true,12,2021-04-01,2022-03-31,0
,87060,2022-03-31,,,,,,,,,,,,,,,,,,,,,,,,,,,,,,20.00,,,,,,,false,false,12,2021-04-01,2022-03-31,0
,87060,2021-03-31,,,,,,,,,,,,,,,,,,,,,,,,,,,,,,50.00,,,,,,,false,false,12,2020-04-01,2021-03-31,-1
2022-04-14,87060,2022-03-31,,,,,,6492000000,,1300000000,,1880000000,,,2117000000,,66.38,,,,,,,,,,,,,,,,,,,,,,true,true,12,2021-04-01,2022-03-31,0
2022-04-14,87060,2021-03-31,,,,,,8948000000,,3913000000,,4395000000,,,3101000000,,97.23,,,,,,,,,,,,,,,,,,,,,,true,false,12,2020-04-01,2021-03-31,-1
2022-04-27,87060,2022-03-31,,,,,,6492000000,-0.275,1300000000,-0.668,1880000000,-0.572,,2117000000,,66.38,,0.046,0.025,0.200,,71796000000,46106000000,0.642,1444.99,46097000000,-1223000000,1174000000,-2596000000,19098000000,,0.603,,,,,,true,false,12,2021-04-01,2022-03-31,0
2022-04-27,87060,2021-03-31,,,,,,8948000000,1.438,3913000000,,4395000000,,,3101000000,,97.23,,0.070,0.060,0.437,,77861000000,46264000000,0.594,1449.94,46255000000,8840000000,-5270000000,-116000000,21324000000,,0.514,,,,,,true,false,12,2020-04-01,2021-03-31,-1
2022-04-27,87060,2022-03-31,,,,,,6473000000,-0.275,1263000000,-0.674,1797000000,-0.582,2025000000,,-0.331,63.49,,,,,,67826000000,42186000000,0.622,1322.40,42186000000,,,,,40.00,,,,32779000,877531,31901475,false,false,12,2021-04-01,2022-03-31,0
2022-04-27,87060,2021-03-31,,,,,,8930000000,1.446,3875000000,,4304000000,,3026000000,,,94.87,,,,,,73996000000,42422000000,0.573,1329.79,42422000000,,,,,50.00,,,,32779000,877512,31901488,false,false,12,2020-04-01,2021-03-31,-1
2022-07-14,87060,2023-03-31,,,,,,1201000000,,-37000000,,125000000,,,246000000,,7.72,,,,,,,,,,,,,,,,,,,,,,true,true,3,2022-04-01,2022-06-30,0
2022-07-14,87060,2022-03-31,,,,,,1822000000,,547000000,,720000000,,,519000000,,16.29,,,,,,,,,,,,,,,,,,,,,,true,false,3,2021-04-01,2021-06-30,-1
2022-07-28,87060,2023-03-31,1,,,,,1201000000,-0.341,-37000000,,125000000,-0.825,,246000000,,7.72,,,,,,70477000000,45897000000,0.651,1438.42,45887000000,,,,,,,,,,,,true,false,3,2022-04-01,2022-06-30,0
2022-07-28,87060,2022-03-31,1,,,,,1822000000,-0.118,547000000,-0.361,720000000,-0.235,,519000000,,16.29,,,,,,,,,,,,,,,,,,,,,,true,false,3,2021-04-01,2021-06-30,-1
2022-07-28,87060,2022-03-31,1,,,,,,,,,,,,,,,,,,,,71796000000,46106000000,0.642,1444.99,46097000000,,,,,,,,,,,,true,false,12,2021-04-01,2022-03-31,-1
2022-07-28,87060,2022-03-31,1,,,,,,,,,,,,,,,,,,,,,,,,,,,,,40.00,,,,32779000,877531,,false,false,12,2021-04-01,2022-03-31,-1
2022-07-28,87060,2023-03-31,1,,,,,,,,,,,,,,,,,,,,,,,,,,,,,,,,,32779000,877531,31901469,false,false,3,2022-04-01,2022-06-30,0
2022-07-28,87060,2022-03-31,1,,,,,,,,,,,,,,,,,,,,,,,,,,,,,,,,,,,31901488,false,false,3,2021-04-01,2021-06-30,-1
,87060,2023-03-31,,,,,,,,,,,,,,,,,,,,,,,,,,,,,,15.00,,,,,,,false,true,12,2022-04-01,2023-03-31,0
,87060,2022-03-31,,,,,,,,,,,,,,,,,,,,,,,,,,,,,,40.00,,,,,,,false,false,12,2021-04-01,2022-03-31,-1
2022-10-14,87060,2023-03-31,,,,,,2210000000,,-207000000,,45000000,,,151000000,,4.74,,,,,,,,,,,,,,,,,,,,,,true,true,6,2022-04-01,2022-09-30,0
2022-10-14,87060,2022-03-31,,,,,,3522000000,,1014000000,,1334000000,,,1240000000,,38.87,,,,,,,,,,,,,,,,,,,,,,true,false,6,2021-04-01,2021-09-30,-1
2022-10-28,87060,2023-03-31,2,,,,,2210000000,-0.373,-207000000,,45000000,-0.966,,151000000,,4.74,,,,,,71221000000,45785000000,0.643,1434.92,45775000000,,,,,,,,,,,,true,false,6,2022-04-01,2022-09-30,0
2022-10-28,87060,2022-03-31,2,,,,,3522000000,-0.206,1014000000,-0.492,1334000000,-0.397,,1240000000,,38.87,,,,,,,,,,,,,,,,,,,,,,true,false,6,2021-04-01,2021-09-30,-1
2022-10-28,87060,2022-03-31,2,,,,,,,,,,,,,,,,,,,,71796000000,46106000000,0.642,1444.99,46097000000,,,,,,,,,,,,true,false,12,2021-04-01,2022-03-31,-1
2022-10-28,87060,2022-03-31,2,,,,,,,,,,,,,,,,,,,,,,,,,,,,,40.00,,,,32779000,877531,,false,false,12,2021-04-01,2022-03-31,-1
2022-10-28,87060,2023-03-31,2,,,,,,,,,,,,,,,,,,,,,,,,,,,,,15.00,,,,,,,false,false,12,2022-04-01,2023-03-31,0
2022-10-28,87060,2023-03-31,2,,,,,,,,,,,,,,,,,,,,,,,,,,,,,,,,,32779000,877531,31901469,false,false,6,2022-04-01,2022-09-30,0
2022-10-28,87060,2022-03-31,2,,,,,,,,,,,,,,,,,,,,,,,,,,,,,,,,,,,31901480,false,false,6,2021-04-01,2021-09-30,-1
2023-01-18,87060,2023-03-31,,,,,,3234000000,,-349000000,,134000000,,,330000000,,10.37,,,,,,,,,,,,,,,,,,,,,,true,true,9,2022-04-01,2022-12-31,0
2023-01-18,87060,2022-03-31,,,,,,5188000000,,1392000000,,1858000000,,,1708000000,,53.54,,,,,,,,,,,,,,,,,,,,,,true,false,9,2021-04-01,2021-12-31,-1
2023-01-26,87060,2023-03-31,3,,,,,3234000000,-0.377,-349000000,,134000000,-0.927,,330000000,,10.37,,,,,,70402000000,46477000000,0.660,1456.61,46467000000,,,,,,,,,,,,true,false,9,2022-04-01,2022-12-31,0
2023-01-26,87060,2022-03-31,3,,,,,5188000000,-0.229,1392000000,-0.529,1858000000,-0.455,,1708000000,,53.54,,,,,,,,,,,,,,,,,,,,,,true,false,9,2021-04-01,2021-12-31,-1
2023-01-26,87060,2022-03-31,3,,,,,,,,,,,,,,,,,,,,71796000000,46106000000,0.642,1444.99,46097000000,,,,,,,,,,,,true,false,12,2021-04-01,2022-03-31,-1
2023-01-26,87060,2022-03-31,3,,,,,,,,,,,,,,,,,,,,,,,,,,,,,40.00,,,,32779000,877531,,false,false,12,2021-04-01,2022-03-31,-1
2023-01-26,87060,2023-03-31,3,,,,,,,,,,,,,,,,,,,,,,,,,,,,,15.00,,,,,,,false,false,12,2022-04-01,2023-03-31,0
2023-01-26,87060,2023-03-31,3,,,,,,,,,,,,,,,,,,,,,,,,,,,,,,,,,32779000,877595,31901451,false,false,9,2022-04-01,2022-12-31,0
2023-01-26,87060,2022-03-31,3,,,,,,,,,,,,,,,,,,,,,,,,,,,,,,,,,,,31901477,false,false,9,2021-04-01,2021-12-31,-1
,87060,2023-03-31,,,,,,,,,,,,,,,,,,,,,,,,,,,,,,30.00,,,,,,,false,true,12,2022-04-01,2023-03-31,0
,87060,2023-03-31,,,,,,,,,,,,,,,,,,,,,,,,,,,,,,15.00,,,,,,,false,false,12,2022-04-01,2023-03-31,0
,87060,2022-03-31,,,,,,,,,,,,,,,,,,,,,,,,,,,,,,40.00,,,,,,,false,false,12,2021-04-01,2022-03-31,-1
2023-04-14,87060,2023-03-31,,,,,,4315000000,,-312000000,,491000000,,,1168000000,,36.63,,,,,,,,,,,,,,,,,,,,,,true,true,12,2022-04-01,2023-03-31,0
2023-04-14,87060,2022-03-31,,,,,,6492000000,,1300000000,,1880000000,,,2117000000,,66.38,,,,,,,,,,,,,,,,,,,,,,true,false,12,2021-04-01,2022-03-31,-1
2023-04-27,87060,2023-03-31,,,,,,4315000000,-0.335,-312000000,,491000000,-0.739,,1168000000,,36.63,,0.025,0.007,-0.072,,70902000000,47301000000,0.667,1482.41,47291000000,29000000,-1289000000,133000000,18647000000,,0.819,,,,,,true,false,12,2022-04-01,2023-03-31,0
2023-04-27,87060,2022-03-31,,,,,,6492000000,-0.275,1300000000,-0.668,1880000000,-0.572,,2117000000,,66.38,,0.046,0.025,0.200,,71796000000,46106000000,0.642,1444.99,46097000000,-1223000000,1174000000,-2596000000,19098000000,,0.603,,,,,,true,false,12,2021-04-01,2022-03-31,-1
2023-04-27,87060,2023-03-31,,,,,,4295000000,-0.336,-361000000,,214000000,-0.881,980000000,,-0.516,30.73,,,,,,66476000000,42985000000,0.647,1347.45,42985000000,,,,,30.00,,,,32779000,877595,31901440,false,false,12,2022-04-01,2023-03-31,0
2023-04-27,87060,2022-03-31,,,,,,6473000000,-0.275,1263000000,-0.674,1797000000,-0.582,2025000000,,-0.331,63.49,,,,,,67826000000,42186000000,0.622,1322.40,42186000000,,,,,40.00,,,,32779000,877531,31901475,false,false,12,2021-04-01,2022-03-31,-1
2023-07-13,87060,2024-03-31,,,,,,1831000000,,626000000,,976000000,,,1096000000,,34.36,,,,,,,,,,,,,,,,,,,,,,true,true,3,2023-04-01,2023-06-30,0
2023-07-13,87060,2023-03-31,,,,,,1201000000,,-37000000,,125000000,,,246000000,,7.72,,,,,,,,,,,,,,,,,,,,,,true,false,3,2022-04-01,2022-06-30,-1
2023-07-27,87060,2024-03-31,1,,,,,1831000000,0.524,626000000,,976000000,6.759,,1096000000,,34.36,,,,,,75148000000,48913000000,0.651,1532.95,48903000000,,,,,,,,,,,,true,false,3,2023-04-01,2023-06-30,0
2023-07-27,87060,2023-03-31,1,,,,,1201000000,-0.341,-37000000,,125000000,-0.825,,246000000,,7.72,,,,,,,,,,,,,,,,,,,,,,true,false,3,2022-04-01,2022-06-30,-1
2023-07-27,87060,2023-03-31,1,,,,,,,,,,,,,,,,,,,,70902000000,47301000000,0.667,1482.41,47291000000,,,,,,,,,,,,true,false,12,2022-04-01,2023-03-31,-1
2023-07-27,87060,2023-03-31,1,,,,,,,,,,,,,,,,,,,,,,,,,,,,,30.00,,,,32779000,877595,,false,false,12,2022-04-01,2023-03-31,-1
2023-07-27,87060,2024-03-31,1,,,,,,,,,,,,,,,,,,,,,,,,,,,,,,,,,32779000,877595,31901405,false,false,3,2023-04-01,2023-06-30,0
2023-07-27,87060,2023-03-31,1,,,,,,,,,,,,,,,,,,,,,,,,,,,,,,,,,,,31901469,false,false,3,2022-04-01,2022-06-30,-1
,87060,2024-03-31,,,,,,,,,,,,,,,,,,,,,,,,,,,,,,30.00,,,,,,,false,true,12,2023-04-01,2024-03-31,0
,87060,2023-03-31,,,,,,,,,,,,,,,,,,,,,,,,,,,,,,30.00,,,,,,,false,false,12,2022-04-01,2023-03-31,-1
2023-10-17,87060,2024-03-31,,,,,,4012000000,,1548000000,,2070000000,,,2385000000,,74.77,,,,,,,,,,,,,,,,,,,,,,true,true,6,2023-04-01,2023-09-30,0
2023-10-17,87060,2023-03-31,,,,,,2210000000,,-207000000,,45000000,,,151000000,,4.74,,,,,,,,,,,,,,,,,,,,,,true,false,6,2022-04-01,2022-09-30,-1
2023-10-27,87060,2024-03-31,2,,,,,4012000000,0.815,1548000000,,2070000000,,,2385000000,,74.77,,,,,,82042000000,51424000000,0.627,1611.64,51413000000,,,,,,,,,,,,true,false,6,2023-04-01,2023-09-30,0
2023-10-27,87060,2023-03-31,2,,,,,2210000000,-0.373,-207000000,,45000000,-0.966,,151000000,,4.74,,,,,,,,,,,,,,,,,,,,,,true,false,6,2022-04-01,2022-09-30,-1
2023-10-27,87060,2023-03-31,2,,,,,,,,,,,,,,,,,,,,70902000000,47301000000,0.667,1482.41,47291000000,,,,,,,,,,,,true,false,12,2022-04-01,2023-03-31,-1
2023-10-27,87060,2023-03-31,2,,,,,,,,,,,,,,,,,,,,,,,,,,,,,30.00,,,,32779000,877595,,false,false,12,2022-04-01,2023-03-31,-1
2023-10-27,87060,2024-03-31,2,,,,,,,,,,,,,,,,,,,,,,,,,,,,,30.00,,,,,,,false,false,12,2023-04-01,2024-03-31,0
2023-10-27,87060,2024-03-31,2,,,,,,,,,,,,,,,,,,,,,,,,,,,,,,,,,32779000,877595,31901405,false,false,6,2023-04-01,2023-09-30,0
2023-10-27,87060,2023-03-31,2,,,,,,,,,,,,,,,,,,,,,,,,,,,,,,,,,,,31901469,false,false,6,2022-04-01,2022-09-30,-1
2024-01-18,87060,2024-03-31,,,,,,5372000000,,1723000000,,2321000000,,,2727000000,,85.51,,,,,,,,,,,,,,,,,,,,,,true,true,9,2023-04-01,2023-12-31,0
2024-01-18,87060,2023-03-31,,,,,,3234000000,,-349000000,,134000000,,,330000000,,10.37,,,,,,,,,,,,,,,,,,,,,,true,false,9,2022-04-01,2022-12-31,-1
2024-01-30,87060,2024-03-31,3,,,,,5372000000,0.661,1723000000,,2321000000,,,2727000000,,85.51,,,,,,77494000000,50556000000,0.652,1584.43,50545000000,,,,,,,,,,,,true,false,9,2023-04-01,2023-12-31,0
2024-01-30,87060,2023-03-31,3,,,,,3234000000,-0.377,-349000000,,134000000,-0.927,,330000000,,10.37,,,,,,,,,,,,,,,,,,,,,,true,false,9,2022-04-01,2022-12-31,-1
2024-01-30,87060,2023-03-31,3,,,,,,,,,,,,,,,,,,,,70902000000,47301000000,0.667,1482.41,47291000000,,,,,,,,,,,,true,false,12,2022-04-01,2023-03-31,-1
2024-01-30,87060,2023-03-31,3,,,,,,,,,,,,,,,,,,,,,,,,,,,,,30.00,,,,32779000,877595,,false,false,12,2022-04-01,2023-03-31,-1
2024-01-30,87060,2024-03-31,3,,,,,,,,,,,,,,,,,,,,,,,,,,,,,30.00,,,,,,,false,false,12,2023-04-01,2024-03-31,0
2024-01-30,87060,2024-03-31,3,,,,,,,,,,,,,,,,,,,,,,,,,,,,,,,,,32779000,877595,31901405,false,false,9,2023-04-01,2023-12-31,0
2024-01-30,87060,2023-03-31,3,,,,,,,,,,,,,,,,,,,,,,,,,,,,,,,,,,,31901451,false,false,9,2022-04-01,2022-12-31,-1
,87060,2024-03-31,,,,,,,,,,,,,,,,,,,,,,,,,,,,,,110.00,,,,,,,false,true,12,2023-04-01,2024-03-31,0
,87060,2024-03-31,,,,,,,,,,,,,,,,,,,,,,,,,,,,,,30.00,,,,,,,false,false,12,2023-04-01,2024-03-31,0
,87060,2023-03-31,,,,,,,,,,,,,,,,,,,,,,,,,,,,,,30.00,,,,,,,false,false,12,2022-04-01,2023-03-31,-1
2024-04-12,87060,2024-03-31,,,,,,7730000000,,2951000000,,3706000000,,,4341000000,,136.08,,,,,,,,,,,,,,,,,,,,,,true,true,12,2023-04-01,2024-03-31,0
2024-04-12,87060,2023-03-31,,,,,,4315000000,,-312000000,,491000000,,,1168000000,,36.63,,,,,,,,,,,,,,,,,,,,,,true,false,12,2022-04-01,2023-03-31,-1
2024-04-25,87060,2024-03-31,,,,,,7730000000,0.791,2951000000,,3706000000,6.545,,4341000000,,136.08,,0.086,0.048,0.382,,83534000000,53675000000,0.642,1682.18,53663000000,-26000000,-4021000000,-2955000000,12118000000,,0.808,,,,,,true,false,12,2023-04-01,2024-03-31,0
2024-04-25,87060,2023-03-31,,,,,,4315000000,-0.335,-312000000,,491000000,-0.739,,1168000000,,36.63,,0.025,0.007,-0.072,,70902000000,47301000000,0.667,1482.41,47291000000,29000000,-1289000000,133000000,18647000000,,0.819,,,,,,true,false,12,2022-04-01,2023-03-31,-1
2024-04-25,87060,2024-03-31,,,,,,7711000000,0.795,2909000000,,3591000000,,4080000000,,3.162,127.89,,,,,,78305000000,48730000000,0.622,1527.52,48730000000,,,,,110.00,,,,32779000,877595,31901405,false,false,12,2023-04-01,2024-03-31,0
2024-04-25,87060,2023-03-31,,,,,,4295000000,-0.336,-361000000,,214000000,-0.881,980000000,,-0.516,30.73,,,,,,66476000000,42985000000,0.647,1347.45,42985000000,,,,,30.00,,,,32779000,877595,31901440,false,false,12,2022-04-01,2023-03-31,-1
2024-07-12,87060,2025-03-31,,,,,,2641000000,,1247000000,,1659000000,,,1664000000,,52.17,,,,,,,,,,,,,,,,,,,,,,true,true,3,2024-04-01,2024-06-30,0
2024-07-12,87060,2024-03-31,,,,,,1831000000,,626000000,,976000000,,,1096000000,,34.36,,,,,,,,,,,,,,,,,,,,,,true,false,3,2023-04-01,2023-06-30,-1
2024-07-26,87060,2025-03-31,1,,,,,2641000000,0.442,1247000000,0.990,1659000000,0.700,,1664000000,,52.17,,,,,,86170000000,52781000000,0.612,1654.15,52769000000,,,,,,,,,,,,true,false,3,2024-04-01,2024-06-30,0
2024-07-26,87060,2024-03-31,1,,,,,1831000000,0.524,626000000,,976000000,6.759,,1096000000,,34.36,,,,,,,,,,,,,,,,,,,,,,true,false,3,2023-04-01,2023-06-30,-1
2024-07-26,87060,2024-03-31,1,,,,,,,,,,,,,,,,,,,,83534000000,53675000000,0.642,1682.18,53663000000,,,,,,,,,,,,true,false,12,2023-04-01,2024-03-31,-1
2024-07-26,87060,2024-03-31,1,,,,,,,,,,,,,,,,,,,,,,,,,,,,,110.00,,,,32779000,877595,,false,false,12,2023-04-01,2024-03-31,-1
2024-07-26,87060,2025-03-31,1,,,,,,,,,,,,,,,,,,,,,,,,,,,,,,,,,32779000,877595,31901405,false,false,3,2024-04-01,2024-06-30,0
2024-07-26,87060,2024-03-31,1,,,,,,,,,,,,,,,,,,,,,,,,,,,,,,,,,,,31901405,false,false,3,2023-04-01,2023-06-30,-1
,87060,2025-03-31,,,,,,,,,,,,,,,,,,,,,,,,,,,,,,50.00,,,,,,,false,true,12,2024-04-01,2025-03-31,0
,87060,2024-03-31,,,,,,,,,,,,,,,,,,,,,,,,,,,,,,110.00,,,,,,,false,false,12,2023-04-01,2024-03-31,-1
2024-10-16,87060,2025-03-31,,,,,,4297000000,,1660000000,,1850000000,,,2624000000,,82.28,,,,,,,,,,,,,,,,,,,,,,true,true,6,2024-04-01,2024-09-30,0
2024-10-16,87060,2024-03-31,,,,,,4012000000,,1548000000,,2070000000,,,2385000000,,74.77,,,,,,,,,,,,,,,,,,,,,,true,false,6,2023-04-01,2023-09-30,-1
2024-10-30,87060,2025-03-31,2,,,,,4297000000,0.071,1660000000,0.072,1850000000,-0.106,,2624000000,,82.28,,,,,,81408000000,52040000000,0.639,1630.94,52029000000,,,,,,,,,,,,true,false,6,2024-04-01,2024-09-30,0
2024-10-30,87060,2024-03-31,2,,,,,4012000000,0.815,1548000000,,2070000000,,,2385000000,,74.77,,,,,,,,,,,,,,,,,,,,,,true,false,6,2023-04-01,2023-09-30,-1
2024-10-30,87060,2024-03-31,2,,,,,,,,,,,,,,,,,,,,83534000000,53675000000,0.642,1682.18,53663000000,,,,,,,,,,,,true,false,12,2023-04-01,2024-03-31,-1
2024-10-30,87060,2024-03-31,2,,,,,,,,,,,,,,,,,,,,,,,,,,,,,110.00,,,,32779000,877595,,false,false,12,2023-04-01,2024-03-31,-1
2024-10-30,87060,2025-03-31,2,,,,,,,,,,,,,,,,,,,,,,,,,,,,,50.00,,,,,,,false,false,12,2024-04-01,2025-03-31,0
2024-10-30,87060,2025-03-31,2,,,,,,,,,,,,,,,,,,,,,,,,,,,,,,,,,32779000,877595,31901405,false,false,6,2024-04-01,2024-09-30,0
2024-10-30,87060,2024-03-31,2,,,,,,,,,,,,,,,,,,,,,,,,,,,,,,,,,,,31901405,false,false,6,2023-04-01,2023-09-30,-1
2025-01-21,87060,2025-03-31,,,,,,6518000000,,2523000000,,3351000000,,,4289000000,,134.46,,,,,,,,,,,,,,,,,,,,,,true,true,9,2024-04-01,2024-12-31,0
2025-01-21,87060,2024-03-31,,,,,,5372000000,,1723000000,,2321000000,,,2727000000,,85.51,,,,,,,,,,,,,,,,,,,,,,true,false,9,2023-04-01,2023-12-31,-1
2025-01-28,87060,2025-03-31,3,,,,,6518000000,0.213,2523000000,0.464,3351000000,0.444,,4289000000,,134.46,,,,,,79172000000,51456000000,0.650,1612.97,51456000000,,,,,,,,,,,,true,false,9,2024-04-01,2024-12-31,0
2025-01-28,87060,2024-03-31,3,,,,,5372000000,0.661,1723000000,,2321000000,,,2727000000,,85.51,,,,,,,,,,,,,,,,,,,,,,true,false,9,2023-04-01,2023-12-31,-1
2025-01-28,87060,2024-03-31,3,,,,,,,,,,,,,,,,,,,,83534000000,53675000000,0.642,1682.18,53663000000,,,,,,,,,,,,true,false,12,2023-04-01,2024-03-31,-1
2025-01-28,87060,2024-03-31,3,,,,,,,,,,,,,,,,,,,,,,,,,,,,,110.00,,,,32779000,877595,,false,false,12,2023-04-01,2024-03-31,-1
2025-01-28,87060,2025-03-31,3,,,,,,,,,,,,,,,,,,,,,,,,,,,,,50.00,,,,,,,false,false,12,2024-04-01,2025-03-31,0
2025-01-28,87060,2025-03-31,3,,,,,,,,,,,,,,,,,,,,,,,,,,,,,,,,,32779000,877595,31901405,false,false,9,2024-04-01,2024-12-31,0
2025-01-28,87060,2024-03-31,3,,,,,,,,,,,,,,,,,,,,,,,,,,,,,,,,,,,31901405,false,false,9,2023-04-01,2023-12-31,-1
,87060,2025-03-31,,,,,,,,,,,,,,,,,,,,,,,,,,,,,,110.00,,,,,,,false,true,12,2024-04-01,2025-03-31,0
,87060,2025-03-31,,,,,,,,,,,,,,,,,,,,,,,,,,,,,,50.00,,,,,,,false,false,12,2024-04-01,2025-03-31,0
,87060,2024-03-31,,,,,,,,,,,,,,,,,,,,,,,,,,,,,,110.00,,,,,,,false,false,12,2023-04-01,2024-03-31,-1
2025-04-15,87060,2025-03-31,,,,,,7989000000,,2691000000,,3453000000,,,4446000000,,139.38,,,,,,,,,,,,,,,,,,,,,,true,true,12,2024-04-01,2025-03-31,0
2025-04-15,87060,2024-03-31,,,,,,7730000000,,2951000000,,3706000000,,,4341000000,,136.08,,,,,,,,,,,,,,,,,,,,,,true,false,12,2023-04-01,2024-03-31,-1
2025-04-25,87060,2025-03-31,,,,,,7989000000,0.033,2691000000,-0.088,3453000000,-0.068,,4446000000,,139.38,,0.084,0.043,0.337,,78597000000,51609000000,0.657,1617.79,51609000000,-4098000000,4687000000,-2224000000,10468000000,,0.789,,,,,,true,false,12,2024-04-01,2025-03-31,0
2025-04-25,87060,2024-03-31,,,,,,7730000000,0.791,2951000000,,3706000000,6.545,,4341000000,,136.08,,0.086,0.048,0.382,,83534000000,53675000000,0.642,1682.18,53663000000,-26000000,-4021000000,-2955000000,12118000000,,0.808,,,,,,true,false,12,2023-04-01,2024-03-31,-1
2025-04-25,87060,2025-03-31,,,,,,7993000000,0.037,2688000000,-0.076,3284000000,-0.085,3993000000,,-0.021,125.19,,,,,,72698000000,46534000000,0.640,1458.70,46534000000,,,,,110.00,,,,32779000,877639,31901398,false,false,12,2024-04-01,2025-03-31,0
2025-04-25,87060,2024-03-31,,,,,,7711000000,0.795,2909000000,,3591000000,,4080000000,,3.162,127.89,,,,,,78305000000,48730000000,0.622,1527.52,48730000000,,,,,110.00,,,,32779000,877595,31901405,false,false,12,2023-04-01,2024-03-31,-1
2025-07-15,87060,2026-03-31,,,,,,1763000000,,479000000,,758000000,,,998000000,,31.29,,,,,,,,,,,,,,,,,,,,,,true,true,3,2025-04-01,2025-06-30,0
2025-07-15,87060,2025-03-31,,,,,,2641000000,,1247000000,,1659000000,,,1664000000,,52.17,,,,,,,,,,,,,,,,,,,,,,true,false,3,2024-04-01,2024-06-30,-1
