filing_date,code,fiscal_year_end,quarterly_period,net_sales,net_sales_change,revenue,revenue_change,operating_revenue,operating_revenue_change,operating_profit,operating_profit_change,ordinary_profit,ordinary_profit_change,net_income,net_income_of_parent,net_income_change,eps,diluted_eps,roe,roa,operating_profit_to_net_sales,operating_profit_to_revenue,total_assets,net_assets,equity_ratio,bps,owner_equity,operating_cash_flow,investing_cash_flow,financing_cash_flow,cash,dividend_per_share,payout_ratio,commemorative_dividend,extra_dividend,number_of_shares,number_of_treqsury_shares,avg_number_of_shares,is_consolidated,is_forecast,duration,period_start,period_end,period_pos
2015-07-29,87080,2016-03-31,1,,,,,3873000000,0.189,744000000,0.711,933000000,0.542,,848000000,,19.64,,,,,,99957000000,57591000000,0.576,1332.37,57591000000,,,,,,,,,,,,true,false,3,2015-04-01,2015-06-30,0
2015-07-29,87080,2015-03-31,1,,,,,3258000000,-0.369,435000000,-0.792,605000000,-0.734,,589000000,,13.65,,,,,,,,,,,,,,,,,,,,,,true,false,3,2014-04-01,2014-06-30,-1
2015-07-29,87080,2015-03-31,1,,,,,,,,,,,,,,,,,,,,92680000000,56892000000,0.614,1316.20,56892000000,,,,,,,,,,,,true,false,12,2014-04-01,2015-03-31,-1
2015-07-29,87080,2015-03-31,1,,,,,,,,,,,,,,,,,,,,,,,,,,,,,40.00,,,,49525649,6300589,,false,false,12,2014-04-01,2015-03-31,-1
2015-07-29,87080,2016-03-31,1,,,,,,,,,,,,,,,,,,,,,,,,,,,,,,,,,49525649,6300589,43225060,false,false,3,2015-04-01,2015-06-30,0
2015-07-29,87080,2015-03-31,1,,,,,,,,,,,,,,,,,,,,,,,,,,,,,,,,,,,43225218,false,false,3,2014-04-01,2014-06-30,-1
,87080,2016-03-31,,,,,,,,,,,,,,,,,,,,,,,,,,,,,,15.00,,,,,,,false,true,12,2015-04-01,2016-03-31,0
,87080,2015-03-31,,,,,,,,,,,,,,,,,,,,,,,,,,,,,,40.00,,,,,,,false,false,12,2014-04-01,2015-03-31,-1
2015-10-16,87080,2016-03-31,,,,,,6881000000,,912000000,,1114000000,,,1121000000,,,,,,,,,,,,,,,,,,,,,,,,true,true,6,2015-04-01,2015-09-30,0
2015-10-16,87080,2015-03-31,,,,,,7047000000,,1183000000,,1401000000,,,1364000000,,,,,,,,,,,,,,,,,,,,,,,,true,false,6,2014-04-01,2014-09-30,-1
2015-10-28,87080,2016-03-31,2,,,,,6881000000,-0.024,912000000,-0.229,1114000000,-0.205,,1121000000,,25.94,,,,,,93039000000,56402000000,0.606,1304.86,56402000000,,,,,,,,,,,,true,false,6,2015-04-01,2015-09-30,0
2015-10-28,87080,2015-03-31,2,,,,,7047000000,-0.208,1183000000,-0.607,1401000000,-0.625,,1364000000,,31.56,,,,,,,,,,,,,,,,,,,,,,true,false,6,2014-04-01,2014-09-30,-1
2015-10-28,87080,2015-03-31,2,,,,,,,,,,,,,,,,,,,,92680000000,56892000000,0.614,1316.20,56892000000,,,,,,,,,,,,true,false,12,2014-04-01,2015-03-31,-1
2015-10-28,87080,2015-03-31,2,,,,,,,,,,,,,,,,,,,,,,,,,,,,,40.00,,,,49525649,6300589,,false,false,12,2014-04-01,2015-03-31,-1
2015-10-28,87080,2016-03-31,2,,,,,,,,,,,,,,,,,,,,,,,,,,,,,15.00,,,,,,,false,false,12,2015-04-01,2016-03-31,0
2015-10-28,87080,2016-03-31,2,,,,,,,,,,,,,,,,,,,,,,,,,,,,,,,,,49525649,6300657,43225050,false,false,6,2015-04-01,2015-09-30,0
2015-10-28,87080,2015-03-31,2,,,,,,,,,,,,,,,,,,,,,,,,,,,,,,,,,,,43225217,false,false,6,2014-04-01,2014-09-30,-1
2016-01-29,87080,2016-03-31,3,,,,,9992000000,-0.096,1184000000,-0.442,1629000000,-0.340,,1500000000,,34.71,,,,,,95356000000,57449000000,0.602,1329.08,57449000000,,,,,,,,,,,,true,false,9,2015-04-01,2015-12-31,0
2016-01-29,87080,2015-03-31,3,,,,,11053000000,-0.150,2120000000,-0.483,2470000000,-0.504,,2345000000,,54.25,,,,,,,,,,,,,,,,,,,,,,true,false,9,2014-04-01,2014-12-31,-1
2016-01-29,87080,2015-03-31,3,,,,,,,,,,,,,,,,,,,,92680000000,56892000000,0.614,1316.20,56892000000,,,,,,,,,,,,true,false,12,2014-04-01,2015-03-31,-1
2016-01-29,87080,2015-03-31,3,,,,,,,,,,,,,,,,,,,,,,,,,,,,,40.00,,,,49525649,6300589,,false,false,12,2014-04-01,2015-03-31,-1
2016-01-29,87080,2016-03-31,3,,,,,,,,,,,,,,,,,,,,,,,,,,,,,15.00,,,,,,,false,false,12,2015-04-01,2016-03-31,0
2016-01-29,87080,2016-03-31,3,,,,,,,,,,,,,,,,,,,,,,,,,,,,,,,,,49525649,6300657,43225031,false,false,9,2015-04-01,2015-12-31,0
2016-01-29,87080,2015-03-31,3,,,,,,,,,,,,,,,,,,,,,,,,,,,,,,,,,,,43225215,false,false,9,2014-04-01,2014-12-31,-1
,87080,2016-03-31,,,,,,,,,,,,,,,,,,,,,,,,,,,,,,35.00,,,,,,,false,true,12,2015-04-01,2016-03-31,0
,87080,2016-03-31,,,,,,,,,,,,,,,,,,,,,,,,,,,,,,15.00,,,,,,,false,false,12,2015-04-01,2016-03-31,0
,87080,2015-03-31,,,,,,,,,,,,,,,,,,,,,,,,,,,,,,40.00,,,,,,,false,false,12,2014-04-01,2015-03-31,-1
2016-04-19,87080,2016-03-31,,,,,,12373000000,,792000000,,1607000000,,,1976000000,,,,,,,,,,,,,,,,,,,,,,,,true,true,12,2015-04-01,2016-03-31,0
2016-04-19,87080,2015-03-31,,,,,,14713000000,,2907000000,,2991000000,,,3406000000,,,,,,,,,,,,,,,,,,,,,,,,true,false,12,2014-04-01,2015-03-31,-1
2016-04-28,87080,2016-03-31,,,,,,12373000000,-0.159,792000000,-0.727,1607000000,-0.463,,1976000000,,45.73,,0.035,0.019,,,79910000000,55116000000,0.690,1275.11,55116000000,5540000000,812000000,-3810000000,14322000000,,0.765,,,,,,true,false,12,2015-04-01,2016-03-31,0
2016-04-28,87080,2015-03-31,,,,,,14713000000,-0.085,2907000000,-0.333,2991000000,-0.437,,3406000000,,78.82,,0.063,0.033,,,92680000000,56892000000,0.614,1316.20,56892000000,4230000000,136000000,-3604000000,11844000000,,0.508,,,,,,true,false,12,2014-04-01,2015-03-31,-1
2016-04-28,87080,2016-03-31,,,,,,11440000000,-0.130,673000000,-0.702,1441000000,-0.464,3059000000,,-0.024,70.79,,,,,,79254000000,54567000000,0.689,1262.40,54567000000,,,,,35.00,,15.00,5.00,49525649,6300657,43225021,false,false,12,2015-04-01,2016-03-31,0
2016-04-28,87080,2015-03-31,,,,,,13149000000,-0.105,2263000000,-0.388,2689000000,-0.415,3134000000,,-0.590,72.52,,,,,,90848000000,54855000000,0.604,1269.07,54855000000,,,,,40.00,,,,49525649,6300589,43225188,false,false,12,2014-04-01,2015-03-31,-1
2016-07-28,87080,2017-03-31,1,,,,,2509000000,-0.352,-119000000,,244000000,-0.738,,166000000,,3.84,,,,,,75651000000,51954000000,0.687,1201.97,51954000000,,,,,,,,,,,,true,false,3,2016-04-01,2016-06-30,0
2016-07-28,87080,2016-03-31,1,,,,,3873000000,0.189,744000000,0.711,933000000,0.542,,848000000,,19.64,,,,,,,,,,,,,,,,,,,,,,true,false,3,2015-04-01,2015-06-30,-1
2016-07-28,87080,2016-03-31,1,,,,,,,,,,,,,,,,,,,,79910000000,55116000000,0.690,1275.11,55116000000,,,,,,,,,,,,true,false,12,2015-04-01,2016-03-31,-1
2016-07-28,87080,2016-03-31,1,,,,,,,,,,,,,,,,,,,,,,,,,,,,,35.00,,,,49525649,6300657,,false,false,12,2015-04-01,2016-03-31,-1
2016-07-28,87080,2017-03-31,1,,,,,,,,,,,,,,,,,,,,,,,,,,,,,,,,,49525649,6300657,43224992,false,false,3,2016-04-01,2016-06-30,0
2016-07-28,87080,2016-03-31,1,,,,,,,,,,,,,,,,,,,,,,,,,,,,,,,,,,,43225060,false,false,3,2015-04-01,2015-06-30,-1
,87080,2017-03-31,,,,,,,,,,,,,,,,,,,,,,,,,,,,,,10.00,,,,,,,false,true,12,2016-04-01,2017-03-31,0
,87080,2016-03-31,,,,,,,,,,,,,,,,,,,,,,,,,,,,,,35.00,,,,,,,false,false,12,2015-04-01,2016-03-31,-1
2016-10-18,87080,2017-03-31,,,,,,4898000000,,-289000000,,456000000,,,572000000,,,,,,,,,,,,,,,,,,,,,,,,true,true,6,2016-04-01,2016-09-30,0
2016-10-18,87080,2016-03-31,,,,,,6881000000,,912000000,,1114000000,,,1121000000,,,,,,,,,,,,,,,,,,,,,,,,true,false,6,2015-04-01,2015-09-30,-1
2016-10-27,87080,2017-03-31,2,,,,,4898000000,-0.288,-289000000,,456000000,-0.591,,572000000,,13.25,,,,,,80411000000,52922000000,0.658,1224.36,52922000000,,,,,,,,,,,,true,false,6,2016-04-01,2016-09-30,0
2016-10-27,87080,2016-03-31,2,,,,,6881000000,-0.024,912000000,-0.229,1114000000,-0.205,,1121000000,,25.94,,,,,,,,,,,,,,,,,,,,,,true,false,6,2015-04-01,2015-09-30,-1
2016-10-27,87080,2016-03-31,2,,,,,,,,,,,,,,,,,,,,79910000000,55116000000,0.690,1275.11,55116000000,,,,,,,,,,,,true,false,12,2015-04-01,2016-03-31,-1
2016-10-27,87080,2016-03-31,2,,,,,,,,,,,,,,,,,,,,,,,,,,,,,35.00,,,,49525649,6300657,,false,false,12,2015-04-01,2016-03-31,-1
2016-10-27,87080,2017-03-31,2,,,,,,,,,,,,,,,,,,,,,,,,,,,,,10.00,,,,,,,false,false,12,2016-04-01,2017-03-31,0
2016-10-27,87080,2017-03-31,2,,,,,,,,,,,,,,,,,,,,,,,,,,,,,,,,,49525649,6300657,43224992,false,false,6,2016-04-01,2016-09-30,0
2016-10-27,87080,2016-03-31,2,,,,,,,,,,,,,,,,,,,,,,,,,,,,,,,,,,,43225050,false,false,6,2015-04-01,2015-09-30,-1
2017-01-27,87080,2017-03-31,3,,,,,7724000000,-0.227,-233000000,,698000000,-0.571,,759000000,,17.57,,,,,,88477000000,54265000000,0.613,1255.42,54265000000,,,,,,,,,,,,true,false,9,2016-04-01,2016-12-31,0
2017-01-27,87080,2016-03-31,3,,,,,9992000000,-0.096,1184000000,-0.442,1629000000,-0.340,,1500000000,,34.71,,,,,,,,,,,,,,,,,,,,,,true,false,9,2015-04-01,2015-12-31,-1
2017-01-27,87080,2016-03-31,3,,,,,,,,,,,,,,,,,,,,79910000000,55116000000,0.690,1275.11,55116000000,,,,,,,,,,,,true,false,12,2015-04-01,2016-03-31,-1
2017-01-27,87080,2016-03-31,3,,,,,,,,,,,,,,,,,,,,,,,,,,,,,35.00,,,,49525649,6300657,,false,false,12,2015-04-01,2016-03-31,-1
2017-01-27,87080,2017-03-31,3,,,,,,,,,,,,,,,,,,,,,,,,,,,,,10.00,,,,,,,false,false,12,2016-04-01,2017-03-31,0
2017-01-27,87080,2017-03-31,3,,,,,,,,,,,,,,,,,,,,,,,,,,,,,,,,,49525649,6300657,43224992,false,false,9,2016-04-01,2016-12-31,0
2017-01-27,87080,2016-03-31,3,,,,,,,,,,,,,,,,,,,,,,,,,,,,,,,,,,,43225031,false,false,9,2015-04-01,2015-12-31,-1
,87080,2017-03-31,,,,,,,,,,,,,,,,,,,,,,,,,,,,,,10.00,,,,,,,false,true,12,2016-04-01,2017-03-31,0
,87080,2017-03-31,,,,,,,,,,,,,,,,,,,,,,,,,,,,,,10.00,,,,,,,false,false,12,2016-04-01,2017-03-31,0
,87080,2016-03-31,,,,,,,,,,,,,,,,,,,,,,,,,,,,,,20.00,,,,,,,false,false,12,2015-04-01,2016-03-31,-1
2017-04-19,87080,2017-03-31,,,,,,10461000000,,-278000000,,600000000,,,1090000000,,,,,,,,,,,,,,,,,,,,,,,,true,true,12,2016-04-01,2017-03-31,0
2017-04-19,87080,2016-03-31,,,,,,12373000000,,792000000,,1607000000,,,1976000000,,,,,,,,,,,,,,,,,,,,,,,,true,false,12,2015-04-01,2016-03-31,-1
2017-04-28,87080,2017-03-31,,,,,,10461000000,-0.155,-278000000,,600000000,-0.626,,1090000000,,25.24,,0.020,0.007,,,96761000000,53882000000,0.557,1246.55,53882000000,9814000000,-7190000000,-1299000000,15571000000,,0.792,,,,,,true,false,12,2016-04-01,2017-03-31,0
2017-04-28,87080,2016-03-31,,,,,,12373000000,-0.159,792000000,-0.727,1607000000,-0.463,,1976000000,,45.73,,0.035,0.019,,,79910000000,55116000000,0.690,1275.11,55116000000,5540000000,812000000,-3810000000,14322000000,,0.765,,,,,,true,false,12,2015-04-01,2016-03-31,-1
2017-04-28,87080,2017-03-31,,,,,,10383000000,-0.092,-353000000,,448000000,-0.689,924000000,,-0.698,21.38,,,,,,87398000000,53312000000,0.610,1233.37,53312000000,,,,,20.00,,,,49525649,6300717,43224979,false,false,12,2016-04-01,2017-03-31,0
2017-04-28,87080,2016-03-31,,,,,,11440000000,-0.130,673000000,-0.702,1441000000,-0.464,3059000000,,-0.024,70.79,,,,,,79254000000,54567000000,0.689,1262.40,54567000000,,,,,35.00,,,,49525649,6300657,43225021,false,false,12,2015-04-01,2016-03-31,-1
2017-07-28,87080,2018-03-31,1,,,,,4271000000,0.702,350000000,,663000000,1.708,,524000000,,12.14,,,,,,102832000000,55412000000,0.539,1281.97,55412000000,,,,,,,,,,,,true,false,3,2017-04-01,2017-06-30,0
2017-07-28,87080,2017-03-31,1,,,,,2509000000,-0.352,-119000000,,244000000,-0.738,,166000000,,3.84,,,,,,,,,,,,,,,,,,,,,,true,false,3,2016-04-01,2016-06-30,-1
2017-07-28,87080,2017-03-31,1,,,,,,,,,,,,,,,,,,,,96761000000,53882000000,0.557,1246.55,53882000000,,,,,,,,,,,,true,false,12,2016-04-01,2017-03-31,-1
2017-07-28,87080,2017-03-31,1,,,,,,,,,,,,,,,,,,,,,,,,,,,,,20.00,,,,49525649,6300717,,false,false,12,2016-04-01,2017-03-31,-1
2017-07-28,87080,2018-03-31,1,,,,,,,,,,,,,,,,,,,,,,,,,,,,,,,,,49525649,6300717,43224932,false,false,3,2017-04-01,2017-06-30,0
2017-07-28,87080,2017-03-31,1,,,,,,,,,,,,,,,,,,,,,,,,,,,,,,,,,,,43224992,false,false,3,2016-04-01,2016-06-30,-1
,87080,2018-03-31,,,,,,,,,,,,,,,,,,,,,,,,,,,,,,10.00,,,,,,,false,true,12,2017-04-01,2018-03-31,0
,87080,2017-03-31,,,,,,,,,,,,,,,,,,,,,,,,,,,,,,20.00,,,,,,,false,false,12,2016-04-01,2017-03-31,-1
2017-10-17,87080,2018-03-31,,,,,,8582000000,,716000000,,1105000000,,,944000000,,,,,,,,,,,,,,,,,,,,,,,,true,true,6,2017-04-01,2017-09-30,0
2017-10-17,87080,2017-03-31,,,,,,4898000000,,-289000000,,456000000,,,572000000,,,,,,,,,,,,,,,,,,,,,,,,true,false,6,2016-04-01,2016-09-30,-1
2017-10-27,87080,2018-03-31,2,,,,,8582000000,0.752,716000000,,1105000000,1.424,,944000000,,21.85,,,,,,105518000000,56143000000,0.532,1298.87,56143000000,,,,,,,,,,,,true,false,6,2017-04-01,2017-09-30,0
2017-10-27,87080,2017-03-31,2,,,,,4898000000,-0.288,-289000000,,456000000,-0.591,,572000000,,13.25,,,,,,,,,,,,,,,,,,,,,,true,false,6,2016-04-01,2016-09-30,-1
2017-10-27,87080,2017-03-31,2,,,,,,,,,,,,,,,,,,,,96761000000,53882000000,0.557,1246.55,53882000000,,,,,,,,,,,,true,false,12,2016-04-01,2017-03-31,-1
2017-10-27,87080,2017-03-31,2,,,,,,,,,,,,,,,,,,,,,,,,,,,,,20.00,,,,49525649,6300717,,false,false,12,2016-04-01,2017-03-31,-1
2017-10-27,87080,2018-03-31,2,,,,,,,,,,,,,,,,,,,,,,,,,,,,,10.00,,,,,,,false,false,12,2017-04-01,2018-03-31,0
2017-10-27,87080,2018-03-31,2,,,,,,,,,,,,,,,,,,,,,,,,,,,,,,,,,49525649,6300817,43224906,false,false,6,2017-04-01,2017-09-30,0
2017-10-27,87080,2017-03-31,2,,,,,,,,,,,,,,,,,,,,,,,,,,,,,,,,,,,43224992,false,false,6,2016-04-01,2016-09-30,-1
2018-01-19,87080,2018-03-31,,,,,,13669000000,,1559000000,,2162000000,,,1766000000,,,,,,,,,,,,,,,,,,,,,,,,true,true,9,2017-04-01,2017-12-31,0
2018-01-19,87080,2017-03-31,,,,,,7724000000,,-233000000,,698000000,,,759000000,,,,,,,,,,,,,,,,,,,,,,,,true,false,9,2016-04-01,2016-12-31,-1
2018-01-30,87080,2018-03-31,3,,,,,13669000000,0.770,1559000000,,2162000000,2.096,,1766000000,,40.87,,,,,,109266000000,57200000000,0.523,1323.33,57200000000,,,,,,,,,,,,true,false,9,2017-04-01,2017-12-31,0
2018-01-30,87080,2017-03-31,3,,,,,7724000000,-0.227,-233000000,,698000000,-0.571,,759000000,,17.57,,,,,,,,,,,,,,,,,,,,,,true,false,9,2016-04-01,2016-12-31,-1
2018-01-30,87080,2017-03-31,3,,,,,,,,,,,,,,,,,,,,96761000000,53882000000,0.557,1246.55,53882000000,,,,,,,,,,,,true,false,12,2016-04-01,2017-03-31,-1
2018-01-30,87080,2017-03-31,3,,,,,,,,,,,,,,,,,,,,,,,,,,,,,20.00,,,,49525649,6300717,,false,false,12,2016-04-01,2017-03-31,-1
2018-01-30,87080,2018-03-31,3,,,,,,,,,,,,,,,,,,,,,,,,,,,,,10.00,,,,,,,false,false,12,2017-04-01,2018-03-31,0
2018-01-30,87080,2018-03-31,3,,,,,,,,,,,,,,,,,,,,,,,,,,,,,,,,,49525649,6300817,43224881,false,false,9,2017-04-01,2017-12-31,0
2018-01-30,87080,2017-03-31,3,,,,,,,,,,,,,,,,,,,,,,,,,,,,,,,,,,,43224992,false,false,9,2016-04-01,2016-12-31,-1
,87080,2018-03-31,,,,,,,,,,,,,,,,,,,,,,,,,,,,,,25.00,,,,,,,false,true,12,2017-04-01,2018-03-31,0
,87080,2018-03-31,,,,,,,,,,,,,,,,,,,,,,,,,,,,,,10.00,,,,,,,false,false,12,2017-04-01,2018-03-31,0
,87080,2017-03-31,,,,,,,,,,,,,,,,,,,,,,,,,,,,,,20.00,,,,,,,false,false,12,2016-04-01,2017-03-31,-1
2018-04-17,87080,2018-03-31,,,,,,18046000000,,1855000000,,2850000000,,,2255000000,,,,,,,,,,,,,,,,,,,,,,,,true,true,12,2017-04-01,2018-03-31,0
2018-04-17,87080,2017-03-31,,,,,,10461000000,,-278000000,,600000000,,,1090000000,,,,,,,,,,,,,,,,,,,,,,,,true,false,12,2016-04-01,2017-03-31,-1
2018-04-27,87080,2018-03-31,,,,,,18046000000,0.725,1855000000,,2850000000,3.746,,2255000000,,52.19,,0.041,0.028,,,106363000000,57241000000,0.538,1324.28,57241000000,-1333000000,-1017000000,-1215000000,11961000000,,0.479,,,,,,true,false,12,2017-04-01,2018-03-31,0
2018-04-27,87080,2017-03-31,,,,,,10461000000,-0.155,-278000000,,600000000,-0.626,,1090000000,,25.24,,0.020,0.007,,,96761000000,53882000000,0.557,1246.55,53882000000,9814000000,-7190000000,-1299000000,15571000000,,0.792,,,,,,true,false,12,2016-04-01,2017-03-31,-1
2018-04-27,87080,2018-03-31,,,,,,11720000000,0.129,434000000,,2291000000,4.106,2038000000,,1.205,47.15,,,,,,97301000000,56433000000,0.580,1305.59,56433000000,,,,,25.00,,,,49525649,6300817,43224869,false,false,12,2017-04-01,2018-03-31,0
2018-04-27,87080,2017-03-31,,,,,,10383000000,-0.092,-353000000,,448000000,-0.689,924000000,,-0.698,21.38,,,,,,87398000000,53312000000,0.610,1233.37,53312000000,,,,,20.00,,,,49525649,6300717,43224979,false,false,12,2016-04-01,2017-03-31,-1
2018-07-18,87080,2019-03-31,,,,,,3433000000,,-293000000,,75000000,,,49000000,,,,,,,,,,,,,,,,,,,,,,,,true,true,3,2018-04-01,2018-06-30,0
2018-07-18,87080,2018-03-31,,,,,,4271000000,,350000000,,663000000,,,524000000,,,,,,,,,,,,,,,,,,,,,,,,true,false,3,2017-04-01,2017-06-30,-1
2018-07-27,87080,2019-03-31,1,,,,,3433000000,-0.196,-293000000,,75000000,-0.885,,49000000,,1.14,,,,,,103672000000,56268000000,0.543,1301.77,56268000000,,,,,,,,,,,,true,false,3,2018-04-01,2018-06-30,0
2018-07-27,87080,2018-03-31,1,,,,,4271000000,0.702,350000000,,663000000,1.708,,524000000,,12.14,,,,,,,,,,,,,,,,,,,,,,true,false,3,2017-04-01,2017-06-30,-1
2018-07-27,87080,2018-03-31,1,,,,,,,,,,,,,,,,,,,,106105000000,57241000000,0.539,1324.28,57241000000,,,,,,,,,,,,true,false,12,2017-04-01,2018-03-31,-1
2018-07-27,87080,2018-03-31,1,,,,,,,,,,,,,,,,,,,,,,,,,,,,,25.00,,,,49525649,6300817,,false,false,12,2017-04-01,2018-03-31,-1
2018-07-27,87080,2019-03-31,1,,,,,,,,,,,,,,,,,,,,,,,,,,,,,,,,,49525649,6300818,43224832,false,false,3,2018-04-01,2018-06-30,0
2018-07-27,87080,2018-03-31,1,,,,,,,,,,,,,,,,,,,,,,,,,,,,,,,,,,,43224932,false,false,3,2017-04-01,2017-06-30,-1
,87080,2019-03-31,,,,,,,,,,,,,,,,,,,,,,,,,,,,,,7.00,,,,,,,false,true,12,2018-04-01,2019-03-31,0
,87080,2018-03-31,,,,,,,,,,,,,,,,,,,,,,,,,,,,,,25.00,,,,,,,false,false,12,2017-04-01,2018-03-31,-1
2018-10-17,87080,2019-03-31,,,,,,6900000000,,-693000000,,-182000000,,,-0,,,,,,,,,,,,,,,,,,,,,,,,true,true,6,2018-04-01,2018-09-30,0
2018-10-17,87080,2018-03-31,,,,,,8582000000,,716000000,,1105000000,,,944000000,,,,,,,,,,,,,,,,,,,,,,,,true,false,6,2017-04-01,2017-09-30,-1
2018-10-26,87080,2019-03-31,2,,,,,6900000000,-0.196,-693000000,,-182000000,,,-0,,-0.02,,,,,,97784000000,56278000000,0.576,1302.00,56278000000,,,,,,,,,,,,true,false,6,2018-04-01,2018-09-30,0
2018-10-26,87080,2018-03-31,2,,,,,8582000000,0.752,716000000,,1105000000,1.424,,944000000,,21.85,,,,,,,,,,,,,,,,,,,,,,true,false,6,2017-04-01,2017-09-30,-1
2018-10-26,87080,2018-03-31,2,,,,,,,,,,,,,,,,,,,,106105000000,57241000000,0.539,1324.28,57241000000,,,,,,,,,,,,true,false,12,2017-04-01,2018-03-31,-1
2018-10-26,87080,2018-03-31,2,,,,,,,,,,,,,,,,,,,,,,,,,,,,,25.00,,,,49525649,6300817,,false,false,12,2017-04-01,2018-03-31,-1
2018-10-26,87080,2019-03-31,2,,,,,,,,,,,,,,,,,,,,,,,,,,,,,7.00,,,,,,,false,false,12,2018-04-01,2019-03-31,0
2018-10-26,87080,2019-03-31,2,,,,,,,,,,,,,,,,,,,,,,,,,,,,,,,,,49525649,6300821,43224830,false,false,6,2018-04-01,2018-09-30,0
2018-10-26,87080,2018-03-31,2,,,,,,,,,,,,,,,,,,,,,,,,,,,,,,,,,,,43224906,false,false,6,2017-04-01,2017-09-30,-1
2019-01-22,87080,2019-03-31,,,,,,9786000000,,-1397000000,,-637000000,,,108000000,,,,,,,,,,,,,,,,,,,,,,,,true,true,9,2018-04-01,2018-12-31,0
2019-01-22,87080,2018-03-31,,,,,,13669000000,,1559000000,,2162000000,,,1766000000,,,,,,,,,,,,,,,,,,,,,,,,true,false,9,2017-04-01,2017-12-31,-1
2019-01-30,87080,2019-03-31,3,,,,,9786000000,-0.284,-1397000000,,-637000000,,,108000000,,2.51,,,,,,88263000000,53086000000,0.601,1228.15,53086000000,,,,,,,,,,,,true,false,9,2018-04-01,2018-12-31,0
2019-01-30,87080,2018-03-31,3,,,,,13669000000,0.770,1559000000,,2162000000,2.096,,1766000000,,40.87,,,,,,,,,,,,,,,,,,,,,,true,false,9,2017-04-01,2017-12-31,-1
2019-01-30,87080,2018-03-31,3,,,,,,,,,,,,,,,,,,,,106105000000,57241000000,0.539,1324.28,57241000000,,,,,,,,,,,,true,false,12,2017-04-01,2018-03-31,-1
2019-01-30,87080,2018-03-31,3,,,,,,,,,,,,,,,,,,,,,,,,,,,,,25.00,,,,49525649,6300817,,false,false,12,2017-04-01,2018-03-31,-1
2019-01-30,87080,2019-03-31,3,,,,,,,,,,,,,,,,,,,,,,,,,,,,,7.00,,,,,,,false,false,12,2018-04-01,2019-03-31,0
2019-01-30,87080,2019-03-31,3,,,,,,,,,,,,,,,,,,,,,,,,,,,,,,,,,49525649,6300843,43224824,false,false,9,2018-04-01,2018-12-31,0
2019-01-30,87080,2018-03-31,3,,,,,,,,,,,,,,,,,,,,,,,,,,,,,,,,,,,43224881,false,false,9,2017-04-01,2017-12-31,-1
,87080,2019-03-31,,,,,,,,,,,,,,,,,,,,,,,,,,,,,,22.00,,,,,,,false,true,12,2018-04-01,2019-03-31,0
,87080,2019-03-31,,,,,,,,,,,,,,,,,,,,,,,,,,,,,,7.00,,,,,,,false,false,12,2018-04-01,2019-03-31,0
,87080,2018-03-31,,,,,,,,,,,,,,,,,,,,,,,,,,,,,,25.00,,,,,,,false,false,12,2017-04-01,2018-03-31,-1
2019-04-16,87080,2019-03-31,,,,,,12701000000,,-1987000000,,-1059000000,,,246000000,,,,,,,,,,,,,,,,,,,,,,,,true,true,12,2018-04-01,2019-03-31,0
2019-04-16,87080,2018-03-31,,,,,,18046000000,,1855000000,,2850000000,,,2255000000,,,,,,,,,,,,,,,,,,,,,,,,true,false,12,2017-04-01,2018-03-31,-1
2019-04-26,87080,2019-03-31,,,,,,12701000000,-0.296,-1987000000,,-1059000000,,,246000000,,5.71,,0.004,-0.011,,,85913000000,53626000000,0.624,1249.31,53626000000,1255000000,423000000,-2110000000,11469000000,,3.853,,,,,,true,false,12,2018-04-01,2019-03-31,0
2019-04-26,87080,2018-03-31,,,,,,18046000000,0.725,1855000000,,2850000000,3.746,,2255000000,,52.19,,0.041,0.028,,,106105000000,57241000000,0.539,1324.28,57241000000,-1333000000,-1017000000,-1215000000,11961000000,,0.479,,,,,,true,false,12,2017-04-01,2018-03-31,-1
2019-04-26,87080,2019-03-31,,,,,,11484000000,-0.020,-2145000000,,-1285000000,,425000000,,-0.791,9.85,,,,,,85246000000,53047000000,0.622,1235.81,53047000000,,,,,22.00,,,,47525649,4600871,43194920,false,false,12,2018-04-01,2019-03-31,0
2019-04-26,87080,2018-03-31,,,,,,11720000000,0.129,434000000,,2291000000,4.106,2038000000,,1.205,47.15,,,,,,97092000000,56433000000,0.581,1305.59,56433000000,,,,,25.00,,,,49525649,6300817,43224869,false,false,12,2017-04-01,2018-03-31,-1
2019-07-17,87080,2020-03-31,,,,,,3514000000,,8000000,,332000000,,,293000000,,,,,,,,,,,,,,,,,,,,,,,,true,true,3,2019-04-01,2019-06-30,0
2019-07-17,87080,2019-03-31,,,,,,3433000000,,-293000000,,75000000,,,49000000,,,,,,,,,,,,,,,,,,,,,,,,true,false,3,2018-04-01,2018-06-30,-1
2019-07-30,87080,2020-03-31,1,,,,,3514000000,0.024,8000000,,332000000,3.375,,293000000,,6.85,,,,,,86806000000,52311000000,0.603,1227.26,52311000000,,,,,,,,,,,,true,false,3,2019-04-01,2019-06-30,0
2019-07-30,87080,2019-03-31,1,,,,,3433000000,-0.196,-293000000,,75000000,-0.885,,49000000,,1.14,,,,,,,,,,,,,,,,,,,,,,true,false,3,2018-04-01,2018-06-30,-1
2019-07-30,87080,2019-03-31,1,,,,,,,,,,,,,,,,,,,,85913000000,53626000000,0.624,1249.31,53626000000,,,,,,,,,,,,true,false,12,2018-04-01,2019-03-31,-1
2019-07-30,87080,2019-03-31,1,,,,,,,,,,,,,,,,,,,,,,,,,,,,,22.00,,,,47525649,4600871,,false,false,12,2018-04-01,2019-03-31,-1
2019-07-30,87080,2020-03-31,1,,,,,,,,,,,,,,,,,,,,,,,,,,,,,,,,,47525649,4900900,42793778,false,false,3,2019-04-01,2019-06-30,0
2019-07-30,87080,2019-03-31,1,,,,,,,,,,,,,,,,,,,,,,,,,,,,,,,,,,,43224832,false,false,3,2018-04-01,2018-06-30,-1
,87080,2020-03-31,,,,,,,,,,,,,,,,,,,,,,,,,,,,,,11.00,,,,,,,false,true,12,2019-04-01,2020-03-31,0
,87080,2019-03-31,,,,,,,,,,,,,,,,,,,,,,,,,,,,,,22.00,,,,,,,false,false,12,2018-04-01,2019-03-31,-1
2019-10-17,87080,2020-03-31,,,,,,6909000000,,36000000,,754000000,,,626000000,,,,,,,,,,,,,,,,,,,,,,,,true,true,6,2019-04-01,2019-09-30,0
2019-10-17,87080,2019-03-31,,,,,,6900000000,,-693000000,,-182000000,,,-0,,,,,,,,,,,,,,,,,,,,,,,,true,false,6,2018-04-01,2018-09-30,-1
2019-10-29,87080,2020-03-31,2,,,,,6909000000,0.001,36000000,,754000000,,,626000000,,14.67,,,,,,85425000000,52712000000,0.617,1234.96,52712000000,,,,,,,,,,,,true,false,6,2019-04-01,2019-09-30,0
2019-10-29,87080,2019-03-31,2,,,,,6900000000,-0.196,-693000000,,-182000000,,,-0,,-0.02,,,,,,,,,,,,,,,,,,,,,,true,false,6,2018-04-01,2018-09-30,-1
2019-10-29,87080,2019-03-31,2,,,,,,,,,,,,,,,,,,,,85913000000,53626000000,0.624,1249.31,53626000000,,,,,,,,,,,,true,false,12,2018-04-01,2019-03-31,-1
2019-10-29,87080,2019-03-31,2,,,,,,,,,,,,,,,,,,,,,,,,,,,,,22.00,,,,47525649,4600871,,false,false,12,2018-04-01,2019-03-31,-1
2019-10-29,87080,2020-03-31,2,,,,,,,,,,,,,,,,,,,,,,,,,,,,,11.00,,,,,,,false,false,12,2019-04-01,2020-03-31,0
2019-10-29,87080,2020-03-31,2,,,,,,,,,,,,,,,,,,,,,,,,,,,,,,,,,47525649,4841800,42726545,false,false,6,2019-04-01,2019-09-30,0
2019-10-29,87080,2019-03-31,2,,,,,,,,,,,,,,,,,,,,,,,,,,,,,,,,,,,43224830,false,false,6,2018-04-01,2018-09-30,-1
2020-01-22,87080,2020-03-31,,,,,,10447000000,,63000000,,1030000000,,,857000000,,,,,,,,,,,,,,,,,,,,,,,,true,true,9,2019-04-01,2019-12-31,0
2020-01-22,87080,2019-03-31,,,,,,9786000000,,-1397000000,,-637000000,,,108000000,,,,,,,,,,,,,,,,,,,,,,,,true,false,9,2018-04-01,2018-12-31,-1
2020-01-29,87080,2020-03-31,3,,,,,10447000000,0.068,63000000,,1030000000,,,857000000,,20.07,,,,,,94996000000,53952000000,0.568,1263.99,53952000000,,,,,,,,,,,,true,false,9,2019-04-01,2019-12-31,0
2020-01-29,87080,2019-03-31,3,,,,,9786000000,-0.284,-1397000000,,-637000000,,,108000000,,2.51,,,,,,,,,,,,,,,,,,,,,,true,false,9,2018-04-01,2018-12-31,-1
2020-01-29,87080,2019-03-31,3,,,,,,,,,,,,,,,,,,,,85913000000,53626000000,0.624,1249.31,53626000000,,,,,,,,,,,,true,false,12,2018-04-01,2019-03-31,-1
2020-01-29,87080,2019-03-31,3,,,,,,,,,,,,,,,,,,,,,,,,,,,,,22.00,,,,47525649,4600871,,false,false,12,2018-04-01,2019-03-31,-1
2020-01-29,87080,2020-03-31,3,,,,,,,,,,,,,,,,,,,,,,,,,,,,,11.00,,,,,,,false,false,12,2019-04-01,2020-03-31,0
2020-01-29,87080,2020-03-31,3,,,,,,,,,,,,,,,,,,,,,,,,,,,,,,,,,47525649,4841300,42712342,false,false,9,2019-04-01,2019-12-31,0
2020-01-29,87080,2019-03-31,3,,,,,,,,,,,,,,,,,,,,,,,,,,,,,,,,,,,43224824,false,false,9,2018-04-01,2018-12-31,-1
,87080,2020-03-31,,,,,,,,,,,,,,,,,,,,,,,,,,,,,,22.00,,,,,,,false,true,12,2019-04-01,2020-03-31,0
,87080,2020-03-31,,,,,,,,,,,,,,,,,,,,,,,,,,,,,,11.00,,,,,,,false,false,12,2019-04-01,2020-03-31,0
,87080,2019-03-31,,,,,,,,,,,,,,,,,,,,,,,,,,,,,,22.00,,,,,,,false,false,12,2018-04-01,2019-03-31,-1
2020-04-16,87080,2020-03-31,,14188000000,0.117,,,,,252000000,,1521000000,,940000000,,2.810,,,,,,,,,,,,,,,,,,,,,,,true,true,12,2019-04-01,2020-03-31,0
2020-04-16,87080,2019-03-31,,12701000000,,,,,,-1987000000,,-1059000000,,246000000,,,,,,,,,,,,,,,,,,,,,,,,,true,false,12,2018-04-01,2019-03-31,-1
2020-04-28,87080,2020-03-31,,14188000000,0.117,,,,,252000000,,1521000000,,940000000,,2.810,22.03,,0.018,0.018,0.018,,85134000000,50141000000,0.589,1182.85,50141000000,8818000000,-3334000000,-1521000000,15162000000,,0.999,,,,,,true,false,12,2019-04-01,2020-03-31,0
2020-04-28,87080,2019-03-31,,12701000000,-0.296,,,,,-1987000000,,-1059000000,,246000000,,-0.891,5.71,,0.004,-0.011,-0.156,,85913000000,53626000000,0.624,1249.31,53626000000,1255000000,423000000,-2110000000,11469000000,,3.853,,,,,,true,false,12,2018-04-01,2019-03-31,-1
2020-04-28,87080,2020-03-31,,14171000000,0.234,,,,,247000000,,1474000000,,922000000,,1.169,21.60,,,,,,84870000000,49825000000,0.587,1175.40,49825000000,,,,,22.00,,,,47525649,5135135,42690618,false,false,12,2019-04-01,2020-03-31,0
2020-04-28,87080,2019-03-31,,11484000000,-0.020,,,,,-2145000000,,-1285000000,,425000000,,-0.791,9.85,,,,,,85246000000,53047000000,0.622,1235.81,53047000000,,,,,22.00,,,,47525649,4600871,43194920,false,false,12,2018-04-01,2019-03-31,-1
2020-04-28,87080,2020-03-31,,,,,,14188000000,0.117,252000000,,1521000000,,,940000000,,22.03,,0.018,0.018,,,85134000000,50141000000,0.589,1182.85,50141000000,8818000000,-3334000000,-1521000000,15162000000,,0.999,,,,,,true,false,12,2019-04-01,2020-03-31,0
2020-04-28,87080,2019-03-31,,,,,,12701000000,-0.296,-1987000000,,-1059000000,,,246000000,,5.71,,0.004,-0.011,,,85913000000,53626000000,0.624,1249.31,53626000000,1255000000,423000000,-2110000000,11469000000,,3.853,,,,,,true,false,12,2018-04-01,2019-03-31,-1
2020-04-28,87080,2020-03-31,,,,,,14171000000,0.234,247000000,,1474000000,,922000000,,1.169,21.60,,,,,,84870000000,49825000000,0.587,1175.40,49825000000,,,,,22.00,,,,47525649,5135135,42690618,false,false,12,2019-04-01,2020-03-31,0
2020-04-28,87080,2019-03-31,,,,,,11484000000,-0.020,-2145000000,,-1285000000,,425000000,,-0.791,9.85,,,,,,85246000000,53047000000,0.622,1235.81,53047000000,,,,,22.00,,,,47525649,4600871,43194920,false,false,12,2018-04-01,2019-03-31,-1
2020-07-16,87080,2021-03-31,,3571000000,0.016,,,,,97000000,,353000000,0.063,707000000,,1.413,,,,,,,,,,,,,,,,,,,,,,,true,true,12,2020-04-01,2021-03-31,0
2020-07-16,87080,2020-03-31,,14188000000,,,,,,252000000,,1521000000,,940000000,,,,,,,,,,,,,,,,,,,,,,,,,true,false,12,2019-04-01,2020-03-31,-1
2020-07-31,87080,2021-03-31,1,3571000000,0.016,,,,,97000000,,353000000,0.063,,707000000,,16.93,,,,,,96056000000,51392000000,0.535,1251.40,51392000000,,,,,,,,,,,,true,false,3,2020-04-01,2020-06-30,0
2020-07-31,87080,2020-03-31,1,3514000000,0.024,,,,,8000000,,332000000,3.375,,293000000,,6.85,,,,,,,,,,,,,,,,,,,,,,true,false,3,2019-04-01,2019-06-30,-1
2020-07-31,87080,2020-03-31,1,,,,,,,,,,,,,,,,,,,,85134000000,50141000000,0.589,1182.85,50141000000,,,,,,,,,,,,true,false,12,2019-04-01,2020-03-31,-1
2020-07-31,87080,2020-03-31,1,,,,,,,,,,,,,,,,,,,,,,,,,,,,,22.00,,,,47525649,5135135,,false,false,12,2019-04-01,2020-03-31,-1
2020-07-31,87080,2021-03-31,1,,,,,,,,,,,,,,,,,,,,,,,,,,,,,,,,,47525649,6457535,41804439,false,false,3,2020-04-01,2020-06-30,0
2020-07-31,87080,2020-03-31,1,,,,,,,,,,,,,,,,,,,,,,,,,,,,,,,,,,,42793778,false,false,3,2019-04-01,2019-06-30,-1
,87080,2021-03-31,,,,,,,,,,,,,,,,,,,,,,,,,,,,,,11.00,,,,,,,false,true,12,2020-04-01,2021-03-31,0
,87080,2020-03-31,,,,,,,,,,,,,,,,,,,,,,,,,,,,,,22.00,,,,,,,false,false,12,2019-04-01,2020-03-31,-1
2020-10-16,87080,2021-03-31,,7935000000,0.149,,,,,462000000,,940000000,0.247,1067000000,,0.704,,,,,,,,,,,,,,,,,,,,,,,true,true,12,2020-04-01,2021-03-31,0
2020-10-16,87080,2020-03-31,,14188000000,,,,,,252000000,,1521000000,,940000000,,,,,,,,,,,,,,,,,,,,,,,,,true,false,12,2019-04-01,2020-03-31,-1
2020-10-16,87080,2021-03-31,,7935000000,0.149,,,,,462000000,,940000000,0.247,1067000000,,0.704,,,,,,,,,,,,,,,,,,,,,,,true,true,6,2020-04-01,2020-09-30,0
2020-10-16,87080,2020-03-31,,14188000000,,,,,,252000000,,1521000000,,940000000,,,,,,,,,,,,,,,,,,,,,,,,,true,false,6,2019-04-01,2019-09-30,-1
2020-10-28,87080,2021-03-31,2,,,,,7935000000,0.149,462000000,,940000000,0.247,,1067000000,,25.85,,,,,,96613000000,51914000000,0.537,1277.96,51914000000,,,,,,,,,,,,true,false,6,2020-04-01,2020-09-30,0
2020-10-28,87080,2020-03-31,2,,,,,6909000000,0.001,36000000,,754000000,,,626000000,,14.67,,,,,,,,,,,,,,,,,,,,,,true,false,6,2019-04-01,2019-09-30,-1
2020-10-28,87080,2020-03-31,2,,,,,,,,,,,,,,,,,,,,85134000000,50141000000,0.589,1182.85,50141000000,,,,,,,,,,,,true,false,12,2019-04-01,2020-03-31,-1
2020-10-28,87080,2020-03-31,2,,,,,,,,,,,,,,,,,,,,,,,,,,,,,22.00,,,,47525649,5135135,,false,false,12,2019-04-01,2020-03-31,-1
2020-10-28,87080,2021-03-31,2,,,,,,,,,,,,,,,,,,,,,,,,,,,,,11.00,,,,,,,false,false,12,2020-04-01,2021-03-31,0
2020-10-28,87080,2021-03-31,2,,,,,,,,,,,,,,,,,,,,,,,,,,,,,,,,,47525649,6902855,41311338,false,false,6,2020-04-01,2020-09-30,0
2020-10-28,87080,2020-03-31,2,,,,,,,,,,,,,,,,,,,,,,,,,,,,,,,,,,,42726545,false,false,6,2019-04-01,2019-09-30,-1
2021-01-20,87080,2021-03-31,,,,,,12191000000,,801000000,,1566000000,,4213000000,,,,,,,,,,,,,,,,,,,,,,,,,true,true,9,2020-04-01,2020-12-31,0
2021-01-20,87080,2020-03-31,,,,,,10447000000,,63000000,,1030000000,,857000000,,,,,,,,,,,,,,,,,,,,,,,,,true,false,9,2019-04-01,2019-12-31,-1
2021-01-27,87080,2021-03-31,3,,,,,12191000000,0.167,801000000,,1566000000,0.520,,4213000000,,102.66,,,,,,109514000000,56509000000,0.516,1397.98,56496000000,,,,,,,,,,,,true,false,9,2020-04-01,2020-12-31,0
2021-01-27,87080,2020-03-31,3,,,,,10447000000,0.068,63000000,,1030000000,,,857000000,,20.07,,,,,,,,,,,,,,,,,,,,,,true,false,9,2019-04-01,2019-12-31,-1
2021-01-27,87080,2020-03-31,3,,,,,,,,,,,,,,,,,,,,85134000000,50141000000,0.589,1182.85,50141000000,,,,,,,,,,,,true,false,12,2019-04-01,2020-03-31,-1
2021-01-27,87080,2020-03-31,3,,,,,,,,,,,,,,,,,,,,,,,,,,,,,22.00,,,,47525649,5135135,,false,false,12,2019-04-01,2020-03-31,-1
2021-01-27,87080,2021-03-31,3,,,,,,,,,,,,,,,,,,,,,,,,,,,,,11.00,,,,,,,false,false,12,2020-04-01,2021-03-31,0
2021-01-27,87080,2021-03-31,3,,,,,,,,,,,,,,,,,,,,,,,,,,,,,,,,,47525649,7112753,41047477,false,false,9,2020-04-01,2020-12-31,0
2021-01-27,87080,2020-03-31,3,,,,,,,,,,,,,,,,,,,,,,,,,,,,,,,,,,,42712342,false,false,9,2019-04-01,2019-12-31,-1
,87080,2021-03-31,,,,,,,,,,,,,,,,,,,,,,,,,,,,,,32.00,,,,,,,false,true,12,2020-04-01,2021-03-31,0
,87080,2021-03-31,,,,,,,,,,,,,,,,,,,,,,,,,,,,,,11.00,,,,,,,false,false,12,2020-04-01,2021-03-31,0
,87080,2020-03-31,,,,,,,,,,,,,,,,,,,,,,,,,,,,,,22.00,,,,,,,false,false,12,2019-04-01,2020-03-31,-1
2021-04-16,87080,2021-03-31,,,,,,16433000000,,929000000,,1542000000,,,4538000000,,,,,,,,,,,,,,,,,,,,,,,,true,true,12,2020-04-01,2021-03-31,0
2021-04-16,87080,2020-03-31,,,,,,14188000000,,252000000,,1521000000,,,940000000,,,,,,,,,,,,,,,,,,,,,,,,true,false,12,2019-04-01,2020-03-31,-1
2021-04-28,87080,2021-03-31,,,,,,16433000000,0.158,929000000,2.678,1542000000,0.014,,4538000000,,111.09,,0.084,0.016,,,107127000000,58346000000,0.540,1444.30,57811000000,-1618000000,4111000000,-1783000000,16231000000,,0.288,,,,,,true,false,12,2020-04-01,2021-03-31,0
2021-04-28,87080,2020-03-31,,,,,,14188000000,0.117,252000000,,1521000000,,,940000000,,22.03,,0.018,0.018,,,85134000000,50141000000,0.589,1182.85,50141000000,8818000000,-3334000000,-1521000000,15162000000,,0.999,,,,,,true,false,12,2019-04-01,2020-03-31,-1
2021-04-28,87080,2021-03-31,,,,,,16152000000,0.140,976000000,2.951,1576000000,0.069,4534000000,,3.917,111.00,,,,,,105682000000,57092000000,0.540,1426.32,57092000000,,,,,32.00,,,,47525649,7498290,40856070,false,false,12,2020-04-01,2021-03-31,0
2021-04-28,87080,2020-03-31,,,,,,14171000000,0.234,247000000,,1474000000,,922000000,,1.169,21.60,,,,,,84870000000,49825000000,0.587,1175.40,49825000000,,,,,22.00,,,,47525649,5135135,42690618,false,false,12,2019-04-01,2020-03-31,-1
2021-07-19,87080,2022-03-31,,3657000000,,,,,,-195000000,,1155000000,,949000000,,,,,,,,,,,,,,,,,,,,,,,,,true,true,3,2021-04-01,2021-06-30,0
2021-07-19,87080,2021-03-31,,3571000000,,,,,,97000000,,353000000,,707000000,,,,,,,,,,,,,,,,,,,,,,,,,true,false,3,2020-04-01,2020-06-30,-1
2021-07-30,87080,2022-03-31,1,,,,,3657000000,0.024,-195000000,,1155000000,2.274,,949000000,,23.83,,,,,,109731000000,59179000000,0.528,1462.16,57952000000,,,,,,,,,,,,true,false,3,2021-04-01,2021-06-30,0
2021-07-30,87080,2021-03-31,1,,,,,3571000000,0.016,97000000,,353000000,0.063,,707000000,,16.93,,,,,,,,,,,,,,,,,,,,,,true,false,3,2020-04-01,2020-06-30,-1
2021-07-30,87080,2021-03-31,1,,,,,,,,,,,,,,,,,,,,107127000000,58346000000,0.540,1444.30,57811000000,,,,,,,,,,,,true,false,12,2020-04-01,2021-03-31,-1
2021-07-30,87080,2021-03-31,1,,,,,,,,,,,,,,,,,,,,,,,,,,,,,32.00,,,,47525649,7498290,,false,false,12,2020-04-01,2021-03-31,-1
2021-07-30,87080,2022-03-31,1,,,,,,,,,,,,,,,,,,,,,,,,,,,,,,,,,47525649,7891090,39836508,false,false,3,2021-04-01,2021-06-30,0
2021-07-30,87080,2021-03-31,1,,,,,,,,,,,,,,,,,,,,,,,,,,,,,,,,,,,41804439,false,false,3,2020-04-01,2020-06-30,-1
,87080,2022-03-31,,,,,,,,,,,,,,,,,,,,,,,,,,,,,,13.00,,,,,,,false,true,12,2021-04-01,2022-03-31,0
,87080,2021-03-31,,,,,,,,,,,,,,,,,,,,,,,,,,,,,,32.00,,,,,,,false,false,12,2020-04-01,2021-03-31,-1
2021-10-20,87080,2022-03-31,,,,,,8115000000,,-313000000,,1033000000,,,2283000000,,,,,,,,,,,,,,,,,,,,,,,,true,true,6,2021-04-01,2021-09-30,0
2021-10-20,87080,2021-03-31,,,,,,7935000000,,462000000,,940000000,,,1067000000,,,,,,,,,,,,,,,,,,,,,,,,true,false,6,2020-04-01,2020-09-30,-1
2021-10-29,87080,2022-03-31,2,,,,,8115000000,0.023,-313000000,,1033000000,0.100,,2283000000,,57.59,,,,,,135212000000,59814000000,0.429,1474.88,57959000000,,,,,,,,,,,,true,false,6,2021-04-01,2021-09-30,0
2021-10-29,87080,2021-03-31,2,,,,,7935000000,0.149,462000000,,940000000,0.247,,1067000000,,25.85,,,,,,,,,,,,,,,,,,,,,,true,false,6,2020-04-01,2020-09-30,-1
2021-10-29,87080,2021-03-31,2,,,,,,,,,,,,,,,,,,,,107127000000,58346000000,0.540,1444.30,57811000000,,,,,,,,,,,,true,false,12,2020-04-01,2021-03-31,-1
2021-10-29,87080,2021-03-31,2,,,,,,,,,,,,,,,,,,,,,,,,,,,,,32.00,,,,47525649,7498290,,false,false,12,2020-04-01,2021-03-31,-1
2021-10-29,87080,2022-03-31,2,,,,,,,,,,,,,,,,,,,,,,,,,,,,,13.00,,,,,,,false,false,12,2021-04-01,2022-03-31,0
2021-10-29,87080,2022-03-31,2,,,,,,,,,,,,,,,,,,,,,,,,,,,,,,,,,47525649,8227490,39650879,false,false,6,2021-04-01,2021-09-30,0
2021-10-29,87080,2021-03-31,2,,,,,,,,,,,,,,,,,,,,,,,,,,,,,,,,,,,41311338,false,false,6,2020-04-01,2020-09-30,-1
2022-01-21,87080,2022-03-31,,,,,,12515000000,,-204000000,,1345000000,,,3224000000,,,,,,,,,,,,,,,,,,,,,,,,true,true,9,2021-04-01,2021-12-31,0
2022-01-21,87080,2021-03-31,,,,,,12191000000,,801000000,,1566000000,,,4213000000,,,,,,,,,,,,,,,,,,,,,,,,true,false,9,2020-04-01,2020-12-31,-1
2022-01-28,87080,2022-03-31,3,,,,,12515000000,0.027,-204000000,,1345000000,-0.141,,3224000000,,81.72,,,,,,107467000000,59476000000,0.532,1471.82,57212000000,,,,,,,,,,,,true,false,9,2021-04-01,2021-12-31,0
2022-01-28,87080,2021-03-31,3,,,,,12191000000,0.167,801000000,,1566000000,0.520,,4213000000,,102.66,,,,,,,,,,,,,,,,,,,,,,true,false,9,2020-04-01,2020-12-31,-1
2022-01-28,87080,2021-03-31,3,,,,,,,,,,,,,,,,,,,,107127000000,58346000000,0.540,1444.30,57811000000,,,,,,,,,,,,true,false,12,2020-04-01,2021-03-31,-1
2022-01-28,87080,2021-03-31,3,,,,,,,,,,,,,,,,,,,,,,,,,,,,,32.00,,,,47525649,7498290,,false,false,12,2020-04-01,2021-03-31,-1
2022-01-28,87080,2022-03-31,3,,,,,,,,,,,,,,,,,,,,,,,,,,,,,13.00,,,,,,,false,false,12,2021-04-01,2022-03-31,0
2022-01-28,87080,2022-03-31,3,,,,,,,,,,,,,,,,,,,,,,,,,,,,,,,,,47525649,8653810,39457167,false,false,9,2021-04-01,2021-12-31,0
2022-01-28,87080,2021-03-31,3,,,,,,,,,,,,,,,,,,,,,,,,,,,,,,,,,,,41047477,false,false,9,2020-04-01,2020-12-31,-1
,87080,2022-03-31,,,,,,,,,,,,,,,,,,,,,,,,,,,,,,28.00,,,,,,,false,true,12,2021-04-01,2022-03-31,0
,87080,2022-03-31,,,,,,,,,,,,,,,,,,,,,,,,,,,,,,13.00,,,,,,,false,false,12,2021-04-01,2022-03-31,0
,87080,2021-03-31,,,,,,,,,,,,,,,,,,,,,,,,,,,,,,32.00,,,,,,,false,false,12,2020-04-01,2021-03-31,-1
2022-04-20,87080,2022-03-31,,,,,,16050000000,,-533000000,,1429000000,,,2901000000,,,,,,,,,,,,,,,,,,,,,,,,true,true,12,2021-04-01,2022-03-31,0
2022-04-20,87080,2021-03-31,,,,,,16433000000,,929000000,,1542000000,,,4538000000,,,,,,,,,,,,,,,,,,,,,,,,true,false,12,2020-04-01,2021-03-31,-1
2022-04-28,87080,2022-03-31,,,,,,16050000000,-0.023,-533000000,,1429000000,-0.074,,2901000000,,73.85,,0.051,0.013,,,104723000000,58029000000,0.532,1440.62,55712000000,-3930000000,4749000000,959000000,18666000000,,0.379,,,,,,true,false,12,2021-04-01,2022-03-31,0
2022-04-28,87080,2021-03-31,,,,,,16433000000,0.158,929000000,2.678,1542000000,0.014,,4538000000,,111.09,,0.084,0.016,,,107127000000,58346000000,0.540,1444.30,57811000000,-1618000000,4111000000,-1783000000,16231000000,,0.288,,,,,,true,false,12,2020-04-01,2021-03-31,-1
2022-04-28,87080,2022-03-31,,,,,,8018000000,-0.504,-400000000,,1129000000,-0.283,2293000000,,-0.494,58.37,,,,,,52184000000,48488000000,0.929,1253.81,48488000000,,,,,28.00,,,,47525649,8853110,39291333,false,false,12,2021-04-01,2022-03-31,0
2022-04-28,87080,2021-03-31,,,,,,16152000000,0.140,976000000,2.951,1576000000,0.069,4534000000,,3.917,111.00,,,,,,105682000000,57092000000,0.540,1426.32,57092000000,,,,,32.00,,,,47525649,7498290,40856070,false,false,12,2020-04-01,2021-03-31,-1
2022-07-20,87080,2023-03-31,,,,,,2746000000,,-1028000000,,-755000000,,,-897000000,,,,,,,,,,,,,,,,,,,,,,,,true,true,3,2022-04-01,2022-06-30,0
2022-07-20,87080,2022-03-31,,,,,,3657000000,,-195000000,,1155000000,,,949000000,,,,,,,,,,,,,,,,,,,,,,,,true,false,3,2021-04-01,2021-06-30,-1
2022-07-29,87080,2023-03-31,1,,,,,2746000000,-0.249,-1028000000,,-753000000,,,-897000000,,-23.27,,,,,,101564000000,56371000000,0.532,1406.69,54057000000,,,,,,,,,,,,true,false,3,2022-04-01,2022-06-30,0
2022-07-29,87080,2022-03-31,1,,,,,3657000000,0.024,-195000000,,1155000000,2.274,,949000000,,23.83,,,,,,,,,,,,,,,,,,,,,,true,false,3,2021-04-01,2021-06-30,-1
2022-07-29,87080,2022-03-31,1,,,,,,,,,,,,,,,,,,,,104723000000,58029000000,0.532,1440.62,55712000000,,,,,,,,,,,,true,false,12,2021-04-01,2022-03-31,-1
2022-07-29,87080,2022-03-31,1,,,,,,,,,,,,,,,,,,,,,,,,,,,,,28.00,,,,47525649,8853110,,false,false,12,2021-04-01,2022-03-31,-1
2022-07-29,87080,2023-03-31,1,,,,,,,,,,,,,,,,,,,,,,,,,,,,,,,,,47525649,9096310,38550387,false,false,3,2022-04-01,2022-06-30,0
2022-07-29,87080,2022-03-31,1,,,,,,,,,,,,,,,,,,,,,,,,,,,,,,,,,,,39836508,false,false,3,2021-04-01,2021-06-30,-1
,87080,2023-03-31,,,,,,,,,,,,,,,,,,,,,,,,,,,,,,13.00,,,,,,,false,true,12,2022-04-01,2023-03-31,0
,87080,2022-03-31,,,,,,,,,,,,,,,,,,,,,,,,,,,,,,28.00,,,,,,,false,false,12,2021-04-01,2022-03-31,-1
2022-10-20,87080,2023-03-31,,,,,,5945000000,,-1902000000,,-1600000000,,,-1455000000,,,,,,,,,,,,,,,,,,,,,,,,true,true,6,2022-04-01,2022-09-30,0
2022-10-20,87080,2022-03-31,,,,,,8115000000,,-313000000,,1033000000,,,2283000000,,,,,,,,,,,,,,,,,,,,,,,,true,false,6,2021-04-01,2021-09-30,-1
2022-10-28,87080,2023-03-31,2,,,,,5945000000,-0.267,-1902000000,,-1600000000,,,-1455000000,,-37.80,,,,,,103791000000,55667000000,0.514,1385.32,53297000000,,,,,,,,,,,,true,false,6,2022-04-01,2022-09-30,0
2022-10-28,87080,2022-03-31,2,,,,,8115000000,0.023,-313000000,,1033000000,0.100,,2283000000,,57.59,,,,,,,,,,,,,,,,,,,,,,true,false,6,2021-04-01,2021-09-30,-1
2022-10-28,87080,2022-03-31,2,,,,,,,,,,,,,,,,,,,,104723000000,58029000000,0.532,1440.62,55712000000,,,,,,,,,,,,true,false,12,2021-04-01,2022-03-31,-1
2022-10-28,87080,2022-03-31,2,,,,,,,,,,,,,,,,,,,,,,,,,,,,,28.00,,,,47525649,8853110,,false,false,12,2021-04-01,2022-03-31,-1
2022-10-28,87080,2023-03-31,2,,,,,,,,,,,,,,,,,,,,,,,,,,,,,13.00,,,,,,,false,false,12,2022-04-01,2023-03-31,0
2022-10-28,87080,2023-03-31,2,,,,,,,,,,,,,,,,,,,,,,,,,,,,,,,,,47525649,9052651,38495058,false,false,6,2022-04-01,2022-09-30,0
2022-10-28,87080,2022-03-31,2,,,,,,,,,,,,,,,,,,,,,,,,,,,,,,,,,,,39650879,false,false,6,2021-04-01,2021-09-30,-1
2023-01-23,87080,2023-03-31,,,,,,9347000000,-0.253,-2206000000,,-1710000000,,,-1207000000,,,,,,,,,,,,,,,,,,,,,,,,true,true,9,2022-04-01,2022-12-31,0
2023-01-23,87080,2022-03-31,,,,,,12515000000,,-204000000,,1345000000,,,3224000000,,,,,,,,,,,,,,,,,,,,,,,,true,false,9,2021-04-01,2021-12-31,-1
2023-01-27,87080,2023-03-31,3,,,,,9347000000,-0.253,-2206000000,,-1710000000,,,-1207000000,,-31.42,,,,,,104792000000,55773000000,0.502,1381.65,52570000000,,,,,,,,,,,,true,false,9,2022-04-01,2022-12-31,0
2023-01-27,87080,2022-03-31,3,,,,,12515000000,0.027,-204000000,,1345000000,-0.141,,3224000000,,81.72,,,,,,,,,,,,,,,,,,,,,,true,false,9,2021-04-01,2021-12-31,-1
2023-01-27,87080,2022-03-31,3,,,,,,,,,,,,,,,,,,,,104723000000,58029000000,0.532,1440.62,55712000000,,,,,,,,,,,,true,false,12,2021-04-01,2022-03-31,-1
2023-01-27,87080,2022-03-31,3,,,,,,,,,,,,,,,,,,,,,,,,,,,,,28.00,,,,47525649,8853110,,false,false,12,2021-04-01,2022-03-31,-1
2023-01-27,87080,2023-03-31,3,,,,,,,,,,,,,,,,,,,,,,,,,,,,,13.00,,,,,,,false,false,12,2022-04-01,2023-03-31,0
2023-01-27,87080,2023-03-31,3,,,,,,,,,,,,,,,,,,,,,,,,,,,,,,,,,47525649,9476751,38416036,false,false,9,2022-04-01,2022-12-31,0
2023-01-27,87080,2022-03-31,3,,,,,,,,,,,,,,,,,,,,,,,,,,,,,,,,,,,39457167,false,false,9,2021-04-01,2021-12-31,-1
,87080,2023-03-31,,,,,,,,,,,,,,,,,,,,,,,,,,,,,,26.00,,,,,,,false,true,12,2022-04-01,2023-03-31,0
,87080,2023-03-31,,,,,,,,,,,,,,,,,,,,,,,,,,,,,,13.00,,,,,,,false,false,12,2022-04-01,2023-03-31,0
,87080,2022-03-31,,,,,,,,,,,,,,,,,,,,,,,,,,,,,,28.00,,,,,,,false,false,12,2021-04-01,2022-03-31,-1
2023-04-20,87080,2023-03-31,,,,,,12751000000,,-2782000000,,-1911000000,,,-2392000000,,,,,,,,,,,,,,,,,,,,,,,,true,true,12,2022-04-01,2023-03-31,0
2023-04-20,87080,2022-03-31,,,,,,16050000000,,-533000000,,1429000000,,,2901000000,,,,,,,,,,,,,,,,,,,,,,,,true,false,12,2021-04-01,2022-03-31,-1
2023-04-28,87080,2023-03-31,,,,,,12751000000,-0.206,-2782000000,,-1911000000,,,-2375000000,,-62.03,,-0.045,-0.019,,,98835000000,54030000000,0.516,1350.08,50997000000,-9487000000,474000000,3824000000,13734000000,,,,,,,,true,false,12,2022-04-01,2023-03-31,0
2023-04-28,87080,2022-03-31,,,,,,16050000000,-0.023,-533000000,,1429000000,-0.074,,2901000000,,73.85,,0.051,0.013,,,104723000000,58029000000,0.532,1440.62,55712000000,-3930000000,4749000000,959000000,18666000000,,0.379,,,,,,true,false,12,2021-04-01,2022-03-31,-1
2023-04-28,87080,2023-03-31,,,,,,844000000,-0.895,-50000000,,91000000,-0.919,1000000,,-0.999,0.04,,,,,,49044000000,46938000000,0.957,1242.63,46938000000,,,,,26.00,,,,47525649,9751971,38291055,false,false,12,2022-04-01,2023-03-31,0
2023-04-28,87080,2022-03-31,,,,,,8018000000,-0.504,-400000000,,1129000000,-0.283,2293000000,,-0.494,58.37,,,,,,52184000000,48488000000,0.929,1253.81,48488000000,,,,,28.00,,,,47525649,8853110,39291333,false,false,12,2021-04-01,2022-03-31,-1
2023-07-20,87080,2024-03-31,,,,,,4588000000,,564000000,,830000000,,,734000000,,,,,,,,,,,,,,,,,,,,,,,,true,true,3,2023-04-01,2023-06-30,0
2023-07-20,87080,2023-03-31,,,,,,2746000000,,-2782000000,,-1911000000,,,-2375000000,,,,,,,,,,,,,,,,,,,,,,,,true,false,3,2022-04-01,2022-06-30,-1
2023-07-28,87080,2024-03-31,1,,,,,4588000000,0.671,564000000,,830000000,,,734000000,,19.50,,,,,,112646000000,55753000000,0.469,1407.23,52849000000,,,,,,,,,,,,true,false,3,2023-04-01,2023-06-30,0
2023-07-28,87080,2023-03-31,1,,,,,2746000000,-0.249,-1028000000,,-753000000,,,-897000000,,-23.27,,,,,,,,,,,,,,,,,,,,,,true,false,3,2022-04-01,2022-06-30,-1
2023-07-28,87080,2023-03-31,1,,,,,,,,,,,,,,,,,,,,98835000000,54030000000,0.516,1350.08,50997000000,,,,,,,,,,,,true,false,12,2022-04-01,2023-03-31,-1
2023-07-28,87080,2023-03-31,1,,,,,,,,,,,,,,,,,,,,,,,,,,,,,26.00,,,,47525649,9751971,,false,false,12,2022-04-01,2023-03-31,-1
2023-07-28,87080,2024-03-31,1,,,,,,,,,,,,,,,,,,,,,,,,,,,,,,,,,47525649,9970134,37652758,false,false,3,2023-04-01,2023-06-30,0
2023-07-28,87080,2023-03-31,1,,,,,,,,,,,,,,,,,,,,,,,,,,,,,,,,,,,38550387,false,false,3,2022-04-01,2022-06-30,-1
,87080,2024-03-31,,,,,,,,,,,,,,,,,,,,,,,,,,,,,,13.00,,,,,,,false,true,12,2023-04-01,2024-03-31,0
,87080,2023-03-31,,,,,,,,,,,,,,,,,,,,,,,,,,,,,,26.00,,,,,,,false,false,12,2022-04-01,2023-03-31,-1
2023-10-20,87080,2024-03-31,,,,,,9277000000,0.560,714000000,,1050000000,,,924000000,,,,,,,,,,,,,,,,,,,,,,,,true,true,6,2023-04-01,2023-09-30,0
2023-10-20,87080,2023-03-31,,,,,,5945000000,,-1902000000,,-1600000000,,,-1455000000,,,,,,,,,,,,,,,,,,,,,,,,true,false,6,2022-04-01,2022-09-30,-1
2023-10-27,87080,2024-03-31,2,,,,,9277000000,0.560,714000000,,1050000000,,,924000000,,24.58,,,,,,114290000000,56524000000,0.469,1425.50,53605000000,,,,,,,,,,,,true,false,6,2023-04-01,2023-09-30,0
2023-10-27,87080,2023-03-31,2,,,,,5945000000,-0.267,-1902000000,,-1600000000,,,-1455000000,,-37.80,,,,,,,,,,,,,,,,,,,,,,true,false,6,2022-04-01,2022-09-30,-1
2023-10-27,87080,2023-03-31,2,,,,,,,,,,,,,,,,,,,,98835000000,54030000000,0.516,1350.08,50997000000,,,,,,,,,,,,true,false,12,2022-04-01,2023-03-31,-1
2023-10-27,87080,2023-03-31,2,,,,,,,,,,,,,,,,,,,,,,,,,,,,,26.00,,,,47525649,9751971,,false,false,12,2022-04-01,2023-03-31,-1
2023-10-27,87080,2024-03-31,2,,,,,,,,,,,,,,,,,,,,,,,,,,,,,13.00,,,,,,,false,false,12,2023-04-01,2024-03-31,0
2023-10-27,87080,2024-03-31,2,,,,,,,,,,,,,,,,,,,,,,,,,,,,,,,,,47525649,9921134,37626956,false,false,6,2023-04-01,2023-09-30,0
2023-10-27,87080,2023-03-31,2,,,,,,,,,,,,,,,,,,,,,,,,,,,,,,,,,,,38495058,false,false,6,2022-04-01,2022-09-30,-1
2024-01-24,87080,2024-03-31,,,,,,13473000000,0.441,514000000,,1109000000,,,1135000000,,,,,,,,,,,,,,,,,,,,,,,,true,true,9,2023-04-01,2023-12-31,0
2024-01-24,87080,2023-03-31,,,,,,9347000000,,-2206000000,,-1710000000,,,-1207000000,,,,,,,,,,,,,,,,,,,,,,,,true,false,9,2022-04-01,2022-12-31,-1
2024-01-30,87080,2024-03-31,3,,,,,13473000000,0.441,514000000,,1109000000,,,1135000000,,30.23,,,,,,117934000000,55940000000,0.448,1415.13,52805000000,,,,,,,,,,,,true,false,9,2023-04-01,2023-12-31,0
2024-01-30,87080,2023-03-31,3,,,,,9347000000,-0.253,-2206000000,,-1710000000,,,-1207000000,,-31.42,,,,,,,,,,,,,,,,,,,,,,true,false,9,2022-04-01,2022-12-31,-1
2024-01-30,87080,2023-03-31,3,,,,,,,,,,,,,,,,,,,,98835000000,54030000000,0.516,1350.08,50997000000,,,,,,,,,,,,true,false,12,2022-04-01,2023-03-31,-1
2024-01-30,87080,2023-03-31,3,,,,,,,,,,,,,,,,,,,,,,,,,,,,,26.00,,,,47525649,9751971,,false,false,12,2022-04-01,2023-03-31,-1
2024-01-30,87080,2024-03-31,3,,,,,,,,,,,,,,,,,,,,,,,,,,,,,13.00,,,,,,,false,false,12,2023-04-01,2024-03-31,0
2024-01-30,87080,2024-03-31,3,,,,,,,,,,,,,,,,,,,,,,,,,,,,,,,,,47525649,10210454,37570271,false,false,9,2023-04-01,2023-12-31,0
2024-01-30,87080,2023-03-31,3,,,,,,,,,,,,,,,,,,,,,,,,,,,,,,,,,,,38416036,false,false,9,2022-04-01,2022-12-31,-1
,87080,2024-03-31,,,,,,,,,,,,,,,,,,,,,,,,,,,,,,39.00,,,,,,,false,true,12,2023-04-01,2024-03-31,0
,87080,2024-03-31,,,,,,,,,,,,,,,,,,,,,,,,,,,,,,13.00,,,,,,,false,false,12,2023-04-01,2024-03-31,0
,87080,2023-03-31,,,,,,,,,,,,,,,,,,,,,,,,,,,,,,26.00,,,,,,,false,false,12,2022-04-01,2023-03-31,-1
2024-04-18,87080,2024-03-31,,,,,,18980000000,,1159000000,,1941000000,,,2975000000,,,,,,,,,,,,,,,,,,,,,,,,true,true,12,2023-04-01,2024-03-31,0
2024-04-18,87080,2023-03-31,,,,,,12751000000,,-2782000000,,-1911000000,,,-2375000000,,,,,,,,,,,,,,,,,,,,,,,,true,false,12,2022-04-01,2023-03-31,-1
2024-04-26,87080,2024-03-31,,,,,,18980000000,0.488,1159000000,,1941000000,,,2975000000,,79.39,,0.056,0.017,,,124119000000,58657000000,0.448,1498.42,55654000000,8447000000,1478000000,-1519000000,22709000000,,0.491,,,,,,true,false,12,2023-04-01,2024-03-31,0
2024-04-26,87080,2023-03-31,,,,,,12751000000,-0.206,-2782000000,,-1911000000,,,-2375000000,,-62.03,,-0.045,-0.019,,,98835000000,54030000000,0.516,1350.08,50997000000,-9487000000,474000000,3824000000,13734000000,,,,,,,,true,false,12,2022-04-01,2023-03-31,-1
2024-04-26,87080,2024-03-31,,,,,,815000000,-0.034,4000000,,147000000,0.617,53000000,,,1.43,,,,,,48950000000,46041000000,0.941,1239.59,46041000000,,,,,39.00,,,,47525649,10383274,37484920,false,false,12,2023-04-01,2024-03-31,0
2024-04-26,87080,2023-03-31,,,,,,844000000,-0.895,-50000000,,91000000,-0.919,1000000,,-0.999,0.04,,,,,,49044000000,46938000000,0.957,1242.63,46938000000,,,,,26.00,,,,47525649,9751971,38291055,false,false,12,2022-04-01,2023-03-31,-1
2024-07-19,87080,2025-03-31,,,,,,4953000000,,348000000,,612000000,,,815000000,,,,,,,,,,,,,,,,,,,,,,,,true,true,3,2024-04-01,2024-06-30,0
2024-07-19,87080,2024-03-31,,,,,,4588000000,,564000000,,830000000,,,734000000,,,,,,,,,,,,,,,,,,,,,,,,true,false,3,2023-04-01,2023-06-30,-1
2024-07-29,87080,2025-03-31,1,,,,,4953000000,0.079,348000000,-0.383,612000000,-0.262,,815000000,,24.33,,,,,,123128000000,48067000000,0.365,1450.96,44965000000,,,,,,,,,,,,true,false,3,2024-04-01,2024-06-30,0
2024-07-29,87080,2024-03-31,1,,,,,4588000000,0.671,564000000,,830000000,,,734000000,,19.50,,,,,,,,,,,,,,,,,,,,,,true,false,3,2023-04-01,2023-06-30,-1
2024-07-29,87080,2024-03-31,1,,,,,,,,,,,,,,,,,,,,124119000000,58657000000,0.448,1498.42,55654000000,,,,,,,,,,,,true,false,12,2023-04-01,2024-03-31,-1
2024-07-29,87080,2024-03-31,1,,,,,,,,,,,,,,,,,,,,,,,,,,,,,39.00,,,,47525649,10383274,,false,false,12,2023-04-01,2024-03-31,-1
2024-07-29,87080,2025-03-31,1,,,,,,,,,,,,,,,,,,,,,,,,,,,,,,,,,47525649,16535694,33502989,false,false,3,2024-04-01,2024-06-30,0
2024-07-29,87080,2024-03-31,1,,,,,,,,,,,,,,,,,,,,,,,,,,,,,,,,,,,37652758,false,false,3,2023-04-01,2023-06-30,-1
,87080,2025-03-31,,,,,,,,,,,,,,,,,,,,,,,,,,,,,,48.00,,,,,,,false,true,12,2024-04-01,2025-03-31,0
,87080,2024-03-31,,,,,,,,,,,,,,,,,,,,,,,,,,,,,,39.00,,,,,,,false,false,12,2023-04-01,2024-03-31,-1
2024-10-18,87080,2025-03-31,,,,,,9533000000,,306000000,,659000000,,,1526000000,,,,,,,,,,,,,,,,,,,,,,,,true,true,6,2024-04-01,2024-09-30,0
2024-10-18,87080,2024-03-31,,,,,,9277000000,,714000000,,1050000000,,,924000000,,,,,,,,,,,,,,,,,,,,,,,,true,false,6,2023-04-01,2023-09-30,-1
2024-10-30,87080,2025-03-31,2,,,,,9533000000,0.028,306000000,-0.571,659000000,-0.373,,1526000000,,47.32,,,,,,118622000000,47492000000,0.374,1427.11,44316000000,,,,,,,,,,,,true,false,6,2024-04-01,2024-09-30,0
2024-10-30,87080,2024-03-31,2,,,,,9277000000,0.560,714000000,,1050000000,,,924000000,,24.58,,,,,,,,,,,,,,,,,,,,,,true,false,6,2023-04-01,2023-09-30,-1
2024-10-30,87080,2024-03-31,2,,,,,,,,,,,,,,,,,,,,124119000000,58657000000,0.448,1498.42,55654000000,,,,,,,,,,,,true,false,12,2023-04-01,2024-03-31,-1
2024-10-30,87080,2024-03-31,2,,,,,,,,,,,,,,,,,,,,,,,,,,,,,39.00,,,,47525649,10383274,,false,false,12,2023-04-01,2024-03-31,-1
2024-10-30,87080,2025-03-31,2,,,,,,,,,,,,,,,,,,,,,,,,,,,,,48.00,,,,,,,false,false,12,2024-04-01,2025-03-31,0
2024-10-30,87080,2025-03-31,2,,,,,,,,,,,,,,,,,,,,,,,,,,,,,,,,,47525649,16472114,32255833,false,false,6,2024-04-01,2024-09-30,0
2024-10-30,87080,2024-03-31,2,,,,,,,,,,,,,,,,,,,,,,,,,,,,,,,,,,,37626956,false,false,6,2023-04-01,2023-09-30,-1
2025-01-23,87080,2025-03-31,,,,,,15215000000,,1315000000,,1841000000,,,2760000000,,,,,,,,,,,,,,,,,,,,,,,,true,true,9,2024-04-01,2024-12-31,0
2025-01-23,87080,2024-03-31,,,,,,13473000000,,514000000,,1109000000,,,1135000000,,,,,,,,,,,,,,,,,,,,,,,,true,false,9,2023-04-01,2023-12-31,-1
2025-01-30,87080,2025-03-31,3,,,,,15215000000,0.129,1315000000,1.557,1841000000,0.660,,2760000000,,86.64,,,,,,129891000000,47573000000,0.343,1434.09,44550000000,,,,,,,,,,,,true,false,9,2024-04-01,2024-12-31,0
2025-01-30,87080,2024-03-31,3,,,,,13473000000,0.441,514000000,,1109000000,,,1135000000,,30.23,,,,,,,,,,,,,,,,,,,,,,true,false,9,2023-04-01,2023-12-31,-1
2025-01-30,87080,2024-03-31,3,,,,,,,,,,,,,,,,,,,,124119000000,58657000000,0.448,1498.42,55654000000,,,,,,,,,,,,true,false,12,2023-04-01,2024-03-31,-1
2025-01-30,87080,2024-03-31,3,,,,,,,,,,,,,,,,,,,,,,,,,,,,,39.00,,,,47525649,10383274,,false,false,12,2023-04-01,2024-03-31,-1
2025-01-30,87080,2025-03-31,3,,,,,,,,,,,,,,,,,,,,,,,,,,,,,48.00,,,,,,,false,false,12,2024-04-01,2025-03-31,0
2025-01-30,87080,2025-03-31,3,,,,,,,,,,,,,,,,,,,,,,,,,,,,,,,,,47525649,16460514,31855284,false,false,9,2024-04-01,2024-12-31,0
2025-01-30,87080,2024-03-31,3,,,,,,,,,,,,,,,,,,,,,,,,,,,,,,,,,,,37570271,false,false,9,2023-04-01,2023-12-31,-1
,87080,2025-03-31,,,,,,,,,,,,,,,,,,,,,,,,,,,,,,96.00,,,,,,,false,true,12,2024-04-01,2025-03-31,0
,87080,2025-03-31,,,,,,,,,,,,,,,,,,,,,,,,,,,,,,48.00,,,,,,,false,false,12,2024-04-01,2025-03-31,0
,87080,2024-03-31,,,,,,,,,,,,,,,,,,,,,,,,,,,,,,39.00,,,,,,,false,false,12,2023-04-01,2024-03-31,-1
2025-04-18,87080,2025-03-31,,,,,,20588000000,,1886000000,,2571000000,,,3172000000,,100.20,,,,,,,,,,,,,,,,,,,,,,true,true,12,2024-04-01,2025-03-31,0
2025-04-18,87080,2024-03-31,,,,,,18980000000,,1159000000,,1941000000,,,2975000000,,79.39,,,,,,,,,,,,,,,,,,,,,,true,false,12,2023-04-01,2024-03-31,-1
2025-04-25,87080,2025-03-31,,,,,,20588000000,0.085,1886000000,0.627,2571000000,0.324,,3172000000,,100.20,,0.063,0.025,,,109529000000,47599000000,0.407,1433.95,44564000000,-5759000000,1180000000,-4886000000,13161000000,,0.958,,,,,,true,false,12,2024-04-01,2025-03-31,0
2025-04-25,87080,2024-03-31,,,,,,18980000000,0.488,1159000000,,1941000000,,,2975000000,,79.39,,0.056,0.017,,,124119000000,58657000000,0.448,1498.42,55654000000,8447000000,1478000000,-1519000000,22709000000,,0.491,,,,,,true,false,12,2023-04-01,2024-03-31,-1
2025-04-25,87080,2025-03-31,,,,,,3048000000,2.739,2065000000,,2032000000,,1750000000,,,55.28,,,,,,47712000000,34772000000,0.729,1118.86,34772000000,,,,,96.00,,,,39525649,8447423,31661657,false,false,12,2024-04-01,2025-03-31,0
2025-04-25,87080,2024-03-31,,,,,,815000000,-0.034,4000000,,147000000,0.617,53000000,,,1.43,,,,,,48950000000,46041000000,0.941,1239.59,46041000000,,,,,39.00,,,,47525649,10383274,37484920,false,false,12,2023-04-01,2024-03-31,-1
2025-07-18,87080,2026-03-31,,,,,,4242000000,,-576000000,,-337000000,,,127000000,,4.09,,,,,,,,,,,,,,,,,,,,,,true,true,3,2025-04-01,2025-06-30,0
2025-07-18,87080,2025-03-31,,,,,,4953000000,,348000000,,612000000,,,815000000,,24.33,,,,,,,,,,,,,,,,,,,,,,true,false,3,2024-04-01,2024-06-30,-1
2025-07-30,87080,2026-03-31,1,,,,,4242000000,-0.143,-576000000,,-337000000,,,127000000,,4.09,,,,,,116784000000,45881000000,0.368,1382.81,42987000000,,,,,,,,,,,,true,false,3,2025-04-01,2025-06-30,0
2025-07-30,87080,2025-03-31,1,,,,,4953000000,0.079,348000000,-0.383,612000000,-0.262,,815000000,,24.33,,,,,,,,,,,,,,,,,,,,,,true,false,3,2024-04-01,2024-06-30,-1
2025-07-30,87080,2025-03-31,1,,,,,,,,,,,,,,,,,,,,109529000000,47599000000,0.407,1433.95,44564000000,,,,,,,,,,,,true,false,12,2024-04-01,2025-03-31,-1
2025-07-30,87080,2025-03-31,1,,,,,,,,,,,,,,,,,,,,,,,,,,,,,96.00,,,,39525649,8447423,,false,false,12,2024-04-01,2025-03-31,-1
2025-07-30,87080,2026-03-31,1,,,,,,,,,,,,,,,,,,,,,,,,,,,,,,,,,39525649,8438723,31083017,false,false,3,2025-04-01,2025-06-30,0
2025-07-30,87080,2025-03-31,1,,,,,,,,,,,,,,,,,,,,,,,,,,,,,,,,,,,33502989,false,false,3,2024-04-01,2024-06-30,-1
