filing_date,code,fiscal_year_end,quarterly_period,net_sales,net_sales_change,revenue,revenue_change,operating_revenue,operating_revenue_change,operating_profit,operating_profit_change,ordinary_profit,ordinary_profit_change,net_income,net_income_of_parent,net_income_change,eps,diluted_eps,roe,roa,operating_profit_to_net_sales,operating_profit_to_revenue,total_assets,net_assets,equity_ratio,bps,owner_equity,operating_cash_flow,investing_cash_flow,financing_cash_flow,cash,dividend_per_share,payout_ratio,commemorative_dividend,extra_dividend,number_of_shares,number_of_treqsury_shares,avg_number_of_shares,is_consolidated,is_forecast,duration,period_start,period_end,period_pos
2015-05-13,87140,2015-03-31,,,,,,6133000000,-0.441,5477000000,-0.466,5425000000,-0.457,5410000000,,-0.459,15.16,15.15,,,,,190847000000,188813000000,0.988,617.33,188743000000,,,,,15.00,,0.00,0.00,238458632,438304,237686429,false,false,12,2014-04-01,2015-03-31,0
2015-05-13,87140,2014-03-31,,,,,,10983000000,0.706,10272000000,0.803,10000000000,0.765,10010000000,,0.771,36.90,36.88,,,,,198523000000,187814000000,0.946,617.52,187745000000,,,,,15.00,,,,238458632,1269294,236671830,false,false,12,2013-04-01,2014-03-31,-1
2015-05-13,87140,2016-03-31,,,,,,5900000000,0.005,5500000000,0.003,5500000000,0.008,5500000000,,0.011,20.11,,,,,,,,,,,,,,,,,,,,,,false,true,6,2015-04-01,2015-09-30,1
2015-05-13,87140,2016-03-31,,,,,,6200000000,0.010,5500000000,0.004,5500000000,0.013,5500000000,,0.016,15.29,,,,,,,,,,,,,,,15.00,,,,,,,false,true,12,2015-04-01,2016-03-31,1
2015-05-13,87140,2015-03-31,,,,,,,,,,21342000000,0.215,17584000000,,0.059,66.38,66.34,0.085,0.003,,,5519533000000,234788000000,0.040,774.83,226232000000,51639000000,287566000000,-12839000000,532484000000,,0.225,,,,,,true,false,12,2014-04-01,2015-03-31,0
2015-05-13,87140,2014-03-31,,,,,,,,,,17551000000,0.370,16604000000,,0.643,64.77,64.73,0.091,0.003,,,5349776000000,196397000000,0.034,610.84,186159000000,277352000000,-185936000000,19778000000,206317000000,,0.231,,,,,,true,false,12,2013-04-01,2014-03-31,-1
2015-05-13,87140,2016-03-31,,,,,,,,,,10000000000,0.034,,8500000000,,31.08,,,,,,,,,,,,,,,,,,,,,,true,true,6,2015-04-01,2015-09-30,1
2015-05-13,87140,2016-03-31,,,,,,,,,,22000000000,0.030,,18000000000,,60.42,,,,,,,,,,,,,,,,,,,,,,true,true,12,2015-04-01,2016-03-31,1
2015-07-29,87140,2016-03-31,1,,,,,,,,,6053000000,0.305,,5099000000,,19.14,16.54,,,,,5524790000000,254881000000,0.044,,246500000000,,,,,,,,,,,,true,false,3,2015-04-01,2015-06-30,0
2015-07-29,87140,2015-03-31,1,,,,,,,,,4637000000,0.508,,3881000000,,16.35,16.34,,,,,,,,,,,,,,,,,,,,,true,false,3,2014-04-01,2014-06-30,-1
2015-07-29,87140,2016-03-31,1,,,,,,,,,10000000000,0.034,,8500000000,,31.06,,,,,,,,,,,,,,,,,,,,,,true,true,6,2015-04-01,2015-09-30,0
2015-07-29,87140,2016-03-31,1,,,,,,,,,22000000000,0.030,,18000000000,,60.38,,,,,,,,,,,,,,,,,,,,,,true,true,12,2015-04-01,2016-03-31,0
2015-07-29,87140,2015-03-31,1,,,,,,,,,,,,,,,,,,,,5519533000000,234788000000,0.040,,226232000000,,,,,,,,,,,,true,false,12,2014-04-01,2015-03-31,-1
2015-07-29,87140,2015-03-31,1,,,,,,,,,,,,,,,,,,,,,,,,,,,,,15.00,,,,238458632,438304,,false,false,12,2014-04-01,2015-03-31,-1
2015-07-29,87140,2016-03-31,1,,,,,,,,,,,,,,,,,,,,,,,,,,,,,15.00,,,,,,,false,true,12,2015-04-01,2016-03-31,0
2015-07-29,87140,2016-03-31,1,,,,,,,,,,,,,,,,,,,,,,,,,,,,,,,,,281008632,243168,266309011,false,false,3,2015-04-01,2015-06-30,0
2015-07-29,87140,2015-03-31,1,,,,,,,,,,,,,,,,,,,,,,,,,,,,,,,,,,,237288675,false,false,3,2014-04-01,2014-06-30,-1
,87140,2016-03-31,,,,,,,,,,,,,,,,,,,,,,,,,,,,,,15.00,,,,,,,false,true,12,2015-04-01,2016-03-31,0
,87140,2015-03-31,,,,,,,,,,,,,,,,,,,,,,,,,,,,,,15.00,,,,,,,false,false,12,2014-04-01,2015-03-31,-1
2015-11-11,87140,2016-03-31,2,,,,,5932000000,0.011,5561000000,0.014,5377000000,-0.013,5374000000,,-0.011,17.35,,,,,,211580000000,210285000000,0.993,,210208000000,,,,,,,,,281008632,238067,273579450,false,false,6,2015-04-01,2015-09-30,0
2015-11-11,87140,2015-03-31,2,,,,,5867000000,-0.445,5479000000,-0.460,5451000000,-0.461,5436000000,,-0.461,22.88,,,,,,,,,,,,,,,,,,,,,237505341,false,false,6,2014-04-01,2014-09-30,-1
2015-11-11,87140,2016-03-31,2,,,,,6200000000,0.010,5500000000,0.004,5500000000,0.013,5500000000,,0.016,15.28,,,,,,,,,,,,,,,15.00,,,,,,,false,true,12,2015-04-01,2016-03-31,0
2015-11-11,87140,2016-03-31,2,,,,,,,,,10296000000,0.065,,8596000000,,29.13,25.15,,,,,5408936000000,249548000000,0.044,,241142000000,,,,,,,,,,,,true,false,6,2015-04-01,2015-09-30,0
2015-11-11,87140,2015-03-31,2,,,,,,,,,9667000000,0.344,,8099000000,,34.10,34.08,,,,,,,,,,,,,,,,,,,,,true,false,6,2014-04-01,2014-09-30,-1
2015-11-11,87140,2016-03-31,2,,,,,,,,,22000000000,0.030,,18000000000,,60.38,,,,,,,,,,,,,,,,,,,,,,true,true,12,2015-04-01,2016-03-31,0
2015-11-11,87140,2015-03-31,2,,,,,,,,,,,,,,,,,,,,5519533000000,234788000000,0.040,,226232000000,,,,,,,,,,,,true,false,12,2014-04-01,2015-03-31,-1
2015-11-11,87140,2015-03-31,2,,,,,,,,,,,,,,,,,,,,190847000000,188813000000,0.988,,188743000000,,,,,15.00,,,,238458632,438304,,false,false,12,2014-04-01,2015-03-31,-1
2015-11-11,87140,2016-03-31,2,,,,,,,,,,,,,,,,,,,,,,,,,,,,,7.50,,,,,,,false,false,12,2015-04-01,2016-03-31,0
2016-01-28,87140,2016-03-31,3,,,,,,,,,15653000000,0.041,,13058000000,,45.05,38.87,,,,,5391187000000,255655000000,0.045,,247435000000,,,,,,,,,,,,true,false,9,2015-04-01,2015-12-31,0
2016-01-28,87140,2015-03-31,3,,,,,,,,,15024000000,0.210,,12513000000,,52.66,52.63,,,,,,,,,,,,,,,,,,,,,true,false,9,2014-04-01,2014-12-31,-1
2016-01-28,87140,2016-03-31,3,,,,,,,,,22000000000,0.030,,18000000000,,60.38,,,,,,,,,,,,,,,,,,,,,,true,true,12,2015-04-01,2016-03-31,0
2016-01-28,87140,2015-03-31,3,,,,,,,,,,,,,,,,,,,,5519533000000,234788000000,0.040,,226232000000,,,,,,,,,,,,true,false,12,2014-04-01,2015-03-31,-1
2016-01-28,87140,2015-03-31,3,,,,,,,,,,,,,,,,,,,,,,,,,,,,,15.00,,,,238458632,438304,,false,false,12,2014-04-01,2015-03-31,-1
2016-01-28,87140,2016-03-31,3,,,,,,,,,,,,,,,,,,,,,,,,,,,,,7.50,,,,,,,false,false,12,2015-04-01,2016-03-31,0
2016-01-28,87140,2016-03-31,3,,,,,,,,,,,,,,,,,,,,,,,,,,,,,15.00,,,,,,,false,true,12,2015-04-01,2016-03-31,0
2016-01-28,87140,2016-03-31,3,,,,,,,,,,,,,,,,,,,,,,,,,,,,,,,,,281008632,239000,275985138,false,false,9,2015-04-01,2015-12-31,0
2016-01-28,87140,2015-03-31,3,,,,,,,,,,,,,,,,,,,,,,,,,,,,,,,,,,,237603144,false,false,9,2014-04-01,2014-12-31,-1
2016-05-11,87140,2016-03-31,,,,,,6223000000,0.014,5519000000,0.007,5343000000,-0.015,5333000000,,-0.014,14.74,12.71,,,,,209620000000,204989000000,0.977,596.45,204897000000,,,,,15.00,,0.00,0.00,281008632,5616987,276174200,false,false,12,2015-04-01,2016-03-31,0
2016-05-11,87140,2015-03-31,,,,,,6133000000,-0.441,5477000000,-0.466,5425000000,-0.457,5410000000,,-0.459,15.16,15.15,,,,,190847000000,188813000000,0.988,617.33,188743000000,,,,,15.00,,,,238458632,438304,237686429,false,false,12,2014-04-01,2015-03-31,-1
2016-05-11,87140,2017-03-31,,,,,,3100000000,-0.477,2800000000,-0.496,2800000000,-0.479,2800000000,,-0.479,7.85,,,,,,,,,,,,,,,,,,,,,,false,true,6,2016-04-01,2016-09-30,1
2016-05-11,87140,2017-03-31,,,,,,6200000000,-0.003,5500000000,-0.003,5500000000,0.029,5500000000,,0.031,15.34,,,,,,,,,,,,,,,15.00,,,,,,,false,true,12,2016-04-01,2017-03-31,1
2016-05-11,87140,2016-03-31,,,,,,,,,,22335000000,0.046,,16472000000,,55.07,47.49,0.069,0.004,,,5406626000000,258005000000,0.046,759.29,249740000000,-176158000000,102002000000,-4660000000,453968000000,,0.272,,,,,,true,false,12,2015-04-01,2016-03-31,0
2016-05-11,87140,2015-03-31,,,,,,,,,,21342000000,0.215,,17584000000,,66.38,66.34,0.085,0.003,,,5519533000000,234788000000,0.040,774.83,226232000000,51639000000,287566000000,-12839000000,532484000000,,0.225,,,,,,true,false,12,2014-04-01,2015-03-31,-1
2016-05-11,87140,2017-03-31,,,,,,,,,,9000000000,-0.125,,8500000000,,28.55,,,,,,,,,,,,,,,,,,,,,,true,true,6,2016-04-01,2016-09-30,1
2016-05-11,87140,2017-03-31,,,,,,,,,,19000000000,-0.149,,17000000000,,57.10,,,,,,,,,,,,,,,,,,,,,,true,true,12,2016-04-01,2017-03-31,1
2016-07-27,87140,2017-03-31,1,,,,,,,,,6491000000,0.072,,5711000000,,20.73,17.32,,,,,5614028000000,261036000000,0.045,,257800000000,,,,,,,,,,,,true,false,3,2016-04-01,2016-06-30,0
2016-07-27,87140,2016-03-31,1,,,,,,,,,6053000000,0.305,,5099000000,,19.14,16.54,,,,,,,,,,,,,,,,,,,,,true,false,3,2015-04-01,2015-06-30,-1
2016-07-27,87140,2017-03-31,1,,,,,,,,,9000000000,-0.125,,8500000000,,28.52,,,,,,,,,,,,,,,,,,,,,,true,true,6,2016-04-01,2016-09-30,0
2016-07-27,87140,2017-03-31,1,,,,,,,,,19000000000,-0.149,,17000000000,,57.03,,,,,,,,,,,,,,,,,,,,,,true,true,12,2016-04-01,2017-03-31,0
2016-07-27,87140,2016-03-31,1,,,,,,,,,,,,,,,,,,,,5406626000000,258005000000,0.046,,249740000000,,,,,,,,,,,,true,false,12,2015-04-01,2016-03-31,-1
2016-07-27,87140,2016-03-31,1,,,,,,,,,,,,,,,,,,,,,,,,,,,,,15.00,,,,281008632,5616987,,false,false,12,2015-04-01,2016-03-31,-1
2016-07-27,87140,2017-03-31,1,,,,,,,,,,,,,,,,,,,,,,,,,,,,,15.00,,,,,,,false,true,12,2016-04-01,2017-03-31,0
2016-07-27,87140,2017-03-31,1,,,,,,,,,,,,,,,,,,,,,,,,,,,,,,,,,281008632,5232378,275502569,false,false,3,2016-04-01,2016-06-30,0
2016-07-27,87140,2016-03-31,1,,,,,,,,,,,,,,,,,,,,,,,,,,,,,,,,,,,266309011,false,false,3,2015-04-01,2015-06-30,-1
2016-10-28,87140,2017-03-31,,,,,,,,,,11800000000,0.311,,8800000000,,29.61,,,,,,,,,,,,,,,,,,,,,,true,true,6,2016-04-01,2016-09-30,0
2016-10-28,87140,2016-03-31,,,,,,,,,,10296000000,,,8596000000,,29.13,,,,,,,,,,,,,,,,,,,,,,true,false,6,2015-04-01,2015-09-30,-1
2016-11-14,87140,2017-03-31,2,,,,,3215000000,-0.457,2818000000,-0.493,2838000000,-0.472,2835000000,,-0.472,7.96,,,,,,207924000000,205400000000,0.987,,205318000000,,,,,,,,,281008632,4920418,275743609,false,false,6,2016-04-01,2016-09-30,0
2016-11-14,87140,2016-03-31,2,,,,,5932000000,0.011,5561000000,0.014,5377000000,-0.013,5374000000,,-0.011,17.35,,,,,,,,,,,,,,,,,,,,,273579450,false,false,6,2015-04-01,2015-09-30,-1
2016-11-14,87140,2017-03-31,2,,,,,6200000000,-0.003,5500000000,-0.003,5500000000,0.029,5500000000,,0.031,15.31,,,,,,,,,,,,,,,15.00,,,,,,,false,true,12,2016-04-01,2017-03-31,0
2016-11-14,87140,2017-03-31,2,,,,,,,,,11856000000,0.151,,8817000000,,29.66,24.80,,,,,5532226000000,264194000000,0.046,,259412000000,,,,,,,,,,,,true,false,6,2016-04-01,2016-09-30,0
2016-11-14,87140,2016-03-31,2,,,,,,,,,10296000000,0.065,,8596000000,,29.13,25.15,,,,,,,,,,,,,,,,,,,,,true,false,6,2015-04-01,2015-09-30,-1
2016-11-14,87140,2017-03-31,2,,,,,,,,,21000000000,-0.059,,17000000000,,56.99,,,,,,,,,,,,,,,,,,,,,,true,true,12,2016-04-01,2017-03-31,0
2016-11-14,87140,2016-03-31,2,,,,,,,,,,,,,,,,,,,,5406626000000,258005000000,0.046,,249740000000,,,,,,,,,,,,true,false,12,2015-04-01,2016-03-31,-1
2016-11-14,87140,2016-03-31,2,,,,,,,,,,,,,,,,,,,,209620000000,204989000000,0.977,,204897000000,,,,,15.00,,,,281008632,5616987,,false,false,12,2015-04-01,2016-03-31,-1
2016-11-14,87140,2017-03-31,2,,,,,,,,,,,,,,,,,,,,,,,,,,,,,7.50,,,,,,,false,false,12,2016-04-01,2017-03-31,0
2017-01-30,87140,2017-03-31,3,,,,,,,,,12806000000,-0.181,,9126000000,,30.76,26.86,,,,,5584795000000,248159000000,0.043,,243389000000,,,,,,,,,,,,true,false,9,2016-04-01,2016-12-31,0
2017-01-30,87140,2016-03-31,3,,,,,,,,,15653000000,0.041,,13058000000,,45.05,38.87,,,,,,,,,,,,,,,,,,,,,true,false,9,2015-04-01,2015-12-31,-1
2017-01-30,87140,2017-03-31,3,,,,,,,,,21000000000,-0.059,,17000000000,,56.99,,,,,,,,,,,,,,,,,,,,,,true,true,12,2016-04-01,2017-03-31,0
2017-01-30,87140,2016-03-31,3,,,,,,,,,,,,,,,,,,,,5406626000000,258005000000,0.046,,249740000000,,,,,,,,,,,,true,false,12,2015-04-01,2016-03-31,-1
2017-01-30,87140,2016-03-31,3,,,,,,,,,,,,,,,,,,,,,,,,,,,,,15.00,,,,281008632,5616987,,false,false,12,2015-04-01,2016-03-31,-1
2017-01-30,87140,2017-03-31,3,,,,,,,,,,,,,,,,,,,,,,,,,,,,,7.50,,,,,,,false,false,12,2016-04-01,2017-03-31,0
2017-01-30,87140,2017-03-31,3,,,,,,,,,,,,,,,,,,,,,,,,,,,,,15.00,,,,,,,false,true,12,2016-04-01,2017-03-31,0
2017-01-30,87140,2017-03-31,3,,,,,,,,,,,,,,,,,,,,,,,,,,,,,,,,,281008632,4546133,275895513,false,false,9,2016-04-01,2016-12-31,0
2017-01-30,87140,2016-03-31,3,,,,,,,,,,,,,,,,,,,,,,,,,,,,,,,,,,,275985138,false,false,9,2015-04-01,2015-12-31,-1
2017-05-12,87140,2017-03-31,,,,,,6358000000,0.021,5605000000,0.015,5642000000,0.055,5616000000,,0.052,15.72,15.42,,,,,207964000000,205708000000,0.988,596.38,205603000000,,,,,15.00,,0.00,0.00,281008632,4397012,276049923,false,false,12,2016-04-01,2017-03-31,0
2017-05-12,87140,2016-03-31,,,,,,6223000000,0.014,5519000000,0.007,5343000000,-0.015,5333000000,,-0.014,14.74,12.71,,,,,209620000000,204989000000,0.977,596.45,204897000000,,,,,15.00,,,,281008632,5616987,276174200,false,false,12,2015-04-01,2016-03-31,-1
2017-05-12,87140,2018-03-31,,,,,,3200000000,-0.004,2800000000,-0.006,2800000000,-0.013,2800000000,,-0.012,7.81,,,,,,,,,,,,,,,,,,,,,,false,true,6,2017-04-01,2017-09-30,1
2017-05-12,87140,2018-03-31,,,,,,6400000000,0.006,5600000000,-0.000,5600000000,-0.007,5600000000,,-0.002,15.63,,,,,,,,,,,,,,,15.00,,,,,,,false,true,12,2017-04-01,2018-03-31,1
2017-05-12,87140,2017-03-31,,,,,,,,,,20668000000,-0.074,,12210000000,,39.61,35.39,0.049,0.003,,,5572906000000,249217000000,0.043,736.46,244351000000,171535000000,94160000000,-50222000000,669243000000,,0.378,,,,,,true,false,12,2016-04-01,2017-03-31,0
2017-05-12,87140,2016-03-31,,,,,,,,,,22335000000,0.046,,16472000000,,55.07,47.49,0.069,0.004,,,5406626000000,258005000000,0.046,759.29,249740000000,-176158000000,102002000000,-4660000000,453968000000,,0.272,,,,,,true,false,12,2015-04-01,2016-03-31,-1
2017-05-12,87140,2018-03-31,,,,,,,,,,7500000000,-0.367,,3500000000,,10.34,,,,,,,,,,,,,,,,,,,,,,true,true,6,2017-04-01,2017-09-30,1
2017-05-12,87140,2018-03-31,,,,,,,,,,16000000000,-0.225,,11000000000,,35.15,,,,,,,,,,,,,,,,0.426,,,,,,true,true,12,2017-04-01,2018-03-31,1
2017-07-31,87140,2018-03-31,1,,,,,,,,,2665000000,-0.589,,2075000000,,7.50,6.37,,,,,5477710000000,254149000000,0.045,,250679000000,,,,,,,,,,,,true,false,3,2017-04-01,2017-06-30,0
2017-07-31,87140,2017-03-31,1,,,,,,,,,6491000000,0.072,,5711000000,,20.73,17.32,,,,,,,,,,,,,,,,,,,,,true,false,3,2016-04-01,2016-06-30,-1
2017-07-31,87140,2018-03-31,1,,,,,,,,,7500000000,-0.367,,3500000000,,10.34,,,,,,,,,,,,,,,,,,,,,,true,true,6,2017-04-01,2017-09-30,0
2017-07-31,87140,2018-03-31,1,,,,,,,,,16000000000,-0.225,,11000000000,,35.12,,,,,,,,,,,,,,,,,,,,,,true,true,12,2017-04-01,2018-03-31,0
2017-07-31,87140,2017-03-31,1,,,,,,,,,,,,,,,,,,,,5572906000000,249217000000,0.043,,244351000000,,,,,,,,,,,,true,false,12,2016-04-01,2017-03-31,-1
2017-07-31,87140,2017-03-31,1,,,,,,,,,,,,,,,,,,,,,,,,,,,,,15.00,,,,281008632,4397012,,false,false,12,2016-04-01,2017-03-31,-1
2017-07-31,87140,2018-03-31,1,,,,,,,,,,,,,,,,,,,,,,,,,,,,,15.00,,,,,,,false,true,12,2017-04-01,2018-03-31,0
2017-07-31,87140,2018-03-31,1,,,,,,,,,,,,,,,,,,,,,,,,,,,,,,,,,281008632,4058476,276713160,false,false,3,2017-04-01,2017-06-30,0
2017-07-31,87140,2017-03-31,1,,,,,,,,,,,,,,,,,,,,,,,,,,,,,,,,,,,275502569,false,false,3,2016-04-01,2016-06-30,-1
2017-11-13,87140,2018-03-31,2,,,,,3210000000,-0.001,2789000000,-0.010,2808000000,-0.010,2792000000,,-0.014,7.78,,,,,,208825000000,206057000000,0.986,,205952000000,,,,,,,,,281008632,3759610,276926115,false,false,6,2017-04-01,2017-09-30,0
2017-11-13,87140,2017-03-31,2,,,,,3215000000,-0.457,2818000000,-0.493,2838000000,-0.472,2835000000,,-0.472,7.96,,,,,,,,,,,,,,,,,,,,,275743609,false,false,6,2016-04-01,2016-09-30,-1
2017-11-13,87140,2018-03-31,2,,,,,6400000000,0.006,5600000000,-0.001,5600000000,-0.007,5600000000,,-0.002,15.60,,,,,,,,,,,,,,,15.00,,,,,,,false,true,12,2017-04-01,2018-03-31,0
2017-11-13,87140,2018-03-31,2,,,,,,,,,7079000000,-0.402,,4201000000,,12.87,12.09,,,,,5506745000000,255722000000,0.045,,252158000000,,,,,,,,,,,,true,false,6,2017-04-01,2017-09-30,0
2017-11-13,87140,2017-03-31,2,,,,,,,,,11856000000,0.151,,8817000000,,29.66,24.80,,,,,,,,,,,,,,,,,,,,,true,false,6,2016-04-01,2016-09-30,-1
2017-11-13,87140,2018-03-31,2,,,,,,,,,15000000000,-0.274,,11000000000,,35.09,,,,,,,,,,,,,,,,,,,,,,true,true,12,2017-04-01,2018-03-31,0
2017-11-13,87140,2017-03-31,2,,,,,,,,,,,,,,,,,,,,5572906000000,249217000000,0.043,,244351000000,,,,,,,,,,,,true,false,12,2016-04-01,2017-03-31,-1
2017-11-13,87140,2017-03-31,2,,,,,,,,,,,,,,,,,,,,207964000000,205708000000,0.988,,205603000000,,,,,15.00,,,,281008632,4397012,,false,false,12,2016-04-01,2017-03-31,-1
2017-11-13,87140,2018-03-31,2,,,,,,,,,,,,,,,,,,,,,,,,,,,,,7.50,,,,,,,false,false,12,2017-04-01,2018-03-31,0
2018-02-01,87140,2018-03-31,3,,,,,,,,,10560000000,-0.175,,6983000000,,22.90,20.62,,,,,5510972000000,258536000000,0.046,,254905000000,,,,,,,,,,,,true,false,9,2017-04-01,2017-12-31,0
2018-02-01,87140,2017-03-31,3,,,,,,,,,12806000000,-0.181,,9126000000,,30.76,26.86,,,,,,,,,,,,,,,,,,,,,true,false,9,2016-04-01,2016-12-31,-1
2018-02-01,87140,2018-03-31,3,,,,,,,,,15000000000,-0.274,,11000000000,,35.07,,,,,,,,,,,,,,,,,,,,,,true,true,12,2017-04-01,2018-03-31,0
2018-02-01,87140,2017-03-31,3,,,,,,,,,,,,,,,,,,,,5572906000000,249217000000,0.043,,244351000000,,,,,,,,,,,,true,false,12,2016-04-01,2017-03-31,-1
2018-02-01,87140,2017-03-31,3,,,,,,,,,,,,,,,,,,,,,,,,,,,,,15.00,,,,281008632,4397012,,false,false,12,2016-04-01,2017-03-31,-1
2018-02-01,87140,2018-03-31,3,,,,,,,,,,,,,,,,,,,,,,,,,,,,,7.50,,,,,,,false,false,12,2017-04-01,2018-03-31,0
2018-02-01,87140,2018-03-31,3,,,,,,,,,,,,,,,,,,,,,,,,,,,,,15.00,,,,,,,false,true,12,2017-04-01,2018-03-31,0
2018-02-01,87140,2018-03-31,3,,,,,,,,,,,,,,,,,,,,,,,,,,,,,,,,,281008632,3273991,277080200,false,false,9,2017-04-01,2017-12-31,0
2018-02-01,87140,2017-03-31,3,,,,,,,,,,,,,,,,,,,,,,,,,,,,,,,,,,,275895513,false,false,9,2016-04-01,2016-12-31,-1
2018-05-14,87140,2018-03-31,,,,,,6383000000,0.003,5591000000,-0.002,5628000000,-0.002,5594000000,,-0.003,15.57,15.54,,,,,209525000000,206449000000,0.984,596.17,206327000000,,,,,15.00,,0.00,0.00,281008632,3089250,277260105,false,false,12,2017-04-01,2018-03-31,0
2018-05-14,87140,2017-03-31,,,,,,6358000000,0.021,5605000000,0.015,5642000000,0.055,5616000000,,0.052,15.72,15.42,,,,,207964000000,205708000000,0.988,596.38,205603000000,,,,,15.00,,,,281008632,4397012,276049923,false,false,12,2016-04-01,2017-03-31,-1
2018-05-14,87140,2019-03-31,,,,,,3200000000,-0.003,2800000000,0.003,2800000000,-0.002,2800000000,,0.002,7.78,,,,,,,,,,,,,,,,,,,,,,false,true,6,2018-04-01,2018-09-30,1
2018-05-14,87140,2019-03-31,,,,,,6400000000,0.002,5600000000,0.001,5600000000,-0.004,5600000000,,0.001,15.56,,,,,,,,,,,,,,,15.00,,,,,,,false,true,12,2018-04-01,2019-03-31,1
2018-05-14,87140,2018-03-31,,,,,,,,,,14206000000,-0.312,,8395000000,,25.68,24.13,0.034,0.002,,,5526003000000,248935000000,0.044,736.33,245279000000,-136416000000,185204000000,-11986000000,706045000000,,0.584,,,,,,true,false,12,2017-04-01,2018-03-31,0
2018-05-14,87140,2017-03-31,,,,,,,,,,20668000000,-0.074,,12210000000,,39.61,35.39,0.049,0.003,,,5572906000000,249217000000,0.043,736.46,244351000000,171535000000,94160000000,-50222000000,669243000000,,0.378,,,,,,true,false,12,2016-04-01,2017-03-31,-1
2018-05-14,87140,2019-03-31,,,,,,,,,,3500000000,-0.505,,2500000000,,6.70,,,,,,,,,,,,,,,,,,,,,,true,true,6,2018-04-01,2018-09-30,1
2018-05-14,87140,2019-03-31,,,,,,,,,,7500000000,-0.472,,6000000000,,17.00,,,,,,,,,,,,,,,,0.882,,,,,,true,true,12,2018-04-01,2019-03-31,1
2018-07-31,87140,2019-03-31,1,,,,,,,,,4509000000,0.691,,3366000000,,12.10,10.13,,,,,5518685000000,249940000000,0.044,,247759000000,,,,,,,,,,,,true,false,3,2018-04-01,2018-06-30,0
2018-07-31,87140,2018-03-31,1,,,,,,,,,2665000000,-0.589,,2075000000,,7.50,6.37,,,,,,,,,,,,,,,,,,,,,true,false,3,2017-04-01,2017-06-30,-1
2018-07-31,87140,2019-03-31,1,,,,,,,,,3500000000,-0.505,,2500000000,,6.69,,,,,,,,,,,,,,,,,,,,,,true,true,6,2018-04-01,2018-09-30,0
2018-07-31,87140,2019-03-31,1,,,,,,,,,7500000000,-0.472,,6000000000,,16.98,,,,,,,,,,,,,,,,,,,,,,true,true,12,2018-04-01,2019-03-31,0
2018-07-31,87140,2018-03-31,1,,,,,,,,,,,,,,,,,,,,5526003000000,248935000000,0.044,,245279000000,,,,,,,,,,,,true,false,12,2017-04-01,2018-03-31,-1
2018-07-31,87140,2018-03-31,1,,,,,,,,,,,,,,,,,,,,,,,,,,,,,15.00,,,,281008632,3089250,,false,false,12,2017-04-01,2018-03-31,-1
2018-07-31,87140,2019-03-31,1,,,,,,,,,,,,,,,,,,,,,,,,,,,,,15.00,,,,,,,false,true,12,2018-04-01,2019-03-31,0
2018-07-31,87140,2019-03-31,1,,,,,,,,,,,,,,,,,,,,,,,,,,,,,,,,,281008632,2771738,278020835,false,false,3,2018-04-01,2018-06-30,0
2018-07-31,87140,2018-03-31,1,,,,,,,,,,,,,,,,,,,,,,,,,,,,,,,,,,,276713160,false,false,3,2017-04-01,2017-06-30,-1
2018-11-13,87140,2019-03-31,2,,,,,3216000000,0.001,2793000000,0.001,2813000000,0.001,2828000000,,0.012,7.87,,,,,,208832000000,206837000000,0.990,,206777000000,,,,,,,,,281008632,2304468,278286206,false,false,6,2018-04-01,2018-09-30,0
2018-11-13,87140,2018-03-31,2,,,,,3210000000,-0.001,2789000000,-0.010,2808000000,-0.010,2792000000,,-0.014,7.78,,,,,,,,,,,,,,,,,,,,,276926115,false,false,6,2017-04-01,2017-09-30,-1
2018-11-13,87140,2019-03-31,2,,,,,6400000000,0.002,5600000000,0.001,5600000000,-0.004,5600000000,,0.001,15.52,,,,,,,,,,,,,,,15.00,,,,,,,false,true,12,2018-04-01,2019-03-31,0
2018-11-13,87140,2019-03-31,2,,,,,,,,,4329000000,-0.388,,2981000000,,8.42,8.17,,,,,5474991000000,251078000000,0.045,,249038000000,,,,,,,,,,,,true,false,6,2018-04-01,2018-09-30,0
2018-11-13,87140,2018-03-31,2,,,,,,,,,7079000000,-0.402,,4201000000,,12.87,12.09,,,,,,,,,,,,,,,,,,,,,true,false,6,2017-04-01,2017-09-30,-1
2018-11-13,87140,2019-03-31,2,,,,,,,,,7500000000,-0.472,,6000000000,,16.96,,,,,,,,,,,,,,,,,,,,,,true,true,12,2018-04-01,2019-03-31,0
2018-11-13,87140,2018-03-31,2,,,,,,,,,,,,,,,,,,,,5526003000000,248935000000,0.044,,245279000000,,,,,,,,,,,,true,false,12,2017-04-01,2018-03-31,-1
2018-11-13,87140,2018-03-31,2,,,,,,,,,,,,,,,,,,,,209519000000,206449000000,0.984,,206327000000,,,,,15.00,,,,281008632,3089250,,false,false,12,2017-04-01,2018-03-31,-1
2018-11-13,87140,2019-03-31,2,,,,,,,,,,,,,,,,,,,,,,,,,,,,,7.50,,,,,,,false,false,12,2018-04-01,2019-03-31,0
2019-01-30,87140,2019-03-31,3,,,,,,,,,5450000000,-0.483,,3775000000,,11.27,10.56,,,,,5496034000000,244641000000,0.044,,242593000000,,,,,,,,,,,,true,false,9,2018-04-01,2018-12-31,0
2019-01-30,87140,2018-03-31,3,,,,,,,,,10560000000,-0.175,,6983000000,,22.90,20.62,,,,,,,,,,,,,,,,,,,,,true,false,9,2017-04-01,2017-12-31,-1
2019-01-30,87140,2019-03-31,3,,,,,,,,,7500000000,-0.472,,6000000000,,16.96,,,,,,,,,,,,,,,,,,,,,,true,true,12,2018-04-01,2019-03-31,0
2019-01-30,87140,2018-03-31,3,,,,,,,,,,,,,,,,,,,,5526003000000,248935000000,0.044,,245279000000,,,,,,,,,,,,true,false,12,2017-04-01,2018-03-31,-1
2019-01-30,87140,2018-03-31,3,,,,,,,,,,,,,,,,,,,,,,,,,,,,,15.00,,,,281008632,3089250,,false,false,12,2017-04-01,2018-03-31,-1
2019-01-30,87140,2019-03-31,3,,,,,,,,,,,,,,,,,,,,,,,,,,,,,7.50,,,,,,,false,false,12,2018-04-01,2019-03-31,0
2019-01-30,87140,2019-03-31,3,,,,,,,,,,,,,,,,,,,,,,,,,,,,,15.00,,,,,,,false,true,12,2018-04-01,2019-03-31,0
2019-01-30,87140,2019-03-31,3,,,,,,,,,,,,,,,,,,,,,,,,,,,,,,,,,281008632,2083540,278436613,false,false,9,2018-04-01,2018-12-31,0
2019-01-30,87140,2018-03-31,3,,,,,,,,,,,,,,,,,,,,,,,,,,,,,,,,,,,277080200,false,false,9,2017-04-01,2017-12-31,-1
2019-05-14,87140,2019-03-31,,,,,,6334000000,-0.007,5223000000,-0.065,5262000000,-0.064,5365000000,,-0.040,15.62,15.33,,,,,194012000000,191639000000,0.987,595.32,191568000000,,,,,15.00,,0.00,0.00,281008632,1845557,278580680,false,false,12,2018-04-01,2019-03-31,0
2019-05-14,87140,2018-03-31,,,,,,6383000000,0.003,5591000000,-0.002,5628000000,-0.002,5594000000,,-0.003,15.57,15.54,,,,,209519000000,206449000000,0.984,596.17,206327000000,,,,,15.00,,,,281008632,3089250,277260105,false,false,12,2017-04-01,2018-03-31,-1
2019-05-14,87140,2020-03-31,,,,,,3000000000,-0.067,2500000000,-0.105,2500000000,-0.111,2500000000,,-0.116,7.61,,,,,,,,,,,,,,,,,,,,,,false,true,6,2019-04-01,2019-09-30,1
2019-05-14,87140,2020-03-31,,,,,,4700000000,-0.257,4000000000,-0.234,4000000000,-0.239,4000000000,,-0.254,11.64,,,,,,,,,,,,,,,7.50,,,,,,,false,true,12,2019-04-01,2020-03-31,1
2019-05-14,87140,2019-03-31,,,,,,,,,,9698000000,-0.317,,6139000000,,18.40,17.66,0.025,0.001,,,5450878000000,236462000000,0.043,748.83,234421000000,-53512000000,124364000000,-40163000000,736824000000,,0.815,,,,,,true,false,12,2018-04-01,2019-03-31,0
2019-05-14,87140,2018-03-31,,,,,,,,,,14206000000,-0.312,,8395000000,,25.68,24.13,0.034,0.002,,,5526003000000,248935000000,0.044,736.33,245279000000,-136416000000,185204000000,-11986000000,706045000000,,0.584,,,,,,true,false,12,2017-04-01,2018-03-31,-1
2019-05-14,87140,2020-03-31,,,,,,,,,,2500000000,-0.422,,2000000000,,5.82,,,,,,,,,,,,,,,,,,,,,,true,true,6,2019-04-01,2019-09-30,1
2019-05-14,87140,2020-03-31,,,,,,,,,,5000000000,-0.484,,4000000000,,11.64,,,,,,,,,,,,,,,,0.644,,,,,,true,true,12,2019-04-01,2020-03-31,1
2019-07-30,87140,2020-03-31,1,,,,,,,,,2116000000,-0.530,,1688000000,,6.04,5.06,,,,,5509580000000,236019000000,0.042,,233957000000,,,,,,,,,,,,true,false,3,2019-04-01,2019-06-30,0
2019-07-30,87140,2019-03-31,1,,,,,,,,,4509000000,0.691,,3366000000,,12.10,10.13,,,,,,,,,,,,,,,,,,,,,true,false,3,2018-04-01,2018-06-30,-1
2019-07-30,87140,2020-03-31,1,,,,,,,,,2500000000,-0.422,,2000000000,,5.81,,,,,,,,,,,,,,,,,,,,,,true,true,6,2019-04-01,2019-09-30,0
2019-07-30,87140,2020-03-31,1,,,,,,,,,5000000000,-0.484,,4000000000,,11.62,,,,,,,,,,,,,,,,,,,,,,true,true,12,2019-04-01,2020-03-31,0
2019-07-30,87140,2019-03-31,1,,,,,,,,,,,,,,,,,,,,5450878000000,236462000000,0.043,,234421000000,,,,,,,,,,,,true,false,12,2018-04-01,2019-03-31,-1
2019-07-30,87140,2019-03-31,1,,,,,,,,,,,,,,,,,,,,,,,,,,,,,15.00,,,,281008632,1845557,,false,false,12,2018-04-01,2019-03-31,-1
2019-07-30,87140,2020-03-31,1,,,,,,,,,,,,,,,,,,,,,,,,,,,,,7.50,,,,,,,false,true,12,2019-04-01,2020-03-31,0
2019-07-30,87140,2020-03-31,1,,,,,,,,,,,,,,,,,,,,,,,,,,,,,,,,,281008632,1333519,279321882,false,false,3,2019-04-01,2019-06-30,0
2019-07-30,87140,2019-03-31,1,,,,,,,,,,,,,,,,,,,,,,,,,,,,,,,,,,,278020835,false,false,3,2018-04-01,2018-06-30,-1
2019-11-14,87140,2020-03-31,2,,,,,2894000000,-0.100,2328000000,-0.166,2360000000,-0.160,2365000000,,-0.163,7.11,,,,,,193905000000,192057000000,0.990,,191988000000,,,,,,,,,281008632,710007,279679221,false,false,6,2019-04-01,2019-09-30,0
2019-11-14,87140,2019-03-31,2,,,,,3216000000,0.001,2793000000,0.001,2813000000,0.001,2828000000,,0.012,7.87,,,,,,,,,,,,,,,,,,,,,278286206,false,false,6,2018-04-01,2018-09-30,-1
2019-11-14,87140,2020-03-31,2,,,,,4700000000,-0.257,4000000000,-0.234,4000000000,-0.239,4000000000,,-0.254,11.60,,,,,,,,,,,,,,,7.50,,,,,,,false,true,12,2019-04-01,2020-03-31,0
2019-11-14,87140,2020-03-31,2,,,,,,,,,1757000000,-0.593,,1822000000,,5.17,5.17,,,,,5464987000000,240071000000,0.043,,237747000000,,,,,,,,,,,,true,false,6,2019-04-01,2019-09-30,0
2019-11-14,87140,2019-03-31,2,,,,,,,,,4329000000,-0.388,,2981000000,,8.42,8.17,,,,,,,,,,,,,,,,,,,,,true,false,6,2018-04-01,2018-09-30,-1
2019-11-14,87140,2020-03-31,2,,,,,,,,,5000000000,-0.484,,4000000000,,11.60,,,,,,,,,,,,,,,,,,,,,,true,true,12,2019-04-01,2020-03-31,0
2019-11-14,87140,2019-03-31,2,,,,,,,,,,,,,,,,,,,,5450878000000,236462000000,0.043,,234421000000,,,,,,,,,,,,true,false,12,2018-04-01,2019-03-31,-1
2019-11-14,87140,2019-03-31,2,,,,,,,,,,,,,,,,,,,,194012000000,191639000000,0.987,,191568000000,,,,,15.00,,,,281008632,1845557,,false,false,12,2018-04-01,2019-03-31,-1
2019-11-14,87140,2020-03-31,2,,,,,,,,,,,,,,,,,,,,,,,,,,,,,3.75,,,,,,,false,false,12,2019-04-01,2020-03-31,0
2020-01-31,87140,2020-03-31,3,,,,,,,,,4131000000,-0.241,,3501000000,,11.16,10.48,,,,,5489418000000,242284000000,0.043,,239959000000,,,,,,,,,,,,true,false,9,2019-04-01,2019-12-31,0
2020-01-31,87140,2019-03-31,3,,,,,,,,,5450000000,-0.483,,3775000000,,11.27,10.56,,,,,,,,,,,,,,,,,,,,,true,false,9,2018-04-01,2018-12-31,-1
2020-01-31,87140,2020-03-31,3,,,,,,,,,5000000000,-0.484,,4000000000,,11.60,,,,,,,,,,,,,,,,,,,,,,true,true,12,2019-04-01,2020-03-31,0
2020-01-31,87140,2019-03-31,3,,,,,,,,,,,,,,,,,,,,5450878000000,236462000000,0.043,,234421000000,,,,,,,,,,,,true,false,12,2018-04-01,2019-03-31,-1
2020-01-31,87140,2019-03-31,3,,,,,,,,,,,,,,,,,,,,,,,,,,,,,15.00,,,,281008632,1845557,,false,false,12,2018-04-01,2019-03-31,-1
2020-01-31,87140,2020-03-31,3,,,,,,,,,,,,,,,,,,,,,,,,,,,,,3.75,,,,,,,false,false,12,2019-04-01,2020-03-31,0
2020-01-31,87140,2020-03-31,3,,,,,,,,,,,,,,,,,,,,,,,,,,,,,7.50,,,,,,,false,true,12,2019-04-01,2020-03-31,0
2020-01-31,87140,2020-03-31,3,,,,,,,,,,,,,,,,,,,,,,,,,,,,,,,,,281008632,276870,279947805,false,false,9,2019-04-01,2019-12-31,0
2020-01-31,87140,2019-03-31,3,,,,,,,,,,,,,,,,,,,,,,,,,,,,,,,,,,,278436613,false,false,9,2018-04-01,2018-12-31,-1
2020-05-15,87140,2020-03-31,,,,,,4667000000,-0.263,3691000000,-0.293,3756000000,-0.286,3773000000,,-0.296,10.79,10.78,,,,,193426000000,192251000000,0.993,594.15,192172000000,,,,,7.50,,0.00,0.00,281008632,277099,280142686,false,false,12,2019-04-01,2020-03-31,0
2020-05-15,87140,2019-03-31,,,,,,6334000000,-0.007,5223000000,-0.065,5262000000,-0.064,5365000000,,-0.040,15.62,15.33,,,,,194012000000,191639000000,0.987,595.32,191568000000,,,,,15.00,,,,281008632,1845557,278580680,false,false,12,2018-04-01,2019-03-31,-1
2020-05-15,87140,2021-03-31,,,,,,1800000000,-0.378,1400000000,-0.398,1400000000,-0.406,1400000000,,-0.408,3.65,,,,,,,,,,,,,,,,,,,,,,false,true,6,2020-04-01,2020-09-30,1
2020-05-15,87140,2021-03-31,,,,,,3600000000,-0.228,2800000000,-0.241,2800000000,-0.254,2800000000,,-0.257,7.30,,,,,,,,,,,,,,,7.50,,,,,,,false,true,12,2020-04-01,2021-03-31,1
2020-05-15,87140,2020-03-31,,,,,,,,,,4946000000,-0.489,,3943000000,,11.40,11.39,0.016,0.000,,,5492555000000,232373000000,0.041,729.15,230071000000,17352000000,50863000000,-2896000000,801973000000,,0.657,,,,,,true,false,12,2019-04-01,2020-03-31,0
2020-05-15,87140,2019-03-31,,,,,,,,,,9698000000,-0.317,,6139000000,,18.40,17.66,0.025,0.001,,,5450878000000,236462000000,0.043,748.83,234421000000,-53512000000,124364000000,-40163000000,736824000000,,0.815,,,,,,true,false,12,2018-04-01,2019-03-31,-1
2020-05-15,87140,2021-03-31,,,,,,,,,,2500000000,0.422,,2000000000,,5.78,,,,,,,,,,,,,,,,,,,,,,true,true,6,2020-04-01,2020-09-30,1
2020-05-15,87140,2021-03-31,,,,,,,,,,6000000000,0.213,,4000000000,,11.57,,,,,,,,,,,,,,,,0.648,,,,,,true,true,12,2020-04-01,2021-03-31,1
2020-07-31,87140,2021-03-31,1,,,,,,,,,2016000000,-0.047,,1503000000,,5.35,4.48,,,,,5758904000000,235276000000,0.040,,232901000000,,,,,,,,,,,,true,false,3,2020-04-01,2020-06-30,0
2020-07-31,87140,2020-03-31,1,,,,,,,,,2116000000,-0.530,,1688000000,,6.04,5.06,,,,,,,,,,,,,,,,,,,,,true,false,3,2019-04-01,2019-06-30,-1
2020-07-31,87140,2021-03-31,1,,,,,,,,,2500000000,0.422,,2000000000,,5.78,,,,,,,,,,,,,,,,,,,,,,true,true,6,2020-04-01,2020-09-30,0
2020-07-31,87140,2021-03-31,1,,,,,,,,,6000000000,0.212,,4000000000,,11.57,,,,,,,,,,,,,,,,,,,,,,true,true,12,2020-04-01,2021-03-31,0
2020-07-31,87140,2020-03-31,1,,,,,,,,,,,,,,,,,,,,5492555000000,232373000000,0.041,,230071000000,,,,,,,,,,,,true,false,12,2019-04-01,2020-03-31,-1
2020-07-31,87140,2020-03-31,1,,,,,,,,,,,,,,,,,,,,,,,,,,,,,7.50,,,,281008632,277099,,false,false,12,2019-04-01,2020-03-31,-1
2020-07-31,87140,2021-03-31,1,,,,,,,,,,,,,,,,,,,,,,,,,,,,,7.50,,,,,,,false,true,12,2020-04-01,2021-03-31,0
2020-07-31,87140,2021-03-31,1,,,,,,,,,,,,,,,,,,,,,,,,,,,,,,,,,281008632,277248,280731473,false,false,3,2020-04-01,2020-06-30,0
2020-07-31,87140,2020-03-31,1,,,,,,,,,,,,,,,,,,,,,,,,,,,,,,,,,,,279321882,false,false,3,2019-04-01,2019-06-30,-1
2020-10-27,87140,2021-03-31,,,,,,,,,,5470000000,1.188,,4450000000,,14.51,,,,,,,,,,,,,,,,,,,,,,true,true,6,2020-04-01,2020-09-30,0
2020-10-27,87140,2020-03-31,,,,,,,,,,1757000000,,,1822000000,,5.17,,,,,,,,,,,,,,,,,,,,,,true,false,6,2019-04-01,2019-09-30,-1
2020-11-12,87140,2021-03-31,2,,,,,1861000000,-0.357,1482000000,-0.363,1483000000,-0.371,1464000000,,-0.380,3.87,,,,,,193194000000,192295000000,0.995,,192231000000,,,,,,,,,281008632,202349,280765870,false,false,6,2020-04-01,2020-09-30,0
2020-11-12,87140,2020-03-31,2,,,,,2894000000,-0.100,2328000000,-0.166,2360000000,-0.160,2365000000,,-0.163,7.11,,,,,,,,,,,,,,,,,,,,,279679221,false,false,6,2019-04-01,2019-09-30,-1
2020-11-12,87140,2021-03-31,2,,,,,3600000000,-0.228,2800000000,-0.241,2800000000,-0.254,2800000000,,-0.257,7.30,,,,,,,,,,,,,,,7.50,,,,,,,false,true,12,2020-04-01,2021-03-31,0
2020-11-12,87140,2021-03-31,2,,,,,,,,,5474000000,2.114,,4450000000,,14.51,13.28,,,,,5948982000000,238157000000,0.039,,235856000000,,,,,,,,,,,,true,false,6,2020-04-01,2020-09-30,0
2020-11-12,87140,2020-03-31,2,,,,,,,,,1757000000,-0.593,,1822000000,,5.17,5.17,,,,,,,,,,,,,,,,,,,,,true,false,6,2019-04-01,2019-09-30,-1
2020-11-12,87140,2021-03-31,2,,,,,,,,,6000000000,0.213,,4000000000,,11.57,,,,,,,,,,,,,,,,,,,,,,true,true,12,2020-04-01,2021-03-31,0
2020-11-12,87140,2020-03-31,2,,,,,,,,,,,,,,,,,,,,5492555000000,232373000000,0.041,,230071000000,,,,,,,,,,,,true,false,12,2019-04-01,2020-03-31,-1
2020-11-12,87140,2020-03-31,2,,,,,,,,,,,,,,,,,,,,193426000000,192251000000,0.993,,192172000000,,,,,7.50,,,,281008632,277099,,false,false,12,2019-04-01,2020-03-31,-1
2020-11-12,87140,2021-03-31,2,,,,,,,,,,,,,,,,,,,,,,,,,,,,,3.75,,,,,,,false,false,12,2020-04-01,2021-03-31,0
2021-01-29,87140,2021-03-31,3,,,,,,,,,7988000000,0.933,,6301000000,,21.11,18.81,,,,,6052773000000,238830000000,0.039,,236489000000,,,,,,,,,,,,true,false,9,2020-04-01,2020-12-31,0
2021-01-29,87140,2020-03-31,3,,,,,,,,,4131000000,-0.241,,3501000000,,11.16,10.48,,,,,,,,,,,,,,,,,,,,,true,false,9,2019-04-01,2019-12-31,-1
2021-01-29,87140,2021-03-31,3,,,,,,,,,6000000000,0.213,,4000000000,,11.58,,,,,,,,,,,,,,,,,,,,,,true,true,12,2020-04-01,2021-03-31,0
2021-01-29,87140,2020-03-31,3,,,,,,,,,,,,,,,,,,,,5492555000000,232373000000,0.041,,230071000000,,,,,,,,,,,,true,false,12,2019-04-01,2020-03-31,-1
2021-01-29,87140,2020-03-31,3,,,,,,,,,,,,,,,,,,,,,,,,,,,,,7.50,,,,281008632,277099,,false,false,12,2019-04-01,2020-03-31,-1
2021-01-29,87140,2021-03-31,3,,,,,,,,,,,,,,,,,,,,,,,,,,,,,3.75,,,,,,,false,false,12,2020-04-01,2021-03-31,0
2021-01-29,87140,2021-03-31,3,,,,,,,,,,,,,,,,,,,,,,,,,,,,,7.50,,,,,,,false,true,12,2020-04-01,2021-03-31,0
2021-01-29,87140,2021-03-31,3,,,,,,,,,,,,,,,,,,,,,,,,,,,,,,,,,281008632,803137,280700769,false,false,9,2020-04-01,2020-12-31,0
2021-01-29,87140,2020-03-31,3,,,,,,,,,,,,,,,,,,,,,,,,,,,,,,,,,,,279947805,false,false,9,2019-04-01,2019-12-31,-1
2021-05-14,87140,2021-03-31,,,,,,3590000000,-0.230,2929000000,-0.206,2932000000,-0.219,2909000000,,-0.228,7.69,7.68,,,,,193747000000,192229000000,0.991,595.20,192153000000,,,,,7.50,,0.00,0.00,281008632,804214,280578514,false,false,12,2020-04-01,2021-03-31,0
2021-05-14,87140,2020-03-31,,,,,,4667000000,-0.263,3691000000,-0.293,3756000000,-0.286,3773000000,,-0.296,10.79,10.78,,,,,193426000000,192251000000,0.993,594.15,192172000000,,,,,7.50,,,,281008632,277099,280142686,false,false,12,2019-04-01,2020-03-31,-1
2021-05-14,87140,2022-03-31,,,,,,1800000000,-0.032,1400000000,-0.055,1400000000,-0.056,1400000000,,-0.043,3.65,,,,,,,,,,,,,,,,,,,,,,false,true,6,2021-04-01,2021-09-30,1
2021-05-14,87140,2022-03-31,,,,,,3600000000,0.002,2900000000,-0.010,2900000000,-0.011,2900000000,,-0.003,7.67,,,,,,,,,,,,,,,7.50,,,,,,,false,true,12,2021-04-01,2022-03-31,1
2021-05-14,87140,2021-03-31,,,,,,,,,,7714000000,0.559,,5103000000,,15.51,15.24,0.021,0.001,,,6705548000000,247042000000,0.036,782.13,244531000000,880026000000,-18923000000,-2776000000,1660156000000,,0.483,,,,,,true,false,12,2020-04-01,2021-03-31,0
2021-05-14,87140,2020-03-31,,,,,,,,,,4946000000,-0.489,,3943000000,,11.40,11.39,0.016,0.000,,,5492555000000,232373000000,0.041,729.15,230071000000,17352000000,50863000000,-2896000000,801973000000,,0.657,,,,,,true,false,12,2019-04-01,2020-03-31,-1
2021-05-14,87140,2022-03-31,,,,,,,,,,3700000000,-0.324,,2600000000,,7.94,,,,,,,,,,,,,,,,,,,,,,true,true,6,2021-04-01,2021-09-30,1
2021-05-14,87140,2022-03-31,,,,,,,,,,7600000000,-0.014,,5600000000,,17.30,,,,,,,,,,,,,,,,0.433,,,,,,true,true,12,2021-04-01,2022-03-31,1
2021-07-30,87140,2022-03-31,1,,,,,,,,,3980000000,0.974,,3183000000,,11.36,9.51,,,,,6914199000000,248341000000,0.035,,245806000000,,,,,,,,,,,,true,false,3,2021-04-01,2021-06-30,0
2021-07-30,87140,2021-03-31,1,,,,,,,,,2016000000,-0.047,,1503000000,,5.35,4.48,,,,,,,,,,,,,,,,,,,,,true,false,3,2020-04-01,2020-06-30,-1
2021-07-30,87140,2022-03-31,1,,,,,,,,,3700000000,-0.324,,2600000000,,7.94,,,,,,,,,,,,,,,,,,,,,,true,true,6,2021-04-01,2021-09-30,0
2021-07-30,87140,2022-03-31,1,,,,,,,,,7600000000,-0.014,,5600000000,,17.30,,,,,,,,,,,,,,,,,,,,,,true,true,12,2021-04-01,2022-03-31,0
2021-07-30,87140,2021-03-31,1,,,,,,,,,,,,,,,,,,,,6705548000000,247042000000,0.036,,244531000000,,,,,,,,,,,,true,false,12,2020-04-01,2021-03-31,-1
2021-07-30,87140,2021-03-31,1,,,,,,,,,,,,,,,,,,,,,,,,,,,,,7.50,,,,281008632,804214,,false,false,12,2020-04-01,2021-03-31,-1
2021-07-30,87140,2022-03-31,1,,,,,,,,,,,,,,,,,,,,,,,,,,,,,7.50,,,,,,,false,true,12,2021-04-01,2022-03-31,0
2021-07-30,87140,2022-03-31,1,,,,,,,,,,,,,,,,,,,,,,,,,,,,,,,,,281008632,778226,280214982,false,false,3,2021-04-01,2021-06-30,0
2021-07-30,87140,2021-03-31,1,,,,,,,,,,,,,,,,,,,,,,,,,,,,,,,,,,,280731473,false,false,3,2020-04-01,2020-06-30,-1
2021-10-28,87140,2022-03-31,,,,,,,,,,6940000000,0.875,,5450000000,,18.10,,,,,,,,,,,,,,,,,,,,,,true,true,6,2021-04-01,2021-09-30,0
2021-10-28,87140,2021-03-31,,,,,,,,,,5474000000,,,4450000000,,14.51,,,,,,,,,,,,,,,,,,,,,,true,false,6,2020-04-01,2020-09-30,-1
2021-11-11,87140,2022-03-31,2,,,,,1893000000,0.017,1422000000,-0.040,1426000000,-0.038,1423000000,,-0.028,3.74,,,,,,192476000000,192237000000,0.998,,192170000000,,,,,,,,,281008632,715440,280252387,false,false,6,2021-04-01,2021-09-30,0
2021-11-11,87140,2021-03-31,2,,,,,1861000000,-0.357,1482000000,-0.363,1483000000,-0.371,1464000000,,-0.380,3.87,,,,,,,,,,,,,,,,,,,,,280765870,false,false,6,2020-04-01,2020-09-30,-1
2021-11-11,87140,2022-03-31,2,,,,,3600000000,0.002,2900000000,-0.010,2900000000,-0.011,2900000000,,-0.003,7.67,,,,,,,,,,,,,,,7.50,,,,,,,false,true,12,2021-04-01,2022-03-31,0
2021-11-11,87140,2022-03-31,2,,,,,,,,,6942000000,0.268,,5456000000,,18.13,16.31,,,,,7186983000000,251764000000,0.034,,249231000000,,,,,,,,,,,,true,false,6,2021-04-01,2021-09-30,0
2021-11-11,87140,2021-03-31,2,,,,,,,,,5474000000,2.114,,4450000000,,14.51,13.28,,,,,,,,,,,,,,,,,,,,,true,false,6,2020-04-01,2020-09-30,-1
2021-11-11,87140,2022-03-31,2,,,,,,,,,12000000000,0.555,,9000000000,,29.43,,,,,,,,,,,,,,,,,,,,,,true,true,12,2021-04-01,2022-03-31,0
2021-11-11,87140,2021-03-31,2,,,,,,,,,,,,,,,,,,,,6705548000000,247042000000,0.036,,244531000000,,,,,,,,,,,,true,false,12,2020-04-01,2021-03-31,-1
2021-11-11,87140,2021-03-31,2,,,,,,,,,,,,,,,,,,,,193747000000,192229000000,0.991,,192153000000,,,,,7.50,,,,281008632,804214,,false,false,12,2020-04-01,2021-03-31,-1
2021-11-11,87140,2022-03-31,2,,,,,,,,,,,,,,,,,,,,,,,,,,,,,3.75,,,,,,,false,false,12,2021-04-01,2022-03-31,0
2022-01-28,87140,2022-03-31,3,,,,,,,,,12911000000,0.616,,10205000000,,35.07,30.50,,,,,7266253000000,254015000000,0.034,,251307000000,,,,,,,,,,,,true,false,9,2021-04-01,2021-12-31,0
2022-01-28,87140,2021-03-31,3,,,,,,,,,7988000000,0.933,,6301000000,,21.11,18.81,,,,,,,,,,,,,,,,,,,,,true,false,9,2020-04-01,2020-12-31,-1
2022-01-28,87140,2022-03-31,3,,,,,,,,,12000000000,0.555,,9000000000,,29.43,,,,,,,,,,,,,,,,,,,,,,true,true,12,2021-04-01,2022-03-31,0
2022-01-28,87140,2021-03-31,3,,,,,,,,,,,,,,,,,,,,6705548000000,247042000000,0.036,,244531000000,,,,,,,,,,,,true,false,12,2020-04-01,2021-03-31,-1
2022-01-28,87140,2021-03-31,3,,,,,,,,,,,,,,,,,,,,,,,,,,,,,7.50,,,,281008632,804214,,false,false,12,2020-04-01,2021-03-31,-1
2022-01-28,87140,2022-03-31,3,,,,,,,,,,,,,,,,,,,,,,,,,,,,,3.75,,,,,,,false,false,12,2021-04-01,2022-03-31,0
2022-01-28,87140,2022-03-31,3,,,,,,,,,,,,,,,,,,,,,,,,,,,,,7.50,,,,,,,false,true,12,2021-04-01,2022-03-31,0
2022-01-28,87140,2022-03-31,3,,,,,,,,,,,,,,,,,,,,,,,,,,,,,,,,,281008632,716063,280265952,false,false,9,2021-04-01,2021-12-31,0
2022-01-28,87140,2021-03-31,3,,,,,,,,,,,,,,,,,,,,,,,,,,,,,,,,,,,280700769,false,false,9,2020-04-01,2020-12-31,-1
2022-04-28,87140,2022-03-31,,,,,,,,,,14000000000,0.166,,11400000000,,37.99,,,,,,,,,,,,,,,,,,,,,,true,true,12,2021-04-01,2022-03-31,0
2022-04-28,87140,2021-03-31,,,,,,,,,,7714000000,,,5103000000,,15.51,,,,,,,,,,,,,,,,,,,,,,true,false,12,2020-04-01,2021-03-31,-1
2022-04-28,87140,2022-03-31,,,,,,,,,,,,,,,,,,,,,,,,,,,,,,10.00,,,,,,,false,true,12,2021-04-01,2022-03-31,0
2022-04-28,87140,2022-03-31,,,,,,,,,,,,,,,,,,,,,,,,,,,,,,3.75,,,,,,,false,false,12,2021-04-01,2022-03-31,0
2022-04-28,87140,2021-03-31,,,,,,,,,,,,,,,,,,,,,,,,,,,,,,7.50,,,,,,,false,false,12,2020-04-01,2021-03-31,-1
2022-05-13,87140,2022-03-31,,,,,,3766000000,0.049,2908000000,-0.007,2913000000,-0.006,2894000000,,-0.005,7.65,7.64,,,,,192646000000,192302000000,0.997,595.23,192215000000,,,,,10.00,,0.00,0.00,281008632,716407,280272461,false,false,12,2021-04-01,2022-03-31,0
2022-05-13,87140,2021-03-31,,,,,,3590000000,-0.230,2929000000,-0.206,2932000000,-0.219,2909000000,,-0.228,7.69,7.68,,,,,193747000000,192229000000,0.991,595.20,192153000000,,,,,7.50,,,,281008632,804214,280578514,false,false,12,2020-04-01,2021-03-31,-1
2022-05-13,87140,2023-03-31,,,,,,2700000000,0.426,2100000000,0.475,2100000000,0.471,2100000000,,0.475,7.49,,,,,,,,,,,,,,,,,,,,,,false,true,6,2022-04-01,2022-09-30,1
2022-05-13,87140,2023-03-31,,,,,,4500000000,0.194,3600000000,0.237,3600000000,0.235,3600000000,,0.243,12.84,,,,,,,,,,,,,,,10.00,,,,,,,false,true,12,2022-04-01,2023-03-31,1
2022-05-13,87140,2022-03-31,,,,,,,,,,14047000000,0.820,,11400000000,,37.99,34.07,0.046,0.002,,,7044417000000,250860000000,0.035,795.45,248334000000,138804000000,-83534000000,-3004000000,1712443000000,,0.263,,,,,,true,false,12,2021-04-01,2022-03-31,0
2022-05-13,87140,2021-03-31,,,,,,,,,,7714000000,0.559,,5103000000,,15.51,15.24,0.021,0.001,,,6705548000000,247042000000,0.036,782.13,244531000000,880026000000,-18923000000,-2776000000,1660156000000,,0.483,,,,,,true,false,12,2020-04-01,2021-03-31,-1
2022-05-13,87140,2023-03-31,,,,,,,,,,5600000000,-0.193,,4000000000,,14.27,,,,,,,,,,,,,,,,,,,,,,true,true,6,2022-04-01,2022-09-30,1
2022-05-13,87140,2023-03-31,,,,,,,,,,11300000000,-0.195,,7900000000,,28.18,,,,,,,,,,,,,,,,0.354,,,,,,true,true,12,2022-04-01,2023-03-31,1
2022-07-27,87140,2023-03-31,1,,,,,,,,,4992000000,0.254,,4123000000,,14.71,12.31,,,,,7111424000000,248962000000,0.034,,246479000000,,,,,,,,,,,,true,false,3,2022-04-01,2022-06-30,0
2022-07-27,87140,2022-03-31,1,,,,,,,,,3980000000,0.974,,3183000000,,11.36,9.51,,,,,,,,,,,,,,,,,,,,,true,false,3,2021-04-01,2021-06-30,-1
2022-07-27,87140,2023-03-31,1,,,,,,,,,5600000000,-0.193,,4000000000,,14.27,,,,,,,,,,,,,,,,,,,,,,true,true,6,2022-04-01,2022-09-30,0
2022-07-27,87140,2023-03-31,1,,,,,,,,,11300000000,-0.195,,7900000000,,28.18,,,,,,,,,,,,,,,,,,,,,,true,true,12,2022-04-01,2023-03-31,0
2022-07-27,87140,2022-03-31,1,,,,,,,,,,,,,,,,,,,,7044417000000,250860000000,0.035,,248334000000,,,,,,,,,,,,true,false,12,2021-04-01,2022-03-31,-1
2022-07-27,87140,2022-03-31,1,,,,,,,,,,,,,,,,,,,,,,,,,,,,,10.00,,,,281008632,716407,,false,false,12,2021-04-01,2022-03-31,-1
2022-07-27,87140,2023-03-31,1,,,,,,,,,,,,,,,,,,,,,,,,,,,,,10.00,,,,,,,false,true,12,2022-04-01,2023-03-31,0
2022-07-27,87140,2023-03-31,1,,,,,,,,,,,,,,,,,,,,,,,,,,,,,,,,,281008632,716483,280292185,false,false,3,2022-04-01,2022-06-30,0
2022-07-27,87140,2022-03-31,1,,,,,,,,,,,,,,,,,,,,,,,,,,,,,,,,,,,280214982,false,false,3,2021-04-01,2021-06-30,-1
2022-10-28,87140,2023-03-31,,,,,,,,,,9100000000,0.625,,7270000000,,25.93,,,,,,,,,,,,,,,,,,,,,,true,true,6,2022-04-01,2022-09-30,0
2022-10-28,87140,2022-03-31,,,,,,,,,,6942000000,,,5456000000,,18.13,,,,,,,,,,,,,,,,,,,,,,true,false,6,2021-04-01,2021-09-30,-1
2022-11-11,87140,2023-03-31,2,,,,,2730000000,0.442,2209000000,0.552,2188000000,0.533,2159000000,,0.517,7.70,,,,,,192279000000,167133000000,0.868,,167041000000,,,,,,,,,281008632,666332,280316634,false,false,6,2022-04-01,2022-09-30,0
2022-11-11,87140,2022-03-31,2,,,,,1893000000,0.017,1422000000,-0.040,1426000000,-0.038,1423000000,,-0.028,3.74,,,,,,,,,,,,,,,,,,,,,280252387,false,false,6,2021-04-01,2021-09-30,-1
2022-11-11,87140,2023-03-31,2,,,,,4500000000,0.194,3600000000,0.237,3600000000,0.235,3600000000,,0.243,12.84,,,,,,,,,,,,,,,10.00,,,,,,,false,true,12,2022-04-01,2023-03-31,0
2022-11-11,87140,2023-03-31,2,,,,,,,,,9106000000,0.311,,7276000000,,25.95,23.34,,,,,6167656000000,224057000000,0.035,,221671000000,,,,,,,,,,,,true,false,6,2022-04-01,2022-09-30,0
2022-11-11,87140,2022-03-31,2,,,,,,,,,6942000000,0.268,,5456000000,,18.13,16.31,,,,,,,,,,,,,,,,,,,,,true,false,6,2021-04-01,2021-09-30,-1
2022-11-11,87140,2023-03-31,2,,,,,,,,,11300000000,-0.195,,7900000000,,28.18,,,,,,,,,,,,,,,,,,,,,,true,true,12,2022-04-01,2023-03-31,0
2022-11-11,87140,2022-03-31,2,,,,,,,,,,,,,,,,,,,,7044417000000,250860000000,0.035,,248334000000,,,,,,,,,,,,true,false,12,2021-04-01,2022-03-31,-1
2022-11-11,87140,2022-03-31,2,,,,,,,,,,,,,,,,,,,,192646000000,192302000000,0.997,,192215000000,,,,,10.00,,,,281008632,716407,,false,false,12,2021-04-01,2022-03-31,-1
2022-11-11,87140,2023-03-31,2,,,,,,,,,,,,,,,,,,,,,,,,,,,,,5.00,,,,,,,false,false,12,2022-04-01,2023-03-31,0
2023-01-31,87140,2023-03-31,3,,,,,,,,,9877000000,-0.234,,7899000000,,28.18,26.20,,,,,6277763000000,221537000000,0.034,,219215000000,,,,,,,,,,,,true,false,9,2022-04-01,2022-12-31,0
2023-01-31,87140,2022-03-31,3,,,,,,,,,12911000000,0.616,,10205000000,,35.07,30.50,,,,,,,,,,,,,,,,,,,,,true,false,9,2021-04-01,2021-12-31,-1
2023-01-31,87140,2023-03-31,3,,,,,,,,,11300000000,-0.195,,7900000000,,28.18,,,,,,,,,,,,,,,,,,,,,,true,true,12,2022-04-01,2023-03-31,0
2023-01-31,87140,2022-03-31,3,,,,,,,,,,,,,,,,,,,,7044417000000,250860000000,0.035,,248334000000,,,,,,,,,,,,true,false,12,2021-04-01,2022-03-31,-1
2023-01-31,87140,2022-03-31,3,,,,,,,,,,,,,,,,,,,,,,,,,,,,,10.00,,,,281008632,716407,,false,false,12,2021-04-01,2022-03-31,-1
2023-01-31,87140,2023-03-31,3,,,,,,,,,,,,,,,,,,,,,,,,,,,,,5.00,,,,,,,false,false,12,2022-04-01,2023-03-31,0
2023-01-31,87140,2023-03-31,3,,,,,,,,,,,,,,,,,,,,,,,,,,,,,10.00,,,,,,,false,true,12,2022-04-01,2023-03-31,0
2023-01-31,87140,2023-03-31,3,,,,,,,,,,,,,,,,,,,,,,,,,,,,,,,,,281008632,666793,280325163,false,false,9,2022-04-01,2022-12-31,0
2023-01-31,87140,2022-03-31,3,,,,,,,,,,,,,,,,,,,,,,,,,,,,,,,,,,,280265952,false,false,9,2021-04-01,2021-12-31,-1
2023-05-12,87140,2023-03-31,,,,,,4692000000,0.246,3782000000,0.300,3655000000,0.254,3651000000,,0.261,13.02,12.31,,,,,192478000000,167248000000,0.868,596.17,167131000000,,,,,10.00,,0.00,0.00,281008632,667129,280329222,false,false,12,2022-04-01,2023-03-31,0
2023-05-12,87140,2022-03-31,,,,,,3766000000,0.049,2908000000,-0.007,2913000000,-0.006,2894000000,,-0.005,7.65,7.64,,,,,192646000000,192302000000,0.997,595.23,192215000000,,,,,10.00,,,,281008632,716407,280272461,false,false,12,2021-04-01,2022-03-31,-1
2023-05-12,87140,2024-03-31,,,,,,2600000000,-0.047,1400000000,-0.366,1400000000,-0.360,1400000000,,-0.351,4.99,,,,,,,,,,,,,,,,,,,,,,false,true,6,2023-04-01,2023-09-30,1
2023-05-12,87140,2024-03-31,,,,,,4700000000,0.001,2900000000,-0.233,2900000000,-0.206,2900000000,,-0.205,10.34,,,,,,,,,,,,,,,10.00,,,,,,,false,true,12,2023-04-01,2024-03-31,1
2023-05-12,87140,2023-03-31,,,,,,,,,,12061000000,-0.141,,9502000000,,33.89,32.05,0.040,0.001,,,6219501000000,228697000000,0.036,807.64,226416000000,-1034131000000,165660000000,-28753000000,815323000000,,0.295,,,,,,true,false,12,2022-04-01,2023-03-31,0
2023-05-12,87140,2022-03-31,,,,,,,,,,14047000000,0.820,,11400000000,,37.99,34.07,0.046,0.002,,,7044417000000,250860000000,0.035,795.45,248334000000,138804000000,-83534000000,-3004000000,1712443000000,,0.263,,,,,,true,false,12,2021-04-01,2022-03-31,-1
2023-05-12,87140,2024-03-31,,,,,,,,,,6200000000,-0.319,,4600000000,,16.40,,,,,,,,,,,,,,,,,,,,,,true,true,6,2023-04-01,2023-09-30,1
2023-05-12,87140,2024-03-31,,,,,,,,,,13100000000,0.086,,8600000000,,30.67,,,,,,,,,,,,,,,,0.326,,,,,,true,true,12,2023-04-01,2024-03-31,1
2023-07-31,87140,2024-03-31,1,,,,,,,,,4770000000,-0.044,,3535000000,,12.61,12.58,,,,,6366921000000,232866000000,0.036,,230401000000,,,,,,,,,,,,true,false,3,2023-04-01,2023-06-30,0
2023-07-31,87140,2023-03-31,1,,,,,,,,,4992000000,0.254,,4123000000,,14.71,12.31,,,,,,,,,,,,,,,,,,,,,true,false,3,2022-04-01,2022-06-30,-1
2023-07-31,87140,2024-03-31,1,,,,,,,,,6200000000,-0.319,,4600000000,,16.40,,,,,,,,,,,,,,,,,,,,,,true,true,6,2023-04-01,2023-09-30,0
2023-07-31,87140,2024-03-31,1,,,,,,,,,13100000000,0.086,,8600000000,,30.67,,,,,,,,,,,,,,,,,,,,,,true,true,12,2023-04-01,2024-03-31,0
2023-07-31,87140,2023-03-31,1,,,,,,,,,,,,,,,,,,,,6219089000000,228697000000,0.036,,226416000000,,,,,,,,,,,,true,false,12,2022-04-01,2023-03-31,-1
2023-07-31,87140,2023-03-31,1,,,,,,,,,,,,,,,,,,,,,,,,,,,,,10.00,,,,281008632,667129,,false,false,12,2022-04-01,2023-03-31,-1
2023-07-31,87140,2024-03-31,1,,,,,,,,,,,,,,,,,,,,,,,,,,,,,10.00,,,,,,,false,true,12,2023-04-01,2024-03-31,0
2023-07-31,87140,2024-03-31,1,,,,,,,,,,,,,,,,,,,,,,,,,,,,,,,,,281008632,667243,280341440,false,false,3,2023-04-01,2023-06-30,0
2023-07-31,87140,2023-03-31,1,,,,,,,,,,,,,,,,,,,,,,,,,,,,,,,,,,,280292185,false,false,3,2022-04-01,2022-06-30,-1
2023-10-31,87140,2024-03-31,,,,,,2760000000,0.061,2200000000,0.571,1500000000,0.071,1460000000,,0.042,5.20,,,,,,,,,,,,,,,,,,,,,,false,true,6,2023-04-01,2023-09-30,0
2023-10-31,87140,2023-03-31,,,,,,2730000000,,2209000000,,2188000000,,2159000000,,,7.70,,,,,,,,,,,,,,,,,,,,,,false,false,6,2022-04-01,2022-09-30,-1
2023-10-31,87140,2024-03-31,,,,,,5100000000,0.085,4000000000,0.379,3200000000,0.103,3200000000,,0.103,11.41,,,,,,,,,,,,,,,12.50,,,,,,,false,true,12,2023-04-01,2024-03-31,0
2023-10-31,87140,2023-03-31,,,,,,4692000000,,3782000000,,3655000000,,3651000000,,,13.02,,,,,,,,,,,,,,,10.00,,,,,,,false,false,12,2022-04-01,2023-03-31,-1
2023-10-31,87140,2024-03-31,,,,,,,,,,9500000000,0.532,,6680000000,,23.82,,,,,,,,,,,,,,,,,,,,,,true,true,6,2023-04-01,2023-09-30,0
2023-10-31,87140,2023-03-31,,,,,,,,,,9106000000,,,7276000000,,25.95,,,,,,,,,,,,,,,,,,,,,,true,false,6,2022-04-01,2022-09-30,-1
2023-10-31,87140,2024-03-31,,,,,,,,,,15700000000,0.198,,10600000000,,37.80,,,,,,,,,,,,,,,,,,,,,,true,true,12,2023-04-01,2024-03-31,0
2023-10-31,87140,2023-03-31,,,,,,,,,,12061000000,,,9502000000,,33.89,,,,,,,,,,,,,,,,,,,,,,true,false,12,2022-04-01,2023-03-31,-1
2023-11-13,87140,2024-03-31,2,,,,,2764000000,0.012,2202000000,-0.003,1500000000,-0.314,1460000000,,-0.323,5.20,,,,,,167587000000,167323000000,0.997,,167201000000,,,,,,,,,281008632,599455,280374461,false,false,6,2023-04-01,2023-09-30,0
2023-11-13,87140,2023-03-31,2,,,,,2730000000,0.442,2209000000,0.552,2188000000,0.533,2159000000,,0.517,7.70,,,,,,,,,,,,,,,,,,,,,280316634,false,false,6,2022-04-01,2022-09-30,-1
2023-11-13,87140,2024-03-31,2,,,,,5100000000,0.086,4000000000,0.057,3200000000,-0.124,3200000000,,-0.123,11.41,,,,,,,,,,,,,,,12.50,,,,,,,false,true,12,2023-04-01,2024-03-31,0
2023-11-13,87140,2024-03-31,2,,,,,,,,,9507000000,0.043,,6681000000,,23.83,23.77,,,,,6416099000000,234528000000,0.036,,232030000000,,,,,,,,,,,,true,false,6,2023-04-01,2023-09-30,0
2023-11-13,87140,2023-03-31,2,,,,,,,,,9106000000,0.311,,7276000000,,25.95,23.34,,,,,,,,,,,,,,,,,,,,,true,false,6,2022-04-01,2022-09-30,-1
2023-11-13,87140,2024-03-31,2,,,,,,,,,15700000000,0.301,,10600000000,,37.80,,,,,,,,,,,,,,,,,,,,,,true,true,12,2023-04-01,2024-03-31,0
2023-11-13,87140,2023-03-31,2,,,,,,,,,,,,,,,,,,,,6219089000000,228697000000,0.036,,226416000000,,,,,,,,,,,,true,false,12,2022-04-01,2023-03-31,-1
2023-11-13,87140,2023-03-31,2,,,,,,,,,,,,,,,,,,,,192478000000,167248000000,0.868,,167131000000,,,,,10.00,,,,281008632,667129,,false,false,12,2022-04-01,2023-03-31,-1
2023-11-13,87140,2024-03-31,2,,,,,,,,,,,,,,,,,,,,,,,,,,,,,6.25,,,,,,,false,false,12,2023-04-01,2024-03-31,0
2024-01-31,87140,2024-03-31,3,,,,,,,,,13275000000,0.343,,9517000000,,33.94,33.85,,,,,6503346000000,235988000000,0.035,,233366000000,,,,,,,,,,,,true,false,9,2023-04-01,2023-12-31,0
2024-01-31,87140,2023-03-31,3,,,,,,,,,9877000000,-0.234,,7899000000,,28.18,26.20,,,,,,,,,,,,,,,,,,,,,true,false,9,2022-04-01,2022-12-31,-1
2024-01-31,87140,2024-03-31,3,,,,,,,,,15700000000,0.301,,10600000000,,37.80,,,,,,,,,,,,,,,,,,,,,,true,true,12,2023-04-01,2024-03-31,0
2024-01-31,87140,2023-03-31,3,,,,,,,,,,,,,,,,,,,,6219089000000,228697000000,0.036,,226416000000,,,,,,,,,,,,true,false,12,2022-04-01,2023-03-31,-1
2024-01-31,87140,2023-03-31,3,,,,,,,,,,,,,,,,,,,,,,,,,,,,,10.00,,,,281008632,667129,,false,false,12,2022-04-01,2023-03-31,-1
2024-01-31,87140,2024-03-31,3,,,,,,,,,,,,,,,,,,,,,,,,,,,,,6.25,,,,,,,false,false,12,2023-04-01,2024-03-31,0
2024-01-31,87140,2024-03-31,3,,,,,,,,,,,,,,,,,,,,,,,,,,,,,12.50,,,,,,,false,true,12,2023-04-01,2024-03-31,0
2024-01-31,87140,2024-03-31,3,,,,,,,,,,,,,,,,,,,,,,,,,,,,,,,,,281008632,600029,280385937,false,false,9,2023-04-01,2023-12-31,0
2024-01-31,87140,2023-03-31,3,,,,,,,,,,,,,,,,,,,,,,,,,,,,,,,,,,,280325163,false,false,9,2022-04-01,2022-12-31,-1
2024-05-13,87140,2024-03-31,,,,,,5191000000,0.106,4173000000,0.103,3322000000,-0.091,3249000000,,-0.110,11.58,11.55,,,,,167603000000,167386000000,0.997,596.40,167237000000,,,,,12.50,,,,281008632,600665,280391477,false,false,12,2023-04-01,2024-03-31,0
2024-05-13,87140,2023-03-31,,,,,,4692000000,0.246,3782000000,0.300,3655000000,0.254,3651000000,,0.261,13.02,12.31,,,,,192478000000,167248000000,0.868,596.17,167131000000,,,,,10.00,,,,281008632,667129,280329222,false,false,12,2022-04-01,2023-03-31,-1
2024-05-13,87140,2025-03-31,,,,,,2500000000,-0.095,1700000000,-0.228,1700000000,0.132,1700000000,,0.164,6.06,,,,,,,,,,,,,,,,,,,,,,false,true,6,2024-04-01,2024-09-30,1
2024-05-13,87140,2025-03-31,,,,,,5300000000,0.020,3900000000,-0.065,3900000000,0.173,3900000000,,0.200,13.90,,,,,,,,,,,,,,,12.50,,,,,,,false,true,12,2024-04-01,2025-03-31,1
2024-05-13,87140,2024-03-31,,,,,,,,,,16025000000,0.328,,10874000000,,38.78,38.68,0.046,0.002,,,6442107000000,244825000000,0.037,863.54,242145000000,121348000000,-145754000000,-2860000000,788049000000,,0.322,,,,,,true,false,12,2023-04-01,2024-03-31,0
2024-05-13,87140,2023-03-31,,,,,,,,,,12061000000,-0.141,,9502000000,,33.89,32.05,0.040,0.001,,,6219089000000,228697000000,0.036,807.64,226416000000,-1034131000000,165660000000,-28753000000,815323000000,,0.295,,,,,,true,false,12,2022-04-01,2023-03-31,-1
2024-05-13,87140,2025-03-31,,,,,,,,,,7800000000,-0.179,,5600000000,,19.97,,,,,,,,,,,,,,,,,,,,,,true,true,6,2024-04-01,2024-09-30,1
2024-05-13,87140,2025-03-31,,,,,,,,,,16000000000,-0.001,,11000000000,,39.22,,,,,,,,,,,,,,,,0.318,,,,,,true,true,12,2024-04-01,2025-03-31,1
2024-07-31,87140,2025-03-31,1,,,,,,,,,5786000000,0.212,,4272000000,,15.23,15.19,,,,,6446378000000,243707000000,0.037,,240981000000,,,,,,,,,,,,true,false,3,2024-04-01,2024-06-30,0
2024-07-31,87140,2024-03-31,1,,,,,,,,,4770000000,-0.044,,3535000000,,12.61,12.58,,,,,,,,,,,,,,,,,,,,,true,false,3,2023-04-01,2023-06-30,-1
2024-07-31,87140,2025-03-31,1,,,,,,,,,7800000000,-0.179,,5600000000,,19.97,,,,,,,,,,,,,,,,,,,,,,true,true,6,2024-04-01,2024-09-30,0
2024-07-31,87140,2025-03-31,1,,,,,,,,,16000000000,-0.001,,11000000000,,39.22,,,,,,,,,,,,,,,,,,,,,,true,true,12,2024-04-01,2025-03-31,0
2024-07-31,87140,2024-03-31,1,,,,,,,,,,,,,,,,,,,,6442107000000,244825000000,0.037,,242145000000,,,,,,,,,,,,true,false,12,2023-04-01,2024-03-31,-1
2024-07-31,87140,2024-03-31,1,,,,,,,,,,,,,,,,,,,,,,,,,,,,,12.50,,,,281008632,600665,,false,false,12,2023-04-01,2024-03-31,-1
2024-07-31,87140,2025-03-31,1,,,,,,,,,,,,,,,,,,,,,,,,,,,,,12.50,,,,,,,false,true,12,2024-04-01,2025-03-31,0
2024-07-31,87140,2025-03-31,1,,,,,,,,,,,,,,,,,,,,,,,,,,,,,,,,,281008632,600890,280407802,false,false,3,2024-04-01,2024-06-30,0
2024-07-31,87140,2024-03-31,1,,,,,,,,,,,,,,,,,,,,,,,,,,,,,,,,,,,280341440,false,false,3,2023-04-01,2023-06-30,-1
2024-10-25,87140,2025-03-31,,,,,,,,,,11760000000,0.507,,8450000000,,30.13,,,,,,,,,,,,,,,,,,,,,,true,true,6,2024-04-01,2024-09-30,0
2024-10-25,87140,2024-03-31,,,,,,,,,,9507000000,,,6681000000,,23.83,,,,,,,,,,,,,,,,,,,,,,true,false,6,2023-04-01,2023-09-30,-1
2024-10-25,87140,2025-03-31,,,,,,,,,,18800000000,0.175,,12900000000,,46.00,,,,,,,,,,,,,,,,,,,,,,true,true,12,2024-04-01,2025-03-31,0
2024-10-25,87140,2024-03-31,,,,,,,,,,16025000000,,,10874000000,,38.78,,,,,,,,,,,,,,,,,,,,,,true,false,12,2023-04-01,2024-03-31,-1
2024-10-25,87140,2025-03-31,,,,,,,,,,,,,,,,,,,,,,,,,,,,,,15.00,,,,,,,false,true,12,2024-04-01,2025-03-31,0
2024-10-25,87140,2024-03-31,,,,,,,,,,,,,,,,,,,,,,,,,,,,,,12.50,,,,,,,false,false,12,2023-04-01,2024-03-31,-1
2024-11-11,87140,2025-03-31,2,,,,,2554000000,-0.075,1883000000,-0.144,1882000000,0.254,1819000000,,0.245,6.48,,,,,,168879000000,167468000000,0.990,,167309000000,,,,,,,,,281008632,566639,280424874,false,false,6,2024-04-01,2024-09-30,0
2024-11-11,87140,2024-03-31,2,,,,,2764000000,0.012,2202000000,-0.003,1500000000,-0.314,1460000000,,-0.323,5.20,,,,,,,,,,,,,,,,,,,,,280374461,false,false,6,2023-04-01,2023-09-30,-1
2024-11-11,87140,2025-03-31,2,,,,,5400000000,0.040,4000000000,-0.041,4000000000,0.203,4000000000,,0.231,14.26,,,,,,,,,,,,,,,15.00,,,,,,,false,true,12,2024-04-01,2025-03-31,0
2024-11-11,87140,2025-03-31,2,,,,,,,,,11768000000,0.237,,8452000000,,30.14,30.05,,,,,6338725000000,248092000000,0.038,,245083000000,,,,,,,,,,,,true,false,6,2024-04-01,2024-09-30,0
2024-11-11,87140,2024-03-31,2,,,,,,,,,9507000000,0.043,,6681000000,,23.83,23.77,,,,,,,,,,,,,,,,,,,,,true,false,6,2023-04-01,2023-09-30,-1
2024-11-11,87140,2025-03-31,2,,,,,,,,,18800000000,0.173,,12900000000,,46.00,,,,,,,,,,,,,,,,,,,,,,true,true,12,2024-04-01,2025-03-31,0
2024-11-11,87140,2024-03-31,2,,,,,,,,,,,,,,,,,,,,6442107000000,244825000000,0.037,,242145000000,,,,,,,,,,,,true,false,12,2023-04-01,2024-03-31,-1
2024-11-11,87140,2024-03-31,2,,,,,,,,,,,,,,,,,,,,167603000000,167386000000,0.997,,167237000000,,,,,12.50,,,,281008632,600665,,false,false,12,2023-04-01,2024-03-31,-1
2024-11-11,87140,2025-03-31,2,,,,,,,,,,,,,,,,,,,,,,,,,,,,,7.50,,,,,,,false,false,12,2024-04-01,2025-03-31,0
2025-01-30,87140,2025-03-31,3,,,,,,,,,15783000000,0.188,,10950000000,,39.04,38.93,,,,,6498934000000,245452000000,0.037,,242411000000,,,,,,,,,,,,true,false,9,2024-04-01,2024-12-31,0
2025-01-30,87140,2024-03-31,3,,,,,,,,,13275000000,0.343,,9517000000,,33.94,33.85,,,,,,,,,,,,,,,,,,,,,true,false,9,2023-04-01,2023-12-31,-1
2025-01-30,87140,2025-03-31,3,,,,,,,,,18800000000,0.173,,12900000000,,46.00,,,,,,,,,,,,,,,,,,,,,,true,true,12,2024-04-01,2025-03-31,0
2025-01-30,87140,2024-03-31,3,,,,,,,,,,,,,,,,,,,,6442107000000,244825000000,0.037,,242145000000,,,,,,,,,,,,true,false,12,2023-04-01,2024-03-31,-1
2025-01-30,87140,2024-03-31,3,,,,,,,,,,,,,,,,,,,,,,,,,,,,,12.50,,,,281008632,600665,,false,false,12,2023-04-01,2024-03-31,-1
2025-01-30,87140,2025-03-31,3,,,,,,,,,,,,,,,,,,,,,,,,,,,,,7.50,,,,,,,false,false,12,2024-04-01,2025-03-31,0
2025-01-30,87140,2025-03-31,3,,,,,,,,,,,,,,,,,,,,,,,,,,,,,15.00,,,,,,,false,true,12,2024-04-01,2025-03-31,0
2025-01-30,87140,2025-03-31,3,,,,,,,,,,,,,,,,,,,,,,,,,,,,,,,,,281008632,567219,280430546,false,false,9,2024-04-01,2024-12-31,0
2025-01-30,87140,2024-03-31,3,,,,,,,,,,,,,,,,,,,,,,,,,,,,,,,,,,,280385937,false,false,9,2023-04-01,2023-12-31,-1
2025-05-12,87140,2025-03-31,,,,,,5248000000,0.011,3917000000,-0.061,3902000000,0.174,3842000000,,0.182,13.71,13.67,,,,,170724000000,166409000000,0.973,597.81,166229000000,,,,,15.50,,,,281008632,2944278,280165993,false,false,12,2024-04-01,2025-03-31,0
2025-05-12,87140,2024-03-31,,,,,,5191000000,0.106,4173000000,0.103,3322000000,-0.091,3249000000,,-0.110,11.58,11.55,,,,,167603000000,167386000000,0.997,596.40,167237000000,,,,,12.50,,,,281008632,600665,280391477,false,false,12,2023-04-01,2024-03-31,-1
2025-05-12,87140,2025-03-31,,,,,,,,,,19549000000,0.219,,13246000000,,47.28,47.14,0.055,0.003,,,6431321000000,240248000000,0.036,852.98,237184000000,165743000000,-101478000000,-4568000000,847746000000,,0.327,,,,,,true,false,12,2024-04-01,2025-03-31,0
2025-05-12,87140,2024-03-31,,,,,,,,,,16025000000,0.328,,10874000000,,38.78,38.68,0.046,0.002,,,6442107000000,244825000000,0.037,863.54,242145000000,121348000000,-145754000000,-2860000000,788049000000,,0.322,,,,,,true,false,12,2023-04-01,2024-03-31,-1
2025-05-12,87140,2026-03-31,,,,,,,,,,10000000000,-0.150,,7100000000,,25.53,,,,,,,,,,,,,,,,,,,,,,true,true,6,2025-04-01,2025-09-30,1
2025-05-12,87140,2026-03-31,,,,,,,,,,21800000000,0.115,,14700000000,,52.86,,,,,,,,,,,,,,,,0.302,,,,,,true,true,12,2025-04-01,2026-03-31,1
2025-05-12,87140,2026-03-31,,,,,,,,,,,,,,,,,,,,,,,,,,,,,,16.00,,,,,,,false,true,12,2025-04-01,2026-03-31,1
