filing_date,code,fiscal_year_end,quarterly_period,net_sales,net_sales_change,revenue,revenue_change,operating_revenue,operating_revenue_change,operating_profit,operating_profit_change,ordinary_profit,ordinary_profit_change,net_income,net_income_of_parent,net_income_change,eps,diluted_eps,roe,roa,operating_profit_to_net_sales,operating_profit_to_revenue,total_assets,net_assets,equity_ratio,bps,owner_equity,operating_cash_flow,investing_cash_flow,financing_cash_flow,cash,dividend_per_share,payout_ratio,commemorative_dividend,extra_dividend,number_of_shares,number_of_treqsury_shares,avg_number_of_shares,is_consolidated,is_forecast,duration,period_start,period_end,period_pos
2015-07-29,87390,2016-03-31,1,,,,,2188000000,0.674,661000000,7.141,734000000,5.892,,602000000,,2.95,2.94,,,,,19910000000,15042000000,0.674,,13427000000,,,,,,,,,,,,true,false,3,2015-04-01,2015-06-30,0
2015-07-29,87390,2015-03-31,1,,,,,1307000000,-0.274,81000000,-0.735,106000000,-0.645,,238000000,,1.17,1.16,,,,,,,,,,,,,,,,,,,,,true,false,3,2014-04-01,2014-06-30,-1
2015-07-29,87390,2015-03-31,1,,,,,,,,,,,,,,,,,,,,19450000000,14787000000,0.676,,13149000000,,,,,,,,,,,,true,false,12,2014-04-01,2015-03-31,-1
2015-07-29,87390,2015-03-31,1,,,,,,,,,,,,,,,,,,,,,,,,,,,,,2.50,,,,208735700,4647110,,false,false,12,2014-04-01,2015-03-31,-1
2015-07-29,87390,2016-03-31,1,,,,,,,,,,,,,,,,,,,,,,,,,,,,,,,,,209533900,4647110,204180817,false,false,3,2015-04-01,2015-06-30,0
2015-07-29,87390,2015-03-31,1,,,,,,,,,,,,,,,,,,,,,,,,,,,,,,,,,,,203525580,false,false,3,2014-04-01,2014-06-30,-1
2015-10-30,87390,2016-03-31,2,,,,,4404000000,0.551,1331000000,2.942,1367000000,1.959,,1556000000,,7.61,7.60,,,,,19502000000,15074000000,0.696,,13577000000,,,,,,,,,,,,true,false,6,2015-04-01,2015-09-30,0
2015-10-30,87390,2015-03-31,2,,,,,2840000000,-0.183,337000000,-0.442,461000000,-0.355,,481000000,,2.36,2.35,,,,,,,,,,,,,,,,,,,,,true,false,6,2014-04-01,2014-09-30,-1
2015-10-30,87390,2015-03-31,2,,,,,,,,,,,,,,,,,,,,19450000000,14787000000,0.676,,13149000000,,,,,,,,,,,,true,false,12,2014-04-01,2015-03-31,-1
2015-10-30,87390,2015-03-31,2,,,,,,,,,,,,,,,,,,,,,,,,,,,,,2.50,,,,208735700,4647110,,false,false,12,2014-04-01,2015-03-31,-1
2015-10-30,87390,2016-03-31,2,,,,,,,,,,,,,,,,,,,,,,,,,,,,,0.00,,,,,,,false,false,12,2015-04-01,2016-03-31,0
2015-10-30,87390,2016-03-31,2,,,,,,,,,,,,,,,,,,,,,,,,,,,,,,,,,209533900,4647110,204535732,false,false,6,2015-04-01,2015-09-30,0
2015-10-30,87390,2015-03-31,2,,,,,,,,,,,,,,,,,,,,,,,,,,,,,,,,,,,203673477,false,false,6,2014-04-01,2014-09-30,-1
2016-01-29,87390,2016-03-31,3,,,,,6645000000,0.330,2113000000,1.198,2161000000,0.813,,2164000000,,10.57,10.56,,,,,20675000000,15875000000,0.693,,14336000000,,,,,,,,,,,,true,false,9,2015-04-01,2015-12-31,0
2016-01-29,87390,2015-03-31,3,,,,,4997000000,-0.217,961000000,-0.408,1192000000,-0.389,,1066000000,,5.23,5.21,,,,,,,,,,,,,,,,,,,,,true,false,9,2014-04-01,2014-12-31,-1
2016-01-29,87390,2015-03-31,3,,,,,,,,,,,,,,,,,,,,19450000000,14787000000,0.676,,13149000000,,,,,,,,,,,,true,false,12,2014-04-01,2015-03-31,-1
2016-01-29,87390,2015-03-31,3,,,,,,,,,,,,,,,,,,,,,,,,,,,,,2.50,,,,208735700,4647110,,false,false,12,2014-04-01,2015-03-31,-1
2016-01-29,87390,2016-03-31,3,,,,,,,,,,,,,,,,,,,,,,,,,,,,,0.00,,,,,,,false,false,12,2015-04-01,2016-03-31,0
2016-01-29,87390,2016-03-31,3,,,,,,,,,,,,,,,,,,,,,,,,,,,,,4.00,,,,,,,false,true,12,2015-04-01,2016-03-31,0
2016-01-29,87390,2016-03-31,3,,,,,,,,,,,,,,,,,,,,,,,,,,,,,,,,,209537400,4647110,204653979,false,false,9,2015-04-01,2015-12-31,0
2016-01-29,87390,2015-03-31,3,,,,,,,,,,,,,,,,,,,,,,,,,,,,,,,,,,,203723323,false,false,9,2014-04-01,2014-12-31,-1
2016-05-02,87390,2016-03-31,,,,,,8743000000,0.314,2978000000,1.094,3004000000,0.735,,2685000000,,13.12,13.11,0.196,0.150,,,20680000000,15733000000,0.689,69.92,14256000000,2466000000,-965000000,-641000000,13070000000,,0.305,,,,,,true,false,12,2015-04-01,2016-03-31,0
2016-05-02,87390,2015-03-31,,,,,,6654000000,-0.142,1422000000,-0.231,1731000000,-0.159,,1499000000,,7.35,7.32,0.124,0.098,,,19450000000,14787000000,0.676,64.43,13149000000,1332000000,70000000,1004000000,12709000000,,0.340,,,,,,true,false,12,2014-04-01,2015-03-31,-1
2016-05-02,87390,2015-03-31,,,,,,,,,,,,,,,,,,,,,,,,,,,,,,2.50,,,,208735700,4647110,203772661,false,false,12,2014-04-01,2015-03-31,-1
2016-05-02,87390,2016-03-31,,,,,,,,,,,,,,,,,,,,,,,,,,,,,,4.00,,,,209537400,5647110,204582269,false,false,12,2015-04-01,2016-03-31,0
2016-05-02,87390,2016-03-31,,,,,,8743000000,,2978000000,,3004000000,,,2685000000,,,,,,,,,,,,,,,,,,,,,,,,true,true,12,2015-04-01,2016-03-31,0
2016-05-02,87390,2015-03-31,,,,,,6654000000,,1422000000,,1731000000,,,1499000000,,,,,,,,,,,,,,,,,,,,,,,,true,false,12,2014-04-01,2015-03-31,-1
2016-05-02,87390,2016-03-31,,,,,,833000000,,-62000000,,1190000000,,1649000000,,,,,,,,,,,,,,,,,,,,,,,,,false,true,12,2015-04-01,2016-03-31,0
2016-05-02,87390,2015-03-31,,,,,,484000000,,-21000000,,1290000000,,2029000000,,,,,,,,,,,,,,,,,,,,,,,,,false,false,12,2014-04-01,2015-03-31,-1
2016-07-27,87390,2017-03-31,1,,,,,1886000000,-0.138,516000000,-0.219,502000000,-0.315,,47000000,,0.23,0.23,,,,,19094000000,14223000000,0.675,63.22,12890000000,,,,,,,,,,,,true,false,3,2016-04-01,2016-06-30,0
2016-07-27,87390,2016-03-31,1,,,,,2188000000,0.674,661000000,7.141,734000000,5.892,,602000000,,2.95,2.94,,,,,,,,,,,,,,,,,,,,,true,false,3,2015-04-01,2015-06-30,-1
2016-07-27,87390,2016-03-31,1,,,,,,,,,,,,,,,,,,,,20680000000,15733000000,0.689,69.92,14256000000,,,,,,,,,,,,true,false,12,2015-04-01,2016-03-31,-1
2016-07-27,87390,2016-03-31,1,,,,,,,,,,,,,,,,,,,,,,,,,,,,,4.00,,,,209537400,5647110,,false,false,12,2015-04-01,2016-03-31,-1
2016-07-27,87390,2017-03-31,1,,,,,,,,,,,,,,,,,,,,,,,,,,,,,,,,,209537400,5647110,203890290,false,false,3,2016-04-01,2016-06-30,0
2016-07-27,87390,2016-03-31,1,,,,,,,,,,,,,,,,,,,,,,,,,,,,,,,,,,,204180817,false,false,3,2015-04-01,2015-06-30,-1
2016-10-28,87390,2017-03-31,2,,,,,3948000000,-0.103,1287000000,-0.033,1261000000,-0.077,,616000000,,3.02,3.02,,,,,21493000000,14703000000,0.620,65.75,13334000000,,,,,,,,,,,,true,false,6,2016-04-01,2016-09-30,0
2016-10-28,87390,2016-03-31,2,,,,,4404000000,0.551,1331000000,2.942,1367000000,1.959,,1556000000,,7.61,7.60,,,,,,,,,,,,,,,,,,,,,true,false,6,2015-04-01,2015-09-30,-1
2016-10-28,87390,2016-03-31,2,,,,,,,,,,,,,,,,,,,,20680000000,15733000000,0.689,69.92,14256000000,,,,,,,,,,,,true,false,12,2015-04-01,2016-03-31,-1
2016-10-28,87390,2016-03-31,2,,,,,,,,,,,,,,,,,,,,,,,,,,,,,4.00,,,,209537400,5647110,,false,false,12,2015-04-01,2016-03-31,-1
2016-10-28,87390,2017-03-31,2,,,,,,,,,,,,,,,,,,,,,,,,,,,,,0.00,,,,,,,false,false,12,2016-04-01,2017-03-31,0
2016-10-28,87390,2017-03-31,2,,,,,,,,,,,,,,,,,,,,,,,,,,,,,,,,,209537400,6737210,203403526,false,false,6,2016-04-01,2016-09-30,0
2016-10-28,87390,2016-03-31,2,,,,,,,,,,,,,,,,,,,,,,,,,,,,,,,,,,,204535732,false,false,6,2015-04-01,2015-09-30,-1
2017-01-30,87390,2017-03-31,3,6504000000,-0.021,,,,,2281000000,0.079,2296000000,0.063,,1662000000,,8.18,8.17,,,,,20606000000,16355000000,0.723,73.47,14901000000,,,,,,,,,,,,true,false,9,2016-04-01,2016-12-31,0
2017-01-30,87390,2016-03-31,3,6645000000,0.330,,,,,2113000000,1.198,2161000000,0.813,,2164000000,,10.57,10.56,,,,,,,,,,,,,,,,,,,,,true,false,9,2015-04-01,2015-12-31,-1
2017-01-30,87390,2016-03-31,3,,,,,,,,,,,,,,,,,,,,20680000000,15733000000,0.689,69.92,14256000000,,,,,,,,,,,,true,false,12,2015-04-01,2016-03-31,-1
2017-01-30,87390,2016-03-31,3,,,,,,,,,,,,,,,,,,,,,,,,,,,,,4.00,,,,209537400,5647110,,false,false,12,2015-04-01,2016-03-31,-1
2017-01-30,87390,2017-03-31,3,,,,,,,,,,,,,,,,,,,,,,,,,,,,,0.00,,,,,,,false,false,12,2016-04-01,2017-03-31,0
2017-01-30,87390,2017-03-31,3,,,,,,,,,,,,,,,,,,,,,,,,,,,,,4.00,,,,,,,false,true,12,2016-04-01,2017-03-31,0
2017-01-30,87390,2017-03-31,3,,,,,,,,,,,,,,,,,,,,,,,,,,,,,,,,,209548800,6737210,203201898,false,false,9,2016-04-01,2016-12-31,0
2017-01-30,87390,2016-03-31,3,,,,,,,,,,,,,,,,,,,,,,,,,,,,,,,,,,,204653979,false,false,9,2015-04-01,2015-12-31,-1
2017-05-02,87390,2017-03-31,,,,,,8907000000,0.019,3169000000,0.064,3179000000,0.058,,2346000000,,11.55,11.55,0.157,0.144,,,23541000000,17183000000,0.667,77.37,15694000000,1972000000,-1658000000,914000000,14459000000,,0.346,,,,,,true,false,12,2016-04-01,2017-03-31,0
2017-05-02,87390,2016-03-31,,,,,,8743000000,0.314,2978000000,1.094,3004000000,0.735,,2685000000,,13.12,13.11,0.196,0.150,,,20680000000,15733000000,0.689,69.92,14256000000,2466000000,-965000000,-641000000,13070000000,,0.305,,,,,,true,false,12,2015-04-01,2016-03-31,-1
2017-05-02,87390,2016-03-31,,,,,,,,,,,,,,,,,,,,,,,,,,,,,,4.00,,,,209537400,5647110,204582269,false,false,12,2015-04-01,2016-03-31,-1
2017-05-02,87390,2017-03-31,,,,,,,,,,,,,,,,,,,,,,,,,,,,,,4.00,,,,209562300,6737210,203106841,false,false,12,2016-04-01,2017-03-31,0
2017-05-02,87390,2017-03-31,,,,,,1460000000,,-75000000,,2109000000,,2432000000,,,,,,,,,,,,,,,,,,,,,,,,,false,true,12,2016-04-01,2017-03-31,0
2017-05-02,87390,2016-03-31,,,,,,833000000,,-62000000,,1190000000,,1649000000,,,,,,,,,,,,,,,,,,,,,,,,,false,false,12,2015-04-01,2016-03-31,-1
2017-07-31,87390,2018-03-31,1,,,,,2250000000,0.193,803000000,0.556,807000000,0.606,,460000000,,2.27,2.27,,,,,23242000000,16491000000,0.647,74.66,15031000000,,,,,,,,,,,,true,false,3,2017-04-01,2017-06-30,0
2017-07-31,87390,2017-03-31,1,,,,,1886000000,-0.138,516000000,-0.219,502000000,-0.315,,47000000,,0.23,0.23,,,,,,,,,,,,,,,,,,,,,true,false,3,2016-04-01,2016-06-30,-1
2017-07-31,87390,2017-03-31,1,,,,,,,,,,,,,,,,,,,,23541000000,17183000000,0.667,77.37,15694000000,,,,,,,,,,,,true,false,12,2016-04-01,2017-03-31,-1
2017-07-31,87390,2017-03-31,1,,,,,,,,,,,,,,,,,,,,,,,,,,,,,4.00,,,,209562300,6737210,,false,false,12,2016-04-01,2017-03-31,-1
2017-07-31,87390,2018-03-31,1,,,,,,,,,,,,,,,,,,,,,,,,,,,,,,,,,209562300,8237210,202137897,false,false,3,2017-04-01,2017-06-30,0
2017-07-31,87390,2017-03-31,1,,,,,,,,,,,,,,,,,,,,,,,,,,,,,,,,,,,203890290,false,false,3,2016-04-01,2016-06-30,-1
2017-10-30,87390,2018-03-31,2,,,,,5280000000,0.337,2155000000,0.673,2146000000,0.701,,1574000000,,7.80,7.80,,,,,24329000000,17710000000,0.667,80.63,16233000000,,,,,,,,,,,,true,false,6,2017-04-01,2017-09-30,0
2017-10-30,87390,2017-03-31,2,,,,,3948000000,-0.103,1287000000,-0.033,1261000000,-0.077,,616000000,,3.02,3.02,,,,,,,,,,,,,,,,,,,,,true,false,6,2016-04-01,2016-09-30,-1
2017-10-30,87390,2017-03-31,2,,,,,,,,,,,,,,,,,,,,23541000000,17183000000,0.667,77.37,15694000000,,,,,,,,,,,,true,false,12,2016-04-01,2017-03-31,-1
2017-10-30,87390,2017-03-31,2,,,,,,,,,,,,,,,,,,,,,,,,,,,,,4.00,,,,209562300,6737210,,false,false,12,2016-04-01,2017-03-31,-1
2017-10-30,87390,2018-03-31,2,,,,,,,,,,,,,,,,,,,,,,,,,,,,,0.00,,,,,,,false,false,12,2017-04-01,2018-03-31,0
2017-10-30,87390,2018-03-31,2,,,,,,,,,,,,,,,,,,,,,,,,,,,,,,,,,209562300,8237210,201729272,false,false,6,2017-04-01,2017-09-30,0
2017-10-30,87390,2017-03-31,2,,,,,,,,,,,,,,,,,,,,,,,,,,,,,,,,,,,203403526,false,false,6,2016-04-01,2016-09-30,-1
2018-01-31,87390,2018-03-31,3,10088000000,0.551,,,,,5026000000,1.203,5062000000,1.204,,3663000000,,18.17,18.17,,,,,28609000000,20403000000,0.657,93.40,18804000000,,,,,,,,,,,,true,false,9,2017-04-01,2017-12-31,0
2018-01-31,87390,2017-03-31,3,6504000000,-0.021,,,,,2281000000,0.079,2296000000,0.063,,1662000000,,8.18,8.17,,,,,,,,,,,,,,,,,,,,,true,false,9,2016-04-01,2016-12-31,-1
2018-01-31,87390,2017-03-31,3,,,,,,,,,,,,,,,,,,,,23541000000,17183000000,0.667,77.37,15694000000,,,,,,,,,,,,true,false,12,2016-04-01,2017-03-31,-1
2018-01-31,87390,2017-03-31,3,,,,,,,,,,,,,,,,,,,,,,,,,,,,,4.00,,,,209562300,6737210,,false,false,12,2016-04-01,2017-03-31,-1
2018-01-31,87390,2018-03-31,3,,,,,,,,,,,,,,,,,,,,,,,,,,,,,0.00,,,,,,,false,false,12,2017-04-01,2018-03-31,0
2018-01-31,87390,2018-03-31,3,,,,,,,,,,,,,,,,,,,,,,,,,,,,,7.00,,,,,,,false,true,12,2017-04-01,2018-03-31,0
2018-01-31,87390,2018-03-31,3,,,,,,,,,,,,,,,,,,,,,,,,,,,,,,,,,209562800,8237210,201594056,false,false,9,2017-04-01,2017-12-31,0
2018-01-31,87390,2017-03-31,3,,,,,,,,,,,,,,,,,,,,,,,,,,,,,,,,,,,203201898,false,false,9,2016-04-01,2016-12-31,-1
2018-05-02,87390,2018-03-31,,,,,,13227000000,0.485,6569000000,1.073,6668000000,1.097,,4681000000,,23.23,23.23,0.266,0.242,,,31482000000,21391000000,0.620,96.89,19508000000,7144000000,-2050000000,-763000000,18649000000,,0.301,,,,,,true,false,12,2017-04-01,2018-03-31,0
2018-05-02,87390,2017-03-31,,,,,,8907000000,0.019,3169000000,0.064,3179000000,0.058,,2346000000,,11.55,11.55,0.157,0.144,,,23541000000,17183000000,0.667,77.37,15694000000,1972000000,-1658000000,914000000,14459000000,,0.346,,,,,,true,false,12,2016-04-01,2017-03-31,-1
2018-05-02,87390,2018-03-31,,,,,,1974000000,0.352,-99000000,,1916000000,-0.092,1863000000,,-0.234,9.24,9.24,,,,,21055000000,14840000000,0.704,73.67,14833000000,,,,,7.00,,,,209564300,8237210,201527991,false,false,12,2017-04-01,2018-03-31,0
2018-05-02,87390,2017-03-31,,,,,,1460000000,0.752,-75000000,,2109000000,0.772,2432000000,,0.475,11.97,11.97,,,,,19102000000,13757000000,0.720,67.78,13747000000,,,,,4.00,,,,209562300,6737210,203106841,false,false,12,2016-04-01,2017-03-31,-1
2018-07-31,87390,2019-03-31,1,,,,,2575000000,0.144,889000000,0.107,962000000,0.192,,739000000,,3.67,3.67,,,,,29719000000,20702000000,0.635,93.66,18857000000,,,,,,,,,,,,true,false,3,2018-04-01,2018-06-30,0
2018-07-31,87390,2018-03-31,1,,,,,2250000000,0.193,803000000,0.556,807000000,0.606,,460000000,,2.27,2.27,,,,,,,,,,,,,,,,,,,,,true,false,3,2017-04-01,2017-06-30,-1
2018-07-31,87390,2018-03-31,1,,,,,,,,,,,,,,,,,,,,31336000000,21391000000,0.623,96.89,19508000000,,,,,,,,,,,,true,false,12,2017-04-01,2018-03-31,-1
2018-07-31,87390,2018-03-31,1,,,,,,,,,,,,,,,,,,,,,,,,,,,,,7.00,,,,209564300,8237210,,false,false,12,2017-04-01,2018-03-31,-1
2018-07-31,87390,2019-03-31,1,,,,,,,,,,,,,,,,,,,,,,,,,,,,,,,,,209567900,8237210,201329542,false,false,3,2018-04-01,2018-06-30,0
2018-07-31,87390,2018-03-31,1,,,,,,,,,,,,,,,,,,,,,,,,,,,,,,,,,,,202137897,false,false,3,2017-04-01,2017-06-30,-1
2018-10-31,87390,2019-03-31,2,,,,,5264000000,-0.003,1832000000,-0.150,1951000000,-0.091,,1542000000,,7.66,7.66,,,,,29530000000,21713000000,0.672,98.51,19834000000,,,,,,,,,,,,true,false,6,2018-04-01,2018-09-30,0
2018-10-31,87390,2018-03-31,2,,,,,5280000000,0.337,2155000000,0.673,2146000000,0.701,,1574000000,,7.80,7.80,,,,,,,,,,,,,,,,,,,,,true,false,6,2017-04-01,2017-09-30,-1
2018-10-31,87390,2018-03-31,2,,,,,,,,,,,,,,,,,,,,31336000000,21391000000,0.623,96.89,19508000000,,,,,,,,,,,,true,false,12,2017-04-01,2018-03-31,-1
2018-10-31,87390,2018-03-31,2,,,,,,,,,,,,,,,,,,,,,,,,,,,,,7.00,,,,209564300,8237210,,false,false,12,2017-04-01,2018-03-31,-1
2018-10-31,87390,2019-03-31,2,,,,,,,,,,,,,,,,,,,,,,,,,,,,,0.00,,,,,,,false,false,12,2018-04-01,2019-03-31,0
2018-10-31,87390,2019-03-31,2,,,,,,,,,,,,,,,,,,,,,,,,,,,,,,,,,209568900,8237210,201330288,false,false,6,2018-04-01,2018-09-30,0
2018-10-31,87390,2018-03-31,2,,,,,,,,,,,,,,,,,,,,,,,,,,,,,,,,,,,201729272,false,false,6,2017-04-01,2017-09-30,-1
2019-01-31,87390,2019-03-31,3,,,,,8077000000,-0.199,2803000000,-0.442,2895000000,-0.428,,2246000000,,11.15,11.15,,,,,30200000000,19936000000,0.643,96.52,19433000000,,,,,,,,,,,,true,false,9,2018-04-01,2018-12-31,0
2019-01-31,87390,2018-03-31,3,,,,,10088000000,0.551,5026000000,1.203,5062000000,1.204,,3663000000,,18.17,18.17,,,,,,,,,,,,,,,,,,,,,true,false,9,2017-04-01,2017-12-31,-1
2019-01-31,87390,2018-03-31,3,,,,,,,,,,,,,,,,,,,,31336000000,21391000000,0.623,96.89,19508000000,,,,,,,,,,,,true,false,12,2017-04-01,2018-03-31,-1
2019-01-31,87390,2018-03-31,3,,,,,,,,,,,,,,,,,,,,,,,,,,,,,7.00,,,,209564300,8237210,,false,false,12,2017-04-01,2018-03-31,-1
2019-01-31,87390,2019-03-31,3,,,,,,,,,,,,,,,,,,,,,,,,,,,,,0.00,,,,,,,false,false,12,2018-04-01,2019-03-31,0
2019-01-31,87390,2019-03-31,3,,,,,,,,,,,,,,,,,,,,,,,,,,,,,10.00,,,,,,,false,true,12,2018-04-01,2019-03-31,0
2019-01-31,87390,2019-03-31,3,,,,,,,,,,,,,,,,,,,,,,,,,,,,,,,,,209571400,8237210,201330766,false,false,9,2018-04-01,2018-12-31,0
2019-01-31,87390,2018-03-31,3,,,,,,,,,,,,,,,,,,,,,,,,,,,,,,,,,,,201594056,false,false,9,2017-04-01,2017-12-31,-1
2019-05-07,87390,2019-03-31,,,,,,11239000000,-0.150,3901000000,-0.406,4051000000,-0.392,,3246000000,,16.12,16.12,0.162,0.129,,,31331000000,21020000000,0.655,101.91,20518000000,678000000,-709000000,-1509000000,17152000000,,0.620,,,,,,true,false,12,2018-04-01,2019-03-31,0
2019-05-07,87390,2018-03-31,,,,,,13227000000,0.485,6569000000,1.073,6668000000,1.097,,4681000000,,23.23,23.23,0.266,0.242,,,31336000000,21391000000,0.623,96.89,19508000000,7144000000,-2050000000,-763000000,18649000000,,0.301,,,,,,true,false,12,2017-04-01,2018-03-31,-1
2019-05-07,87390,2019-03-31,,,,,,2489000000,0.261,-99000000,,3087000000,0.611,1668000000,,-0.105,8.28,8.28,,,,,22638000000,14987000000,0.662,74.42,14984000000,,,,,10.00,,,,209571400,8237210,201331610,false,false,12,2018-04-01,2019-03-31,0
2019-05-07,87390,2018-03-31,,,,,,1974000000,0.352,-99000000,,1916000000,-0.092,1863000000,,-0.234,9.24,9.24,,,,,20909000000,14840000000,0.709,73.67,14833000000,,,,,7.00,,,,209564300,8237210,201527991,false,false,12,2017-04-01,2018-03-31,-1
2019-07-31,87390,2020-03-31,1,,,,,3186000000,0.237,1139000000,0.281,1064000000,0.106,,768000000,,3.81,3.81,,,,,30650000000,19484000000,0.619,94.29,18984000000,,,,,,,,,,,,true,false,3,2019-04-01,2019-06-30,0
2019-07-31,87390,2019-03-31,1,,,,,2575000000,0.144,889000000,0.107,962000000,0.192,,739000000,,3.67,3.67,,,,,,,,,,,,,,,,,,,,,true,false,3,2018-04-01,2018-06-30,-1
2019-07-31,87390,2019-03-31,1,,,,,,,,,,,,,,,,,,,,31331000000,21020000000,0.655,101.91,20518000000,,,,,,,,,,,,true,false,12,2018-04-01,2019-03-31,-1
2019-07-31,87390,2019-03-31,1,,,,,,,,,,,,,,,,,,,,,,,,,,,,,10.00,,,,209571400,8237210,,false,false,12,2018-04-01,2019-03-31,-1
2019-07-31,87390,2020-03-31,1,,,,,,,,,,,,,,,,,,,,,,,,,,,,,,,,,209577400,8237210,201338277,false,false,3,2019-04-01,2019-06-30,0
2019-07-31,87390,2019-03-31,1,,,,,,,,,,,,,,,,,,,,,,,,,,,,,,,,,,,201329542,false,false,3,2018-04-01,2018-06-30,-1
2019-10-31,87390,2020-03-31,2,,,,,6002000000,0.140,2009000000,0.097,1865000000,-0.044,,1249000000,,6.21,6.21,,,,,29978000000,19656000000,0.639,95.85,19156000000,,,,,,,,,,,,true,false,6,2019-04-01,2019-09-30,0
2019-10-31,87390,2019-03-31,2,,,,,5264000000,-0.003,1832000000,-0.150,1951000000,-0.091,,1542000000,,7.66,7.66,,,,,,,,,,,,,,,,,,,,,true,false,6,2018-04-01,2018-09-30,-1
2019-10-31,87390,2019-03-31,2,,,,,,,,,,,,,,,,,,,,31331000000,21020000000,0.655,101.91,20518000000,,,,,,,,,,,,true,false,12,2018-04-01,2019-03-31,-1
2019-10-31,87390,2019-03-31,2,,,,,,,,,,,,,,,,,,,,,,,,,,,,,10.00,,,,209571400,8237210,,false,false,12,2018-04-01,2019-03-31,-1
2019-10-31,87390,2020-03-31,2,,,,,,,,,,,,,,,,,,,,,,,,,,,,,0.00,,,,,,,false,false,12,2019-04-01,2020-03-31,0
2019-10-31,87390,2020-03-31,2,,,,,,,,,,,,,,,,,,,,,,,,,,,,,,,,,209577400,9737210,201050567,false,false,6,2019-04-01,2019-09-30,0
2019-10-31,87390,2019-03-31,2,,,,,,,,,,,,,,,,,,,,,,,,,,,,,,,,,,,201330288,false,false,6,2018-04-01,2018-09-30,-1
2020-01-31,87390,2020-03-31,3,,,,,9538000000,0.181,3416000000,0.219,3255000000,0.124,,2052000000,,10.22,10.22,,,,,32038000000,21007000000,0.637,102.11,20407000000,,,,,,,,,,,,true,false,9,2019-04-01,2019-12-31,0
2020-01-31,87390,2019-03-31,3,,,,,8077000000,-0.199,2803000000,-0.442,2895000000,-0.428,,2246000000,,11.15,11.15,,,,,,,,,,,,,,,,,,,,,true,false,9,2018-04-01,2018-12-31,-1
2020-01-31,87390,2019-03-31,3,,,,,,,,,,,,,,,,,,,,31331000000,21020000000,0.655,101.91,20518000000,,,,,,,,,,,,true,false,12,2018-04-01,2019-03-31,-1
2020-01-31,87390,2019-03-31,3,,,,,,,,,,,,,,,,,,,,,,,,,,,,,10.00,,,,209571400,8237210,,false,false,12,2018-04-01,2019-03-31,-1
2020-01-31,87390,2020-03-31,3,,,,,,,,,,,,,,,,,,,,,,,,,,,,,0.00,,,,,,,false,false,12,2019-04-01,2020-03-31,0
2020-01-31,87390,2020-03-31,3,,,,,,,,,,,,,,,,,,,,,,,,,,,,,9.00,,,,,,,false,true,12,2019-04-01,2020-03-31,0
2020-01-31,87390,2020-03-31,3,,,,,,,,,,,,,,,,,,,,,,,,,,,,,,,,,209577400,9737210,200645641,false,false,9,2019-04-01,2019-12-31,0
2020-01-31,87390,2019-03-31,3,,,,,,,,,,,,,,,,,,,,,,,,,,,,,,,,,,,201330766,false,false,9,2018-04-01,2018-12-31,-1
2020-05-07,87390,2020-03-31,,,,,,12476000000,0.110,4479000000,0.148,4423000000,0.092,,2301000000,,11.48,11.48,0.114,0.136,,,33707000000,20338000000,0.586,98.77,19738000000,4535000000,-2581000000,-297000000,18474000000,,0.784,,,,,,true,false,12,2019-04-01,2020-03-31,0
2020-05-07,87390,2019-03-31,,,,,,11239000000,-0.150,3901000000,-0.406,4051000000,-0.392,,3246000000,,16.12,16.12,0.162,0.129,,,31331000000,21020000000,0.655,101.91,20518000000,678000000,-709000000,-1509000000,17152000000,,0.620,,,,,,true,false,12,2018-04-01,2019-03-31,-1
2020-05-07,87390,2020-03-31,,,,,,3606000000,0.449,-223000000,,3451000000,0.118,2846000000,,0.707,14.20,14.20,,,,,25193000000,14998000000,0.595,75.05,14998000000,,,,,9.00,,,,209577400,9737210,200445378,false,false,12,2019-04-01,2020-03-31,0
2020-05-07,87390,2019-03-31,,,,,,2489000000,0.261,-99000000,,3087000000,0.611,1668000000,,-0.105,8.28,8.28,,,,,22638000000,14987000000,0.662,74.42,14984000000,,,,,10.00,,,,209571400,8237210,201331610,false,false,12,2018-04-01,2019-03-31,-1
2020-07-31,87390,2021-03-31,1,,,,,2709000000,-0.150,926000000,-0.186,899000000,-0.154,,528000000,,2.64,,,,,,32777000000,19546000000,0.578,94.80,18945000000,,,,,,,,,,,,true,false,3,2020-04-01,2020-06-30,0
2020-07-31,87390,2020-03-31,1,,,,,3186000000,0.237,1139000000,0.281,1064000000,0.106,,768000000,,3.81,3.81,,,,,,,,,,,,,,,,,,,,,true,false,3,2019-04-01,2019-06-30,-1
2020-07-31,87390,2020-03-31,1,,,,,,,,,,,,,,,,,,,,33707000000,20338000000,0.586,98.77,19738000000,,,,,,,,,,,,true,false,12,2019-04-01,2020-03-31,-1
2020-07-31,87390,2020-03-31,1,,,,,,,,,,,,,,,,,,,,,,,,,,,,,9.00,,,,209577400,9737210,,false,false,12,2019-04-01,2020-03-31,-1
2020-07-31,87390,2021-03-31,1,,,,,,,,,,,,,,,,,,,,,,,,,,,,,,,,,209577400,9737210,199840190,false,false,3,2020-04-01,2020-06-30,0
2020-07-31,87390,2020-03-31,1,,,,,,,,,,,,,,,,,,,,,,,,,,,,,,,,,,,201338277,false,false,3,2019-04-01,2019-06-30,-1
2020-10-30,87390,2021-03-31,2,,,,,6031000000,0.005,2331000000,0.160,2390000000,0.282,,1405000000,,7.03,,,,,,33752000000,20778000000,0.598,100.97,20177000000,,,,,,,,,,,,true,false,6,2020-04-01,2020-09-30,0
2020-10-30,87390,2020-03-31,2,,,,,6002000000,0.140,2009000000,0.097,1865000000,-0.044,,1249000000,,6.21,6.21,,,,,,,,,,,,,,,,,,,,,true,false,6,2019-04-01,2019-09-30,-1
2020-10-30,87390,2020-03-31,2,,,,,,,,,,,,,,,,,,,,33707000000,20338000000,0.586,98.77,19738000000,,,,,,,,,,,,true,false,12,2019-04-01,2020-03-31,-1
2020-10-30,87390,2020-03-31,2,,,,,,,,,,,,,,,,,,,,,,,,,,,,,9.00,,,,209577400,9737210,,false,false,12,2019-04-01,2020-03-31,-1
2020-10-30,87390,2021-03-31,2,,,,,,,,,,,,,,,,,,,,,,,,,,,,,0.00,,,,,,,false,false,12,2020-04-01,2021-03-31,0
2020-10-30,87390,2021-03-31,2,,,,,,,,,,,,,,,,,,,,,,,,,,,,,,,,,209577400,9737210,199840190,false,false,6,2020-04-01,2020-09-30,0
2020-10-30,87390,2020-03-31,2,,,,,,,,,,,,,,,,,,,,,,,,,,,,,,,,,,,201050567,false,false,6,2019-04-01,2019-09-30,-1
2021-01-29,87390,2021-03-31,3,,,,,10253000000,0.075,4382000000,0.283,4386000000,0.348,,2616000000,,13.09,,,,,,35342000000,21950000000,0.621,109.84,21950000000,,,,,,,,,,,,true,false,9,2020-04-01,2020-12-31,0
2021-01-29,87390,2020-03-31,3,,,,,9538000000,0.181,3416000000,0.219,3255000000,0.124,,2052000000,,10.22,10.22,,,,,,,,,,,,,,,,,,,,,true,false,9,2019-04-01,2019-12-31,-1
2021-01-29,87390,2020-03-31,3,,,,,,,,,,,,,,,,,,,,33707000000,20338000000,0.586,98.77,19738000000,,,,,,,,,,,,true,false,12,2019-04-01,2020-03-31,-1
2021-01-29,87390,2020-03-31,3,,,,,,,,,,,,,,,,,,,,,,,,,,,,,9.00,,,,209577400,9737210,,false,false,12,2019-04-01,2020-03-31,-1
2021-01-29,87390,2021-03-31,3,,,,,,,,,,,,,,,,,,,,,,,,,,,,,0.00,,,,,,,false,false,12,2020-04-01,2021-03-31,0
2021-01-29,87390,2021-03-31,3,,,,,,,,,,,,,,,,,,,,,,,,,,,,,11.00,,,,,,,false,true,12,2020-04-01,2021-03-31,0
2021-01-29,87390,2021-03-31,3,,,,,,,,,,,,,,,,,,,,,,,,,,,,,,,,,209577400,9737210,199840190,false,false,9,2020-04-01,2020-12-31,0
2021-01-29,87390,2020-03-31,3,,,,,,,,,,,,,,,,,,,,,,,,,,,,,,,,,,,200645641,false,false,9,2019-04-01,2019-12-31,-1
2021-05-07,87390,2021-03-31,,,,,,14295000000,0.146,6349000000,0.417,6189000000,0.399,,3468000000,,17.35,,0.161,0.173,,,37986000000,23276000000,0.613,116.47,23276000000,6118000000,-2900000000,-1844000000,19935000000,,0.634,,,,,,true,false,12,2020-04-01,2021-03-31,0
2021-05-07,87390,2020-03-31,,,,,,12476000000,0.110,4479000000,0.148,4423000000,0.092,,2301000000,,11.48,11.48,0.114,0.136,,,33707000000,20338000000,0.586,98.77,19738000000,4535000000,-2581000000,-297000000,18474000000,,0.784,,,,,,true,false,12,2019-04-01,2020-03-31,-1
2021-05-07,87390,2021-03-31,,,,,,3272000000,-0.093,-123000000,,3288000000,-0.047,2583000000,,-0.092,12.92,,,,,,29440000000,17480000000,0.594,87.47,17480000000,,,,,11.00,,,,209577400,9737210,199840190,false,false,12,2020-04-01,2021-03-31,0
2021-05-07,87390,2020-03-31,,,,,,3606000000,0.449,-223000000,,3451000000,0.118,2846000000,,0.707,14.20,14.20,,,,,25193000000,14998000000,0.595,75.05,14998000000,,,,,9.00,,,,209577400,9737210,200445378,false,false,12,2019-04-01,2020-03-31,-1
2021-07-30,87390,2022-03-31,1,,,,,3311000000,0.222,1469000000,0.586,1409000000,0.567,,1063000000,,5.31,,,,,,35488000000,22152000000,0.624,110.55,22152000000,,,,,,,,,,,,true,false,3,2021-04-01,2021-06-30,0
2021-07-30,87390,2021-03-31,1,,,,,2709000000,-0.150,926000000,-0.186,899000000,-0.154,,528000000,,2.64,,,,,,,,,,,,,,,,,,,,,,true,false,3,2020-04-01,2020-06-30,-1
2021-07-30,87390,2021-03-31,1,,,,,,,,,,,,,,,,,,,,37986000000,23276000000,0.613,116.47,23276000000,,,,,,,,,,,,true,false,12,2020-04-01,2021-03-31,-1
2021-07-30,87390,2021-03-31,1,,,,,,,,,,,,,,,,,,,,,,,,,,,,,11.00,,,,209577400,9737210,,false,false,12,2020-04-01,2021-03-31,-1
2021-07-30,87390,2022-03-31,1,,,,,,,,,,,,,,,,,,,,,,,,,,,,,,,,,209577400,9204110,200291275,false,false,3,2021-04-01,2021-06-30,0
2021-07-30,87390,2021-03-31,1,,,,,,,,,,,,,,,,,,,,,,,,,,,,,,,,,,,199840190,false,false,3,2020-04-01,2020-06-30,-1
2021-10-29,87390,2022-03-31,2,,,,,6783000000,0.125,3081000000,0.322,2974000000,0.244,,2241000000,,11.20,,,,,,34997000000,22827000000,0.652,114.47,22827000000,,,,,,,,,,,,true,false,6,2021-04-01,2021-09-30,0
2021-10-29,87390,2021-03-31,2,,,,,6031000000,0.005,2331000000,0.160,2390000000,0.282,,1405000000,,7.03,,,,,,,,,,,,,,,,,,,,,,true,false,6,2020-04-01,2020-09-30,-1
2021-10-29,87390,2021-03-31,2,,,,,,,,,,,,,,,,,,,,37986000000,23276000000,0.613,116.47,23276000000,,,,,,,,,,,,true,false,12,2020-04-01,2021-03-31,-1
2021-10-29,87390,2021-03-31,2,,,,,,,,,,,,,,,,,,,,,,,,,,,,,11.00,,,,209577400,9737210,,false,false,12,2020-04-01,2021-03-31,-1
2021-10-29,87390,2022-03-31,2,,,,,,,,,,,,,,,,,,,,,,,,,,,,,0.00,,,,,,,false,false,12,2021-04-01,2022-03-31,0
2021-10-29,87390,2022-03-31,2,,,,,,,,,,,,,,,,,,,,,,,,,,,,,,,,,209577400,10166110,200112002,false,false,6,2021-04-01,2021-09-30,0
2021-10-29,87390,2021-03-31,2,,,,,,,,,,,,,,,,,,,,,,,,,,,,,,,,,,,199840190,false,false,6,2020-04-01,2020-09-30,-1
2022-01-31,8739,2022-03-31,3,,,,,10602000000,0.034,4891000000,0.116,4751000000,0.083,,3684000000,,18.43,,,,,,36809000000,24058000000,0.654,120.64,24058000000,,,,,,,,,,,,true,false,9,2021-04-01,2021-12-31,0
2022-01-31,8739,2021-03-31,3,,,,,10253000000,0.075,4382000000,0.283,4386000000,0.348,,2616000000,,13.09,,,,,,,,,,,,,,,,,,,,,,true,false,9,2020-04-01,2020-12-31,-1
2022-01-31,8739,2021-03-31,3,,,,,,,,,,,,,,,,,,,,37986000000,23276000000,0.613,116.47,23276000000,,,,,,,,,,,,true,false,12,2020-04-01,2021-03-31,-1
2022-01-31,8739,2021-03-31,3,,,,,,,,,,,,,,,,,,,,,,,,,,,,,11.00,,,,209577400,9737210,,false,false,12,2020-04-01,2021-03-31,-1
2022-01-31,8739,2022-03-31,3,,,,,,,,,,,,,,,,,,,,,,,,,,,,,0.00,,,,,,,false,false,12,2021-04-01,2022-03-31,0
2022-01-31,8739,2022-03-31,3,,,,,,,,,,,,,,,,,,,,,,,,,,,,,12.00,,,,,,,false,true,12,2021-04-01,2022-03-31,0
2022-01-31,8739,2022-03-31,3,,,,,,,,,,,,,,,,,,,,,,,,,,,,,,,,,209577400,10166110,199877582,false,false,9,2021-04-01,2021-12-31,0
2022-01-31,8739,2021-03-31,3,,,,,,,,,,,,,,,,,,,,,,,,,,,,,,,,,,,199840190,false,false,9,2020-04-01,2020-12-31,-1
2022-05-06,8739,2022-03-31,,,,,,14043000000,-0.018,6464000000,0.018,6241000000,0.008,,4070000000,,20.37,,0.171,0.166,,,37141000000,24324000000,0.655,121.98,24324000000,2661000000,-1180000000,-2480000000,19199000000,,0.589,,,,,,true,false,12,2021-04-01,2022-03-31,0
2022-05-06,8739,2021-03-31,,,,,,14295000000,0.146,6349000000,0.417,6189000000,0.399,,3468000000,,17.35,,0.161,0.173,,,37986000000,23276000000,0.613,116.47,23276000000,6118000000,-2900000000,-1844000000,19935000000,,0.634,,,,,,true,false,12,2020-04-01,2021-03-31,-1
2022-05-06,8739,2022-03-31,,,,,,3386000000,0.035,-37000000,,3899000000,0.186,3170000000,,0.227,15.86,,,,,,28172000000,17650000000,0.627,88.51,17650000000,,,,,12.00,,,,209577400,10166110,199762606,false,false,12,2021-04-01,2022-03-31,0
2022-05-06,8739,2021-03-31,,,,,,3272000000,-0.093,-123000000,,3288000000,-0.047,2583000000,,-0.092,12.92,,,,,,29440000000,17480000000,0.594,87.47,17480000000,,,,,11.00,,,,209577400,9737210,199840190,false,false,12,2020-04-01,2021-03-31,-1
2022-07-29,8739,2023-03-31,1,,,,,3362000000,0.015,1502000000,0.022,1569000000,0.113,,1070000000,,5.36,,,,,,37397000000,23027000000,0.616,115.32,23027000000,,,,,,,,,,,,true,false,3,2022-04-01,2022-06-30,0
2022-07-29,8739,2022-03-31,1,,,,,3311000000,0.222,1469000000,0.586,1409000000,0.567,,1063000000,,5.31,,,,,,,,,,,,,,,,,,,,,,true,false,3,2021-04-01,2021-06-30,-1
2022-07-29,8739,2022-03-31,1,,,,,,,,,,,,,,,,,,,,37141000000,24324000000,0.655,121.98,24324000000,,,,,,,,,,,,true,false,12,2021-04-01,2022-03-31,-1
2022-07-29,8739,2022-03-31,1,,,,,,,,,,,,,,,,,,,,,,,,,,,,,12.00,,,,209577400,10166110,,false,false,12,2021-04-01,2022-03-31,-1
2022-07-29,8739,2023-03-31,1,,,,,,,,,,,,,,,,,,,,,,,,,,,,,,,,,209577400,9898310,199637890,false,false,3,2022-04-01,2022-06-30,0
2022-07-29,8739,2022-03-31,1,,,,,,,,,,,,,,,,,,,,,,,,,,,,,,,,,,,200291275,false,false,3,2021-04-01,2021-06-30,-1
2022-10-31,8739,2023-03-31,2,,,,,6710000000,-0.011,2907000000,-0.056,3450000000,0.160,,2275000000,,56.97,,,,,,37142000000,24087000000,0.649,603.14,24087000000,,,,,,,,,,,,true,false,6,2022-04-01,2022-09-30,0
2022-10-31,8739,2022-03-31,2,,,,,6783000000,0.125,3081000000,0.322,2974000000,0.244,,2241000000,,56.00,,,,,,,,,,,,,,,,,,,,,,true,false,6,2021-04-01,2021-09-30,-1
2022-10-31,8739,2022-03-31,2,,,,,,,,,,,,,,,,,,,,37141000000,24324000000,0.655,609.90,24324000000,,,,,,,,,,,,true,false,12,2021-04-01,2022-03-31,-1
2022-10-31,8739,2022-03-31,2,,,,,,,,,,,,,,,,,,,,,,,,,,,,,12.00,,,,41915480,2033222,,false,false,12,2021-04-01,2022-03-31,-1
2022-10-31,8739,2023-03-31,2,,,,,,,,,,,,,,,,,,,,,,,,,,,,,0.00,,,,,,,false,false,12,2022-04-01,2023-03-31,0
2022-10-31,8739,2023-03-31,2,,,,,,,,,,,,,,,,,,,,,,,,,,,,,,,,,41915480,1979662,39931720,false,false,6,2022-04-01,2022-09-30,0
2022-10-31,8739,2022-03-31,2,,,,,,,,,,,,,,,,,,,,,,,,,,,,,,,,,,,40022400,false,false,6,2021-04-01,2021-09-30,-1
2023-01-31,8739,2023-03-31,3,,,,,9980000000,-0.059,4222000000,-0.137,4647000000,-0.022,,3122000000,,78.23,,,,,,37618000000,24604000000,0.654,618.78,24604000000,,,,,,,,,,,,true,false,9,2022-04-01,2022-12-31,0
2023-01-31,8739,2022-03-31,3,,,,,10602000000,0.034,4891000000,0.116,4751000000,0.083,,3684000000,,92.16,,,,,,,,,,,,,,,,,,,,,,true,false,9,2021-04-01,2021-12-31,-1
2023-01-31,8739,2022-03-31,3,,,,,,,,,,,,,,,,,,,,37141000000,24324000000,0.655,609.90,24324000000,,,,,,,,,,,,true,false,12,2021-04-01,2022-03-31,-1
2023-01-31,8739,2022-03-31,3,,,,,,,,,,,,,,,,,,,,,,,,,,,,,12.00,,,,41915480,2033222,,false,false,12,2021-04-01,2022-03-31,-1
2023-01-31,8739,2023-03-31,3,,,,,,,,,,,,,,,,,,,,,,,,,,,,,0.00,,,,,,,false,false,12,2022-04-01,2023-03-31,0
2023-01-31,8739,2023-03-31,3,,,,,,,,,,,,,,,,,,,,,,,,,,,,,60.00,,,,,,,false,true,12,2022-04-01,2023-03-31,0
2023-01-31,8739,2023-03-31,3,,,,,,,,,,,,,,,,,,,,,,,,,,,,,,,,,41915480,2152648,39917299,false,false,9,2022-04-01,2022-12-31,0
2023-01-31,8739,2022-03-31,3,,,,,,,,,,,,,,,,,,,,,,,,,,,,,,,,,,,39975516,false,false,9,2021-04-01,2021-12-31,-1
2023-05-08,8739,2023-03-31,,,,,,13360000000,-0.049,5704000000,-0.118,6289000000,0.008,,4521000000,,113.37,,0.180,0.164,,,39382000000,26047000000,0.661,655.21,26046000000,3105000000,2001000000,-2408000000,22028000000,,0.529,,,,,,true,false,12,2022-04-01,2023-03-31,0
2023-05-08,8739,2022-03-31,,,,,,14043000000,-0.018,6464000000,0.018,6241000000,0.008,,4070000000,,101.89,,0.171,0.166,,,37141000000,24324000000,0.655,609.90,24324000000,2661000000,-1180000000,-2480000000,19199000000,,0.589,,,,,,true,false,12,2021-04-01,2022-03-31,-1
2023-05-08,8739,2023-03-31,,,,,,3094000000,-0.086,-79000000,,4826000000,0.238,5191000000,,0.638,130.19,,,,,,30362000000,19965000000,0.658,502.23,19965000000,,,,,60.00,,,,41915480,2162528,39877028,false,false,12,2022-04-01,2023-03-31,0
2023-05-08,8739,2022-03-31,,,,,,3386000000,0.035,-37000000,,3899000000,0.186,3170000000,,0.227,79.34,,,,,,28172000000,17650000000,0.627,442.56,17650000000,,,,,12.00,,,,41915480,2033222,39952521,false,false,12,2021-04-01,2022-03-31,-1
2023-07-31,8739,2024-03-31,1,,,,,3739000000,0.112,1643000000,0.094,1782000000,0.136,,2019000000,,50.69,,,,,,41265000000,27231000000,0.660,683.54,27230000000,,,,,,,,,,,,true,false,3,2023-04-01,2023-06-30,0
2023-07-31,8739,2023-03-31,1,,,,,3362000000,0.015,1502000000,0.022,1569000000,0.113,,1070000000,,26.80,,,,,,,,,,,,,,,,,,,,,,true,false,3,2022-04-01,2022-06-30,-1
2023-07-31,8739,2023-03-31,1,,,,,,,,,,,,,,,,,,,,39382000000,26047000000,0.661,655.21,26046000000,,,,,,,,,,,,true,false,12,2022-04-01,2023-03-31,-1
2023-07-31,8739,2023-03-31,1,,,,,,,,,,,,,,,,,,,,,,,,,,,,,60.00,,,,41915480,2162528,,false,false,12,2022-04-01,2023-03-31,-1
2023-07-31,8739,2024-03-31,1,,,,,,,,,,,,,,,,,,,,,,,,,,,,,,,,,41915480,2077988,39824643,false,false,3,2023-04-01,2023-06-30,0
2023-07-31,8739,2023-03-31,1,,,,,,,,,,,,,,,,,,,,,,,,,,,,,,,,,,,39927578,false,false,3,2022-04-01,2022-06-30,-1
2023-10-31,8739,2024-03-31,2,,,,,7930000000,0.182,3531000000,0.215,3738000000,0.083,,3332000000,,83.64,,,,,,42324000000,28564000000,0.675,716.42,28570000000,,,,,,,,,,,,true,false,6,2023-04-01,2023-09-30,0
2023-10-31,8739,2023-03-31,2,,,,,6710000000,-0.011,2907000000,-0.056,3450000000,0.160,,2275000000,,56.97,,,,,,,,,,,,,,,,,,,,,,true,false,6,2022-04-01,2022-09-30,-1
2023-10-31,8739,2023-03-31,2,,,,,,,,,,,,,,,,,,,,39382000000,26047000000,0.661,655.21,26046000000,,,,,,,,,,,,true,false,12,2022-04-01,2023-03-31,-1
2023-10-31,8739,2023-03-31,2,,,,,,,,,,,,,,,,,,,,,,,,,,,,,60.00,,,,41915480,2162528,,false,false,12,2022-04-01,2023-03-31,-1
2023-10-31,8739,2024-03-31,2,,,,,,,,,,,,,,,,,,,,,,,,,,,,,0.00,,,,,,,false,false,12,2023-04-01,2024-03-31,0
2023-10-31,8739,2024-03-31,2,,,,,,,,,,,,,,,,,,,,,,,,,,,,,,,,,41915480,2035521,39842237,false,false,6,2023-04-01,2023-09-30,0
2023-10-31,8739,2023-03-31,2,,,,,,,,,,,,,,,,,,,,,,,,,,,,,,,,,,,39931720,false,false,6,2022-04-01,2022-09-30,-1
2024-01-31,8739,2024-03-31,3,,,,,11752000000,0.177,5060000000,0.198,5198000000,0.119,,4525000000,,113.57,,,,,,42770000000,29271000000,0.685,735.99,29288000000,,,,,,,,,,,,true,false,9,2023-04-01,2023-12-31,0
2024-01-31,8739,2023-03-31,3,,,,,9980000000,-0.059,4222000000,-0.137,4647000000,-0.022,,3122000000,,78.23,,,,,,,,,,,,,,,,,,,,,,true,false,9,2022-04-01,2022-12-31,-1
2024-01-31,8739,2023-03-31,3,,,,,,,,,,,,,,,,,,,,39382000000,26047000000,0.661,655.21,26046000000,,,,,,,,,,,,true,false,12,2022-04-01,2023-03-31,-1
2024-01-31,8739,2023-03-31,3,,,,,,,,,,,,,,,,,,,,,,,,,,,,,60.00,,,,41915480,2162528,,false,false,12,2022-04-01,2023-03-31,-1
2024-01-31,8739,2024-03-31,3,,,,,,,,,,,,,,,,,,,,,,,,,,,,,0.00,,,,,,,false,false,12,2023-04-01,2024-03-31,0
2024-01-31,8739,2024-03-31,3,,,,,,,,,,,,,,,,,,,,,,,,,,,,,66.00,,,,,,,false,true,12,2023-04-01,2024-03-31,0
2024-01-31,8739,2024-03-31,3,,,,,,,,,,,,,,,,,,,,,,,,,,,,,,,,,41915480,2120641,39850177,false,false,9,2023-04-01,2023-12-31,0
2024-01-31,8739,2023-03-31,3,,,,,,,,,,,,,,,,,,,,,,,,,,,,,,,,,,,39917299,false,false,9,2022-04-01,2022-12-31,-1
2024-05-07,8739,2024-03-31,,,,,,16498000000,0.235,7476000000,0.311,8090000000,0.286,,6519000000,,163.79,,0.227,0.189,,,46112000000,31419000000,0.682,794.32,31441000000,5994000000,-3126000000,-3292000000,22066000000,,0.403,,,,,,true,false,12,2023-04-01,2024-03-31,0
2024-05-07,8739,2023-03-31,,,,,,13360000000,-0.049,5704000000,-0.118,6289000000,0.008,,4521000000,,113.37,,0.180,0.164,,,39382000000,26047000000,0.661,655.21,26046000000,3105000000,2001000000,-2408000000,22028000000,,0.529,,,,,,true,false,12,2022-04-01,2023-03-31,-1
2024-05-07,8739,2024-03-31,,,,,,2994000000,-0.032,-133000000,,4362000000,-0.096,5089000000,,-0.020,127.88,,,,,,34545000000,23771000000,0.688,600.55,23771000000,,,,,66.00,,,,41915480,2332303,39799898,false,false,12,2023-04-01,2024-03-31,0
2024-05-07,8739,2023-03-31,,,,,,3094000000,-0.086,-79000000,,4826000000,0.238,5191000000,,0.638,130.19,,,,,,30362000000,19965000000,0.658,502.23,19965000000,,,,,60.00,,,,41915480,2162528,39877028,false,false,12,2022-04-01,2023-03-31,-1
2024-07-31,8739,2025-03-31,1,,,,,4254000000,0.138,1746000000,0.062,1807000000,0.014,,1120000000,,28.17,,,,,,44794000000,31014000000,0.692,779.29,31015000000,,,,,,,,,,,,true,false,3,2024-04-01,2024-06-30,0
2024-07-31,8739,2024-03-31,1,,,,,3739000000,0.112,1643000000,0.094,1782000000,0.136,,2019000000,,50.69,,,,,,,,,,,,,,,,,,,,,,true,false,3,2023-04-01,2023-06-30,-1
2024-07-31,8739,2024-03-31,1,,,,,,,,,,,,,,,,,,,,46112000000,31419000000,0.682,794.32,31441000000,,,,,,,,,,,,true,false,12,2023-04-01,2024-03-31,-1
2024-07-31,8739,2024-03-31,1,,,,,,,,,,,,,,,,,,,,,,,,,,,,,66.00,,,,41915480,2332303,,false,false,12,2023-04-01,2024-03-31,-1
2024-07-31,8739,2025-03-31,1,,,,,,,,,,,,,,,,,,,,,,,,,,,,,,,,,41915480,2115563,39764267,false,false,3,2024-04-01,2024-06-30,0
2024-07-31,8739,2024-03-31,1,,,,,,,,,,,,,,,,,,,,,,,,,,,,,,,,,,,39824643,false,false,3,2023-04-01,2023-06-30,-1
2024-10-31,8739,2025-03-31,2,,,,,8716000000,0.099,3660000000,0.036,3676000000,-0.017,,2284000000,,57.40,,,,,,45612000000,31535000000,0.692,792.19,31556000000,,,,,,,,,,,,true,false,6,2024-04-01,2024-09-30,0
2024-10-31,8739,2024-03-31,2,,,,,7930000000,0.182,3531000000,0.215,3738000000,0.083,,3332000000,,83.64,,,,,,,,,,,,,,,,,,,,,,true,false,6,2023-04-01,2023-09-30,-1
2024-10-31,8739,2024-03-31,2,,,,,,,,,,,,,,,,,,,,46112000000,31419000000,0.682,794.32,31441000000,,,,,,,,,,,,true,false,12,2023-04-01,2024-03-31,-1
2024-10-31,8739,2024-03-31,2,,,,,,,,,,,,,,,,,,,,,,,,,,,,,66.00,,,,41915480,2332303,,false,false,12,2023-04-01,2024-03-31,-1
2024-10-31,8739,2025-03-31,2,,,,,,,,,,,,,,,,,,,,,,,,,,,,,0.00,,,,,,,false,false,12,2024-04-01,2025-03-31,0
2024-10-31,8739,2025-03-31,2,,,,,,,,,,,,,,,,,,,,,,,,,,,,,,,,,41915480,2081859,39791218,false,false,6,2024-04-01,2024-09-30,0
2024-10-31,8739,2024-03-31,2,,,,,,,,,,,,,,,,,,,,,,,,,,,,,,,,,,,39842237,false,false,6,2023-04-01,2023-09-30,-1
2025-01-31,8739,2025-03-31,3,,,,,12944000000,0.101,5326000000,0.053,5473000000,0.053,,3321000000,,83.50,,,,,,47516000000,32558000000,0.686,822.14,32576000000,,,,,,,,,,,,true,false,9,2024-04-01,2024-12-31,0
2025-01-31,8739,2024-03-31,3,,,,,11752000000,0.177,5060000000,0.198,5198000000,0.119,,4525000000,,113.57,,,,,,,,,,,,,,,,,,,,,,true,false,9,2023-04-01,2023-12-31,-1
2025-01-31,8739,2024-03-31,3,,,,,,,,,,,,,,,,,,,,46112000000,31419000000,0.682,794.32,31441000000,,,,,,,,,,,,true,false,12,2023-04-01,2024-03-31,-1
2025-01-31,8739,2024-03-31,3,,,,,,,,,,,,,,,,,,,,,,,,,,,,,66.00,,,,41915480,2332303,,false,false,12,2023-04-01,2024-03-31,-1
2025-01-31,8739,2025-03-31,3,,,,,,,,,,,,,,,,,,,,,,,,,,,,,0.00,,,,,,,false,false,12,2024-04-01,2025-03-31,0
2025-01-31,8739,2025-03-31,3,,,,,,,,,,,,,,,,,,,,,,,,,,,,,68.00,,,,,,,false,true,12,2024-04-01,2025-03-31,0
2025-01-31,8739,2025-03-31,3,,,,,,,,,,,,,,,,,,,,,,,,,,,,,,,,,41915480,2291899,39777772,false,false,9,2024-04-01,2024-12-31,0
2025-01-31,8739,2024-03-31,3,,,,,,,,,,,,,,,,,,,,,,,,,,,,,,,,,,,39850177,false,false,9,2023-04-01,2023-12-31,-1
2025-05-07,8739,2025-03-31,,,,,,17961000000,0.089,7717000000,0.032,7778000000,-0.039,,5252000000,,132.16,,0.162,0.162,,,49939000000,33507000000,0.671,845.64,33507000000,5063000000,-2124000000,-3391000000,21385000000,,0.515,,,,,,true,false,12,2024-04-01,2025-03-31,0
2025-05-07,8739,2024-03-31,,,,,,16498000000,0.235,7476000000,0.311,8090000000,0.286,,6519000000,,163.79,,0.227,0.189,,,46112000000,31419000000,0.682,794.32,31441000000,6044000000,-3126000000,-3342000000,22066000000,,0.403,,,,,,true,false,12,2023-04-01,2024-03-31,-1
2025-05-07,8739,2025-03-31,,,,,,3530000000,0.179,-142000000,,4242000000,-0.027,3501000000,,-0.312,88.11,,,,,,35298000000,24275000000,0.688,612.64,24275000000,,,,,68.00,,,,41705480,2081899,39739752,false,false,12,2024-04-01,2025-03-31,0
2025-05-07,8739,2024-03-31,,,,,,2994000000,-0.032,-133000000,,4362000000,-0.096,5089000000,,-0.020,127.88,,,,,,34545000000,23771000000,0.688,600.55,23771000000,,,,,66.00,,,,41915480,2332303,39799898,false,false,12,2023-04-01,2024-03-31,-1
