filing_date,code,fiscal_year_end,quarterly_period,net_sales,net_sales_change,revenue,revenue_change,operating_revenue,operating_revenue_change,operating_profit,operating_profit_change,ordinary_profit,ordinary_profit_change,net_income,net_income_of_parent,net_income_change,eps,diluted_eps,roe,roa,operating_profit_to_net_sales,operating_profit_to_revenue,total_assets,net_assets,equity_ratio,bps,owner_equity,operating_cash_flow,investing_cash_flow,financing_cash_flow,cash,dividend_per_share,payout_ratio,commemorative_dividend,extra_dividend,number_of_shares,number_of_treqsury_shares,avg_number_of_shares,is_consolidated,is_forecast,duration,period_start,period_end,period_pos
2015-05-14,87710,2015-03-31,,4064000000,0.088,,,,,1538000000,0.183,1562000000,0.184,904000000,,0.281,88.19,86.31,0.188,0.173,0.378,,9602000000,6173000000,0.538,502.38,5162000000,1191000000,-3272000000,-166000000,1231000000,,0.317,,,,,,true,false,12,2014-04-01,2015-03-31,0
2015-05-14,87710,2014-03-31,,3737000000,0.033,,,,,1300000000,0.261,1319000000,0.258,706000000,,0.220,69.15,67.10,0.170,0.160,0.348,,8483000000,5251000000,0.525,434.88,4451000000,562000000,-356000000,-556000000,3477000000,,0.318,,,,,,true,false,12,2013-04-01,2014-03-31,-1
2015-05-14,87710,2016-03-31,,2200000000,0.116,,,,,860000000,0.166,870000000,0.164,,520000000,,50.61,,,,,,,,,,,,,,,,,,,,,,true,true,6,2015-04-01,2015-09-30,1
2015-05-14,87710,2016-03-31,,4700000000,0.156,,,,,1820000000,0.183,1850000000,0.184,,1070000000,,104.13,,,,,,,,,,,,,,,,,,,,,,true,true,12,2015-04-01,2016-03-31,1
2015-05-14,87710,2015-03-31,,4080000000,0.079,,,,,1259000000,0.221,1441000000,0.202,898000000,,0.262,87.62,85.75,,,,,8526000000,5192000000,0.606,502.58,5164000000,,,,,28.00,,,,10275800,160,10257857,false,false,12,2014-04-01,2015-03-31,0
2015-05-14,87710,2014-03-31,,3782000000,0.042,,,,,1031000000,0.150,1199000000,0.205,712000000,,0.226,69.74,67.67,,,,,7523000000,4482000000,0.593,435.65,4459000000,,,,,22.00,,,,10236200,160,10211302,false,false,12,2013-04-01,2014-03-31,-1
2015-05-14,87710,2016-03-31,,2200000000,0.111,,,,,,,830000000,0.171,520000000,,0.167,50.61,,,,,,,,,,,,,,,,,,,,,,false,true,6,2015-04-01,2015-09-30,1
2015-05-14,87710,2016-03-31,,4700000000,0.152,,,,,,,1700000000,0.179,1070000000,,0.191,104.13,,,,,,,,,,,,,,,28.00,,,,,,,false,true,12,2015-04-01,2016-03-31,1
2015-07-30,87710,2016-03-31,1,1090000000,0.105,,,,,417000000,0.175,422000000,0.176,,261000000,,25.44,24.92,,,,,9162000000,6106000000,0.561,500.06,5138000000,,,,,,,,,,,,true,false,3,2015-04-01,2015-06-30,0
2015-07-30,87710,2015-03-31,1,986000000,0.064,,,,,355000000,0.197,359000000,0.192,,204000000,,19.94,19.47,,,,,,,,,,,,,,,,,,,,,true,false,3,2014-04-01,2014-06-30,-1
2015-07-30,87710,2016-03-31,1,2200000000,0.116,,,,,860000000,0.166,870000000,0.164,,520000000,,50.61,,,,,,,,,,,,,,,,,,,,,,true,true,6,2015-04-01,2015-09-30,0
2015-07-30,87710,2016-03-31,1,4700000000,0.156,,,,,1820000000,0.183,1850000000,0.184,,1070000000,,104.13,,,,,,,,,,,,,,,,,,,,,,true,true,12,2015-04-01,2016-03-31,0
2015-07-30,87710,2015-03-31,1,,,,,,,,,,,,,,,,,,,,9602000000,6173000000,0.538,502.38,5162000000,,,,,,,,,,,,true,false,12,2014-04-01,2015-03-31,-1
2015-07-30,87710,2015-03-31,1,,,,,,,,,,,,,,,,,,,,,,,,,,,,,28.00,,,,10275800,160,,false,false,12,2014-04-01,2015-03-31,-1
2015-07-30,87710,2016-03-31,1,,,,,,,,,,,,,,,,,,,,,,,,,,,,,28.00,,,,,,,false,true,12,2015-04-01,2016-03-31,0
2015-07-30,87710,2016-03-31,1,,,,,,,,,,,,,,,,,,,,,,,,,,,,,,,,,10275800,160,10275640,false,false,3,2015-04-01,2015-06-30,0
2015-07-30,87710,2015-03-31,1,,,,,,,,,,,,,,,,,,,,,,,,,,,,,,,,,,,10236589,false,false,3,2014-04-01,2014-06-30,-1
2015-10-30,87710,2016-03-31,2,2180000000,0.106,,,,,876000000,0.188,887000000,0.187,,553000000,,53.78,52.69,,,,,9649000000,6448000000,0.567,528.58,5468000000,,,,,,,,,,,,true,false,6,2015-04-01,2015-09-30,0
2015-10-30,87710,2015-03-31,2,1971000000,0.063,,,,,737000000,0.181,747000000,0.180,,441000000,,43.12,42.14,,,,,,,,,,,,,,,,,,,,,true,false,6,2014-04-01,2014-09-30,-1
2015-10-30,87710,2016-03-31,2,4700000000,0.156,,,,,1820000000,0.183,1850000000,0.184,,1070000000,,104.13,,,,,,,,,,,,,,,,,,,,,,true,true,12,2015-04-01,2016-03-31,0
2015-10-30,87710,2015-03-31,2,,,,,,,,,,,,,,,,,,,,9602000000,6173000000,0.538,502.38,5162000000,,,,,,,,,,,,true,false,12,2014-04-01,2015-03-31,-1
2015-10-30,87710,2015-03-31,2,,,,,,,,,,,,,,,,,,,,,,,,,,,,,28.00,,,,10275800,160,,false,false,12,2014-04-01,2015-03-31,-1
2015-10-30,87710,2016-03-31,2,,,,,,,,,,,,,,,,,,,,,,,,,,,,,0.00,,,,,,,false,false,12,2015-04-01,2016-03-31,0
2015-10-30,87710,2016-03-31,2,,,,,,,,,,,,,,,,,,,,,,,,,,,,,28.00,,,,,,,false,true,12,2015-04-01,2016-03-31,0
2015-10-30,87710,2016-03-31,2,,,,,,,,,,,,,,,,,,,,,,,,,,,,,,,,,10346600,160,10282721,false,false,6,2015-04-01,2015-09-30,0
2015-10-30,87710,2015-03-31,2,,,,,,,,,,,,,,,,,,,,,,,,,,,,,,,,,,,10241340,false,false,6,2014-04-01,2014-09-30,-1
2016-01-29,87710,2016-03-31,3,3280000000,0.092,,,,,1378000000,0.189,1397000000,0.188,,845000000,,82.07,80.52,,,,,10023000000,6811000000,0.575,557.08,5763000000,,,,,,,,,,,,true,false,9,2015-04-01,2015-12-31,0
2016-01-29,87710,2015-03-31,3,3003000000,0.074,,,,,1159000000,0.183,1176000000,0.183,,693000000,,67.69,66.21,,,,,,,,,,,,,,,,,,,,,true,false,9,2014-04-01,2014-12-31,-1
2016-01-29,87710,2016-03-31,3,4700000000,0.156,,,,,1820000000,0.183,1850000000,0.184,,1070000000,,104.13,,,,,,,,,,,,,,,,,,,,,,true,true,12,2015-04-01,2016-03-31,0
2016-01-29,87710,2015-03-31,3,,,,,,,,,,,,,,,,,,,,9602000000,6173000000,0.538,502.38,5162000000,,,,,,,,,,,,true,false,12,2014-04-01,2015-03-31,-1
2016-01-29,87710,2015-03-31,3,,,,,,,,,,,,,,,,,,,,,,,,,,,,,28.00,,,,10275800,160,,false,false,12,2014-04-01,2015-03-31,-1
2016-01-29,87710,2016-03-31,3,,,,,,,,,,,,,,,,,,,,,,,,,,,,,0.00,,,,,,,false,false,12,2015-04-01,2016-03-31,0
2016-01-29,87710,2016-03-31,3,,,,,,,,,,,,,,,,,,,,,,,,,,,,,28.00,,,,,,,false,true,12,2015-04-01,2016-03-31,0
2016-01-29,87710,2016-03-31,3,,,,,,,,,,,,,,,,,,,,,,,,,,,,,,,,,10346600,160,10304038,false,false,9,2015-04-01,2015-12-31,0
2016-01-29,87710,2015-03-31,3,,,,,,,,,,,,,,,,,,,,,,,,,,,,,,,,,,,10252037,false,false,9,2014-04-01,2014-12-31,-1
2016-05-13,87710,2016-03-31,,4422000000,0.088,,,,,1829000000,0.189,1857000000,0.189,,1111000000,,107.77,105.82,0.199,0.183,0.414,,10645000000,7109000000,0.567,582.94,6031000000,1738000000,-630000000,-346000000,1992000000,,0.316,,,,,,true,false,12,2015-04-01,2016-03-31,0
2016-05-13,87710,2015-03-31,,4064000000,0.088,,,,,1538000000,0.183,1562000000,0.184,,904000000,,88.19,86.31,0.188,0.173,0.378,,9602000000,6173000000,0.538,502.38,5162000000,1191000000,-3272000000,-166000000,1231000000,,0.317,,,,,,true,false,12,2014-04-01,2015-03-31,-1
2016-05-13,87710,2017-03-31,,2300000000,0.055,,,,,1000000000,0.141,1020000000,0.149,,610000000,,58.96,,,,,,,,,,,,,,,,,,,,,,true,true,6,2016-04-01,2016-09-30,1
2016-05-13,87710,2017-03-31,,5000000000,0.131,,,,,2050000000,0.121,2150000000,0.158,,1280000000,,123.71,,,,,,,,,,,,,,,,0.277,,,,,,true,true,12,2016-04-01,2017-03-31,1
2016-05-13,87710,2016-03-31,,4487000000,0.100,,,,,1517000000,0.205,1723000000,0.195,1113000000,,0.239,107.91,105.96,,,,,9519000000,6062000000,0.634,583.28,6034000000,,,,,34.00,,,,10346600,160,10314580,false,false,12,2015-04-01,2016-03-31,0
2016-05-13,87710,2015-03-31,,4080000000,0.079,,,,,1259000000,0.221,1441000000,0.202,898000000,,0.262,87.62,85.75,,,,,8526000000,5192000000,0.606,502.58,5164000000,,,,,28.00,,,,10275800,160,10257857,false,false,12,2014-04-01,2015-03-31,-1
2016-05-13,87710,2017-03-31,,2300000000,0.028,,,,,,,910000000,0.071,610000000,,0.093,58.96,,,,,,,,,,,,,,,,,,,,,,false,true,6,2016-04-01,2016-09-30,1
2016-05-13,87710,2017-03-31,,5000000000,0.114,,,,,,,1950000000,0.131,1280000000,,0.150,123.71,,,,,,,,,,,,,,,34.00,,,,,,,false,true,12,2016-04-01,2017-03-31,1
2016-07-29,87710,2017-03-31,1,1112000000,0.020,,,,,465000000,0.115,474000000,0.125,,262000000,,25.38,24.96,,,,,10069000000,6981000000,0.590,574.50,5943000000,,,,,,,,,,,,true,false,3,2016-04-01,2016-06-30,0
2016-07-29,87710,2016-03-31,1,1090000000,0.105,,,,,417000000,0.175,422000000,0.176,,261000000,,25.44,24.92,,,,,,,,,,,,,,,,,,,,,true,false,3,2015-04-01,2015-06-30,-1
2016-07-29,87710,2017-03-31,1,2300000000,0.055,,,,,1000000000,0.141,1020000000,0.149,,610000000,,58.96,,,,,,,,,,,,,,,,,,,,,,true,true,6,2016-04-01,2016-09-30,0
2016-07-29,87710,2017-03-31,1,5000000000,0.131,,,,,2050000000,0.121,2150000000,0.158,,1280000000,,123.71,,,,,,,,,,,,,,,,,,,,,,true,true,12,2016-04-01,2017-03-31,0
2016-07-29,87710,2016-03-31,1,,,,,,,,,,,,,,,,,,,,10645000000,7109000000,0.567,582.94,6031000000,,,,,,,,,,,,true,false,12,2015-04-01,2016-03-31,-1
2016-07-29,87710,2016-03-31,1,,,,,,,,,,,,,,,,,,,,,,,,,,,,,34.00,,,,10346600,160,,false,false,12,2015-04-01,2016-03-31,-1
2016-07-29,87710,2017-03-31,1,,,,,,,,,,,,,,,,,,,,,,,,,,,,,34.00,,,,,,,false,true,12,2016-04-01,2017-03-31,0
2016-07-29,87710,2017-03-31,1,,,,,,,,,,,,,,,,,,,,,,,,,,,,,,,,,10346600,160,10346440,false,false,3,2016-04-01,2016-06-30,0
2016-07-29,87710,2016-03-31,1,,,,,,,,,,,,,,,,,,,,,,,,,,,,,,,,,,,10275640,false,false,3,2015-04-01,2015-06-30,-1
2016-10-28,87710,2017-03-31,2,2242000000,0.028,,,,,1006000000,0.149,1024000000,0.154,,612000000,,59.17,58.15,,,,,10612000000,7366000000,0.593,608.45,6295000000,,,,,,,,,,,,true,false,6,2016-04-01,2016-09-30,0
2016-10-28,87710,2016-03-31,2,2180000000,0.106,,,,,876000000,0.188,887000000,0.187,,553000000,,53.78,52.69,,,,,,,,,,,,,,,,,,,,,true,false,6,2015-04-01,2015-09-30,-1
2016-10-28,87710,2017-03-31,2,5000000000,0.131,,,,,2050000000,0.121,2150000000,0.158,,1280000000,,123.71,,,,,,,,,,,,,,,,,,,,,,true,true,12,2016-04-01,2017-03-31,0
2016-10-28,87710,2016-03-31,2,,,,,,,,,,,,,,,,,,,,10645000000,7109000000,0.567,582.94,6031000000,,,,,,,,,,,,true,false,12,2015-04-01,2016-03-31,-1
2016-10-28,87710,2016-03-31,2,,,,,,,,,,,,,,,,,,,,,,,,,,,,,34.00,,,,10346600,160,,false,false,12,2015-04-01,2016-03-31,-1
2016-10-28,87710,2017-03-31,2,,,,,,,,,,,,,,,,,,,,,,,,,,,,,0.00,,,,,,,false,false,12,2016-04-01,2017-03-31,0
2016-10-28,87710,2017-03-31,2,,,,,,,,,,,,,,,,,,,,,,,,,,,,,34.00,,,,,,,false,true,12,2016-04-01,2017-03-31,0
2016-10-28,87710,2017-03-31,2,,,,,,,,,,,,,,,,,,,,,,,,,,,,,,,,,10346600,160,10346440,false,false,6,2016-04-01,2016-09-30,0
2016-10-28,87710,2016-03-31,2,,,,,,,,,,,,,,,,,,,,,,,,,,,,,,,,,,,10282721,false,false,6,2015-04-01,2015-09-30,-1
2017-01-30,87710,2017-03-31,3,3395000000,0.035,,,,,1544000000,0.120,1568000000,0.123,,944000000,,91.29,89.74,,,,,11020000000,7774000000,0.602,640.80,6631000000,,,,,,,,,,,,true,false,9,2016-04-01,2016-12-31,0
2017-01-30,87710,2016-03-31,3,3280000000,0.092,,,,,1378000000,0.189,1397000000,0.188,,845000000,,82.07,80.52,,,,,,,,,,,,,,,,,,,,,true,false,9,2015-04-01,2015-12-31,-1
2017-01-30,87710,2017-03-31,3,5000000000,0.131,,,,,2050000000,0.121,2150000000,0.158,,1280000000,,123.71,,,,,,,,,,,,,,,,,,,,,,true,true,12,2016-04-01,2017-03-31,0
2017-01-30,87710,2016-03-31,3,,,,,,,,,,,,,,,,,,,,10645000000,7109000000,0.567,582.94,6031000000,,,,,,,,,,,,true,false,12,2015-04-01,2016-03-31,-1
2017-01-30,87710,2016-03-31,3,,,,,,,,,,,,,,,,,,,,,,,,,,,,,34.00,,,,10346600,160,,false,false,12,2015-04-01,2016-03-31,-1
2017-01-30,87710,2017-03-31,3,,,,,,,,,,,,,,,,,,,,,,,,,,,,,0.00,,,,,,,false,false,12,2016-04-01,2017-03-31,0
2017-01-30,87710,2017-03-31,3,,,,,,,,,,,,,,,,,,,,,,,,,,,,,34.00,,,,,,,false,true,12,2016-04-01,2017-03-31,0
2017-01-30,87710,2017-03-31,3,,,,,,,,,,,,,,,,,,,,,,,,,,,,,,,,,10348600,160,10346665,false,false,9,2016-04-01,2016-12-31,0
2017-01-30,87710,2016-03-31,3,,,,,,,,,,,,,,,,,,,,,,,,,,,,,,,,,,,10304038,false,false,9,2015-04-01,2015-12-31,-1
2017-02-28,87710,2017-03-31,,4550000000,-0.090,,,,,2100000000,0.024,2150000000,,,1280000000,,123.71,,,,,,,,,,,,,,,,,,,,,,true,true,12,2016-04-01,2017-03-31,0
2017-02-28,87710,2016-03-31,,4422000000,,,,,,1829000000,,1857000000,,,1111000000,,107.77,,,,,,,,,,,,,,,,,,,,,,true,false,12,2015-04-01,2016-03-31,-1
2017-02-28,87710,2017-03-31,,,,,,,,,,,,,,,,,,,,,,,,,,,,,,40.00,,,,,,,false,true,12,2016-04-01,2017-03-31,0
2017-02-28,87710,2017-03-31,,,,,,,,,,,,,,,,,,,,,,,,,,,,,,0.00,,,,,,,false,false,12,2016-04-01,2017-03-31,0
2017-02-28,87710,2016-03-31,,,,,,,,,,,,,,,,,,,,,,,,,,,,,,34.00,,,,,,,false,false,12,2015-04-01,2016-03-31,-1
2017-05-12,87710,2017-03-31,,4577000000,0.035,,,,,2119000000,0.159,2152000000,0.159,,1335000000,,129.06,126.89,0.204,0.192,0.463,,11733000000,8275000000,0.604,673.89,7092000000,1308000000,1308000000,-394000000,4215000000,,0.309,,,,,,true,false,12,2016-04-01,2017-03-31,0
2017-05-12,87710,2016-03-31,,4422000000,0.088,,,,,1829000000,0.189,1857000000,0.189,,1111000000,,107.77,105.82,0.199,0.183,0.414,,10645000000,7109000000,0.567,582.94,6031000000,1738000000,-630000000,-346000000,1992000000,,0.316,,,,,,true,false,12,2015-04-01,2016-03-31,-1
2017-05-12,87710,2018-03-31,,2450000000,0.093,,,,,1070000000,0.063,1080000000,0.054,,670000000,,63.66,,,,,,,,,,,,,,,,,,,,,,true,true,6,2017-04-01,2017-09-30,1
2017-05-12,87710,2018-03-31,,5200000000,0.136,,,,,2270000000,0.071,2300000000,0.068,,1450000000,,137.77,,,,,,,,,,,,,,,,0.290,,,,,,true,true,12,2017-04-01,2018-03-31,1
2017-05-12,87710,2017-03-31,,4822000000,0.075,,,,,1698000000,0.119,1962000000,0.139,1341000000,,0.205,129.63,127.44,,,,,10688000000,7174000000,0.664,674.77,7101000000,,,,,40.00,,,,10524600,160,10349513,false,false,12,2016-04-01,2017-03-31,0
2017-05-12,87710,2016-03-31,,4487000000,0.100,,,,,1517000000,0.205,1723000000,0.195,1113000000,,0.239,107.91,105.96,,,,,9519000000,6062000000,0.634,583.28,6034000000,,,,,34.00,,,,10346600,160,10314580,false,false,12,2015-04-01,2016-03-31,-1
2017-05-12,87710,2018-03-31,,2500000000,0.067,,,,,,,1000000000,0.088,670000000,,0.087,63.66,,,,,,,,,,,,,,,,,,,,,,false,true,6,2017-04-01,2017-09-30,1
2017-05-12,87710,2018-03-31,,5200000000,0.078,,,,,,,2150000000,0.096,1450000000,,0.081,137.77,,,,,,,,,,,,,,,40.00,,,,,,,false,true,12,2017-04-01,2018-03-31,1
2017-07-28,87710,2018-03-31,1,1231000000,0.107,,,,,501000000,0.077,509000000,0.073,,310000000,,29.47,29.41,,,,,11258000000,8046000000,0.620,663.60,6983000000,,,,,,,,,,,,true,false,3,2017-04-01,2017-06-30,0
2017-07-28,87710,2017-03-31,1,1112000000,0.020,,,,,465000000,0.115,474000000,0.125,,262000000,,25.38,24.96,,,,,,,,,,,,,,,,,,,,,true,false,3,2016-04-01,2016-06-30,-1
2017-07-28,87710,2018-03-31,1,2450000000,0.093,,,,,1070000000,0.063,1080000000,0.054,,670000000,,63.66,,,,,,,,,,,,,,,,,,,,,,true,true,6,2017-04-01,2017-09-30,0
2017-07-28,87710,2018-03-31,1,5200000000,0.136,,,,,2270000000,0.071,2300000000,0.068,,1450000000,,137.77,,,,,,,,,,,,,,,,,,,,,,true,true,12,2017-04-01,2018-03-31,0
2017-07-28,87710,2017-03-31,1,,,,,,,,,,,,,,,,,,,,11733000000,8275000000,0.604,673.89,7092000000,,,,,,,,,,,,true,false,12,2016-04-01,2017-03-31,-1
2017-07-28,87710,2017-03-31,1,,,,,,,,,,,,,,,,,,,,,,,,,,,,,40.00,,,,10524600,160,,false,false,12,2016-04-01,2017-03-31,-1
2017-07-28,87710,2018-03-31,1,,,,,,,,,,,,,,,,,,,,,,,,,,,,,40.00,,,,,,,false,true,12,2017-04-01,2018-03-31,0
2017-07-28,87710,2018-03-31,1,,,,,,,,,,,,,,,,,,,,,,,,,,,,,,,,,10524600,192,10524416,false,false,3,2017-04-01,2017-06-30,0
2017-07-28,87710,2017-03-31,1,,,,,,,,,,,,,,,,,,,,,,,,,,,,,,,,,,,10346440,false,false,3,2016-04-01,2016-06-30,-1
2017-10-30,87710,2018-03-31,2,2505000000,0.117,,,,,1077000000,0.070,1091000000,0.065,,680000000,,64.68,64.17,,,,,12111000000,8493000000,0.610,702.18,7390000000,,,,,,,,,,,,true,false,6,2017-04-01,2017-09-30,0
2017-10-30,87710,2017-03-31,2,2242000000,0.028,,,,,1006000000,0.149,1024000000,0.154,,612000000,,59.17,58.15,,,,,,,,,,,,,,,,,,,,,true,false,6,2016-04-01,2016-09-30,-1
2017-10-30,87710,2018-03-31,2,5200000000,0.136,,,,,2270000000,0.071,2300000000,0.068,,1450000000,,137.77,,,,,,,,,,,,,,,,,,,,,,true,true,12,2017-04-01,2018-03-31,0
2017-10-30,87710,2017-03-31,2,,,,,,,,,,,,,,,,,,,,11733000000,8275000000,0.604,673.89,7092000000,,,,,,,,,,,,true,false,12,2016-04-01,2017-03-31,-1
2017-10-30,87710,2017-03-31,2,,,,,,,,,,,,,,,,,,,,,,,,,,,,,40.00,,,,10524600,160,,false,false,12,2016-04-01,2017-03-31,-1
2017-10-30,87710,2018-03-31,2,,,,,,,,,,,,,,,,,,,,,,,,,,,,,0.00,,,,,,,false,false,12,2017-04-01,2018-03-31,0
2017-10-30,87710,2018-03-31,2,,,,,,,,,,,,,,,,,,,,,,,,,,,,,40.00,,,,,,,false,true,12,2017-04-01,2018-03-31,0
2017-10-30,87710,2018-03-31,2,,,,,,,,,,,,,,,,,,,,,,,,,,,,,,,,,10524600,192,10524412,false,false,6,2017-04-01,2017-09-30,0
2017-10-30,87710,2017-03-31,2,,,,,,,,,,,,,,,,,,,,,,,,,,,,,,,,,,,10346440,false,false,6,2016-04-01,2016-09-30,-1
2018-01-30,87710,2018-03-31,3,3785000000,0.115,,,,,1648000000,0.068,1668000000,0.064,,1049000000,,99.68,98.40,,,,,12783000000,8920000000,0.611,741.90,7808000000,,,,,,,,,,,,true,false,9,2017-04-01,2017-12-31,0
2018-01-30,87710,2017-03-31,3,3395000000,0.035,,,,,1544000000,0.120,1568000000,0.123,,944000000,,91.29,89.74,,,,,,,,,,,,,,,,,,,,,true,false,9,2016-04-01,2016-12-31,-1
2018-01-30,87710,2018-03-31,3,5200000000,0.136,,,,,2270000000,0.071,2300000000,0.068,,1450000000,,137.77,,,,,,,,,,,,,,,,,,,,,,true,true,12,2017-04-01,2018-03-31,0
2018-01-30,87710,2017-03-31,3,,,,,,,,,,,,,,,,,,,,11733000000,8275000000,0.604,673.89,7092000000,,,,,,,,,,,,true,false,12,2016-04-01,2017-03-31,-1
2018-01-30,87710,2017-03-31,3,,,,,,,,,,,,,,,,,,,,,,,,,,,,,40.00,,,,10524600,160,,false,false,12,2016-04-01,2017-03-31,-1
2018-01-30,87710,2018-03-31,3,,,,,,,,,,,,,,,,,,,,,,,,,,,,,0.00,,,,,,,false,false,12,2017-04-01,2018-03-31,0
2018-01-30,87710,2018-03-31,3,,,,,,,,,,,,,,,,,,,,,,,,,,,,,45.00,,,,,,,false,true,12,2017-04-01,2018-03-31,0
2018-01-30,87710,2018-03-31,3,,,,,,,,,,,,,,,,,,,,,,,,,,,,,,,,,10524600,192,10524410,false,false,9,2017-04-01,2017-12-31,0
2018-01-30,87710,2017-03-31,3,,,,,,,,,,,,,,,,,,,,,,,,,,,,,,,,,,,10346665,false,false,9,2016-04-01,2016-12-31,-1
,87710,2018-03-31,,,,,,,,,,,,,,,,,,,,,,,,,,,,,,45.00,,,,,,,false,true,12,2017-04-01,2018-03-31,0
,87710,2018-03-31,,,,,,,,,,,,,,,,,,,,,,,,,,,,,,0.00,,,,,,,false,false,12,2017-04-01,2018-03-31,0
,87710,2017-03-31,,,,,,,,,,,,,,,,,,,,,,,,,,,,,,40.00,,,,,,,false,false,12,2016-04-01,2017-03-31,-1
,87710,2018-03-31,,,,,,,,,,,,,,,,,,,,,,,,,,,,,,22.50,,,,,,,false,true,12,2017-04-01,2018-03-31,0
,87710,2018-03-31,,,,,,,,,,,,,,,,,,,,,,,,,,,,,,0.00,,,,,,,false,false,12,2017-04-01,2018-03-31,0
,87710,2017-03-31,,,,,,,,,,,,,,,,,,,,,,,,,,,,,,40.00,,,,,,,false,false,12,2016-04-01,2017-03-31,-1
2018-05-14,87710,2018-03-31,,5105000000,0.115,,,,,2276000000,0.074,2302000000,0.070,,1468000000,,69.77,68.47,0.190,0.176,0.446,,14368000000,9440000000,0.580,395.38,8331000000,1841000000,-683000000,667000000,6041000000,,0.323,,,,,,true,false,12,2017-04-01,2018-03-31,0
2018-05-14,87710,2017-03-31,,4577000000,0.035,,,,,2119000000,0.159,2152000000,0.159,,1335000000,,64.53,63.44,0.204,0.192,0.463,,11733000000,8275000000,0.604,336.94,7092000000,1308000000,1308000000,-394000000,4215000000,,0.309,,,,,,true,false,12,2016-04-01,2017-03-31,-1
2018-05-14,87710,2019-03-31,,2700000000,0.078,,,,,1180000000,0.095,1200000000,0.099,,740000000,,35.12,,,,,,,,,,,,,,,,,,,,,,true,true,6,2018-04-01,2018-09-30,1
2018-05-14,87710,2019-03-31,,5700000000,0.116,,,,,2510000000,0.103,2550000000,0.107,,1620000000,,76.88,,,,,,,,,,,,,,,,0.293,,,,,,true,true,12,2018-04-01,2019-03-31,1
2018-05-14,87710,2018-03-31,,5429000000,0.126,,,,,1931000000,0.137,2160000000,0.101,1468000000,,0.095,69.78,68.49,,,,,13413000000,8426000000,0.622,395.84,8340000000,,,,,22.50,,,,21072200,618,21049797,false,false,12,2017-04-01,2018-03-31,0
2018-05-14,87710,2017-03-31,,4822000000,0.075,,,,,1698000000,0.119,1962000000,0.139,1341000000,,0.205,64.81,63.72,,,,,10688000000,7174000000,0.664,337.39,7101000000,,,,,40.00,,,,21049200,320,20699027,false,false,12,2016-04-01,2017-03-31,-1
2018-05-14,87710,2019-03-31,,2800000000,0.079,,,,,,,1100000000,0.103,740000000,,0.088,35.12,,,,,,,,,,,,,,,,,,,,,,false,true,6,2018-04-01,2018-09-30,1
2018-05-14,87710,2019-03-31,,5900000000,0.087,,,,,,,2400000000,0.111,1620000000,,0.103,76.88,,,,,,,,,,,,,,,22.50,,,,,,,false,true,12,2018-04-01,2019-03-31,1
2018-07-30,87710,2019-03-31,1,1340000000,0.089,,,,,564000000,0.125,574000000,0.127,,341000000,,16.23,15.62,,,,,13846000000,9331000000,0.592,389.25,8202000000,,,,,,,,,,,,true,false,3,2018-04-01,2018-06-30,0
2018-07-30,87710,2018-03-31,1,1231000000,0.107,,,,,501000000,0.077,509000000,0.073,,310000000,,14.74,14.71,,,,,,,,,,,,,,,,,,,,,true,false,3,2017-04-01,2017-06-30,-1
2018-07-30,87710,2019-03-31,1,2700000000,0.078,,,,,1180000000,0.095,1200000000,0.099,,740000000,,17.56,,,,,,,,,,,,,,,,,,,,,,true,true,6,2018-04-01,2018-09-30,0
2018-07-30,87710,2019-03-31,1,5700000000,0.116,,,,,2510000000,0.103,2550000000,0.107,,1620000000,,38.44,,,,,,,,,,,,,,,,,,,,,,true,true,12,2018-04-01,2019-03-31,0
2018-07-30,87710,2018-03-31,1,,,,,,,,,,,,,,,,,,,,14368000000,9440000000,0.580,395.38,8331000000,,,,,,,,,,,,true,false,12,2017-04-01,2018-03-31,-1
2018-07-30,87710,2018-03-31,1,,,,,,,,,,,,,,,,,,,,,,,,,,,,,22.50,,,,21072200,618,,false,false,12,2017-04-01,2018-03-31,-1
2018-07-30,87710,2019-03-31,1,,,,,,,,,,,,,,,,,,,,,,,,,,,,,11.25,,,,,,,false,true,12,2018-04-01,2019-03-31,0
2018-07-30,87710,2019-03-31,1,,,,,,,,,,,,,,,,,,,,,,,,,,,,,,,,,21072200,651,21071566,false,false,3,2018-04-01,2018-06-30,0
2018-07-30,87710,2018-03-31,1,,,,,,,,,,,,,,,,,,,,,,,,,,,,,,,,,,,21048832,false,false,3,2017-04-01,2017-06-30,-1
2018-10-30,87710,2019-03-31,2,2724000000,0.087,,,,,1180000000,0.096,1203000000,0.103,,743000000,,17.65,16.98,,,,,15047000000,9838000000,0.575,205.33,8653000000,,,,,,,,,,,,true,false,6,2018-04-01,2018-09-30,0
2018-10-30,87710,2018-03-31,2,2505000000,0.117,,,,,1077000000,0.070,1091000000,0.065,,680000000,,16.17,16.04,,,,,,,,,,,,,,,,,,,,,true,false,6,2017-04-01,2017-09-30,-1
2018-10-30,87710,2019-03-31,2,5700000000,0.116,,,,,2510000000,0.103,2550000000,0.107,,1620000000,,38.44,,,,,,,,,,,,,,,,,,,,,,true,true,12,2018-04-01,2019-03-31,0
2018-10-30,87710,2018-03-31,2,,,,,,,,,,,,,,,,,,,,14368000000,9440000000,0.580,197.69,8331000000,,,,,,,,,,,,true,false,12,2017-04-01,2018-03-31,-1
2018-10-30,87710,2018-03-31,2,,,,,,,,,,,,,,,,,,,,,,,,,,,,,22.50,,,,42144400,1236,,false,false,12,2017-04-01,2018-03-31,-1
2018-10-30,87710,2019-03-31,2,,,,,,,,,,,,,,,,,,,,,,,,,,,,,0.00,,,,,,,false,false,12,2018-04-01,2019-03-31,0
2018-10-30,87710,2019-03-31,2,,,,,,,,,,,,,,,,,,,,,,,,,,,,,11.25,,,,,,,false,true,12,2018-04-01,2019-03-31,0
2018-10-30,87710,2019-03-31,2,,,,,,,,,,,,,,,,,,,,,,,,,,,,,,,,,42144400,1306,42143114,false,false,6,2018-04-01,2018-09-30,0
2018-10-30,87710,2018-03-31,2,,,,,,,,,,,,,,,,,,,,,,,,,,,,,,,,,,,42097648,false,false,6,2017-04-01,2017-09-30,-1
2019-01-30,87710,2019-03-31,3,4139000000,0.094,,,,,1810000000,0.098,1842000000,0.104,,1169000000,,27.76,26.69,,,,,15584000000,10463000000,0.597,218.94,9304000000,,,,,,,,,,,,true,false,9,2018-04-01,2018-12-31,0
2019-01-30,87710,2018-03-31,3,3785000000,0.115,,,,,1648000000,0.068,1668000000,0.064,,1049000000,,24.92,24.60,,,,,,,,,,,,,,,,,,,,,true,false,9,2017-04-01,2017-12-31,-1
2019-01-30,87710,2019-03-31,3,5700000000,0.116,,,,,2510000000,0.103,2550000000,0.107,,1620000000,,38.44,,,,,,,,,,,,,,,,,,,,,,true,true,12,2018-04-01,2019-03-31,0
2019-01-30,87710,2018-03-31,3,,,,,,,,,,,,,,,,,,,,14368000000,9440000000,0.580,197.69,8331000000,,,,,,,,,,,,true,false,12,2017-04-01,2018-03-31,-1
2019-01-30,87710,2018-03-31,3,,,,,,,,,,,,,,,,,,,,,,,,,,,,,22.50,,,,42144400,1236,,false,false,12,2017-04-01,2018-03-31,-1
2019-01-30,87710,2019-03-31,3,,,,,,,,,,,,,,,,,,,,,,,,,,,,,0.00,,,,,,,false,false,12,2018-04-01,2019-03-31,0
2019-01-30,87710,2019-03-31,3,,,,,,,,,,,,,,,,,,,,,,,,,,,,,13.00,,,,,,,false,true,12,2018-04-01,2019-03-31,0
2019-01-30,87710,2019-03-31,3,,,,,,,,,,,,,,,,,,,,,,,,,,,,,,,,,42498000,1306,42149537,false,false,9,2018-04-01,2018-12-31,0
2019-01-30,87710,2018-03-31,3,,,,,,,,,,,,,,,,,,,,,,,,,,,,,,,,,,,42097640,false,false,9,2017-04-01,2017-12-31,-1
2019-05-14,87710,2019-03-31,,5573000000,0.092,,,,,2512000000,0.104,2552000000,0.108,,1651000000,,39.11,37.65,0.182,0.166,0.451,,16427000000,10960000000,0.597,230.80,9810000000,1881000000,-2194000000,332000000,6059000000,,0.332,,,,,,true,false,12,2018-04-01,2019-03-31,0
2019-05-14,87710,2018-03-31,,5105000000,0.115,,,,,2276000000,0.074,2302000000,0.070,,1468000000,,34.88,34.23,0.190,0.176,0.446,,14368000000,9440000000,0.580,197.69,8331000000,1841000000,-683000000,667000000,6041000000,,0.323,,,,,,true,false,12,2017-04-01,2018-03-31,-1
2019-05-14,87710,2020-03-31,,2950000000,0.083,,,,,1280000000,0.084,1300000000,0.080,,1100000000,,25.88,,,,,,,,,,,,,,,,,,,,,,true,true,6,2019-04-01,2019-09-30,1
2019-05-14,87710,2020-03-31,,6200000000,0.112,,,,,2700000000,0.075,2750000000,0.077,,2200000000,,51.76,,,,,,,,,,,,,,,,0.251,,,,,,true,true,12,2019-04-01,2020-03-31,1
2019-05-14,87710,2019-03-31,,5917000000,0.090,,,,,2213000000,0.146,2436000000,0.128,1654000000,,0.126,39.16,37.70,,,,,15522000000,9939000000,0.633,231.08,9822000000,,,,,13.00,,,,42506400,1306,42236748,false,false,12,2018-04-01,2019-03-31,0
2019-05-14,87710,2018-03-31,,5429000000,0.126,,,,,1931000000,0.137,2160000000,0.101,1468000000,,0.095,34.89,34.24,,,,,13413000000,8426000000,0.622,197.92,8340000000,,,,,22.50,,,,42144400,1236,42099594,false,false,12,2017-04-01,2018-03-31,-1
2019-05-14,87710,2020-03-31,,3000000000,0.052,,,,,,,1200000000,0.100,1100000000,,0.478,25.88,,,,,,,,,,,,,,,,,,,,,,false,true,6,2019-04-01,2019-09-30,1
2019-05-14,87710,2020-03-31,,6300000000,0.065,,,,,,,2550000000,0.047,2200000000,,0.330,51.76,,,,,,,,,,,,,,,13.00,,,,,,,false,true,12,2019-04-01,2020-03-31,1
2019-07-30,87710,2020-03-31,1,1435000000,0.070,,,,,616000000,0.092,624000000,0.088,,544000000,,12.81,12.17,,,,,14673000000,10880000000,0.668,230.60,9801000000,,,,,,,,,,,,true,false,3,2019-04-01,2019-06-30,0
2019-07-30,87710,2019-03-31,1,1340000000,0.089,,,,,564000000,0.125,574000000,0.127,,341000000,,8.11,7.81,,,,,,,,,,,,,,,,,,,,,true,false,3,2018-04-01,2018-06-30,-1
2019-07-30,87710,2020-03-31,1,2950000000,0.083,,,,,1280000000,0.084,1300000000,0.080,,1100000000,,25.88,,,,,,,,,,,,,,,,,,,,,,true,true,6,2019-04-01,2019-09-30,0
2019-07-30,87710,2020-03-31,1,6200000000,0.112,,,,,2700000000,0.075,2750000000,0.077,,2200000000,,51.76,,,,,,,,,,,,,,,,,,,,,,true,true,12,2019-04-01,2020-03-31,0
2019-07-30,87710,2019-03-31,1,,,,,,,,,,,,,,,,,,,,16427000000,10960000000,0.597,230.80,9810000000,,,,,,,,,,,,true,false,12,2018-04-01,2019-03-31,-1
2019-07-30,87710,2019-03-31,1,,,,,,,,,,,,,,,,,,,,,,,,,,,,,13.00,,,,42506400,1306,,false,false,12,2018-04-01,2019-03-31,-1
2019-07-30,87710,2020-03-31,1,,,,,,,,,,,,,,,,,,,,,,,,,,,,,13.00,,,,,,,false,true,12,2019-04-01,2020-03-31,0
2019-07-30,87710,2020-03-31,1,,,,,,,,,,,,,,,,,,,,,,,,,,,,,,,,,42506400,1341,42505067,false,false,3,2019-04-01,2019-06-30,0
2019-07-30,87710,2019-03-31,1,,,,,,,,,,,,,,,,,,,,,,,,,,,,,,,,,,,42143132,false,false,3,2018-04-01,2018-06-30,-1
2019-10-30,87710,2020-03-31,2,2907000000,0.067,,,,,1292000000,0.094,1305000000,0.084,,1167000000,,27.46,26.09,,,,,14844000000,11510000000,0.702,245.25,10424000000,,,,,,,,,,,,true,false,6,2019-04-01,2019-09-30,0
2019-10-30,87710,2019-03-31,2,2724000000,0.087,,,,,1180000000,0.096,1203000000,0.103,,743000000,,17.65,16.98,,,,,,,,,,,,,,,,,,,,,true,false,6,2018-04-01,2018-09-30,-1
2019-10-30,87710,2020-03-31,2,6200000000,0.112,,,,,2700000000,0.075,2750000000,0.077,,2200000000,,51.76,,,,,,,,,,,,,,,,,,,,,,true,true,12,2019-04-01,2020-03-31,0
2019-10-30,87710,2019-03-31,2,,,,,,,,,,,,,,,,,,,,16427000000,10960000000,0.597,230.80,9810000000,,,,,,,,,,,,true,false,12,2018-04-01,2019-03-31,-1
2019-10-30,87710,2019-03-31,2,,,,,,,,,,,,,,,,,,,,,,,,,,,,,13.00,,,,42506400,1306,,false,false,12,2018-04-01,2019-03-31,-1
2019-10-30,87710,2020-03-31,2,,,,,,,,,,,,,,,,,,,,,,,,,,,,,0.00,,,,,,,false,false,12,2019-04-01,2020-03-31,0
2019-10-30,87710,2020-03-31,2,,,,,,,,,,,,,,,,,,,,,,,,,,,,,13.00,,,,,,,false,true,12,2019-04-01,2020-03-31,0
2019-10-30,87710,2020-03-31,2,,,,,,,,,,,,,,,,,,,,,,,,,,,,,,,,,42506400,1385,42505056,false,false,6,2019-04-01,2019-09-30,0
2019-10-30,87710,2019-03-31,2,,,,,,,,,,,,,,,,,,,,,,,,,,,,,,,,,,,42143114,false,false,6,2018-04-01,2018-09-30,-1
2020-01-30,87710,2020-03-31,3,4413000000,0.066,,,,,1992000000,0.100,2013000000,0.093,,1772000000,,41.70,39.48,,,,,15490000000,12132000000,0.712,259.49,11029000000,,,,,,,,,,,,true,false,9,2019-04-01,2019-12-31,0
2020-01-30,87710,2019-03-31,3,4139000000,0.094,,,,,1810000000,0.098,1842000000,0.104,,1169000000,,27.76,26.69,,,,,,,,,,,,,,,,,,,,,true,false,9,2018-04-01,2018-12-31,-1
2020-01-30,87710,2020-03-31,3,6200000000,0.112,,,,,2700000000,0.075,2750000000,0.077,,2200000000,,51.76,,,,,,,,,,,,,,,,,,,,,,true,true,12,2019-04-01,2020-03-31,0
2020-01-30,87710,2019-03-31,3,,,,,,,,,,,,,,,,,,,,16427000000,10960000000,0.597,230.80,9810000000,,,,,,,,,,,,true,false,12,2018-04-01,2019-03-31,-1
2020-01-30,87710,2019-03-31,3,,,,,,,,,,,,,,,,,,,,,,,,,,,,,13.00,,,,42506400,1306,,false,false,12,2018-04-01,2019-03-31,-1
2020-01-30,87710,2020-03-31,3,,,,,,,,,,,,,,,,,,,,,,,,,,,,,0.00,,,,,,,false,false,12,2019-04-01,2020-03-31,0
2020-01-30,87710,2020-03-31,3,,,,,,,,,,,,,,,,,,,,,,,,,,,,,13.00,,,,,,,false,true,12,2019-04-01,2020-03-31,0
2020-01-30,87710,2020-03-31,3,,,,,,,,,,,,,,,,,,,,,,,,,,,,,,,,,42506400,1385,42505042,false,false,9,2019-04-01,2019-12-31,0
2020-01-30,87710,2019-03-31,3,,,,,,,,,,,,,,,,,,,,,,,,,,,,,,,,,,,42149537,false,false,9,2018-04-01,2018-12-31,-1
2020-05-14,87710,2020-03-31,,5956000000,0.069,,,,,2718000000,0.082,2751000000,0.078,,2301000000,,54.14,51.27,0.215,0.167,0.456,,16444000000,12798000000,0.703,271.94,11558000000,1036000000,-1661000000,-613000000,4820000000,,0.259,,,,,,true,false,12,2019-04-01,2020-03-31,0
2020-05-14,87710,2019-03-31,,5573000000,0.092,,,,,2512000000,0.104,2552000000,0.108,,1651000000,,39.11,37.65,0.182,0.166,0.451,,16427000000,10960000000,0.597,230.80,9810000000,1881000000,-2194000000,332000000,6059000000,,0.332,,,,,,true,false,12,2018-04-01,2019-03-31,-1
2020-05-14,87710,2021-03-31,,3500000000,0.204,,,,,1440000000,0.114,1450000000,0.111,,950000000,,22.35,,,,,,,,,,,,,,,,,,,,,,true,true,6,2020-04-01,2020-09-30,1
2020-05-14,87710,2021-03-31,,7700000000,0.293,,,,,2980000000,0.096,3000000000,0.091,,1950000000,,45.88,,,,,,,,,,,,,,,,0.305,,,,,,true,true,12,2020-04-01,2021-03-31,1
2020-05-14,87710,2020-03-31,,6100000000,0.031,,,,,2351000000,0.062,2605000000,0.069,2301000000,,0.391,54.15,51.28,,,,,15503000000,11706000000,0.746,272.23,11571000000,,,,,14.00,,,,42506400,1385,42505035,false,false,12,2019-04-01,2020-03-31,0
2020-05-14,87710,2019-03-31,,5917000000,0.090,,,,,2213000000,0.146,2436000000,0.128,1654000000,,0.126,39.16,37.70,,,,,15522000000,9939000000,0.633,231.08,9822000000,,,,,13.00,,,,42506400,1306,42236748,false,false,12,2018-04-01,2019-03-31,-1
2020-05-14,87710,2021-03-31,,3700000000,0.227,,,,,,,1400000000,0.096,950000000,,-0.182,22.35,,,,,,,,,,,,,,,,,,,,,,false,true,6,2020-04-01,2020-09-30,1
2020-05-14,87710,2021-03-31,,8000000000,0.311,,,,,,,2900000000,0.113,1950000000,,-0.153,45.88,,,,,,,,,,,,,,,14.00,,,,,,,false,true,12,2020-04-01,2021-03-31,1
2020-07-30,87710,2021-03-31,1,1688000000,0.176,,,,,731000000,0.187,737000000,0.181,,411000000,,9.69,8.92,,,,,16514000000,12583000000,0.689,267.62,11375000000,,,,,,,,,,,,true,false,3,2020-04-01,2020-06-30,0
2020-07-30,87710,2020-03-31,1,1435000000,0.070,,,,,616000000,0.092,624000000,0.088,,544000000,,12.81,12.17,,,,,,,,,,,,,,,,,,,,,true,false,3,2019-04-01,2019-06-30,-1
2020-07-30,87710,2021-03-31,1,3500000000,0.204,,,,,1440000000,0.114,1450000000,0.111,,950000000,,22.35,,,,,,,,,,,,,,,,,,,,,,true,true,6,2020-04-01,2020-09-30,0
2020-07-30,87710,2021-03-31,1,7700000000,0.293,,,,,2980000000,0.096,3000000000,0.091,,1950000000,,45.88,,,,,,,,,,,,,,,,,,,,,,true,true,12,2020-04-01,2021-03-31,0
2020-07-30,87710,2020-03-31,1,,,,,,,,,,,,,,,,,,,,16444000000,12798000000,0.703,271.94,11558000000,,,,,,,,,,,,true,false,12,2019-04-01,2020-03-31,-1
2020-07-30,87710,2020-03-31,1,,,,,,,,,,,,,,,,,,,,,,,,,,,,,14.00,,,,42506400,1385,,false,false,12,2019-04-01,2020-03-31,-1
2020-07-30,87710,2021-03-31,1,,,,,,,,,,,,,,,,,,,,,,,,,,,,,14.00,,,,,,,false,true,12,2020-04-01,2021-03-31,0
2020-07-30,87710,2021-03-31,1,,,,,,,,,,,,,,,,,,,,,,,,,,,,,,,,,42506400,1414,42504989,false,false,3,2020-04-01,2020-06-30,0
2020-07-30,87710,2020-03-31,1,,,,,,,,,,,,,,,,,,,,,,,,,,,,,,,,,,,42505067,false,false,3,2019-04-01,2019-06-30,-1
2020-10-30,87710,2021-03-31,2,3451000000,0.187,,,,,1503000000,0.163,1511000000,0.158,,970000000,,22.37,20.77,,,,,20120000000,15738000000,0.722,319.85,14530000000,,,,,,,,,,,,true,false,6,2020-04-01,2020-09-30,0
2020-10-30,87710,2020-03-31,2,2907000000,0.067,,,,,1292000000,0.094,1305000000,0.084,,1167000000,,27.46,26.09,,,,,,,,,,,,,,,,,,,,,true,false,6,2019-04-01,2019-09-30,-1
2020-10-30,87710,2021-03-31,2,7700000000,0.293,,,,,2980000000,0.096,3000000000,0.091,,1950000000,,45.88,,,,,,,,,,,,,,,,,,,,,,true,true,12,2020-04-01,2021-03-31,0
2020-10-30,87710,2020-03-31,2,,,,,,,,,,,,,,,,,,,,16444000000,12798000000,0.703,271.94,11558000000,,,,,,,,,,,,true,false,12,2019-04-01,2020-03-31,-1
2020-10-30,87710,2020-03-31,2,,,,,,,,,,,,,,,,,,,,,,,,,,,,,14.00,,,,42506400,1385,,false,false,12,2019-04-01,2020-03-31,-1
2020-10-30,87710,2021-03-31,2,,,,,,,,,,,,,,,,,,,,,,,,,,,,,0.00,,,,,,,false,false,12,2020-04-01,2021-03-31,0
2020-10-30,87710,2021-03-31,2,,,,,,,,,,,,,,,,,,,,,,,,,,,,,14.00,,,,,,,false,true,12,2020-04-01,2021-03-31,0
2020-10-30,87710,2021-03-31,2,,,,,,,,,,,,,,,,,,,,,,,,,,,,,,,,,45429800,1414,43390567,false,false,6,2020-04-01,2020-09-30,0
2020-10-30,87710,2020-03-31,2,,,,,,,,,,,,,,,,,,,,,,,,,,,,,,,,,,,42505056,false,false,6,2019-04-01,2019-09-30,-1
2021-01-29,87710,2021-03-31,3,5297000000,0.200,,,,,2287000000,0.148,2300000000,0.142,,1495000000,,33.93,31.81,,,,,20888000000,16257000000,0.721,331.40,15054000000,,,,,,,,,,,,true,false,9,2020-04-01,2020-12-31,0
2021-01-29,87710,2020-03-31,3,4413000000,0.066,,,,,1992000000,0.100,2013000000,0.093,,1772000000,,41.70,39.48,,,,,,,,,,,,,,,,,,,,,true,false,9,2019-04-01,2019-12-31,-1
2021-01-29,87710,2021-03-31,3,7700000000,0.293,,,,,2980000000,0.096,3000000000,0.091,,1950000000,,45.88,,,,,,,,,,,,,,,,,,,,,,true,true,12,2020-04-01,2021-03-31,0
2021-01-29,87710,2020-03-31,3,,,,,,,,,,,,,,,,,,,,16444000000,12798000000,0.703,271.94,11558000000,,,,,,,,,,,,true,false,12,2019-04-01,2020-03-31,-1
2021-01-29,87710,2020-03-31,3,,,,,,,,,,,,,,,,,,,,,,,,,,,,,14.00,,,,42506400,1385,,false,false,12,2019-04-01,2020-03-31,-1
2021-01-29,87710,2021-03-31,3,,,,,,,,,,,,,,,,,,,,,,,,,,,,,0.00,,,,,,,false,false,12,2020-04-01,2021-03-31,0
2021-01-29,87710,2021-03-31,3,,,,,,,,,,,,,,,,,,,,,,,,,,,,,14.00,,,,,,,false,true,12,2020-04-01,2021-03-31,0
2021-01-29,87710,2021-03-31,3,,,,,,,,,,,,,,,,,,,,,,,,,,,,,,,,,45429800,1414,44072310,false,false,9,2020-04-01,2020-12-31,0
2021-01-29,87710,2020-03-31,3,,,,,,,,,,,,,,,,,,,,,,,,,,,,,,,,,,,42505042,false,false,9,2019-04-01,2019-12-31,-1
,87710,2021-03-31,,,,,,,,,,,,,,,,,,,,,,,,,,,,,,22.00,,,,,,,false,true,12,2020-04-01,2021-03-31,0
,87710,2021-03-31,,,,,,,,,,,,,,,,,,,,,,,,,,,,,,0.00,,,,,,,false,false,12,2020-04-01,2021-03-31,0
,87710,2020-03-31,,,,,,,,,,,,,,,,,,,,,,,,,,,,,,13.00,,,,,,,false,false,12,2019-04-01,2020-03-31,-1
,87710,2021-03-31,,,,,,,,,,,,,,,,,,,,,,,,,,,,,,22.00,,,,,,,false,true,12,2020-04-01,2021-03-31,0
,87710,2021-03-31,,,,,,,,,,,,,,,,,,,,,,,,,,,,,,0.00,,,,,,,false,false,12,2020-04-01,2021-03-31,0
,87710,2020-03-31,,,,,,,,,,,,,,,,,,,,,,,,,,,,,,14.00,,,,,,,false,false,12,2019-04-01,2020-03-31,-1
2021-05-14,87710,2021-03-31,,7194000000,0.208,,,,,3088000000,0.136,3108000000,0.130,,2004000000,,45.12,42.51,0.146,0.159,0.429,,22570000000,17186000000,0.703,347.19,15876000000,4694000000,-80000000,2209000000,11644000000,,0.488,,,,,,true,false,12,2020-04-01,2021-03-31,0
2021-05-14,87710,2020-03-31,,5956000000,0.069,,,,,2718000000,0.082,2751000000,0.078,,2301000000,,54.14,51.27,0.215,0.167,0.456,,16444000000,12798000000,0.703,271.94,11558000000,1036000000,-1661000000,-613000000,4820000000,,0.259,,,,,,true,false,12,2019-04-01,2020-03-31,-1
2021-05-14,87710,2022-03-31,,4000000000,0.159,,,,,1780000000,0.184,1800000000,0.191,,1150000000,,25.15,,,,,,,,,,,,,,,,,,,,,,true,true,6,2021-04-01,2021-09-30,1
2021-05-14,87710,2022-03-31,,8500000000,0.181,,,,,3720000000,0.204,3750000000,0.206,,2400000000,,52.48,,,,,,,,,,,,,,,,0.419,,,,,,true,true,12,2021-04-01,2022-03-31,1
2021-05-14,87710,2021-03-31,,7776000000,0.275,,,,,2689000000,0.144,2941000000,0.129,2008000000,,-0.127,45.22,42.60,,,,,21517000000,16041000000,0.739,347.56,15893000000,,,,,22.00,,,,45729800,1414,44415315,false,false,12,2020-04-01,2021-03-31,0
2021-05-14,87710,2020-03-31,,6100000000,0.031,,,,,2351000000,0.062,2605000000,0.069,2301000000,,0.391,54.15,51.28,,,,,15503000000,11706000000,0.746,272.23,11571000000,,,,,14.00,,,,42506400,1385,42505035,false,false,12,2019-04-01,2020-03-31,-1
2021-05-14,87710,2022-03-31,,4150000000,0.085,,,,,,,1700000000,0.148,1150000000,,0.130,25.15,,,,,,,,,,,,,,,,,,,,,,false,true,6,2021-04-01,2021-09-30,1
2021-05-14,87710,2022-03-31,,8800000000,0.132,,,,,,,3550000000,0.207,2400000000,,0.195,52.48,,,,,,,,,,,,,,,22.00,,,,,,,false,true,12,2021-04-01,2022-03-31,1
2021-07-30,87710,2022-03-31,1,1913000000,0.134,,,,,866000000,0.184,864000000,0.172,,568000000,,12.33,11.89,,,,,22048000000,17376000000,0.730,345.44,16090000000,,,,,,,,,,,,true,false,3,2021-04-01,2021-06-30,0
2021-07-30,87710,2021-03-31,1,1688000000,0.176,,,,,731000000,0.187,737000000,0.181,,411000000,,9.69,8.92,,,,,,,,,,,,,,,,,,,,,true,false,3,2020-04-01,2020-06-30,-1
2021-07-30,87710,2022-03-31,1,4000000000,0.159,,,,,1780000000,0.184,1800000000,0.191,,1150000000,,25.15,,,,,,,,,,,,,,,,,,,,,,true,true,6,2021-04-01,2021-09-30,0
2021-07-30,87710,2022-03-31,1,8500000000,0.181,,,,,3720000000,0.204,3750000000,0.206,,2400000000,,52.48,,,,,,,,,,,,,,,,,,,,,,true,true,12,2021-04-01,2022-03-31,0
2021-07-30,87710,2021-03-31,1,,,,,,,,,,,,,,,,,,,,22570000000,17186000000,0.703,347.19,15876000000,,,,,,,,,,,,true,false,12,2020-04-01,2021-03-31,-1
2021-07-30,87710,2021-03-31,1,,,,,,,,,,,,,,,,,,,,,,,,,,,,,22.00,,,,45729800,1414,,false,false,12,2020-04-01,2021-03-31,-1
2021-07-30,87710,2022-03-31,1,,,,,,,,,,,,,,,,,,,,,,,,,,,,,22.00,,,,,,,false,true,12,2021-04-01,2022-03-31,0
2021-07-30,87710,2022-03-31,1,,,,,,,,,,,,,,,,,,,,,,,,,,,,,,,,,46581800,1414,46109045,false,false,3,2021-04-01,2021-06-30,0
2021-07-30,87710,2021-03-31,1,,,,,,,,,,,,,,,,,,,,,,,,,,,,,,,,,,,42504989,false,false,3,2020-04-01,2020-06-30,-1
2021-10-29,87710,2022-03-31,2,3847000000,0.115,,,,,1805000000,0.201,1809000000,0.197,,1179000000,,25.45,24.61,,,,,22997000000,18060000000,0.727,358.72,16718000000,,,,,,,,,,,,true,false,6,2021-04-01,2021-09-30,0
2021-10-29,87710,2021-03-31,2,3451000000,0.187,,,,,1503000000,0.163,1511000000,0.158,,970000000,,22.37,20.77,,,,,,,,,,,,,,,,,,,,,true,false,6,2020-04-01,2020-09-30,-1
2021-10-29,87710,2022-03-31,2,8500000000,0.181,,,,,3720000000,0.204,3750000000,0.206,,2400000000,,52.48,,,,,,,,,,,,,,,,,,,,,,true,true,12,2021-04-01,2022-03-31,0
2021-10-29,87710,2021-03-31,2,,,,,,,,,,,,,,,,,,,,22570000000,17186000000,0.703,347.19,15876000000,,,,,,,,,,,,true,false,12,2020-04-01,2021-03-31,-1
2021-10-29,87710,2021-03-31,2,,,,,,,,,,,,,,,,,,,,,,,,,,,,,22.00,,,,45729800,1414,,false,false,12,2020-04-01,2021-03-31,-1
2021-10-29,87710,2022-03-31,2,,,,,,,,,,,,,,,,,,,,,,,,,,,,,0.00,,,,,,,false,false,12,2021-04-01,2022-03-31,0
2021-10-29,87710,2022-03-31,2,,,,,,,,,,,,,,,,,,,,,,,,,,,,,22.00,,,,,,,false,true,12,2021-04-01,2022-03-31,0
2021-10-29,87710,2022-03-31,2,,,,,,,,,,,,,,,,,,,,,,,,,,,,,,,,,46607400,1414,46352790,false,false,6,2021-04-01,2021-09-30,0
2021-10-29,87710,2021-03-31,2,,,,,,,,,,,,,,,,,,,,,,,,,,,,,,,,,,,43390567,false,false,6,2020-04-01,2020-09-30,-1
2022-01-28,87710,2022-03-31,3,5864000000,0.107,,,,,2819000000,0.232,2811000000,0.222,,1840000000,,39.61,38.35,,,,,23589000000,18801000000,0.740,373.70,17466000000,,,,,,,,,,,,true,false,9,2021-04-01,2021-12-31,0
2022-01-28,87710,2021-03-31,3,5297000000,0.200,,,,,2287000000,0.148,2300000000,0.142,,1495000000,,33.93,31.81,,,,,,,,,,,,,,,,,,,,,true,false,9,2020-04-01,2020-12-31,-1
2022-01-28,87710,2022-03-31,3,8500000000,0.181,,,,,3720000000,0.204,3750000000,0.206,,2400000000,,52.48,,,,,,,,,,,,,,,,,,,,,,true,true,12,2021-04-01,2022-03-31,0
2022-01-28,87710,2021-03-31,3,,,,,,,,,,,,,,,,,,,,22570000000,17186000000,0.703,347.19,15876000000,,,,,,,,,,,,true,false,12,2020-04-01,2021-03-31,-1
2022-01-28,87710,2021-03-31,3,,,,,,,,,,,,,,,,,,,,,,,,,,,,,22.00,,,,45729800,1414,,false,false,12,2020-04-01,2021-03-31,-1
2022-01-28,87710,2022-03-31,3,,,,,,,,,,,,,,,,,,,,,,,,,,,,,0.00,,,,,,,false,false,12,2021-04-01,2022-03-31,0
2022-01-28,87710,2022-03-31,3,,,,,,,,,,,,,,,,,,,,,,,,,,,,,22.00,,,,,,,false,true,12,2021-04-01,2022-03-31,0
2022-01-28,87710,2022-03-31,3,,,,,,,,,,,,,,,,,,,,,,,,,,,,,,,,,46742200,1434,46462899,false,false,9,2021-04-01,2021-12-31,0
2022-01-28,87710,2021-03-31,3,,,,,,,,,,,,,,,,,,,,,,,,,,,,,,,,,,,44072310,false,false,9,2020-04-01,2020-12-31,-1
2022-05-13,87710,2022-03-31,,7894000000,0.097,,,,,3732000000,0.208,3760000000,0.210,,2463000000,,52.92,51.32,0.145,0.157,0.473,,25256000000,19716000000,0.719,387.62,18157000000,2662000000,-1824000000,-87000000,12395000000,,0.491,,,,,,true,false,12,2021-04-01,2022-03-31,0
2022-05-13,87710,2021-03-31,,7194000000,0.208,,,,,3088000000,0.136,3108000000,0.130,,2004000000,,45.12,42.51,0.146,0.159,0.429,,22570000000,17186000000,0.703,347.19,15876000000,4694000000,-80000000,2209000000,11644000000,,0.488,,,,,,true,false,12,2020-04-01,2021-03-31,-1
2022-05-13,87710,2023-03-31,,4100000000,0.066,,,,,1980000000,0.097,2000000000,0.105,,1300000000,,27.75,,,,,,,,,,,,,,,,,,,,,,true,true,6,2022-04-01,2022-09-30,1
2022-05-13,87710,2023-03-31,,8800000000,0.115,,,,,4150000000,0.112,4200000000,0.117,,2750000000,,58.70,,,,,,,,,,,,,,,,0.443,,,,,,true,true,12,2022-04-01,2023-03-31,1
2022-05-13,87710,2022-03-31,,8171000000,0.051,,,,,3257000000,0.211,3580000000,0.217,2461000000,,0.226,52.89,51.28,,,,,23852000000,18328000000,0.762,387.95,18173000000,,,,,26.00,,,,46845400,1434,46543029,false,false,12,2021-04-01,2022-03-31,0
2022-05-13,87710,2021-03-31,,7776000000,0.275,,,,,2689000000,0.144,2941000000,0.129,2008000000,,-0.127,45.22,42.60,,,,,21517000000,16041000000,0.739,347.56,15893000000,,,,,22.00,,,,45729800,1414,44415315,false,false,12,2020-04-01,2021-03-31,-1
2022-05-13,87710,2023-03-31,,4300000000,0.079,,,,,,,2000000000,0.173,1300000000,,0.109,27.75,,,,,,,,,,,,,,,,,,,,,,false,true,6,2022-04-01,2022-09-30,1
2022-05-13,87710,2023-03-31,,9100000000,0.114,,,,,,,4150000000,0.159,2750000000,,0.117,58.70,,,,,,,,,,,,,,,26.00,,,,,,,false,true,12,2022-04-01,2023-03-31,1
2022-07-29,87710,2023-03-31,1,2040000000,0.066,,,,,1005000000,0.161,1019000000,0.179,,705000000,,15.01,14.59,,,,,24500000000,19466000000,0.733,380.56,17958000000,,,,,,,,,,,,true,false,3,2022-04-01,2022-06-30,0
2022-07-29,87710,2022-03-31,1,1913000000,0.134,,,,,866000000,0.184,864000000,0.172,,568000000,,12.33,11.89,,,,,,,,,,,,,,,,,,,,,true,false,3,2021-04-01,2021-06-30,-1
2022-07-29,87710,2023-03-31,1,4100000000,0.066,,,,,1980000000,0.097,2000000000,0.105,,1300000000,,27.75,,,,,,,,,,,,,,,,,,,,,,true,true,6,2022-04-01,2022-09-30,0
2022-07-29,87710,2023-03-31,1,8800000000,0.115,,,,,4150000000,0.112,4200000000,0.117,,2750000000,,58.70,,,,,,,,,,,,,,,,,,,,,,true,true,12,2022-04-01,2023-03-31,0
2022-07-29,87710,2022-03-31,1,,,,,,,,,,,,,,,,,,,,25256000000,19716000000,0.719,387.62,18157000000,,,,,,,,,,,,true,false,12,2021-04-01,2022-03-31,-1
2022-07-29,87710,2022-03-31,1,,,,,,,,,,,,,,,,,,,,,,,,,,,,,26.00,,,,46845400,1434,,false,false,12,2021-04-01,2022-03-31,-1
2022-07-29,87710,2023-03-31,1,,,,,,,,,,,,,,,,,,,,,,,,,,,,,26.00,,,,,,,false,true,12,2022-04-01,2023-03-31,0
2022-07-29,87710,2023-03-31,1,,,,,,,,,,,,,,,,,,,,,,,,,,,,,,,,,47191600,1534,46992314,false,false,3,2022-04-01,2022-06-30,0
2022-07-29,87710,2022-03-31,1,,,,,,,,,,,,,,,,,,,,,,,,,,,,,,,,,,,46109045,false,false,3,2021-04-01,2021-06-30,-1
2022-10-28,87710,2023-03-31,2,4150000000,0.079,,,,,2017000000,0.118,2054000000,0.136,,1402000000,,29.77,28.93,,,,,25748000000,20283000000,0.728,396.66,18741000000,,,,,,,,,,,,true,false,6,2022-04-01,2022-09-30,0
2022-10-28,87710,2022-03-31,2,3847000000,0.115,,,,,1805000000,0.201,1809000000,0.197,,1179000000,,25.45,24.61,,,,,,,,,,,,,,,,,,,,,true,false,6,2021-04-01,2021-09-30,-1
2022-10-28,87710,2023-03-31,2,8800000000,0.115,,,,,4150000000,0.112,4200000000,0.117,,2750000000,,58.70,,,,,,,,,,,,,,,,,,,,,,true,true,12,2022-04-01,2023-03-31,0
2022-10-28,87710,2022-03-31,2,,,,,,,,,,,,,,,,,,,,25256000000,19716000000,0.719,387.62,18157000000,,,,,,,,,,,,true,false,12,2021-04-01,2022-03-31,-1
2022-10-28,87710,2022-03-31,2,,,,,,,,,,,,,,,,,,,,,,,,,,,,,26.00,,,,46845400,1434,,false,false,12,2021-04-01,2022-03-31,-1
2022-10-28,87710,2023-03-31,2,,,,,,,,,,,,,,,,,,,,,,,,,,,,,0.00,,,,,,,false,false,12,2022-04-01,2023-03-31,0
2022-10-28,87710,2023-03-31,2,,,,,,,,,,,,,,,,,,,,,,,,,,,,,26.00,,,,,,,false,true,12,2022-04-01,2023-03-31,0
2022-10-28,87710,2023-03-31,2,,,,,,,,,,,,,,,,,,,,,,,,,,,,,,,,,47249800,1534,47113784,false,false,6,2022-04-01,2022-09-30,0
2022-10-28,87710,2022-03-31,2,,,,,,,,,,,,,,,,,,,,,,,,,,,,,,,,,,,46352790,false,false,6,2021-04-01,2021-09-30,-1
,87710,2023-03-31,,,,,,,,,,,,,,,,,,,,,,,,,,,,,,30.00,,,,,,,false,true,12,2022-04-01,2023-03-31,0
,87710,2023-03-31,,,,,,,,,,,,,,,,,,,,,,,,,,,,,,0.00,,,,,,,false,false,12,2022-04-01,2023-03-31,0
,87710,2022-03-31,,,,,,,,,,,,,,,,,,,,,,,,,,,,,,26.00,,,,,,,false,false,12,2021-04-01,2022-03-31,-1
2023-01-30,87710,2023-03-31,3,6298000000,0.074,,,,,3172000000,0.125,3235000000,0.151,,2211000000,,46.89,45.53,,,,,26416000000,21295000000,0.740,413.84,19558000000,,,,,,,,,,,,true,false,9,2022-04-01,2022-12-31,0
2023-01-30,87710,2022-03-31,3,5864000000,0.107,,,,,2819000000,0.232,2811000000,0.222,,1840000000,,39.61,38.35,,,,,,,,,,,,,,,,,,,,,true,false,9,2021-04-01,2021-12-31,-1
2023-01-30,87710,2023-03-31,3,8800000000,0.115,,,,,4150000000,0.112,4200000000,0.117,,2750000000,,58.70,,,,,,,,,,,,,,,,,,,,,,true,true,12,2022-04-01,2023-03-31,0
2023-01-30,87710,2022-03-31,3,,,,,,,,,,,,,,,,,,,,25256000000,19716000000,0.719,387.62,18157000000,,,,,,,,,,,,true,false,12,2021-04-01,2022-03-31,-1
2023-01-30,87710,2022-03-31,3,,,,,,,,,,,,,,,,,,,,,,,,,,,,,26.00,,,,46845400,1434,,false,false,12,2021-04-01,2022-03-31,-1
2023-01-30,87710,2023-03-31,3,,,,,,,,,,,,,,,,,,,,,,,,,,,,,0.00,,,,,,,false,false,12,2022-04-01,2023-03-31,0
2023-01-30,87710,2023-03-31,3,,,,,,,,,,,,,,,,,,,,,,,,,,,,,30.00,,,,,,,false,true,12,2022-04-01,2023-03-31,0
2023-01-30,87710,2023-03-31,3,,,,,,,,,,,,,,,,,,,,,,,,,,,,,,,4.00,,47261800,1534,47160214,false,false,9,2022-04-01,2022-12-31,0
2023-01-30,87710,2022-03-31,3,,,,,,,,,,,,,,,,,,,,,,,,,,,,,,,,,,,46462899,false,false,9,2021-04-01,2021-12-31,-1
2023-05-12,87710,2023-03-31,,8494000000,0.076,,,,,4150000000,0.112,4231000000,0.125,,2864000000,,60.68,58.95,0.149,0.159,0.489,,27997000000,21998000000,0.727,428.68,20347000000,3238000000,-4192000000,-713000000,10727000000,,0.560,,,,,,true,false,12,2022-04-01,2023-03-31,0
2023-05-12,87710,2022-03-31,,7894000000,0.097,,,,,3732000000,0.208,3760000000,0.210,,2463000000,,52.92,51.32,0.145,0.157,0.473,,25256000000,19716000000,0.719,387.62,18157000000,2662000000,-1824000000,-87000000,12395000000,,0.491,,,,,,true,false,12,2021-04-01,2022-03-31,-1
2023-05-12,87710,2024-03-31,,4600000000,0.108,,,,,2300000000,0.140,2350000000,0.144,,1550000000,,32.65,,,,,,,,,,,,,,,,,,,,,,true,true,6,2023-04-01,2023-09-30,1
2023-05-12,87710,2024-03-31,,9500000000,0.118,,,,,4800000000,0.156,4900000000,0.158,,3200000000,,67.41,,,,,,,,,,,,,,,,0.519,,,,,,true,true,12,2023-04-01,2024-03-31,1
2023-05-12,87710,2023-03-31,,8682000000,0.063,,,,,3754000000,0.152,4070000000,0.137,2848000000,,0.157,60.33,58.61,,,,,26520000000,20509000000,0.767,428.65,20346000000,,,,,34.00,,30.00,4.00,47467700,1570,47204728,false,false,12,2022-04-01,2023-03-31,0
2023-05-12,87710,2022-03-31,,8171000000,0.051,,,,,3257000000,0.211,3580000000,0.217,2461000000,,0.226,52.89,51.28,,,,,23852000000,18328000000,0.762,387.95,18173000000,,,,,26.00,,,,46845400,1434,46543029,false,false,12,2021-04-01,2022-03-31,-1
2023-05-12,87710,2024-03-31,,4600000000,0.079,,,,,,,2250000000,0.133,1550000000,,0.102,32.65,,,,,,,,,,,,,,,,,,,,,,false,true,6,2023-04-01,2023-09-30,1
2023-05-12,87710,2024-03-31,,9500000000,0.094,,,,,,,4700000000,0.155,3200000000,,0.124,67.41,,,,,,,,,,,,,,,35.00,,,,,,,false,true,12,2023-04-01,2024-03-31,1
2023-07-28,87710,2024-03-31,1,2240000000,0.098,,,,,1150000000,0.144,1169000000,0.147,,771000000,,16.24,15.91,,,,,26513000000,21293000000,0.737,411.17,19536000000,,,,,,,,,,,,true,false,3,2023-04-01,2023-06-30,0
2023-07-28,87710,2023-03-31,1,2040000000,0.066,,,,,1005000000,0.161,1019000000,0.179,,705000000,,15.01,14.59,,,,,,,,,,,,,,,,,,,,,true,false,3,2022-04-01,2022-06-30,-1
2023-07-28,87710,2024-03-31,1,4600000000,0.108,,,,,2300000000,0.140,2350000000,0.144,,1550000000,,32.65,,,,,,,,,,,,,,,,,,,,,,true,true,6,2023-04-01,2023-09-30,0
2023-07-28,87710,2024-03-31,1,9500000000,0.118,,,,,4800000000,0.156,4900000000,0.158,,3200000000,,67.41,,,,,,,,,,,,,,,,,,,,,,true,true,12,2023-04-01,2024-03-31,0
2023-07-28,87710,2023-03-31,1,,,,,,,,,,,,,,,,,,,,27997000000,21998000000,0.727,428.68,20347000000,,,,,,,,,,,,true,false,12,2022-04-01,2023-03-31,-1
2023-07-28,87710,2023-03-31,1,,,,,,,,,,,,,,,,,,,,,,,,,,,,,34.00,,,,47467700,1570,,false,false,12,2022-04-01,2023-03-31,-1
2023-07-28,87710,2024-03-31,1,,,,,,,,,,,,,,,,,,,,,,,,,,,,,35.00,,,,,,,false,true,12,2023-04-01,2024-03-31,0
2023-07-28,87710,2024-03-31,1,,,,,,,,,,,,,,,,,,,,,,,,,,,,,,,,,47515700,1570,47498305,false,false,3,2023-04-01,2023-06-30,0
2023-07-28,87710,2023-03-31,1,,,,,,,,,,,,,,,,,,,,,,,,,,,,,,,,,,,46992314,false,false,3,2022-04-01,2022-06-30,-1
2023-10-30,87710,2024-03-31,2,4501000000,0.084,,,,,2348000000,0.164,2360000000,0.149,,1555000000,,32.72,32.08,,,,,27927000000,22410000000,0.730,428.72,20393000000,,,,,,,,,,,,true,false,6,2023-04-01,2023-09-30,0
2023-10-30,87710,2023-03-31,2,4150000000,0.079,,,,,2017000000,0.118,2054000000,0.136,,1402000000,,29.77,28.93,,,,,,,,,,,,,,,,,,,,,true,false,6,2022-04-01,2022-09-30,-1
2023-10-30,87710,2024-03-31,2,9500000000,0.118,,,,,4800000000,0.156,4900000000,0.158,,3200000000,,67.41,,,,,,,,,,,,,,,,,,,,,,true,true,12,2023-04-01,2024-03-31,0
2023-10-30,87710,2023-03-31,2,,,,,,,,,,,,,,,,,,,,27997000000,21998000000,0.727,428.68,20347000000,,,,,,,,,,,,true,false,12,2022-04-01,2023-03-31,-1
2023-10-30,87710,2023-03-31,2,,,,,,,,,,,,,,,,,,,,,,,,,,,,,34.00,,,,47467700,1570,,false,false,12,2022-04-01,2023-03-31,-1
2023-10-30,87710,2024-03-31,2,,,,,,,,,,,,,,,,,,,,,,,,,,,,,0.00,,,,,,,false,false,12,2023-04-01,2024-03-31,0
2023-10-30,87710,2024-03-31,2,,,,,,,,,,,,,,,,,,,,,,,,,,,,,35.00,,,,,,,false,true,12,2023-04-01,2024-03-31,0
2023-10-30,87710,2024-03-31,2,,,,,,,,,,,,,,,,,,,,,,,,,,,,,,,,,47570100,1570,47528516,false,false,6,2023-04-01,2023-09-30,0
2023-10-30,87710,2023-03-31,2,,,,,,,,,,,,,,,,,,,,,,,,,,,,,,,,,,,47113784,false,false,6,2022-04-01,2022-09-30,-1
2024-01-30,87710,2024-03-31,3,6821000000,0.083,,,,,3631000000,0.145,3652000000,0.129,,2408000000,,50.66,49.72,,,,,28664000000,23273000000,0.741,446.66,21246000000,,,,,,,,,,,,true,false,9,2023-04-01,2023-12-31,0
2024-01-30,87710,2023-03-31,3,6298000000,0.074,,,,,3172000000,0.125,3235000000,0.151,,2211000000,,46.89,45.53,,,,,,,,,,,,,,,,,,,,,true,false,9,2022-04-01,2022-12-31,-1
2024-01-30,87710,2024-03-31,3,9500000000,0.118,,,,,4800000000,0.156,4900000000,0.158,,3200000000,,67.41,,,,,,,,,,,,,,,,,,,,,,true,true,12,2023-04-01,2024-03-31,0
2024-01-30,87710,2023-03-31,3,,,,,,,,,,,,,,,,,,,,27997000000,21998000000,0.727,428.68,20347000000,,,,,,,,,,,,true,false,12,2022-04-01,2023-03-31,-1
2024-01-30,87710,2023-03-31,3,,,,,,,,,,,,,,,,,,,,,,,,,,,,,34.00,,,,47467700,1570,,false,false,12,2022-04-01,2023-03-31,-1
2024-01-30,87710,2024-03-31,3,,,,,,,,,,,,,,,,,,,,,,,,,,,,,0.00,,,,,,,false,false,12,2023-04-01,2024-03-31,0
2024-01-30,87710,2024-03-31,3,,,,,,,,,,,,,,,,,,,,,,,,,,,,,35.00,,,,,,,false,true,12,2023-04-01,2024-03-31,0
2024-01-30,87710,2024-03-31,3,,,,,,,,,,,,,,,,,,,,,,,,,,,,,,,,,47570100,1570,47541903,false,false,9,2023-04-01,2023-12-31,0
2024-01-30,87710,2023-03-31,3,,,,,,,,,,,,,,,,,,,,,,,,,,,,,,,,,,,47160214,false,false,9,2022-04-01,2022-12-31,-1
2024-05-15,87710,2024-03-31,,9165000000,0.079,,,,,4850000000,0.168,4902000000,0.159,,3262000000,,68.60,67.36,0.153,0.169,0.529,,30109000000,24126000000,0.737,465.10,22179000000,3132000000,-4284000000,-1330000000,8243000000,,0.510,,,,,,true,false,12,2023-04-01,2024-03-31,0
2024-05-15,87710,2023-03-31,,8494000000,0.076,,,,,4150000000,0.112,4231000000,0.125,,2864000000,,60.68,58.95,0.149,0.159,0.489,,27997000000,21998000000,0.727,428.68,20347000000,3238000000,-4192000000,-713000000,10727000000,,0.560,,,,,,true,false,12,2022-04-01,2023-03-31,-1
2024-05-15,87710,2025-03-31,,4800000000,0.066,,,,,2380000000,0.013,2400000000,0.017,,1600000000,,33.55,,,,,,,,,,,,,,,,,,,,,,true,true,6,2024-04-01,2024-09-30,1
2024-05-15,87710,2025-03-31,,10100000000,0.102,,,,,5100000000,0.052,5200000000,0.061,,3450000000,,72.34,,,,,,,,,,,,,,,,0.511,,,,,,true,true,12,2024-04-01,2025-03-31,1
2024-05-15,87710,2024-03-31,,9552000000,0.100,,,,,4483000000,0.194,4743000000,0.165,3264000000,,0.146,68.64,67.40,,,,,28410000000,22339000000,0.781,465.10,22179000000,,,,,35.00,,,,47690100,1870,47559989,false,false,12,2023-04-01,2024-03-31,0
2024-05-15,87710,2023-03-31,,8682000000,0.063,,,,,3754000000,0.152,4070000000,0.137,2848000000,,0.157,60.33,58.61,,,,,26520000000,20509000000,0.767,428.65,20346000000,,,,,34.00,,,,47467700,1570,47204728,false,false,12,2022-04-01,2023-03-31,-1
2024-05-15,87710,2025-03-31,,5000000000,0.068,,,,,,,2300000000,0.020,1600000000,,0.032,33.55,,,,,,,,,,,,,,,,,,,,,,false,true,6,2024-04-01,2024-09-30,1
2024-05-15,87710,2025-03-31,,10500000000,0.099,,,,,,,5000000000,0.054,3450000000,,0.057,72.34,,,,,,,,,,,,,,,37.00,,,,,,,false,true,12,2024-04-01,2025-03-31,1
2024-08-08,87710,2025-03-31,1,2406000000,0.074,,,,,1168000000,0.015,1187000000,0.015,,779000000,,16.34,16.15,,,,,28886000000,23366000000,0.737,446.44,21289000000,,,,,,,,,,,,true,false,3,2024-04-01,2024-06-30,0
2024-08-08,87710,2024-03-31,1,2240000000,0.098,,,,,1150000000,0.144,1169000000,0.147,,771000000,,16.24,15.91,,,,,,,,,,,,,,,,,,,,,true,false,3,2023-04-01,2023-06-30,-1
2024-08-08,87710,2025-03-31,1,4800000000,0.066,,,,,2380000000,0.013,2400000000,0.017,,1600000000,,33.55,,,,,,,,,,,,,,,,,,,,,,true,true,6,2024-04-01,2024-09-30,0
2024-08-08,87710,2025-03-31,1,10100000000,0.102,,,,,5100000000,0.052,5200000000,0.061,,3450000000,,72.34,,,,,,,,,,,,,,,,,,,,,,true,true,12,2024-04-01,2025-03-31,0
2024-08-08,87710,2024-03-31,1,,,,,,,,,,,,,,,,,,,,30109000000,24126000000,0.737,465.10,22179000000,,,,,,,,,,,,true,false,12,2023-04-01,2024-03-31,-1
2024-08-08,87710,2024-03-31,1,,,,,,,,,,,,,,,,,,,,,,,,,,,,,35.00,,,,47690100,1870,,false,false,12,2023-04-01,2024-03-31,-1
2024-08-08,87710,2025-03-31,1,,,,,,,,,,,,,,,,,,,,,,,,,,,,,37.00,,,,,,,false,true,12,2024-04-01,2025-03-31,0
2024-08-08,87710,2025-03-31,1,,,,,,,,,,,,,,,,,,,,,,,,,,,,,,,,,47690100,1890,47688211,false,false,3,2024-04-01,2024-06-30,0
2024-08-08,87710,2024-03-31,1,,,,,,,,,,,,,,,,,,,,,,,,,,,,,,,,,,,47498305,false,false,3,2023-04-01,2023-06-30,-1
2024-11-07,87710,2025-03-31,2,4878000000,0.084,,,,,2380000000,0.013,2438000000,0.033,,1636000000,,34.30,33.90,,,,,30044000000,24314000000,0.740,465.70,22236000000,,,,,,,,,,,,true,false,6,2024-04-01,2024-09-30,0
2024-11-07,87710,2024-03-31,2,4501000000,0.084,,,,,2348000000,0.164,2360000000,0.149,,1555000000,,32.72,32.08,,,,,,,,,,,,,,,,,,,,,true,false,6,2023-04-01,2023-09-30,-1
2024-11-07,87710,2025-03-31,2,10100000000,0.102,,,,,5100000000,0.052,5200000000,0.061,,3450000000,,72.34,,,,,,,,,,,,,,,,,,,,,,true,true,12,2024-04-01,2025-03-31,0
2024-11-07,87710,2024-03-31,2,,,,,,,,,,,,,,,,,,,,30109000000,24126000000,0.737,465.10,22179000000,,,,,,,,,,,,true,false,12,2023-04-01,2024-03-31,-1
2024-11-07,87710,2024-03-31,2,,,,,,,,,,,,,,,,,,,,,,,,,,,,,35.00,,,,47690100,1870,,false,false,12,2023-04-01,2024-03-31,-1
2024-11-07,87710,2025-03-31,2,,,,,,,,,,,,,,,,,,,,,,,,,,,,,0.00,,,,,,,false,false,12,2024-04-01,2025-03-31,0
2024-11-07,87710,2025-03-31,2,,,,,,,,,,,,,,,,,,,,,,,,,,,,,37.00,,,,,,,false,true,12,2024-04-01,2025-03-31,0
2024-11-07,87710,2025-03-31,2,,,,,,,,,,,,,,,,,,,,,,,,,,,,,,,,,47752100,2490,47710874,false,false,6,2024-04-01,2024-09-30,0
2024-11-07,87710,2024-03-31,2,,,,,,,,,,,,,,,,,,,,,,,,,,,,,,,,,,,47528516,false,false,6,2023-04-01,2023-09-30,-1
2025-02-10,87710,2025-03-31,3,7493000000,0.099,,,,,3741000000,0.030,3812000000,0.044,,2514000000,,52.67,52.05,,,,,30861000000,25297000000,0.750,484.25,23145000000,,,,,,,,,,,,true,false,9,2024-04-01,2024-12-31,0
2025-02-10,87710,2024-03-31,3,6821000000,0.083,,,,,3631000000,0.145,3652000000,0.129,,2408000000,,50.66,49.72,,,,,,,,,,,,,,,,,,,,,true,false,9,2023-04-01,2023-12-31,-1
2025-02-10,87710,2025-03-31,3,10100000000,0.102,,,,,5100000000,0.052,5200000000,0.061,,3450000000,,72.34,,,,,,,,,,,,,,,,,,,,,,true,true,12,2024-04-01,2025-03-31,0
2025-02-10,87710,2024-03-31,3,,,,,,,,,,,,,,,,,,,,30109000000,24126000000,0.737,465.10,22179000000,,,,,,,,,,,,true,false,12,2023-04-01,2024-03-31,-1
2025-02-10,87710,2024-03-31,3,,,,,,,,,,,,,,,,,,,,,,,,,,,,,35.00,,,,47690100,1870,,false,false,12,2023-04-01,2024-03-31,-1
2025-02-10,87710,2025-03-31,3,,,,,,,,,,,,,,,,,,,,,,,,,,,,,0.00,,,,,,,false,false,12,2024-04-01,2025-03-31,0
2025-02-10,87710,2025-03-31,3,,,,,,,,,,,,,,,,,,,,,,,,,,,,,37.00,,,,,,,false,true,12,2024-04-01,2025-03-31,0
2025-02-10,87710,2025-03-31,3,,,,,,,,,,,,,,,,,,,,,,,,,,,,,,,,,47800100,2690,47732192,false,false,9,2024-04-01,2024-12-31,0
2025-02-10,87710,2024-03-31,3,,,,,,,,,,,,,,,,,,,,,,,,,,,,,,,,,,,47541903,false,false,9,2023-04-01,2023-12-31,-1
2025-05-14,87710,2025-03-31,,10224000000,0.116,,,,,5103000000,0.052,5203000000,0.061,,3491000000,,73.10,72.24,0.151,0.165,0.499,,33014000000,26391000000,0.733,505.07,24206000000,4101000000,311000000,-1441000000,11215000000,,0.506,,,,,,true,false,12,2024-04-01,2025-03-31,0
2025-05-14,87710,2024-03-31,,9165000000,0.079,,,,,4850000000,0.168,4902000000,0.159,,3262000000,,68.60,67.36,0.153,0.169,0.529,,30109000000,24126000000,0.737,465.10,22179000000,3132000000,-4284000000,-1330000000,8243000000,,0.510,,,,,,true,false,12,2023-04-01,2024-03-31,-1
2025-05-14,87710,2026-03-31,,5400000000,0.107,,,,,2500000000,0.050,2550000000,0.046,,1650000000,,34.60,,,,,,,,,,,,,,,,,,,,,,true,true,6,2025-04-01,2025-09-30,1
2025-05-14,87710,2026-03-31,,11300000000,0.105,,,,,5200000000,0.019,5300000000,0.019,,3550000000,,74.07,,,,,,,,,,,,,,,,0.513,,,,,,true,true,12,2025-04-01,2026-03-31,1
2025-05-14,87710,2025-03-31,,10866000000,0.138,,,,,4827000000,0.077,5091000000,0.073,3485000000,,0.068,72.98,72.12,,,,,31127000000,24358000000,0.777,504.96,24200000000,,,,,37.00,,,,47928900,2733,47758519,false,false,12,2024-04-01,2025-03-31,0
2025-05-14,87710,2024-03-31,,9552000000,0.100,,,,,4483000000,0.194,4743000000,0.165,3264000000,,0.146,68.64,67.40,,,,,28410000000,22339000000,0.781,465.10,22179000000,,,,,35.00,,,,47690100,1870,47559989,false,false,12,2023-04-01,2024-03-31,-1
2025-05-14,87710,2026-03-31,,5800000000,0.123,,,,,,,2400000000,0.007,1650000000,,0.010,34.60,,,,,,,,,,,,,,,,,,,,,,false,true,6,2025-04-01,2025-09-30,1
2025-05-14,87710,2026-03-31,,11900000000,0.095,,,,,,,5200000000,0.021,3550000000,,0.018,74.44,,,,,,,,,,,,,,,38.00,,,,,,,false,true,12,2025-04-01,2026-03-31,1
