filing_date,code,fiscal_year_end,quarterly_period,net_sales,net_sales_change,revenue,revenue_change,operating_revenue,operating_revenue_change,operating_profit,operating_profit_change,ordinary_profit,ordinary_profit_change,net_income,net_income_of_parent,net_income_change,eps,diluted_eps,roe,roa,operating_profit_to_net_sales,operating_profit_to_revenue,total_assets,net_assets,equity_ratio,bps,owner_equity,operating_cash_flow,investing_cash_flow,financing_cash_flow,cash,dividend_per_share,payout_ratio,commemorative_dividend,extra_dividend,number_of_shares,number_of_treqsury_shares,avg_number_of_shares,is_consolidated,is_forecast,duration,period_start,period_end,period_pos
2015-07-30,87930,2016-03-31,1,50928000000,0.067,,,,,1525000000,-0.536,1351000000,-0.599,,726000000,,33.74,,,,,,810688000000,99698000000,0.092,,74411000000,,,,,,,,,,,,true,false,3,2015-04-01,2015-06-30,0
2015-07-30,87930,2015-03-31,1,47740000000,-0.105,,,,,3288000000,0.007,3369000000,0.013,,2099000000,,97.50,,,,,,,,,,,,,,,,,,,,,,true,false,3,2014-04-01,2014-06-30,-1
2015-07-30,87930,2016-03-31,1,90000000000,-0.075,,,,,2500000000,-0.523,2500000000,-0.498,,1500000000,,69.66,,,,,,,,,,,,,,,,,,,,,,true,true,6,2015-04-01,2015-09-30,0
2015-07-30,87930,2016-03-31,1,190000000000,-0.112,,,,,5500000000,-0.090,5500000000,0.162,,3500000000,,162.54,,,,,,,,,,,,,,,,,,,,,,true,true,12,2015-04-01,2016-03-31,0
2015-07-30,87930,2015-03-31,1,,,,,,,,,,,,,,,,,,,,808732000000,105927000000,0.092,,74368000000,,,,,,,,,,,,true,false,12,2014-04-01,2015-03-31,-1
2015-07-30,87930,2015-03-31,1,,,,,,,,,,,,,,,,,,,,,,,,,,,,,44.00,,,,21533400,398,,false,false,12,2014-04-01,2015-03-31,-1
2015-07-30,87930,2016-03-31,1,,,,,,,,,,,,,,,,,,,,,,,,,,,,,44.00,,,,,,,false,true,12,2015-04-01,2016-03-31,0
2015-07-30,87930,2016-03-31,1,,,,,,,,,,,,,,,,,,,,,,,,,,,,,,,,,21533400,398,21533002,false,false,3,2015-04-01,2015-06-30,0
2015-07-30,87930,2015-03-31,1,,,,,,,,,,,,,,,,,,,,,,,,,,,,,,,,,,,21533002,false,false,3,2014-04-01,2014-06-30,-1
2015-10-29,87930,2016-03-31,2,100210000000,0.030,,,,,2460000000,-0.530,2552000000,-0.488,,1781000000,,82.72,,,,,,802881000000,99863000000,0.094,,75185000000,,,,,,,,,,,,true,false,6,2015-04-01,2015-09-30,0
2015-10-29,87930,2015-03-31,2,97245000000,-0.119,,,,,5238000000,-0.142,4980000000,-0.222,,2955000000,,137.24,,,,,,,,,,,,,,,,,,,,,,true,false,6,2014-04-01,2014-09-30,-1
2015-10-29,87930,2016-03-31,2,190000000000,-0.112,,,,,5500000000,-0.090,5500000000,0.162,,3500000000,,162.54,,,,,,,,,,,,,,,,,,,,,,true,true,12,2015-04-01,2016-03-31,0
2015-10-29,87930,2015-03-31,2,,,,,,,,,,,,,,,,,,,,808732000000,105927000000,0.092,,74368000000,,,,,,,,,,,,true,false,12,2014-04-01,2015-03-31,-1
2015-10-29,87930,2015-03-31,2,,,,,,,,,,,,,,,,,,,,,,,,,,,,,44.00,,,,21533400,398,,false,false,12,2014-04-01,2015-03-31,-1
2015-10-29,87930,2016-03-31,2,,,,,,,,,,,,,,,,,,,,,,,,,,,,,22.00,,,,,,,false,false,12,2015-04-01,2016-03-31,0
2015-10-29,87930,2016-03-31,2,,,,,,,,,,,,,,,,,,,,,,,,,,,,,44.00,,,,,,,false,true,12,2015-04-01,2016-03-31,0
2015-10-29,87930,2016-03-31,2,,,,,,,,,,,,,,,,,,,,,,,,,,,,,,,,,21533400,398,21533002,false,false,6,2015-04-01,2015-09-30,0
2015-10-29,87930,2015-03-31,2,,,,,,,,,,,,,,,,,,,,,,,,,,,,,,,,,,,21533002,false,false,6,2014-04-01,2014-09-30,-1
2016-01-28,87930,2016-03-31,3,153551000000,0.054,,,,,4819000000,-0.252,5114000000,-0.010,,3468000000,,161.06,,,,,,792497000000,102262000000,0.096,,76461000000,,,,,,,,,,,,true,false,9,2015-04-01,2015-12-31,0
2016-01-28,87930,2015-03-31,3,145742000000,-0.154,,,,,6440000000,-0.603,5166000000,-0.688,,3910000000,,181.59,,,,,,,,,,,,,,,,,,,,,,true,false,9,2014-04-01,2014-12-31,-1
2016-01-28,87930,2016-03-31,3,190000000000,-0.112,,,,,5500000000,-0.090,5500000000,0.162,,3500000000,,162.54,,,,,,,,,,,,,,,,,,,,,,true,true,12,2015-04-01,2016-03-31,0
2016-01-28,87930,2015-03-31,3,,,,,,,,,,,,,,,,,,,,808732000000,105927000000,0.092,,74368000000,,,,,,,,,,,,true,false,12,2014-04-01,2015-03-31,-1
2016-01-28,87930,2015-03-31,3,,,,,,,,,,,,,,,,,,,,,,,,,,,,,44.00,,,,21533400,398,,false,false,12,2014-04-01,2015-03-31,-1
2016-01-28,87930,2016-03-31,3,,,,,,,,,,,,,,,,,,,,,,,,,,,,,22.00,,,,,,,false,false,12,2015-04-01,2016-03-31,0
2016-01-28,87930,2016-03-31,3,,,,,,,,,,,,,,,,,,,,,,,,,,,,,44.00,,,,,,,false,true,12,2015-04-01,2016-03-31,0
2016-01-28,87930,2016-03-31,3,,,,,,,,,,,,,,,,,,,,,,,,,,,,,,,,,21533400,398,21553002,false,false,9,2015-04-01,2015-12-31,0
2016-01-28,87930,2015-03-31,3,,,,,,,,,,,,,,,,,,,,,,,,,,,,,,,,,,,21553002,false,false,9,2014-04-01,2014-12-31,-1
2016-04-27,87930,2016-03-31,,202637000000,-0.052,,,,,4870000000,-0.194,6031000000,0.274,,3334000000,,154.85,,0.044,0.007,0.024,,828943000000,101026000000,0.092,3529.64,76003000000,-18004000000,-12673000000,18482000000,30577000000,,0.284,,,,,,true,false,12,2015-04-01,2016-03-31,0
2016-04-27,87930,2015-03-31,,213853000000,-0.063,,,,,6043000000,-0.624,4733000000,-0.713,,2816000000,,130.81,,0.039,0.006,0.028,,808732000000,105927000000,0.092,3453.70,74368000000,-88601000000,2478000000,92480000000,43200000000,,0.336,,,,,,true,false,12,2014-04-01,2015-03-31,-1
2016-04-27,87930,2017-03-31,,97000000000,-0.032,,,,,2500000000,0.016,2500000000,-0.020,,1500000000,,69.66,,,,,,,,,,,,,,,,,,,,,,true,true,6,2016-04-01,2016-09-30,1
2016-04-27,87930,2017-03-31,,205000000000,0.012,,,,,6000000000,0.232,6000000000,-0.005,,3500000000,,162.54,,,,,,,,,,,,,,,,0.271,,,,,,true,true,12,2016-04-01,2017-03-31,1
2016-04-27,87930,2015-03-31,,,,,,,,,,,,,,,,,,,,,,,,,,,,,,44.00,,,,21533400,398,21533002,false,false,12,2014-04-01,2015-03-31,-1
2016-04-27,87930,2016-03-31,,,,,,,,,,,,,,,,,,,,,,,,,,,,,,44.00,,,,21533400,398,21533002,false,false,12,2015-04-01,2016-03-31,0
2016-04-27,87930,2017-03-31,,,,,,,,,,,,,,,,,,,,,,,,,,,,,,44.00,,,,,,,false,true,12,2016-04-01,2017-03-31,1
2016-07-28,87930,2017-03-31,1,48768000000,-0.042,,,,,2195000000,0.439,3307000000,1.447,,2295000000,,106.61,,,,,,837506000000,103019000000,0.093,,78020000000,,,,,,,,,,,,true,false,3,2016-04-01,2016-06-30,0
2016-07-28,87930,2016-03-31,1,50928000000,0.067,,,,,1525000000,-0.536,1351000000,-0.599,,726000000,,33.74,,,,,,,,,,,,,,,,,,,,,,true,false,3,2015-04-01,2015-06-30,-1
2016-07-28,87930,2017-03-31,1,97000000000,-0.032,,,,,2500000000,0.016,2500000000,-0.020,,1500000000,,69.66,,,,,,,,,,,,,,,,,,,,,,true,true,6,2016-04-01,2016-09-30,0
2016-07-28,87930,2017-03-31,1,205000000000,0.012,,,,,6000000000,0.232,6000000000,-0.005,,3500000000,,162.54,,,,,,,,,,,,,,,,,,,,,,true,true,12,2016-04-01,2017-03-31,0
2016-07-28,87930,2016-03-31,1,,,,,,,,,,,,,,,,,,,,828943000000,101026000000,0.092,,76003000000,,,,,,,,,,,,true,false,12,2015-04-01,2016-03-31,-1
2016-07-28,87930,2016-03-31,1,,,,,,,,,,,,,,,,,,,,,,,,,,,,,44.00,,,,21533400,398,,false,false,12,2015-04-01,2016-03-31,-1
2016-07-28,87930,2017-03-31,1,,,,,,,,,,,,,,,,,,,,,,,,,,,,,44.00,,,,,,,false,true,12,2016-04-01,2017-03-31,0
2016-07-28,87930,2017-03-31,1,,,,,,,,,,,,,,,,,,,,,,,,,,,,,,,,,21533400,398,21533002,false,false,3,2016-04-01,2016-06-30,0
2016-07-28,87930,2016-03-31,1,,,,,,,,,,,,,,,,,,,,,,,,,,,,,,,,,,,21533002,false,false,3,2015-04-01,2015-06-30,-1
2016-10-31,87930,2017-03-31,2,95844000000,-0.044,,,,,2761000000,0.123,4210000000,0.650,,2924000000,,135.81,,,,,,825813000000,103736000000,0.095,,78744000000,,,,,,,,,,,,true,false,6,2016-04-01,2016-09-30,0
2016-10-31,87930,2016-03-31,2,100210000000,0.030,,,,,2460000000,-0.530,2552000000,-0.488,,1781000000,,82.72,,,,,,,,,,,,,,,,,,,,,,true,false,6,2015-04-01,2015-09-30,-1
2016-10-31,87930,2017-03-31,2,205000000000,0.012,,,,,6000000000,0.232,6000000000,-0.005,,3500000000,,162.54,,,,,,,,,,,,,,,,,,,,,,true,true,12,2016-04-01,2017-03-31,0
2016-10-31,87930,2016-03-31,2,,,,,,,,,,,,,,,,,,,,828943000000,101026000000,0.092,,76003000000,,,,,,,,,,,,true,false,12,2015-04-01,2016-03-31,-1
2016-10-31,87930,2016-03-31,2,,,,,,,,,,,,,,,,,,,,,,,,,,,,,44.00,,,,21533400,398,,false,false,12,2015-04-01,2016-03-31,-1
2016-10-31,87930,2017-03-31,2,,,,,,,,,,,,,,,,,,,,,,,,,,,,,22.00,,,,,,,false,false,12,2016-04-01,2017-03-31,0
2016-10-31,87930,2017-03-31,2,,,,,,,,,,,,,,,,,,,,,,,,,,,,,44.00,,,,,,,false,true,12,2016-04-01,2017-03-31,0
2016-10-31,87930,2017-03-31,2,,,,,,,,,,,,,,,,,,,,,,,,,,,,,,,,,21533400,398,21533002,false,false,6,2016-04-01,2016-09-30,0
2016-10-31,87930,2016-03-31,2,,,,,,,,,,,,,,,,,,,,,,,,,,,,,,,,,,,21533002,false,false,6,2015-04-01,2015-09-30,-1
2017-01-30,87930,2017-03-31,3,146864000000,-0.044,,,,,5131000000,0.065,5202000000,0.017,,2647000000,,122.95,,,,,,821147000000,106780000000,0.095,,77863000000,,,,,,,,,,,,true,false,9,2016-04-01,2016-12-31,0
2017-01-30,87930,2016-03-31,3,153551000000,0.054,,,,,4819000000,-0.252,5114000000,-0.010,,3468000000,,161.06,,,,,,,,,,,,,,,,,,,,,,true,false,9,2015-04-01,2015-12-31,-1
2017-01-30,87930,2017-03-31,3,205000000000,0.012,,,,,6000000000,0.232,6000000000,-0.005,,3500000000,,162.54,,,,,,,,,,,,,,,,,,,,,,true,true,12,2016-04-01,2017-03-31,0
2017-01-30,87930,2016-03-31,3,,,,,,,,,,,,,,,,,,,,828943000000,101026000000,0.092,,76003000000,,,,,,,,,,,,true,false,12,2015-04-01,2016-03-31,-1
2017-01-30,87930,2016-03-31,3,,,,,,,,,,,,,,,,,,,,,,,,,,,,,44.00,,,,21533400,398,,false,false,12,2015-04-01,2016-03-31,-1
2017-01-30,87930,2017-03-31,3,,,,,,,,,,,,,,,,,,,,,,,,,,,,,22.00,,,,,,,false,false,12,2016-04-01,2017-03-31,0
2017-01-30,87930,2017-03-31,3,,,,,,,,,,,,,,,,,,,,,,,,,,,,,44.00,,,,,,,false,true,12,2016-04-01,2017-03-31,0
2017-01-30,87930,2017-03-31,3,,,,,,,,,,,,,,,,,,,,,,,,,,,,,,,,,21533400,398,21533002,false,false,9,2016-04-01,2016-12-31,0
2017-01-30,87930,2016-03-31,3,,,,,,,,,,,,,,,,,,,,,,,,,,,,,,,,,,,21533002,false,false,9,2015-04-01,2015-12-31,-1
2017-04-27,87930,2017-03-31,,215718000000,0.065,,,,,6024000000,0.237,6537000000,0.084,,3517000000,,163.35,,0.045,0.008,0.028,,860482000000,108821000000,0.092,3675.84,79151000000,-5866000000,-9127000000,28839000000,43831000000,,0.269,,,,,,true,false,12,2016-04-01,2017-03-31,0
2017-04-27,87930,2016-03-31,,202637000000,-0.052,,,,,4870000000,-0.194,6031000000,0.274,,3334000000,,154.85,,0.044,0.007,0.024,,828943000000,101026000000,0.092,3529.64,76003000000,-18004000000,-12673000000,18482000000,30577000000,,0.284,,,,,,true,false,12,2015-04-01,2016-03-31,-1
2017-04-27,87930,2018-03-31,,100000000000,0.043,,,,,4500000000,0.629,4500000000,0.069,,2000000000,,92.88,,,,,,,,,,,,,,,,,,,,,,true,true,6,2017-04-01,2017-09-30,1
2017-04-27,87930,2018-03-31,,200000000000,-0.073,,,,,7500000000,0.245,7500000000,0.147,,3500000000,,162.54,,,,,,,,,,,,,,,,0.271,,,,,,true,true,12,2017-04-01,2018-03-31,1
2017-04-27,87930,2016-03-31,,,,,,,,,,,,,,,,,,,,,,,,,,,,,,44.00,,,,21533400,398,21533002,false,false,12,2015-04-01,2016-03-31,-1
2017-04-27,87930,2017-03-31,,,,,,,,,,,,,,,,,,,,,,,,,,,,,,44.00,,,,21533400,398,21533002,false,false,12,2016-04-01,2017-03-31,0
2017-04-27,87930,2018-03-31,,,,,,,,,,,,,,,,,,,,,,,,,,,,,,44.00,,,,,,,false,true,12,2017-04-01,2018-03-31,1
2017-07-28,87930,2018-03-31,1,63083000000,0.294,,,,,8944000000,3.074,8843000000,1.674,,3596000000,,167.02,,,,,,862169000000,105271000000,0.095,,82313000000,,,,,,,,,,,,true,false,3,2017-04-01,2017-06-30,0
2017-07-28,87930,2017-03-31,1,48768000000,-0.042,,,,,2195000000,0.439,3307000000,1.447,,2295000000,,106.61,,,,,,,,,,,,,,,,,,,,,,true,false,3,2016-04-01,2016-06-30,-1
2017-07-28,87930,2018-03-31,1,110000000000,0.148,,,,,10000000000,2.621,10000000000,1.375,,4000000000,,185.76,,,,,,,,,,,,,,,,,,,,,,true,true,6,2017-04-01,2017-09-30,0
2017-07-28,87930,2018-03-31,1,210000000000,-0.027,,,,,11000000000,0.826,11000000000,0.683,,4500000000,,208.98,,,,,,,,,,,,,,,,,,,,,,true,true,12,2017-04-01,2018-03-31,0
2017-07-28,87930,2017-03-31,1,,,,,,,,,,,,,,,,,,,,860482000000,108821000000,0.092,,79151000000,,,,,,,,,,,,true,false,12,2016-04-01,2017-03-31,-1
2017-07-28,87930,2017-03-31,1,,,,,,,,,,,,,,,,,,,,,,,,,,,,,44.00,,,,21533400,398,,false,false,12,2016-04-01,2017-03-31,-1
2017-07-28,87930,2018-03-31,1,,,,,,,,,,,,,,,,,,,,,,,,,,,,,44.00,,,,,,,false,true,12,2017-04-01,2018-03-31,0
2017-07-28,87930,2018-03-31,1,,,,,,,,,,,,,,,,,,,,,,,,,,,,,,,,,21533400,398,21533002,false,false,3,2017-04-01,2017-06-30,0
2017-07-28,87930,2017-03-31,1,,,,,,,,,,,,,,,,,,,,,,,,,,,,,,,,,,,21533002,false,false,3,2016-04-01,2016-06-30,-1
2017-07-28,87930,2018-03-31,,110000000000,0.100,,,,,10000000000,1.222,10000000000,1.222,,4000000000,,185.76,,,,,,,,,,,,,,,,,,,,,,true,true,6,2017-04-01,2017-09-30,0
2017-07-28,87930,2017-03-31,,95844000000,,,,,,2761000000,,4210000000,,,2924000000,,135.81,,,,,,,,,,,,,,,,,,,,,,true,false,6,2016-04-01,2016-09-30,-1
2017-07-28,87930,2018-03-31,,210000000000,0.050,,,,,11000000000,0.467,11000000000,0.467,,4500000000,,208.98,,,,,,,,,,,,,,,,,,,,,,true,true,12,2017-04-01,2018-03-31,0
2017-07-28,87930,2017-03-31,,215718000000,,,,,,6024000000,,6537000000,,,3517000000,,163.35,,,,,,,,,,,,,,,,,,,,,,true,false,12,2016-04-01,2017-03-31,-1
2017-10-30,87930,2018-03-31,2,111102000000,0.159,,,,,10962000000,2.969,10886000000,1.585,,4736000000,,219.95,,,,,,864031000000,108804000000,0.097,,83379000000,,,,,,,,,,,,true,false,6,2017-04-01,2017-09-30,0
2017-10-30,87930,2017-03-31,2,95844000000,-0.044,,,,,2761000000,0.123,4210000000,0.650,,2924000000,,135.81,,,,,,,,,,,,,,,,,,,,,,true,false,6,2016-04-01,2016-09-30,-1
2017-10-30,87930,2018-03-31,2,210000000000,-0.027,,,,,12500000000,1.075,12500000000,0.912,,5500000000,,255.42,,,,,,,,,,,,,,,,,,,,,,true,true,12,2017-04-01,2018-03-31,0
2017-10-30,87930,2017-03-31,2,,,,,,,,,,,,,,,,,,,,860482000000,108821000000,0.092,,79151000000,,,,,,,,,,,,true,false,12,2016-04-01,2017-03-31,-1
2017-10-30,87930,2017-03-31,2,,,,,,,,,,,,,,,,,,,,,,,,,,,,,44.00,,,,21533400,398,,false,false,12,2016-04-01,2017-03-31,-1
2017-10-30,87930,2018-03-31,2,,,,,,,,,,,,,,,,,,,,,,,,,,,,,22.00,,,,,,,false,false,12,2017-04-01,2018-03-31,0
2017-10-30,87930,2018-03-31,2,,,,,,,,,,,,,,,,,,,,,,,,,,,,,44.00,,,,,,,false,true,12,2017-04-01,2018-03-31,0
2017-10-30,87930,2018-03-31,2,,,,,,,,,,,,,,,,,,,,,,,,,,,,,,,,,21533400,398,21533002,false,false,6,2017-04-01,2017-09-30,0
2017-10-30,87930,2017-03-31,2,,,,,,,,,,,,,,,,,,,,,,,,,,,,,,,,,,,21533002,false,false,6,2016-04-01,2016-09-30,-1
2017-10-30,87930,2018-03-31,,210000000000,,,,,,12500000000,0.136,12500000000,0.136,,5500000000,,255.42,,,,,,,,,,,,,,,,,,,,,,true,true,12,2017-04-01,2018-03-31,0
2017-10-30,87930,2017-03-31,,215718000000,,,,,,6024000000,,6537000000,,,3517000000,,163.35,,,,,,,,,,,,,,,,,,,,,,true,false,12,2016-04-01,2017-03-31,-1
2018-01-30,87930,2018-03-31,3,159304000000,0.085,,,,,11987000000,1.336,11985000000,1.304,,5622000000,,261.11,,,,,,886903000000,108549000000,0.094,,83799000000,,,,,,,,,,,,true,false,9,2017-04-01,2017-12-31,0
2018-01-30,87930,2017-03-31,3,146864000000,-0.044,,,,,5131000000,0.065,5202000000,0.017,,2647000000,,122.95,,,,,,,,,,,,,,,,,,,,,,true,false,9,2016-04-01,2016-12-31,-1
2018-01-30,87930,2018-03-31,3,210000000000,-0.027,,,,,12500000000,1.075,12500000000,0.912,,5500000000,,255.42,,,,,,,,,,,,,,,,,,,,,,true,true,12,2017-04-01,2018-03-31,0
2018-01-30,87930,2017-03-31,3,,,,,,,,,,,,,,,,,,,,860482000000,108821000000,0.092,,79151000000,,,,,,,,,,,,true,false,12,2016-04-01,2017-03-31,-1
2018-01-30,87930,2017-03-31,3,,,,,,,,,,,,,,,,,,,,,,,,,,,,,44.00,,,,21533400,398,,false,false,12,2016-04-01,2017-03-31,-1
2018-01-30,87930,2018-03-31,3,,,,,,,,,,,,,,,,,,,,,,,,,,,,,22.00,,,,,,,false,false,12,2017-04-01,2018-03-31,0
2018-01-30,87930,2018-03-31,3,,,,,,,,,,,,,,,,,,,,,,,,,,,,,44.00,,,,,,,false,true,12,2017-04-01,2018-03-31,0
2018-01-30,87930,2018-03-31,3,,,,,,,,,,,,,,,,,,,,,,,,,,,,,,,,,21533400,430,21532991,false,false,9,2017-04-01,2017-12-31,0
2018-01-30,87930,2017-03-31,3,,,,,,,,,,,,,,,,,,,,,,,,,,,,,,,,,,,21533002,false,false,9,2016-04-01,2016-12-31,-1
,87930,2018-03-31,,,,,,,,,,,,,,,,,,,,,,,,,,,,,,50.00,,,,,,,false,true,12,2017-04-01,2018-03-31,0
,87930,2018-03-31,,,,,,,,,,,,,,,,,,,,,,,,,,,,,,22.00,,,,,,,false,false,12,2017-04-01,2018-03-31,0
,87930,2017-03-31,,,,,,,,,,,,,,,,,,,,,,,,,,,,,,44.00,,,,,,,false,false,12,2016-04-01,2017-03-31,-1
2018-04-26,87930,2018-03-31,,231432000000,0.073,,,,,12674000000,1.104,13455000000,1.058,,6006000000,,278.93,,0.073,0.015,0.055,,906495000000,110989000000,0.093,3927.22,84564000000,-31596000000,-12922000000,36196000000,35124000000,,0.179,,,,,,true,false,12,2017-04-01,2018-03-31,0
2018-04-26,87930,2017-03-31,,215718000000,0.065,,,,,6024000000,0.237,6537000000,0.084,,3517000000,,163.35,,0.045,0.008,0.028,,860482000000,108821000000,0.092,3675.84,79151000000,-5866000000,-9127000000,28839000000,43831000000,,0.269,,,,,,true,false,12,2016-04-01,2017-03-31,-1
2018-04-26,87930,2019-03-31,,200000000000,-0.136,,,,,8000000000,-0.369,8000000000,-0.405,,4000000000,,185.76,,,,,,,,,,,,,,,,0.269,,,,,,true,true,12,2018-04-01,2019-03-31,1
2018-04-26,87930,2017-03-31,,,,,,,,,,,,,,,,,,,,,,,,,,,,,,44.00,,,,21533400,398,21533002,false,false,12,2016-04-01,2017-03-31,-1
2018-04-26,87930,2018-03-31,,,,,,,,,,,,,,,,,,,,,,,,,,,,,,50.00,,,,21533400,430,21532986,false,false,12,2017-04-01,2018-03-31,0
2018-04-26,87930,2019-03-31,,,,,,,,,,,,,,,,,,,,,,,,,,,,,,50.00,,,,,,,false,true,12,2018-04-01,2019-03-31,1
2018-07-30,87930,2019-03-31,1,54700000000,-0.133,,,,,3427000000,-0.617,3057000000,-0.654,,1998000000,,92.82,,,,,,868942000000,102735000000,0.098,,85582000000,,,,,,,,,,,,true,false,3,2018-04-01,2018-06-30,0
2018-07-30,87930,2018-03-31,1,63083000000,0.294,,,,,8944000000,3.074,8843000000,1.674,,3596000000,,167.02,,,,,,,,,,,,,,,,,,,,,,true,false,3,2017-04-01,2017-06-30,-1
2018-07-30,87930,2019-03-31,1,200000000000,-0.136,,,,,8000000000,-0.369,8000000000,-0.405,,4000000000,,185.76,,,,,,,,,,,,,,,,,,,,,,true,true,12,2018-04-01,2019-03-31,0
2018-07-30,87930,2018-03-31,1,,,,,,,,,,,,,,,,,,,,906495000000,110989000000,0.093,,84564000000,,,,,,,,,,,,true,false,12,2017-04-01,2018-03-31,-1
2018-07-30,87930,2018-03-31,1,,,,,,,,,,,,,,,,,,,,,,,,,,,,,50.00,,,,21533400,430,,false,false,12,2017-04-01,2018-03-31,-1
2018-07-30,87930,2019-03-31,1,,,,,,,,,,,,,,,,,,,,,,,,,,,,,50.00,,,,,,,false,true,12,2018-04-01,2019-03-31,0
2018-07-30,87930,2019-03-31,1,,,,,,,,,,,,,,,,,,,,,,,,,,,,,,,,,21533400,430,21532970,false,false,3,2018-04-01,2018-06-30,0
2018-07-30,87930,2018-03-31,1,,,,,,,,,,,,,,,,,,,,,,,,,,,,,,,,,,,21533002,false,false,3,2017-04-01,2017-06-30,-1
2018-10-29,87930,2019-03-31,2,101011000000,-0.091,,,,,4700000000,-0.571,4120000000,-0.622,,2691000000,,125.00,,,,,,874313000000,102440000000,0.099,,86628000000,,,,,,,,,,,,true,false,6,2018-04-01,2018-09-30,0
2018-10-29,87930,2018-03-31,2,111102000000,0.159,,,,,10962000000,2.969,10886000000,1.585,,4736000000,,219.95,,,,,,,,,,,,,,,,,,,,,,true,false,6,2017-04-01,2017-09-30,-1
2018-10-29,87930,2019-03-31,2,200000000000,-0.136,,,,,8000000000,-0.369,8000000000,-0.405,,4000000000,,185.76,,,,,,,,,,,,,,,,,,,,,,true,true,12,2018-04-01,2019-03-31,0
2018-10-29,87930,2018-03-31,2,,,,,,,,,,,,,,,,,,,,906495000000,110989000000,0.093,,84564000000,,,,,,,,,,,,true,false,12,2017-04-01,2018-03-31,-1
2018-10-29,87930,2018-03-31,2,,,,,,,,,,,,,,,,,,,,,,,,,,,,,50.00,,,,21533400,430,,false,false,12,2017-04-01,2018-03-31,-1
2018-10-29,87930,2019-03-31,2,,,,,,,,,,,,,,,,,,,,,,,,,,,,,25.00,,,,,,,false,false,12,2018-04-01,2019-03-31,0
2018-10-29,87930,2019-03-31,2,,,,,,,,,,,,,,,,,,,,,,,,,,,,,50.00,,,,,,,false,true,12,2018-04-01,2019-03-31,0
2018-10-29,87930,2019-03-31,2,,,,,,,,,,,,,,,,,,,,,,,,,,,,,,,,,21533400,430,21532970,false,false,6,2018-04-01,2018-09-30,0
2018-10-29,87930,2018-03-31,2,,,,,,,,,,,,,,,,,,,,,,,,,,,,,,,,,,,21533002,false,false,6,2017-04-01,2017-09-30,-1
2019-02-08,87930,2019-03-31,3,155471000000,-0.024,,,,,8297000000,-0.308,8229000000,-0.313,,4770000000,,221.53,,,,,,871651000000,102329000000,0.101,,87628000000,,,,,,,,,,,,true,false,9,2018-04-01,2018-12-31,0
2019-02-08,87930,2018-03-31,3,159304000000,0.085,,,,,11987000000,1.336,11985000000,1.304,,5622000000,,261.11,,,,,,,,,,,,,,,,,,,,,,true,false,9,2017-04-01,2017-12-31,-1
2019-02-08,87930,2019-03-31,3,210000000000,-0.093,,,,,9000000000,-0.290,9000000000,-0.331,,5000000000,,232.20,,,,,,,,,,,,,,,,,,,,,,true,true,12,2018-04-01,2019-03-31,0
2019-02-08,87930,2018-03-31,3,,,,,,,,,,,,,,,,,,,,906495000000,110989000000,0.093,,84564000000,,,,,,,,,,,,true,false,12,2017-04-01,2018-03-31,-1
2019-02-08,87930,2018-03-31,3,,,,,,,,,,,,,,,,,,,,,,,,,,,,,50.00,,,,21533400,430,,false,false,12,2017-04-01,2018-03-31,-1
2019-02-08,87930,2019-03-31,3,,,,,,,,,,,,,,,,,,,,,,,,,,,,,25.00,,,,,,,false,false,12,2018-04-01,2019-03-31,0
2019-02-08,87930,2019-03-31,3,,,,,,,,,,,,,,,,,,,,,,,,,,,,,50.00,,,,,,,false,true,12,2018-04-01,2019-03-31,0
2019-02-08,87930,2019-03-31,3,,,,,,,,,,,,,,,,,,,,,,,,,,,,,,,,,21533400,430,21532970,false,false,9,2018-04-01,2018-12-31,0
2019-02-08,87930,2018-03-31,3,,,,,,,,,,,,,,,,,,,,,,,,,,,,,,,,,,,21532991,false,false,9,2017-04-01,2017-12-31,-1
2019-02-08,87930,2019-03-31,,210000000000,0.050,,,,,9000000000,0.125,9000000000,0.125,,5000000000,,232.20,,,,,,,,,,,,,,,,,,,,,,true,true,12,2018-04-01,2019-03-31,0
2019-02-08,87930,2018-03-31,,231432000000,,,,,,12674000000,,13455000000,,,6006000000,,278.93,,,,,,,,,,,,,,,,,,,,,,true,false,12,2017-04-01,2018-03-31,-1
2019-04-25,87930,2019-03-31,,204131000000,-0.118,,,,,8929000000,-0.295,8900000000,-0.339,,6391000000,,296.81,,0.074,0.010,0.044,,895683000000,105999000000,0.099,4131.64,88966000000,5661000000,-97000000,-19999000000,20686000000,,0.185,,,,,,true,false,12,2018-04-01,2019-03-31,0
2019-04-25,87930,2018-03-31,,231432000000,0.073,,,,,12674000000,1.104,13455000000,1.058,,6006000000,,278.93,,0.073,0.015,0.055,,906495000000,110989000000,0.093,3927.22,84564000000,-31596000000,-12922000000,36196000000,35124000000,,0.179,,,,,,true,false,12,2017-04-01,2018-03-31,-1
2019-04-25,87930,2020-03-31,,210000000000,0.029,,,,,10000000000,0.120,10000000000,0.123,,6500000000,,301.86,,,,,,,,,,,,,,,,0.199,,,,,,true,true,12,2019-04-01,2020-03-31,1
2019-04-25,87930,2018-03-31,,,,,,,,,,,,,,,,,,,,,,,,,,,,,,50.00,,,,21533400,430,21532986,false,false,12,2017-04-01,2018-03-31,-1
2019-04-25,87930,2019-03-31,,,,,,,,,,,,,,,,,,,,,,,,,,,,,,55.00,,,,21533400,466,21532967,false,false,12,2018-04-01,2019-03-31,0
2019-04-25,87930,2020-03-31,,,,,,,,,,,,,,,,,,,,,,,,,,,,,,60.00,,,,,,,false,true,12,2019-04-01,2020-03-31,1
,87930,2019-03-31,,,,,,,,,,,,,,,,,,,,,,,,,,,,,,55.00,,,,,,,false,true,12,2018-04-01,2019-03-31,0
,87930,2019-03-31,,,,,,,,,,,,,,,,,,,,,,,,,,,,,,25.00,,,,,,,false,false,12,2018-04-01,2019-03-31,0
,87930,2018-03-31,,,,,,,,,,,,,,,,,,,,,,,,,,,,,,50.00,,,,,,,false,false,12,2017-04-01,2018-03-31,-1
2019-07-30,87930,2020-03-31,1,58796000000,0.075,,,,,4989000000,0.456,5243000000,0.715,,2551000000,,118.47,,,,,,902218000000,106355000000,0.101,,90699000000,,,,,,,,,,,,true,false,3,2019-04-01,2019-06-30,0
2019-07-30,87930,2019-03-31,1,54700000000,-0.133,,,,,3427000000,-0.617,3057000000,-0.654,,1998000000,,92.82,,,,,,,,,,,,,,,,,,,,,,true,false,3,2018-04-01,2018-06-30,-1
2019-07-30,87930,2020-03-31,1,210000000000,0.029,,,,,10000000000,0.120,10000000000,0.123,,6500000000,,301.86,,,,,,,,,,,,,,,,,,,,,,true,true,12,2019-04-01,2020-03-31,0
2019-07-30,87930,2019-03-31,1,,,,,,,,,,,,,,,,,,,,895683000000,105999000000,0.099,,88966000000,,,,,,,,,,,,true,false,12,2018-04-01,2019-03-31,-1
2019-07-30,87930,2019-03-31,1,,,,,,,,,,,,,,,,,,,,,,,,,,,,,55.00,,,,21533400,466,,false,false,12,2018-04-01,2019-03-31,-1
2019-07-30,87930,2020-03-31,1,,,,,,,,,,,,,,,,,,,,,,,,,,,,,60.00,,,,,,,false,true,12,2019-04-01,2020-03-31,0
2019-07-30,87930,2020-03-31,1,,,,,,,,,,,,,,,,,,,,,,,,,,,,,,,,,21533400,507,21532906,false,false,3,2019-04-01,2019-06-30,0
2019-07-30,87930,2019-03-31,1,,,,,,,,,,,,,,,,,,,,,,,,,,,,,,,,,,,21532970,false,false,3,2018-04-01,2018-06-30,-1
2019-10-29,87930,2020-03-31,2,114573000000,0.134,,,,,8205000000,0.746,8740000000,1.121,,5365000000,,249.18,,,,,,923376000000,105572000000,0.102,,93745000000,,,,,,,,,,,,true,false,6,2019-04-01,2019-09-30,0
2019-10-29,87930,2019-03-31,2,101011000000,-0.091,,,,,4700000000,-0.571,4120000000,-0.622,,2691000000,,125.00,,,,,,,,,,,,,,,,,,,,,,true,false,6,2018-04-01,2018-09-30,-1
2019-10-29,87930,2020-03-31,2,210000000000,0.029,,,,,10000000000,0.120,10000000000,0.123,,6500000000,,301.86,,,,,,,,,,,,,,,,,,,,,,true,true,12,2019-04-01,2020-03-31,0
2019-10-29,87930,2019-03-31,2,,,,,,,,,,,,,,,,,,,,895683000000,105999000000,0.099,,88966000000,,,,,,,,,,,,true,false,12,2018-04-01,2019-03-31,-1
2019-10-29,87930,2019-03-31,2,,,,,,,,,,,,,,,,,,,,,,,,,,,,,55.00,,,,21533400,466,,false,false,12,2018-04-01,2019-03-31,-1
2019-10-29,87930,2020-03-31,2,,,,,,,,,,,,,,,,,,,,,,,,,,,,,30.00,,,,,,,false,false,12,2019-04-01,2020-03-31,0
2019-10-29,87930,2020-03-31,2,,,,,,,,,,,,,,,,,,,,,,,,,,,,,60.00,,,,,,,false,true,12,2019-04-01,2020-03-31,0
2019-10-29,87930,2020-03-31,2,,,,,,,,,,,,,,,,,,,,,,,,,,,,,,,,,21533400,507,21532899,false,false,6,2019-04-01,2019-09-30,0
2019-10-29,87930,2019-03-31,2,,,,,,,,,,,,,,,,,,,,,,,,,,,,,,,,,,,21532970,false,false,6,2018-04-01,2018-09-30,-1
2020-01-30,87930,2020-03-31,3,168155000000,0.082,,,,,9313000000,0.122,9984000000,0.213,,6221000000,,288.93,,,,,,942637000000,106000000000,0.100,,94305000000,,,,,,,,,,,,true,false,9,2019-04-01,2019-12-31,0
2020-01-30,87930,2019-03-31,3,155471000000,-0.024,,,,,8297000000,-0.308,8229000000,-0.313,,4770000000,,221.53,,,,,,,,,,,,,,,,,,,,,,true,false,9,2018-04-01,2018-12-31,-1
2020-01-30,87930,2020-03-31,3,210000000000,0.029,,,,,10000000000,0.120,10000000000,0.123,,6500000000,,301.86,,,,,,,,,,,,,,,,,,,,,,true,true,12,2019-04-01,2020-03-31,0
2020-01-30,87930,2019-03-31,3,,,,,,,,,,,,,,,,,,,,895683000000,105999000000,0.099,,88966000000,,,,,,,,,,,,true,false,12,2018-04-01,2019-03-31,-1
2020-01-30,87930,2019-03-31,3,,,,,,,,,,,,,,,,,,,,,,,,,,,,,55.00,,,,21533400,466,,false,false,12,2018-04-01,2019-03-31,-1
2020-01-30,87930,2020-03-31,3,,,,,,,,,,,,,,,,,,,,,,,,,,,,,30.00,,,,,,,false,false,12,2019-04-01,2020-03-31,0
2020-01-30,87930,2020-03-31,3,,,,,,,,,,,,,,,,,,,,,,,,,,,,,60.00,,,,,,,false,true,12,2019-04-01,2020-03-31,0
2020-01-30,87930,2020-03-31,3,,,,,,,,,,,,,,,,,,,,,,,,,,,,,,,,,21533400,507,21532897,false,false,9,2019-04-01,2019-12-31,0
2020-01-30,87930,2019-03-31,3,,,,,,,,,,,,,,,,,,,,,,,,,,,,,,,,,,,21532970,false,false,9,2018-04-01,2018-12-31,-1
2020-04-28,87930,2020-03-31,,220716000000,0.081,,,,,8292000000,-0.071,9092000000,0.022,,5117000000,,237.66,,0.056,0.010,0.038,,997510000000,105248000000,0.093,4306.21,92725000000,-69902000000,-3529000000,95627000000,43022000000,,0.252,,,,,,true,false,12,2019-04-01,2020-03-31,0
2020-04-28,87930,2019-03-31,,204131000000,-0.118,,,,,8929000000,-0.295,8900000000,-0.339,,6391000000,,296.81,,0.074,0.010,0.044,,895683000000,105999000000,0.099,4131.64,88966000000,5661000000,-97000000,-19999000000,20686000000,,0.185,,,,,,true,false,12,2018-04-01,2019-03-31,-1
2020-04-28,87930,2019-03-31,,,,,,,,,,,,,,,,,,,,,,,,,,,,,,55.00,,,,21533400,466,21532967,false,false,12,2018-04-01,2019-03-31,-1
2020-04-28,87930,2020-03-31,,,,,,,,,,,,,,,,,,,,,,,,,,,,,,60.00,,,,21533400,507,21532896,false,false,12,2019-04-01,2020-03-31,0
2020-04-28,87930,2021-03-31,,,,,,,,,,,,,,,,,,,,,,,,,,,,,,60.00,,,,,,,false,true,12,2020-04-01,2021-03-31,1
2020-07-30,87930,2021-03-31,1,52660000000,-0.104,,,,,862000000,-0.827,924000000,-0.824,,592000000,,27.52,,,,,,964777000000,106264000000,0.096,,92593000000,,,,,,,,,,,,true,false,3,2020-04-01,2020-06-30,0
2020-07-30,87930,2020-03-31,1,58796000000,0.075,,,,,4989000000,0.456,5243000000,0.715,,2551000000,,118.47,,,,,,,,,,,,,,,,,,,,,,true,false,3,2019-04-01,2019-06-30,-1
2020-07-30,87930,2021-03-31,1,220000000000,-0.003,,,,,6500000000,-0.216,6500000000,-0.285,,4000000000,,185.76,,,,,,,,,,,,,,,,,,,,,,true,true,12,2020-04-01,2021-03-31,0
2020-07-30,87930,2020-03-31,1,,,,,,,,,,,,,,,,,,,,997510000000,105248000000,0.093,,92725000000,,,,,,,,,,,,true,false,12,2019-04-01,2020-03-31,-1
2020-07-30,87930,2020-03-31,1,,,,,,,,,,,,,,,,,,,,,,,,,,,,,60.00,,,,21533400,507,,false,false,12,2019-04-01,2020-03-31,-1
2020-07-30,87930,2021-03-31,1,,,,,,,,,,,,,,,,,,,,,,,,,,,,,60.00,,,,,,,false,true,12,2020-04-01,2021-03-31,0
2020-07-30,87930,2021-03-31,1,,,,,,,,,,,,,,,,,,,,,,,,,,,,,,,,,21533400,507,21532893,false,false,3,2020-04-01,2020-06-30,0
2020-07-30,87930,2020-03-31,1,,,,,,,,,,,,,,,,,,,,,,,,,,,,,,,,,,,21532906,false,false,3,2019-04-01,2019-06-30,-1
2020-07-30,87930,2021-03-31,,220000000000,,,,,,6500000000,,6500000000,,,4000000000,,185.76,,,,,,,,,,,,,,,,,,,,,,true,true,12,2020-04-01,2021-03-31,0
2020-07-30,87930,2020-03-31,,220716000000,,,,,,8292000000,,9092000000,,,5117000000,,237.66,,,,,,,,,,,,,,,,,,,,,,true,false,12,2019-04-01,2020-03-31,-1
2020-10-29,87930,2021-03-31,2,107974000000,-0.058,,,,,1815000000,-0.779,1927000000,-0.780,,1265000000,,58.77,,,,,,968102000000,111853000000,0.096,,93046000000,,,,,,,,,,,,true,false,6,2020-04-01,2020-09-30,0
2020-10-29,87930,2020-03-31,2,114573000000,0.134,,,,,8205000000,0.746,8740000000,1.121,,5365000000,,249.18,,,,,,,,,,,,,,,,,,,,,,true,false,6,2019-04-01,2019-09-30,-1
2020-10-29,87930,2021-03-31,2,220000000000,-0.003,,,,,6500000000,-0.216,6500000000,-0.285,,4000000000,,185.76,,,,,,,,,,,,,,,,,,,,,,true,true,12,2020-04-01,2021-03-31,0
2020-10-29,87930,2020-03-31,2,,,,,,,,,,,,,,,,,,,,997510000000,105248000000,0.093,,92725000000,,,,,,,,,,,,true,false,12,2019-04-01,2020-03-31,-1
2020-10-29,87930,2020-03-31,2,,,,,,,,,,,,,,,,,,,,,,,,,,,,,60.00,,,,21533400,507,,false,false,12,2019-04-01,2020-03-31,-1
2020-10-29,87930,2021-03-31,2,,,,,,,,,,,,,,,,,,,,,,,,,,,,,30.00,,,,,,,false,false,12,2020-04-01,2021-03-31,0
2020-10-29,87930,2021-03-31,2,,,,,,,,,,,,,,,,,,,,,,,,,,,,,60.00,,,,,,,false,true,12,2020-04-01,2021-03-31,0
2020-10-29,87930,2021-03-31,2,,,,,,,,,,,,,,,,,,,,,,,,,,,,,,,,,21533400,507,21532893,false,false,6,2020-04-01,2020-09-30,0
2020-10-29,87930,2020-03-31,2,,,,,,,,,,,,,,,,,,,,,,,,,,,,,,,,,,,21532899,false,false,6,2019-04-01,2019-09-30,-1
2021-01-28,87930,2021-03-31,3,161243000000,-0.041,,,,,3113000000,-0.666,3240000000,-0.675,,2063000000,,95.81,,,,,,982275000000,112070000000,0.095,,93125000000,,,,,,,,,,,,true,false,9,2020-04-01,2020-12-31,0
2021-01-28,87930,2020-03-31,3,168155000000,0.082,,,,,9313000000,0.122,9984000000,0.213,,6221000000,,288.93,,,,,,,,,,,,,,,,,,,,,,true,false,9,2019-04-01,2019-12-31,-1
2021-01-28,87930,2021-03-31,3,220000000000,-0.003,,,,,6500000000,-0.216,6500000000,-0.285,,4000000000,,185.76,,,,,,,,,,,,,,,,,,,,,,true,true,12,2020-04-01,2021-03-31,0
2021-01-28,87930,2020-03-31,3,,,,,,,,,,,,,,,,,,,,997510000000,105248000000,0.093,,92725000000,,,,,,,,,,,,true,false,12,2019-04-01,2020-03-31,-1
2021-01-28,87930,2020-03-31,3,,,,,,,,,,,,,,,,,,,,,,,,,,,,,60.00,,,,21533400,507,,false,false,12,2019-04-01,2020-03-31,-1
2021-01-28,87930,2021-03-31,3,,,,,,,,,,,,,,,,,,,,,,,,,,,,,30.00,,,,,,,false,false,12,2020-04-01,2021-03-31,0
2021-01-28,87930,2021-03-31,3,,,,,,,,,,,,,,,,,,,,,,,,,,,,,60.00,,,,,,,false,true,12,2020-04-01,2021-03-31,0
2021-01-28,87930,2021-03-31,3,,,,,,,,,,,,,,,,,,,,,,,,,,,,,,,,,21533400,507,21532893,false,false,9,2020-04-01,2020-12-31,0
2021-01-28,87930,2020-03-31,3,,,,,,,,,,,,,,,,,,,,,,,,,,,,,,,,,,,21532897,false,false,9,2019-04-01,2019-12-31,-1
2021-04-27,87930,2021-03-31,,221255000000,0.002,,,,,5965000000,-0.281,6089000000,-0.330,,4118000000,,191.29,,0.044,0.006,0.027,,1057653000000,113885000000,0.090,4438.33,95569000000,-28765000000,-6704000000,30956000000,38828000000,,0.314,,,,,,true,false,12,2020-04-01,2021-03-31,0
2021-04-27,87930,2020-03-31,,220716000000,0.081,,,,,8292000000,-0.071,9092000000,0.022,,5117000000,,237.66,,0.056,0.010,0.038,,997510000000,105248000000,0.093,4306.21,92725000000,-69902000000,-3529000000,95627000000,43022000000,,0.252,,,,,,true,false,12,2019-04-01,2020-03-31,-1
2021-04-27,87930,2022-03-31,,230000000000,0.040,,,,,10000000000,0.676,10000000000,0.642,,5500000000,,255.42,,,,,,,,,,,,,,,,0.251,,,,,,true,true,12,2021-04-01,2022-03-31,1
2021-04-27,87930,2020-03-31,,,,,,,,,,,,,,,,,,,,,,,,,,,,,,60.00,,,,21533400,507,21532896,false,false,12,2019-04-01,2020-03-31,-1
2021-04-27,87930,2021-03-31,,,,,,,,,,,,,,,,,,,,,,,,,,,,,,60.00,,,,21533400,541,21532884,false,false,12,2020-04-01,2021-03-31,0
2021-04-27,87930,2022-03-31,,,,,,,,,,,,,,,,,,,,,,,,,,,,,,64.00,,,,,,,false,true,12,2021-04-01,2022-03-31,1
2021-07-29,87930,2022-03-31,1,62877000000,0.194,,,,,3892000000,3.515,3837000000,3.152,,1441000000,,66.97,,,,,,1019093000000,117801000000,0.095,,96912000000,,,,,,,,,,,,true,false,3,2021-04-01,2021-06-30,0
2021-07-29,87930,2021-03-31,1,52660000000,-0.104,,,,,862000000,-0.827,924000000,-0.824,,592000000,,27.52,,,,,,,,,,,,,,,,,,,,,,true,false,3,2020-04-01,2020-06-30,-1
2021-07-29,87930,2022-03-31,1,230000000000,0.040,,,,,10000000000,0.676,10000000000,0.642,,5500000000,,255.42,,,,,,,,,,,,,,,,,,,,,,true,true,12,2021-04-01,2022-03-31,0
2021-07-29,87930,2021-03-31,1,,,,,,,,,,,,,,,,,,,,1057653000000,113885000000,0.090,,95569000000,,,,,,,,,,,,true,false,12,2020-04-01,2021-03-31,-1
2021-07-29,87930,2021-03-31,1,,,,,,,,,,,,,,,,,,,,,,,,,,,,,60.00,,,,21533400,541,,false,false,12,2020-04-01,2021-03-31,-1
2021-07-29,87930,2022-03-31,1,,,,,,,,,,,,,,,,,,,,,,,,,,,,,64.00,,,,,,,false,true,12,2021-04-01,2022-03-31,0
2021-07-29,87930,2022-03-31,1,,,,,,,,,,,,,,,,,,,,,,,,,,,,,,,,,21533400,541,21532859,false,false,3,2021-04-01,2021-06-30,0
2021-07-29,87930,2021-03-31,1,,,,,,,,,,,,,,,,,,,,,,,,,,,,,,,,,,,21532893,false,false,3,2020-04-01,2020-06-30,-1
2021-10-28,87930,2022-03-31,2,127081000000,0.177,,,,,6956000000,2.832,7306000000,2.791,,3483000000,,161.83,,,,,,1000309000000,119598000000,0.099,,99502000000,,,,,,,,,,,,true,false,6,2021-04-01,2021-09-30,0
2021-10-28,87930,2021-03-31,2,107974000000,-0.058,,,,,1815000000,-0.779,1927000000,-0.780,,1265000000,,58.77,,,,,,,,,,,,,,,,,,,,,,true,false,6,2020-04-01,2020-09-30,-1
2021-10-28,87930,2022-03-31,2,230000000000,0.040,,,,,10000000000,0.676,10000000000,0.642,,5500000000,,255.42,,,,,,,,,,,,,,,,,,,,,,true,true,12,2021-04-01,2022-03-31,0
2021-10-28,87930,2021-03-31,2,,,,,,,,,,,,,,,,,,,,1057653000000,113885000000,0.090,,95569000000,,,,,,,,,,,,true,false,12,2020-04-01,2021-03-31,-1
2021-10-28,87930,2021-03-31,2,,,,,,,,,,,,,,,,,,,,,,,,,,,,,60.00,,,,21533400,541,,false,false,12,2020-04-01,2021-03-31,-1
2021-10-28,87930,2022-03-31,2,,,,,,,,,,,,,,,,,,,,,,,,,,,,,32.00,,,,,,,false,false,12,2021-04-01,2022-03-31,0
2021-10-28,87930,2022-03-31,2,,,,,,,,,,,,,,,,,,,,,,,,,,,,,64.00,,,,,,,false,true,12,2021-04-01,2022-03-31,0
2021-10-28,87930,2022-03-31,2,,,,,,,,,,,,,,,,,,,,,,,,,,,,,,,,,21533400,4156,21524579,false,false,6,2021-04-01,2021-09-30,0
2021-10-28,87930,2021-03-31,2,,,,,,,,,,,,,,,,,,,,,,,,,,,,,,,,,,,21532893,false,false,6,2020-04-01,2020-09-30,-1
2022-01-28,87930,2022-03-31,3,187769000000,0.165,,,,,9758000000,2.134,10267000000,2.169,,5583000000,,259.39,,,,,,1000333000000,119587000000,0.101,,101000000000,,,,,,,,,,,,true,false,9,2021-04-01,2021-12-31,0
2022-01-28,87930,2021-03-31,3,161243000000,-0.041,,,,,3113000000,-0.666,3240000000,-0.675,,2063000000,,95.81,,,,,,,,,,,,,,,,,,,,,,true,false,9,2020-04-01,2020-12-31,-1
2022-01-28,87930,2022-03-31,3,240000000000,0.085,,,,,12000000000,1.012,12000000000,0.971,,6500000000,,301.95,,,,,,,,,,,,,,,,,,,,,,true,true,12,2021-04-01,2022-03-31,0
2022-01-28,87930,2021-03-31,3,,,,,,,,,,,,,,,,,,,,1057653000000,113885000000,0.090,,95569000000,,,,,,,,,,,,true,false,12,2020-04-01,2021-03-31,-1
2022-01-28,87930,2021-03-31,3,,,,,,,,,,,,,,,,,,,,,,,,,,,,,60.00,,,,21533400,541,,false,false,12,2020-04-01,2021-03-31,-1
2022-01-28,87930,2022-03-31,3,,,,,,,,,,,,,,,,,,,,,,,,,,,,,32.00,,,,,,,false,false,12,2021-04-01,2022-03-31,0
2022-01-28,87930,2022-03-31,3,,,,,,,,,,,,,,,,,,,,,,,,,,,,,74.00,,,,,,,false,true,12,2021-04-01,2022-03-31,0
2022-01-28,87930,2022-03-31,3,,,,,,,,,,,,,,,,,,,,,,,,,,,,,,,,,21533400,4156,21526134,false,false,9,2021-04-01,2021-12-31,0
2022-01-28,87930,2021-03-31,3,,,,,,,,,,,,,,,,,,,,,,,,,,,,,,,,,,,21532893,false,false,9,2020-04-01,2020-12-31,-1
2022-04-26,87930,2022-03-31,,249907000000,0.129,,,,,10447000000,0.751,11422000000,0.876,,6939000000,,322.37,,0.070,0.011,0.042,,1030617000000,121740000000,0.100,4794.13,103214000000,46815000000,-501000000,-46932000000,37467000000,,0.230,,,,,,true,false,12,2021-04-01,2022-03-31,0
2022-04-26,87930,2021-03-31,,221255000000,0.002,,,,,5965000000,-0.281,6089000000,-0.330,,4118000000,,191.29,,0.044,0.006,0.027,,1057653000000,113885000000,0.090,4438.33,95569000000,-28770000000,-6699000000,30956000000,38828000000,,0.314,,,,,,true,false,12,2020-04-01,2021-03-31,-1
2022-04-26,87930,2023-03-31,,250000000000,0.000,,,,,11000000000,0.053,11000000000,-0.037,,6500000000,,301.91,,,,,,,,,,,,,,,,0.245,,,,,,true,true,12,2022-04-01,2023-03-31,1
2022-04-26,87930,2021-03-31,,,,,,,,,,,,,,,,,,,,,,,,,,,,,,60.00,,,,21533400,541,21532884,false,false,12,2020-04-01,2021-03-31,-1
2022-04-26,87930,2022-03-31,,,,,,,,,,,,,,,,,,,,,,,,,,,,,,74.00,,,,21533400,4156,21526911,false,false,12,2021-04-01,2022-03-31,0
2022-04-26,87930,2023-03-31,,,,,,,,,,,,,,,,,,,,,,,,,,,,,,74.00,,,,,,,false,true,12,2022-04-01,2023-03-31,1
2022-07-26,87930,2023-03-31,1,71486000000,0.137,,,,,5079000000,0.305,6087000000,0.586,,2974000000,,138.18,,,,,,1016896000000,127457000000,0.105,,106714000000,,,,,,,,,,,,true,false,3,2022-04-01,2022-06-30,0
2022-07-26,87930,2022-03-31,1,62877000000,0.194,,,,,3892000000,3.515,3837000000,3.152,,1441000000,,66.97,,,,,,,,,,,,,,,,,,,,,,true,false,3,2021-04-01,2021-06-30,-1
2022-07-26,87930,2023-03-31,1,250000000000,0.000,,,,,11000000000,0.053,11000000000,-0.037,,6500000000,,301.91,,,,,,,,,,,,,,,,,,,,,,true,true,12,2022-04-01,2023-03-31,0
2022-07-26,87930,2022-03-31,1,,,,,,,,,,,,,,,,,,,,1030617000000,121740000000,0.100,,103214000000,,,,,,,,,,,,true,false,12,2021-04-01,2022-03-31,-1
2022-07-26,87930,2022-03-31,1,,,,,,,,,,,,,,,,,,,,,,,,,,,,,74.00,,,,21533400,4156,,false,false,12,2021-04-01,2022-03-31,-1
2022-07-26,87930,2023-03-31,1,,,,,,,,,,,,,,,,,,,,,,,,,,,,,74.00,,,,,,,false,true,12,2022-04-01,2023-03-31,0
2022-07-26,87930,2023-03-31,1,,,,,,,,,,,,,,,,,,,,,,,,,,,,,,,,,21533400,4156,21529244,false,false,3,2022-04-01,2022-06-30,0
2022-07-26,87930,2022-03-31,1,,,,,,,,,,,,,,,,,,,,,,,,,,,,,,,,,,,21532859,false,false,3,2021-04-01,2021-06-30,-1
2022-10-31,87930,2023-03-31,2,135673000000,0.068,,,,,7462000000,0.073,8608000000,0.178,,4411000000,,204.94,,,,,,1002788000000,129151000000,0.109,,109181000000,,,,,,,,,,,,true,false,6,2022-04-01,2022-09-30,0
2022-10-31,87930,2022-03-31,2,127081000000,0.177,,,,,6956000000,2.832,7306000000,2.791,,3483000000,,161.83,,,,,,,,,,,,,,,,,,,,,,true,false,6,2021-04-01,2021-09-30,-1
2022-10-31,87930,2023-03-31,2,250000000000,0.000,,,,,11000000000,0.053,11000000000,-0.037,,6500000000,,301.91,,,,,,,,,,,,,,,,,,,,,,true,true,12,2022-04-01,2023-03-31,0
2022-10-31,87930,2022-03-31,2,,,,,,,,,,,,,,,,,,,,1030617000000,121740000000,0.100,,103214000000,,,,,,,,,,,,true,false,12,2021-04-01,2022-03-31,-1
2022-10-31,87930,2022-03-31,2,,,,,,,,,,,,,,,,,,,,,,,,,,,,,74.00,,,,21533400,4156,,false,false,12,2021-04-01,2022-03-31,-1
2022-10-31,87930,2023-03-31,2,,,,,,,,,,,,,,,,,,,,,,,,,,,,,37.00,,,,,,,false,false,12,2022-04-01,2023-03-31,0
2022-10-31,87930,2023-03-31,2,,,,,,,,,,,,,,,,,,,,,,,,,,,,,74.00,,,,,,,false,true,12,2022-04-01,2023-03-31,0
2022-10-31,87930,2023-03-31,2,,,,,,,,,,,,,,,,,,,,,,,,,,,,,,,,,21533400,4290,21528449,false,false,6,2022-04-01,2022-09-30,0
2022-10-31,87930,2022-03-31,2,,,,,,,,,,,,,,,,,,,,,,,,,,,,,,,,,,,21524579,false,false,6,2021-04-01,2021-09-30,-1
2023-01-30,87930,2023-03-31,3,196232000000,0.045,,,,,11057000000,0.133,11669000000,0.136,,5666000000,,263.20,,,,,,1008356000000,131222000000,0.109,,109666000000,,,,,,,,,,,,true,false,9,2022-04-01,2022-12-31,0
2023-01-30,87930,2022-03-31,3,187769000000,0.165,,,,,9758000000,2.134,10267000000,2.169,,5583000000,,259.39,,,,,,,,,,,,,,,,,,,,,,true,false,9,2021-04-01,2021-12-31,-1
2023-01-30,87930,2023-03-31,3,260000000000,0.040,,,,,13000000000,0.244,13500000000,0.182,,7500000000,,348.37,,,,,,,,,,,,,,,,,,,,,,true,true,12,2022-04-01,2023-03-31,0
2023-01-30,87930,2022-03-31,3,,,,,,,,,,,,,,,,,,,,1030617000000,121740000000,0.100,,103214000000,,,,,,,,,,,,true,false,12,2021-04-01,2022-03-31,-1
2023-01-30,87930,2022-03-31,3,,,,,,,,,,,,,,,,,,,,,,,,,,,,,74.00,,,,21533400,4156,,false,false,12,2021-04-01,2022-03-31,-1
2023-01-30,87930,2023-03-31,3,,,,,,,,,,,,,,,,,,,,,,,,,,,,,37.00,,,,,,,false,false,12,2022-04-01,2023-03-31,0
2023-01-30,87930,2023-03-31,3,,,,,,,,,,,,,,,,,,,,,,,,,,,,,110.00,,,,,,,false,true,12,2022-04-01,2023-03-31,0
2023-01-30,87930,2023-03-31,3,,,,,,,,,,,,,,,,,,,,,,,,,,,,,,,,,21533400,4290,21528669,false,false,9,2022-04-01,2022-12-31,0
2023-01-30,87930,2022-03-31,3,,,,,,,,,,,,,,,,,,,,,,,,,,,,,,,,,,,21526134,false,false,9,2021-04-01,2021-12-31,-1
2023-04-28,87930,2023-03-31,,258107000000,0.033,,,,,11715000000,0.121,12440000000,0.089,,6418000000,,298.14,,0.060,0.012,0.045,,1055875000000,128815000000,0.104,5085.69,109490000000,29000000,-9581000000,7875000000,35557000000,,0.369,,,,,,true,false,12,2022-04-01,2023-03-31,0
2023-04-28,87930,2022-03-31,,249907000000,0.129,,,,,10447000000,0.751,11422000000,0.876,,6939000000,,322.37,,0.070,0.011,0.042,,1030617000000,121740000000,0.100,4794.13,103214000000,46815000000,-501000000,-46932000000,37467000000,,0.230,,,,,,true,false,12,2021-04-01,2022-03-31,-1
2023-04-28,87930,2024-03-31,,260000000000,0.007,,,,,12000000000,0.024,12500000000,0.005,,7500000000,,348.37,,,,,,,,,,,,,,,,0.373,,,,,,true,true,12,2023-04-01,2024-03-31,1
2023-04-28,87930,2022-03-31,,,,,,,,,,,,,,,,,,,,,,,,,,,,,,74.00,,,,21533400,4156,21526911,false,false,12,2021-04-01,2022-03-31,-1
2023-04-28,87930,2023-03-31,,,,,,,,,,,,,,,,,,,,,,,,,,,,,,110.00,,,,21533400,4324,21528776,false,false,12,2022-04-01,2023-03-31,0
2023-04-28,87930,2024-03-31,,,,,,,,,,,,,,,,,,,,,,,,,,,,,,130.00,,,,,,,false,true,12,2023-04-01,2024-03-31,1
2023-07-31,87930,2024-03-31,1,60479000000,-0.154,,,,,2549000000,-0.498,2424000000,-0.602,,1400000000,,65.04,,,,,,1041611000000,131774000000,0.106,,110203000000,,,,,,,,,,,,true,false,3,2023-04-01,2023-06-30,0
2023-07-31,87930,2023-03-31,1,71486000000,0.137,,,,,5079000000,0.305,6087000000,0.586,,2974000000,,138.18,,,,,,,,,,,,,,,,,,,,,,true,false,3,2022-04-01,2022-06-30,-1
2023-07-31,87930,2024-03-31,1,260000000000,0.007,,,,,12000000000,0.024,12500000000,0.005,,7500000000,,348.37,,,,,,,,,,,,,,,,,,,,,,true,true,12,2023-04-01,2024-03-31,0
2023-07-31,87930,2023-03-31,1,,,,,,,,,,,,,,,,,,,,1055875000000,128815000000,0.104,,109490000000,,,,,,,,,,,,true,false,12,2022-04-01,2023-03-31,-1
2023-07-31,87930,2023-03-31,1,,,,,,,,,,,,,,,,,,,,,,,,,,,,,110.00,,,,21533400,4324,,false,false,12,2022-04-01,2023-03-31,-1
2023-07-31,87930,2024-03-31,1,,,,,,,,,,,,,,,,,,,,,,,,,,,,,130.00,,,,,,,false,true,12,2023-04-01,2024-03-31,0
2023-07-31,87930,2024-03-31,1,,,,,,,,,,,,,,,,,,,,,,,,,,,,,,,,,21533400,4466,21529028,false,false,3,2023-04-01,2023-06-30,0
2023-07-31,87930,2023-03-31,1,,,,,,,,,,,,,,,,,,,,,,,,,,,,,,,,,,,21529244,false,false,3,2022-04-01,2022-06-30,-1
2023-10-30,87930,2024-03-31,2,124010000000,-0.086,,,,,4582000000,-0.386,4081000000,-0.526,,2528000000,,117.43,,,,,,1053640000000,134212000000,0.107,,112835000000,,,,,,,,,,,,true,false,6,2023-04-01,2023-09-30,0
2023-10-30,87930,2023-03-31,2,135673000000,0.068,,,,,7462000000,0.073,8608000000,0.178,,4411000000,,204.94,,,,,,,,,,,,,,,,,,,,,,true,false,6,2022-04-01,2022-09-30,-1
2023-10-30,87930,2024-03-31,2,260000000000,0.007,,,,,12000000000,0.024,12500000000,0.005,,7500000000,,348.37,,,,,,,,,,,,,,,,,,,,,,true,true,12,2023-04-01,2024-03-31,0
2023-10-30,87930,2023-03-31,2,,,,,,,,,,,,,,,,,,,,1055875000000,128815000000,0.104,,109490000000,,,,,,,,,,,,true,false,12,2022-04-01,2023-03-31,-1
2023-10-30,87930,2023-03-31,2,,,,,,,,,,,,,,,,,,,,,,,,,,,,,110.00,,,,21533400,4324,,false,false,12,2022-04-01,2023-03-31,-1
2023-10-30,87930,2024-03-31,2,,,,,,,,,,,,,,,,,,,,,,,,,,,,,65.00,,,,,,,false,false,12,2023-04-01,2024-03-31,0
2023-10-30,87930,2024-03-31,2,,,,,,,,,,,,,,,,,,,,,,,,,,,,,130.00,,,,,,,false,true,12,2023-04-01,2024-03-31,0
2023-10-30,87930,2024-03-31,2,,,,,,,,,,,,,,,,,,,,,,,,,,,,,,,,,21539071,4466,21531816,false,false,6,2023-04-01,2023-09-30,0
2023-10-30,87930,2023-03-31,2,,,,,,,,,,,,,,,,,,,,,,,,,,,,,,,,,,,21528449,false,false,6,2022-04-01,2022-09-30,-1
2023-10-30,87930,2024-03-31,2,124010000000,-0.086,,,,,3741000000,-0.499,3240000000,-0.624,,1944000000,,90.31,,,,,,1053028000000,133628000000,0.107,,112251000000,,,,,,,,,,,,true,false,6,2023-04-01,2023-09-30,0
2023-10-30,87930,2023-03-31,2,135673000000,0.068,,,,,7462000000,0.073,8608000000,0.178,,4411000000,,204.94,,,,,,,,,,,,,,,,,,,,,,true,false,6,2022-04-01,2022-09-30,-1
2023-10-30,87930,2024-03-31,2,260000000000,0.007,,,,,12000000000,0.024,12500000000,0.005,,7500000000,,348.37,,,,,,,,,,,,,,,,,,,,,,true,true,12,2023-04-01,2024-03-31,0
2023-10-30,87930,2023-03-31,2,,,,,,,,,,,,,,,,,,,,1055875000000,128815000000,0.104,,109490000000,,,,,,,,,,,,true,false,12,2022-04-01,2023-03-31,-1
2023-10-30,87930,2023-03-31,2,,,,,,,,,,,,,,,,,,,,,,,,,,,,,110.00,,,,21533400,4324,,false,false,12,2022-04-01,2023-03-31,-1
2023-10-30,87930,2024-03-31,2,,,,,,,,,,,,,,,,,,,,,,,,,,,,,65.00,,,,,,,false,false,12,2023-04-01,2024-03-31,0
2023-10-30,87930,2024-03-31,2,,,,,,,,,,,,,,,,,,,,,,,,,,,,,130.00,,,,,,,false,true,12,2023-04-01,2024-03-31,0
2023-10-30,87930,2024-03-31,2,,,,,,,,,,,,,,,,,,,,,,,,,,,,,,,,,21539071,4466,21531816,false,false,6,2023-04-01,2023-09-30,0
2023-10-30,87930,2023-03-31,2,,,,,,,,,,,,,,,,,,,,,,,,,,,,,,,,,,,21528449,false,false,6,2022-04-01,2022-09-30,-1
2024-01-30,87930,2024-03-31,3,187559000000,-0.044,,,,,7256000000,-0.344,6921000000,-0.407,,3510000000,,163.04,,,,,,1045926000000,134405000000,0.107,,111609000000,,,,,,,,,,,,true,false,9,2023-04-01,2023-12-31,0
2024-01-30,87930,2023-03-31,3,196232000000,0.045,,,,,11057000000,0.133,11669000000,0.136,,5666000000,,263.20,,,,,,,,,,,,,,,,,,,,,,true,false,9,2022-04-01,2022-12-31,-1
2024-01-30,87930,2024-03-31,3,260000000000,0.007,,,,,12000000000,0.024,12500000000,0.005,,7500000000,,348.37,,,,,,,,,,,,,,,,,,,,,,true,true,12,2023-04-01,2024-03-31,0
2024-01-30,87930,2023-03-31,3,,,,,,,,,,,,,,,,,,,,1055875000000,128815000000,0.104,,109490000000,,,,,,,,,,,,true,false,12,2022-04-01,2023-03-31,-1
2024-01-30,87930,2023-03-31,3,,,,,,,,,,,,,,,,,,,,,,,,,,,,,110.00,,,,21533400,4324,,false,false,12,2022-04-01,2023-03-31,-1
2024-01-30,87930,2024-03-31,3,,,,,,,,,,,,,,,,,,,,,,,,,,,,,65.00,,,,,,,false,false,12,2023-04-01,2024-03-31,0
2024-01-30,87930,2024-03-31,3,,,,,,,,,,,,,,,,,,,,,,,,,,,,,130.00,,,,,,,false,true,12,2023-04-01,2024-03-31,0
2024-01-30,87930,2024-03-31,3,,,,,,,,,,,,,,,,,,,,,,,,,,,,,,,,,21539071,4466,21532746,false,false,9,2023-04-01,2023-12-31,0
2024-01-30,87930,2023-03-31,3,,,,,,,,,,,,,,,,,,,,,,,,,,,,,,,,,,,21528669,false,false,9,2022-04-01,2022-12-31,-1
2024-04-26,87930,2024-03-31,,255857000000,-0.009,,,,,11694000000,-0.002,11818000000,-0.050,,7034000000,,326.66,,0.062,0.011,0.046,,1117363000000,136790000000,0.104,5374.76,115743000000,-21344000000,-8313000000,49343000000,53722000000,,0.398,,,,,,true,false,12,2023-04-01,2024-03-31,0
2024-04-26,87930,2023-03-31,,258107000000,0.033,,,,,11715000000,0.121,12440000000,0.089,,6418000000,,298.14,,0.060,0.012,0.045,,1055875000000,128815000000,0.104,5085.69,109490000000,29000000,-9581000000,7875000000,35557000000,,0.369,,,,,,true,false,12,2022-04-01,2023-03-31,-1
2024-04-26,87930,2025-03-31,,260000000000,0.016,,,,,12000000000,0.026,12500000000,0.058,,8000000000,,371.50,,,,,,,,,,,,,,,,0.404,,,,,,true,true,12,2024-04-01,2025-03-31,1
2024-04-26,87930,2023-03-31,,,,,,,,,,,,,,,,,,,,,,,,,,,,,,110.00,,,,21533400,4324,21528776,false,false,12,2022-04-01,2023-03-31,-1
2024-04-26,87930,2024-03-31,,,,,,,,,,,,,,,,,,,,,,,,,,,,,,130.00,,,,21539071,4502,21533204,false,false,12,2023-04-01,2024-03-31,0
2024-04-26,87930,2025-03-31,,,,,,,,,,,,,,,,,,,,,,,,,,,,,,150.00,,,,,,,false,true,12,2024-04-01,2025-03-31,1
2024-07-31,87930,2025-03-31,1,61536000000,0.017,,,,,2603000000,0.021,3695000000,0.524,,2297000000,,106.70,,,,,,1106591000000,139771000000,0.107,,118390000000,,,,,,,,,,,,true,false,3,2024-04-01,2024-06-30,0
2024-07-31,87930,2024-03-31,1,60479000000,-0.154,,,,,2549000000,-0.498,2424000000,-0.602,,1400000000,,65.04,,,,,,,,,,,,,,,,,,,,,,true,false,3,2023-04-01,2023-06-30,-1
2024-07-31,87930,2025-03-31,1,260000000000,0.016,,,,,12000000000,0.026,12500000000,0.058,,8000000000,,371.50,,,,,,,,,,,,,,,,,,,,,,true,true,12,2024-04-01,2025-03-31,0
2024-07-31,87930,2024-03-31,1,,,,,,,,,,,,,,,,,,,,1117363000000,136790000000,0.104,,115743000000,,,,,,,,,,,,true,false,12,2023-04-01,2024-03-31,-1
2024-07-31,87930,2024-03-31,1,,,,,,,,,,,,,,,,,,,,,,,,,,,,,130.00,,,,21539071,4502,,false,false,12,2023-04-01,2024-03-31,-1
2024-07-31,87930,2025-03-31,1,,,,,,,,,,,,,,,,,,,,,,,,,,,,,150.00,,,,,,,false,true,12,2024-04-01,2025-03-31,0
2024-07-31,87930,2025-03-31,1,,,,,,,,,,,,,,,,,,,,,,,,,,,,,,,,,21539071,4502,21534569,false,false,3,2024-04-01,2024-06-30,0
2024-07-31,87930,2024-03-31,1,,,,,,,,,,,,,,,,,,,,,,,,,,,,,,,,,,,21529028,false,false,3,2023-04-01,2023-06-30,-1
2024-10-30,87930,2025-03-31,2,123732000000,-0.002,,,,,4733000000,0.265,5337000000,0.647,,3384000000,,157.14,,,,,,1096920000000,139228000000,0.107,,117754000000,,,,,,,,,,,,true,false,6,2024-04-01,2024-09-30,0
2024-10-30,87930,2024-03-31,2,124010000000,-0.086,,,,,3741000000,-0.499,3240000000,-0.624,,1944000000,,90.31,,,,,,,,,,,,,,,,,,,,,,true,false,6,2023-04-01,2023-09-30,-1
2024-10-30,87930,2025-03-31,2,260000000000,0.016,,,,,12000000000,0.026,12500000000,0.058,,8000000000,,371.50,,,,,,,,,,,,,,,,,,,,,,true,true,12,2024-04-01,2025-03-31,0
2024-10-30,87930,2024-03-31,2,,,,,,,,,,,,,,,,,,,,1117363000000,136790000000,0.104,,115743000000,,,,,,,,,,,,true,false,12,2023-04-01,2024-03-31,-1
2024-10-30,87930,2024-03-31,2,,,,,,,,,,,,,,,,,,,,,,,,,,,,,130.00,,,,21539071,4502,,false,false,12,2023-04-01,2024-03-31,-1
2024-10-30,87930,2025-03-31,2,,,,,,,,,,,,,,,,,,,,,,,,,,,,,75.00,,,,,,,false,false,12,2024-04-01,2025-03-31,0
2024-10-30,87930,2025-03-31,2,,,,,,,,,,,,,,,,,,,,,,,,,,,,,150.00,,,,,,,false,true,12,2024-04-01,2025-03-31,0
2024-10-30,87930,2025-03-31,2,,,,,,,,,,,,,,,,,,,,,,,,,,,,,,,,,21544538,4550,21537285,false,false,6,2024-04-01,2024-09-30,0
2024-10-30,87930,2024-03-31,2,,,,,,,,,,,,,,,,,,,,,,,,,,,,,,,,,,,21531816,false,false,6,2023-04-01,2023-09-30,-1
2025-01-31,87930,2025-03-31,3,189538000000,0.011,,,,,6405000000,-0.117,8268000000,0.195,,5932000000,,275.43,,,,,,1098106000000,140290000000,0.109,,119636000000,,,,,,,,,,,,true,false,9,2024-04-01,2024-12-31,0
2025-01-31,87930,2024-03-31,3,187559000000,-0.044,,,,,7256000000,-0.344,6921000000,-0.407,,3510000000,,163.04,,,,,,,,,,,,,,,,,,,,,,true,false,9,2023-04-01,2023-12-31,-1
2025-01-31,87930,2025-03-31,3,260000000000,0.016,,,,,12000000000,0.026,12500000000,0.058,,8000000000,,371.50,,,,,,,,,,,,,,,,,,,,,,true,true,12,2024-04-01,2025-03-31,0
2025-01-31,87930,2024-03-31,3,,,,,,,,,,,,,,,,,,,,1117363000000,136790000000,0.104,,115743000000,,,,,,,,,,,,true,false,12,2023-04-01,2024-03-31,-1
2025-01-31,87930,2024-03-31,3,,,,,,,,,,,,,,,,,,,,,,,,,,,,,130.00,,,,21539071,4502,,false,false,12,2023-04-01,2024-03-31,-1
2025-01-31,87930,2025-03-31,3,,,,,,,,,,,,,,,,,,,,,,,,,,,,,75.00,,,,,,,false,false,12,2024-04-01,2025-03-31,0
2025-01-31,87930,2025-03-31,3,,,,,,,,,,,,,,,,,,,,,,,,,,,,,150.00,,,,,,,false,true,12,2024-04-01,2025-03-31,0
2025-01-31,87930,2025-03-31,3,,,,,,,,,,,,,,,,,,,,,,,,,,,,,,,,,21544538,4550,21538186,false,false,9,2024-04-01,2024-12-31,0
2025-01-31,87930,2024-03-31,3,,,,,,,,,,,,,,,,,,,,,,,,,,,,,,,,,,,21532746,false,false,9,2023-04-01,2023-12-31,-1
2025-04-22,87930,2025-03-31,,254879000000,-0.020,,,,,7782000000,-0.352,9437000000,-0.245,,6611000000,,306.98,,,,,,,,,,,,,,,,,,,,,,true,true,12,2024-04-01,2025-03-31,0
2025-04-22,87930,2024-03-31,,255857000000,,,,,,11694000000,,11818000000,,,7034000000,,326.66,,,,,,,,,,,,,,,,,,,,,,true,false,12,2023-04-01,2024-03-31,-1
2025-04-25,87930,2025-03-31,,254879000000,-0.004,,,,,7782000000,-0.335,9437000000,-0.201,,6611000000,,306.98,,0.056,0.008,0.031,,1224797000000,142385000000,0.099,5617.59,121002000000,-34005000000,-15010000000,105641000000,110097000000,,0.489,,,,,,true,false,12,2024-04-01,2025-03-31,0
2025-04-25,87930,2024-03-31,,255857000000,-0.009,,,,,11694000000,-0.002,11818000000,-0.050,,7034000000,,326.66,,0.062,0.011,0.046,,1117363000000,136790000000,0.104,5374.76,115743000000,-21344000000,-8313000000,49343000000,53722000000,,0.398,,,,,,true,false,12,2023-04-01,2024-03-31,-1
2025-04-25,87930,2026-03-31,,295000000000,0.157,,,,,15500000000,0.992,16000000000,0.695,,10000000000,,464.25,,,,,,,,,,,,,,,,0.323,,,,,,true,true,12,2025-04-01,2026-03-31,1
2025-04-25,87930,2024-03-31,,,,,,,,,,,,,,,,,,,,,,,,,,,,,,130.00,,,,21539071,4502,21533204,false,false,12,2023-04-01,2024-03-31,-1
2025-04-25,87930,2025-03-31,,,,,,,,,,,,,,,,,,,,,,,,,,,,,,150.00,,,,21544538,4596,21538632,false,false,12,2024-04-01,2025-03-31,0
2025-04-25,87930,2026-03-31,,,,,,,,,,,,,,,,,,,,,,,,,,,,,,150.00,,,,,,,false,true,12,2025-04-01,2026-03-31,1
