filing_date,code,fiscal_year_end,quarterly_period,net_sales,net_sales_change,revenue,revenue_change,operating_revenue,operating_revenue_change,operating_profit,operating_profit_change,ordinary_profit,ordinary_profit_change,net_income,net_income_of_parent,net_income_change,eps,diluted_eps,roe,roa,operating_profit_to_net_sales,operating_profit_to_revenue,total_assets,net_assets,equity_ratio,bps,owner_equity,operating_cash_flow,investing_cash_flow,financing_cash_flow,cash,dividend_per_share,payout_ratio,commemorative_dividend,extra_dividend,number_of_shares,number_of_treqsury_shares,avg_number_of_shares,is_consolidated,is_forecast,duration,period_start,period_end,period_pos
2015-07-31,88030,2016-03-31,1,8291000000,0.031,,,,,1934000000,-0.063,1620000000,-0.005,,950000000,,23.81,,,,,,300270000000,93098000000,0.310,2333.45,93098000000,,,,,,,,,,,,true,false,3,2015-04-01,2015-06-30,0
2015-07-31,88030,2015-03-31,1,8045000000,0.189,,,,,2064000000,-0.076,1627000000,-0.014,,864000000,,21.67,,,,,,,,,,,,,,,,,,,,,,true,false,3,2014-04-01,2014-06-30,-1
2015-07-31,88030,2016-03-31,1,38500000000,0.121,,,,,7000000000,-0.181,5000000000,-0.239,,2700000000,,67.67,,,,,,,,,,,,,,,,,,,,,,true,true,12,2015-04-01,2016-03-31,0
2015-07-31,88030,2015-03-31,1,,,,,,,,,,,,,,,,,,,,297736000000,92298000000,0.310,2313.34,92298000000,,,,,,,,,,,,true,false,12,2014-04-01,2015-03-31,-1
2015-07-31,88030,2015-03-31,1,,,,,,,,,,,,,,,,,,,,,,,,,,,,,22.00,,,,40059996,161734,,false,false,12,2014-04-01,2015-03-31,-1
2015-07-31,88030,2016-03-31,1,,,,,,,,,,,,,,,,,,,,,,,,,,,,,22.00,,,,,,,false,true,12,2015-04-01,2016-03-31,0
2015-07-31,88030,2016-03-31,1,,,,,,,,,,,,,,,,,,,,,,,,,,,,,,,,,40059996,162780,39897523,false,false,3,2015-04-01,2015-06-30,0
2015-07-31,88030,2015-03-31,1,,,,,,,,,,,,,,,,,,,,,,,,,,,,,,,,,,,39903247,false,false,3,2014-04-01,2014-06-30,-1
2015-10-30,88030,2016-03-31,2,17150000000,-0.009,,,,,4172000000,-0.084,3363000000,-0.060,,2150000000,,53.90,,,,,,294021000000,92596000000,0.315,2320.99,92596000000,,,,,,,,,,,,true,false,6,2015-04-01,2015-09-30,0
2015-10-30,88030,2015-03-31,2,17312000000,-0.136,,,,,4554000000,-0.001,3577000000,0.087,,1534000000,,38.46,,,,,,,,,,,,,,,,,,,,,,true,false,6,2014-04-01,2014-09-30,-1
2015-10-30,88030,2016-03-31,2,38500000000,0.121,,,,,7000000000,-0.181,5000000000,-0.239,,2700000000,,67.67,,,,,,,,,,,,,,,,,,,,,,true,true,12,2015-04-01,2016-03-31,0
2015-10-30,88030,2015-03-31,2,,,,,,,,,,,,,,,,,,,,297736000000,92298000000,0.310,2313.34,92298000000,,,,,,,,,,,,true,false,12,2014-04-01,2015-03-31,-1
2015-10-30,88030,2015-03-31,2,,,,,,,,,,,,,,,,,,,,,,,,,,,,,22.00,,,,40059996,161734,,false,false,12,2014-04-01,2015-03-31,-1
2015-10-30,88030,2016-03-31,2,,,,,,,,,,,,,,,,,,,,,,,,,,,,,11.00,,,,,,,false,false,12,2015-04-01,2016-03-31,0
2015-10-30,88030,2016-03-31,2,,,,,,,,,,,,,,,,,,,,,,,,,,,,,22.00,,,,,,,false,true,12,2015-04-01,2016-03-31,0
2015-10-30,88030,2016-03-31,2,,,,,,,,,,,,,,,,,,,,,,,,,,,,,,,,,40059996,164612,39896703,false,false,6,2015-04-01,2015-09-30,0
2015-10-30,88030,2015-03-31,2,,,,,,,,,,,,,,,,,,,,,,,,,,,,,,,,,,,39902504,false,false,6,2014-04-01,2014-09-30,-1
2016-01-28,88030,2016-03-31,3,29087000000,0.041,,,,,6702000000,-0.056,5566000000,-0.010,,3404000000,,85.34,,,,,,294197000000,93610000000,0.318,2346.48,93610000000,,,,,,,,,,,,true,false,9,2015-04-01,2015-12-31,0
2016-01-28,88030,2015-03-31,3,27951000000,-0.223,,,,,7097000000,0.046,5623000000,0.122,,2991000000,,74.97,,,,,,,,,,,,,,,,,,,,,,true,false,9,2014-04-01,2014-12-31,-1
2016-01-28,88030,2016-03-31,3,36000000000,0.048,,,,,7500000000,-0.123,6000000000,-0.087,,3500000000,,87.73,,,,,,,,,,,,,,,,,,,,,,true,true,12,2015-04-01,2016-03-31,0
2016-01-28,88030,2015-03-31,3,,,,,,,,,,,,,,,,,,,,297736000000,92298000000,0.310,2313.34,92298000000,,,,,,,,,,,,true,false,12,2014-04-01,2015-03-31,-1
2016-01-28,88030,2015-03-31,3,,,,,,,,,,,,,,,,,,,,,,,,,,,,,22.00,,,,40059996,161734,,false,false,12,2014-04-01,2015-03-31,-1
2016-01-28,88030,2016-03-31,3,,,,,,,,,,,,,,,,,,,,,,,,,,,,,11.00,,,,,,,false,false,12,2015-04-01,2016-03-31,0
2016-01-28,88030,2016-03-31,3,,,,,,,,,,,,,,,,,,,,,,,,,,,,,26.00,,,,,,,false,true,12,2015-04-01,2016-03-31,0
2016-01-28,88030,2016-03-31,3,,,,,,,,,,,,,,,,,,,,,,,,,,,,,,,,,40059996,166078,39896004,false,false,9,2015-04-01,2015-12-31,0
2016-01-28,88030,2015-03-31,3,,,,,,,,,,,,,,,,,,,,,,,,,,,,,,,,,,,39901746,false,false,9,2014-04-01,2014-12-31,-1
2016-04-27,88030,2016-03-31,,37010000000,0.078,,,,,8267000000,-0.033,6708000000,0.021,,4408000000,,110.50,,0.047,0.023,0.223,,294021000000,94827000000,0.323,2377.02,94827000000,9954000000,-2600000000,-3218000000,15377000000,,0.235,,,,,,true,false,12,2015-04-01,2016-03-31,0
2016-04-27,88030,2015-03-31,,34347000000,-0.206,,,,,8548000000,0.061,6568000000,0.164,,2495000000,,62.53,,0.028,0.022,0.249,,297736000000,92298000000,0.310,2313.34,92298000000,12557000000,-15160000000,-8923000000,11242000000,,0.352,,,,,,true,false,12,2014-04-01,2015-03-31,-1
2016-04-27,88030,2017-03-31,,41000000000,0.108,,,,,8500000000,0.028,7000000000,0.043,,4500000000,,112.80,,,,,,,,,,,,,,,,0.231,,,,,,true,true,12,2016-04-01,2017-03-31,1
2016-04-27,88030,2016-03-31,,31397000000,0.080,,,,,6977000000,-0.075,5810000000,-0.008,3725000000,,0.696,93.38,,,,,,287606000000,90388000000,0.314,2265.76,90388000000,,,,,26.00,,,,40059996,166564,39895358,false,false,12,2015-04-01,2016-03-31,0
2016-04-27,88030,2015-03-31,,29074000000,-0.196,,,,,7545000000,0.110,5853000000,0.279,2197000000,,-0.203,55.06,,,,,,291480000000,88521000000,0.304,2218.69,88521000000,,,,,22.00,,,,40059996,161734,39900984,false,false,12,2014-04-01,2015-03-31,-1
2016-04-27,88030,2017-03-31,,,,,,,,,,,,,,,,,,,,,,,,,,,,,,26.00,,,,,,,false,true,12,2016-04-01,2017-03-31,1
2016-07-29,88030,2017-03-31,1,6050000000,-0.270,,,,,1811000000,-0.064,1582000000,-0.023,,836000000,,20.97,,,,,,288174000000,92385000000,0.321,2315.83,92385000000,,,,,,,,,,,,true,false,3,2016-04-01,2016-06-30,0
2016-07-29,88030,2016-03-31,1,8291000000,0.031,,,,,1934000000,-0.063,1620000000,-0.005,,950000000,,23.81,,,,,,,,,,,,,,,,,,,,,,true,false,3,2015-04-01,2015-06-30,-1
2016-07-29,88030,2017-03-31,1,41000000000,0.108,,,,,8500000000,0.028,7000000000,0.043,,4500000000,,112.80,,,,,,,,,,,,,,,,,,,,,,true,true,12,2016-04-01,2017-03-31,0
2016-07-29,88030,2016-03-31,1,,,,,,,,,,,,,,,,,,,,294021000000,94827000000,0.323,2377.02,94827000000,,,,,,,,,,,,true,false,12,2015-04-01,2016-03-31,-1
2016-07-29,88030,2016-03-31,1,,,,,,,,,,,,,,,,,,,,,,,,,,,,,26.00,,,,40059996,166564,,false,false,12,2015-04-01,2016-03-31,-1
2016-07-29,88030,2017-03-31,1,,,,,,,,,,,,,,,,,,,,,,,,,,,,,26.00,,,,,,,false,true,12,2016-04-01,2017-03-31,0
2016-07-29,88030,2017-03-31,1,,,,,,,,,,,,,,,,,,,,,,,,,,,,,,,,,40059996,166946,39893182,false,false,3,2016-04-01,2016-06-30,0
2016-07-29,88030,2016-03-31,1,,,,,,,,,,,,,,,,,,,,,,,,,,,,,,,,,,,39897523,false,false,3,2015-04-01,2015-06-30,-1
2016-10-31,88030,2017-03-31,2,15425000000,-0.101,,,,,4209000000,0.009,3599000000,0.070,,2266000000,,56.80,,,,,,286816000000,94906000000,0.331,2379.11,94906000000,,,,,,,,,,,,true,false,6,2016-04-01,2016-09-30,0
2016-10-31,88030,2016-03-31,2,17150000000,-0.009,,,,,4172000000,-0.084,3363000000,-0.060,,2150000000,,53.90,,,,,,,,,,,,,,,,,,,,,,true,false,6,2015-04-01,2015-09-30,-1
2016-10-31,88030,2017-03-31,2,41000000000,0.108,,,,,8500000000,0.028,7000000000,0.043,,4500000000,,112.80,,,,,,,,,,,,,,,,,,,,,,true,true,12,2016-04-01,2017-03-31,0
2016-10-31,88030,2016-03-31,2,,,,,,,,,,,,,,,,,,,,294021000000,94827000000,0.323,2377.02,94827000000,,,,,,,,,,,,true,false,12,2015-04-01,2016-03-31,-1
2016-10-31,88030,2016-03-31,2,,,,,,,,,,,,,,,,,,,,,,,,,,,,,26.00,,,,40059996,166564,,false,false,12,2015-04-01,2016-03-31,-1
2016-10-31,88030,2017-03-31,2,,,,,,,,,,,,,,,,,,,,,,,,,,,,,13.00,,,,,,,false,false,12,2016-04-01,2017-03-31,0
2016-10-31,88030,2017-03-31,2,,,,,,,,,,,,,,,,,,,,,,,,,,,,,26.00,,,,,,,false,true,12,2016-04-01,2017-03-31,0
2016-10-31,88030,2017-03-31,2,,,,,,,,,,,,,,,,,,,,,,,,,,,,,,,,,40059996,168294,39892627,false,false,6,2016-04-01,2016-09-30,0
2016-10-31,88030,2016-03-31,2,,,,,,,,,,,,,,,,,,,,,,,,,,,,,,,,,,,39896703,false,false,6,2015-04-01,2015-09-30,-1
2017-01-31,88030,2017-03-31,3,22837000000,-0.215,,,,,6214000000,-0.073,5336000000,-0.041,,3351000000,,84.01,,,,,,290819000000,96757000000,0.333,2425.53,96757000000,,,,,,,,,,,,true,false,9,2016-04-01,2016-12-31,0
2017-01-31,88030,2016-03-31,3,29087000000,0.041,,,,,6702000000,-0.056,5566000000,-0.010,,3404000000,,85.34,,,,,,,,,,,,,,,,,,,,,,true,false,9,2015-04-01,2015-12-31,-1
2017-01-31,88030,2017-03-31,3,41000000000,0.108,,,,,8500000000,0.028,7000000000,0.043,,4500000000,,112.80,,,,,,,,,,,,,,,,,,,,,,true,true,12,2016-04-01,2017-03-31,0
2017-01-31,88030,2016-03-31,3,,,,,,,,,,,,,,,,,,,,294021000000,94827000000,0.323,2377.02,94827000000,,,,,,,,,,,,true,false,12,2015-04-01,2016-03-31,-1
2017-01-31,88030,2016-03-31,3,,,,,,,,,,,,,,,,,,,,,,,,,,,,,26.00,,,,40059996,166564,,false,false,12,2015-04-01,2016-03-31,-1
2017-01-31,88030,2017-03-31,3,,,,,,,,,,,,,,,,,,,,,,,,,,,,,13.00,,,,,,,false,false,12,2016-04-01,2017-03-31,0
2017-01-31,88030,2017-03-31,3,,,,,,,,,,,,,,,,,,,,,,,,,,,,,26.00,,,,,,,false,true,12,2016-04-01,2017-03-31,0
2017-01-31,88030,2017-03-31,3,,,,,,,,,,,,,,,,,,,,,,,,,,,,,,,,,40059996,168965,39892187,false,false,9,2016-04-01,2016-12-31,0
2017-01-31,88030,2016-03-31,3,,,,,,,,,,,,,,,,,,,,,,,,,,,,,,,,,,,39896004,false,false,9,2015-04-01,2015-12-31,-1
2017-03-24,88030,2017-03-31,,41000000000,0.000,,,,,9200000000,0.082,8000000000,0.143,,4000000000,,100.27,,,,,,,,,,,,,,,,,,,,,,true,true,12,2016-04-01,2017-03-31,0
2017-03-24,88030,2016-03-31,,37010000000,,,,,,8267000000,,6708000000,,,4408000000,,110.50,,,,,,,,,,,,,,,,,,,,,,true,false,12,2015-04-01,2016-03-31,-1
2017-04-27,88030,2017-03-31,,41747000000,0.128,,,,,9673000000,0.170,8431000000,0.257,,4514000000,,113.17,,0.047,0.029,0.232,,293025000000,97524000000,0.333,2444.84,97524000000,20980000000,-13017000000,-4222000000,19117000000,,0.230,,,,,,true,false,12,2016-04-01,2017-03-31,0
2017-04-27,88030,2016-03-31,,37010000000,0.078,,,,,8267000000,-0.033,6708000000,0.021,,4408000000,,110.50,,0.047,0.023,0.223,,294021000000,94827000000,0.323,2377.02,94827000000,9954000000,-2600000000,-3218000000,15377000000,,0.235,,,,,,true,false,12,2015-04-01,2016-03-31,-1
2017-04-27,88030,2018-03-31,,35500000000,-0.150,,,,,8500000000,-0.121,7200000000,-0.146,,4500000000,,112.81,,,,,,,,,,,,,,,,0.266,,,,,,true,true,12,2017-04-01,2018-03-31,1
2017-04-27,88030,2017-03-31,,35643000000,0.135,,,,,8356000000,0.198,7715000000,0.328,4478000000,,0.202,112.26,,,,,,287014000000,93061000000,0.324,2332.97,93061000000,,,,,26.00,,,,40059996,170169,39891689,false,false,12,2016-04-01,2017-03-31,0
2017-04-27,88030,2016-03-31,,31397000000,0.080,,,,,6977000000,-0.075,5810000000,-0.008,3725000000,,0.696,93.38,,,,,,287606000000,90388000000,0.314,2265.76,90388000000,,,,,26.00,,,,40059996,166564,39895358,false,false,12,2015-04-01,2016-03-31,-1
2017-04-27,88030,2018-03-31,,,,,,,,,,,,,,,,,,,,,,,,,,,,,,30.00,,,,,,,false,true,12,2017-04-01,2018-03-31,1
2017-07-31,88030,2018-03-31,1,6643000000,0.098,,,,,1927000000,0.064,1759000000,0.112,,1160000000,,29.09,,,,,,292519000000,99886000000,0.341,2504.10,99886000000,,,,,,,,,,,,true,false,3,2017-04-01,2017-06-30,0
2017-07-31,88030,2017-03-31,1,6050000000,-0.270,,,,,1811000000,-0.064,1582000000,-0.023,,836000000,,20.97,,,,,,,,,,,,,,,,,,,,,,true,false,3,2016-04-01,2016-06-30,-1
2017-07-31,88030,2018-03-31,1,35500000000,-0.150,,,,,8500000000,-0.121,7200000000,-0.146,,4500000000,,112.81,,,,,,,,,,,,,,,,,,,,,,true,true,12,2017-04-01,2018-03-31,0
2017-07-31,88030,2017-03-31,1,,,,,,,,,,,,,,,,,,,,293025000000,97524000000,0.333,2444.84,97524000000,,,,,,,,,,,,true,false,12,2016-04-01,2017-03-31,-1
2017-07-31,88030,2017-03-31,1,,,,,,,,,,,,,,,,,,,,,,,,,,,,,26.00,,,,40059996,170169,,false,false,12,2016-04-01,2017-03-31,-1
2017-07-31,88030,2018-03-31,1,,,,,,,,,,,,,,,,,,,,,,,,,,,,,30.00,,,,,,,false,true,12,2017-04-01,2018-03-31,0
2017-07-31,88030,2018-03-31,1,,,,,,,,,,,,,,,,,,,,,,,,,,,,,,,,,40059996,170580,39889618,false,false,3,2017-04-01,2017-06-30,0
2017-07-31,88030,2017-03-31,1,,,,,,,,,,,,,,,,,,,,,,,,,,,,,,,,,,,39893182,false,false,3,2016-04-01,2016-06-30,-1
2017-10-31,88030,2018-03-31,2,16100000000,0.044,,,,,5029000000,0.195,4505000000,0.252,,3143000000,,78.80,,,,,,292449000000,102205000000,0.349,2562.31,102205000000,,,,,,,,,,,,true,false,6,2017-04-01,2017-09-30,0
2017-10-31,88030,2017-03-31,2,15425000000,-0.101,,,,,4209000000,0.009,3599000000,0.070,,2266000000,,56.80,,,,,,,,,,,,,,,,,,,,,,true,false,6,2016-04-01,2016-09-30,-1
2017-10-31,88030,2018-03-31,2,36000000000,-0.138,,,,,8700000000,-0.101,7500000000,-0.110,,5000000000,,125.35,,,,,,,,,,,,,,,,,,,,,,true,true,12,2017-04-01,2018-03-31,0
2017-10-31,88030,2017-03-31,2,,,,,,,,,,,,,,,,,,,,293025000000,97524000000,0.333,2444.84,97524000000,,,,,,,,,,,,true,false,12,2016-04-01,2017-03-31,-1
2017-10-31,88030,2017-03-31,2,,,,,,,,,,,,,,,,,,,,,,,,,,,,,26.00,,,,40059996,170169,,false,false,12,2016-04-01,2017-03-31,-1
2017-10-31,88030,2018-03-31,2,,,,,,,,,,,,,,,,,,,,,,,,,,,,,17.00,,,,,,,false,false,12,2017-04-01,2018-03-31,0
2017-10-31,88030,2018-03-31,2,,,,,,,,,,,,,,,,,,,,,,,,,,,,,34.00,,,,,,,false,true,12,2017-04-01,2018-03-31,0
2017-10-31,88030,2018-03-31,2,,,,,,,,,,,,,,,,,,,,,,,,,,,,,,,,,40059996,172082,39888988,false,false,6,2017-04-01,2017-09-30,0
2017-10-31,88030,2017-03-31,2,,,,,,,,,,,,,,,,,,,,,,,,,,,,,,,,,,,39892627,false,false,6,2016-04-01,2016-09-30,-1
2018-01-29,88030,2018-03-31,3,26118000000,0.144,,,,,7433000000,0.196,6716000000,0.259,,4692000000,,117.63,,,,,,300712000000,103689000000,0.345,2599.62,103689000000,,,,,,,,,,,,true,false,9,2017-04-01,2017-12-31,0
2018-01-29,88030,2017-03-31,3,22837000000,-0.215,,,,,6214000000,-0.073,5336000000,-0.041,,3351000000,,84.01,,,,,,,,,,,,,,,,,,,,,,true,false,9,2016-04-01,2016-12-31,-1
2018-01-29,88030,2018-03-31,3,36000000000,-0.138,,,,,8700000000,-0.101,7500000000,-0.110,,5000000000,,125.35,,,,,,,,,,,,,,,,,,,,,,true,true,12,2017-04-01,2018-03-31,0
2018-01-29,88030,2017-03-31,3,,,,,,,,,,,,,,,,,,,,293025000000,97524000000,0.333,2444.84,97524000000,,,,,,,,,,,,true,false,12,2016-04-01,2017-03-31,-1
2018-01-29,88030,2017-03-31,3,,,,,,,,,,,,,,,,,,,,,,,,,,,,,26.00,,,,40059996,170169,,false,false,12,2016-04-01,2017-03-31,-1
2018-01-29,88030,2018-03-31,3,,,,,,,,,,,,,,,,,,,,,,,,,,,,,17.00,,,,,,,false,false,12,2017-04-01,2018-03-31,0
2018-01-29,88030,2018-03-31,3,,,,,,,,,,,,,,,,,,,,,,,,,,,,,34.00,,,,,,,false,true,12,2017-04-01,2018-03-31,0
2018-01-29,88030,2018-03-31,3,,,,,,,,,,,,,,,,,,,,,,,,,,,,,,,,,40059996,173476,39888341,false,false,9,2017-04-01,2017-12-31,0
2018-01-29,88030,2017-03-31,3,,,,,,,,,,,,,,,,,,,,,,,,,,,,,,,,,,,39892187,false,false,9,2016-04-01,2016-12-31,-1
2018-04-26,88030,2018-03-31,,32698000000,-0.217,,,,,9432000000,-0.025,8395000000,-0.004,,5288000000,,132.57,,0.052,0.028,0.288,,302795000000,104900000000,0.346,2630.07,104900000000,13482000000,-17265000000,-2499000000,12784000000,,0.279,,,,,,true,false,12,2017-04-01,2018-03-31,0
2018-04-26,88030,2017-03-31,,41747000000,0.128,,,,,9673000000,0.170,8431000000,0.257,,4514000000,,113.17,,0.047,0.029,0.232,,293025000000,97524000000,0.333,2444.84,97524000000,20980000000,-13017000000,-4222000000,19117000000,,0.230,,,,,,true,false,12,2016-04-01,2017-03-31,-1
2018-04-26,88030,2019-03-31,,41500000000,0.269,,,,,8800000000,-0.067,7800000000,-0.071,,5300000000,,132.88,,,,,,,,,,,,,,,,0.301,,,,,,true,true,12,2018-04-01,2019-03-31,1
2018-04-26,88030,2018-03-31,,27762000000,-0.221,,,,,8094000000,-0.031,7590000000,-0.016,4888000000,,0.092,122.57,,,,,,296358000000,99983000000,0.337,2506.79,99983000000,,,,,37.00,,,,40059996,174783,39887682,false,false,12,2017-04-01,2018-03-31,0
2018-04-26,88030,2017-03-31,,35643000000,0.135,,,,,8356000000,0.198,7715000000,0.328,4478000000,,0.202,112.26,,,,,,287014000000,93061000000,0.324,2332.97,93061000000,,,,,26.00,,,,40059996,170169,39891689,false,false,12,2016-04-01,2017-03-31,-1
2018-04-26,88030,2019-03-31,,,,,,,,,,,,,,,,,,,,,,,,,,,,,,40.00,,,,,,,false,true,12,2018-04-01,2019-03-31,1
2018-07-31,88030,2019-03-31,1,12522000000,0.885,,,,,2938000000,0.524,2886000000,0.641,,1859000000,,47.02,,,,,,304809000000,105425000000,0.346,2690.90,105425000000,,,,,,,,,,,,true,false,3,2018-04-01,2018-06-30,0
2018-07-31,88030,2018-03-31,1,6643000000,0.098,,,,,1927000000,0.064,1759000000,0.112,,1160000000,,29.09,,,,,,,,,,,,,,,,,,,,,,true,false,3,2017-04-01,2017-06-30,-1
2018-07-31,88030,2019-03-31,1,41500000000,0.269,,,,,8800000000,-0.067,7800000000,-0.071,,5300000000,,135.28,,,,,,,,,,,,,,,,,,,,,,true,true,12,2018-04-01,2019-03-31,0
2018-07-31,88030,2018-03-31,1,,,,,,,,,,,,,,,,,,,,300243000000,104900000000,0.349,2630.07,104900000000,,,,,,,,,,,,true,false,12,2017-04-01,2018-03-31,-1
2018-07-31,88030,2018-03-31,1,,,,,,,,,,,,,,,,,,,,,,,,,,,,,37.00,,,,40059996,174783,,false,false,12,2017-04-01,2018-03-31,-1
2018-07-31,88030,2019-03-31,1,,,,,,,,,,,,,,,,,,,,,,,,,,,,,40.00,,,,,,,false,true,12,2018-04-01,2019-03-31,0
2018-07-31,88030,2019-03-31,1,,,,,,,,,,,,,,,,,,,,,,,,,,,,,,,,,40059996,881457,39540069,false,false,3,2018-04-01,2018-06-30,0
2018-07-31,88030,2018-03-31,1,,,,,,,,,,,,,,,,,,,,,,,,,,,,,,,,,,,39889618,false,false,3,2017-04-01,2017-06-30,-1
2018-10-31,88030,2019-03-31,2,26576000000,0.651,,,,,5587000000,0.111,5208000000,0.156,,3487000000,,89.16,,,,,,323398000000,106426000000,0.329,2751.20,106426000000,,,,,,,,,,,,true,false,6,2018-04-01,2018-09-30,0
2018-10-31,88030,2018-03-31,2,16100000000,0.044,,,,,5029000000,0.195,4505000000,0.252,,3143000000,,78.80,,,,,,,,,,,,,,,,,,,,,,true,false,6,2017-04-01,2017-09-30,-1
2018-10-31,88030,2019-03-31,2,41500000000,0.269,,,,,8800000000,-0.067,7800000000,-0.071,,5300000000,,136.25,,,,,,,,,,,,,,,,,,,,,,true,true,12,2018-04-01,2019-03-31,0
2018-10-31,88030,2018-03-31,2,,,,,,,,,,,,,,,,,,,,300243000000,104900000000,0.349,2630.07,104900000000,,,,,,,,,,,,true,false,12,2017-04-01,2018-03-31,-1
2018-10-31,88030,2018-03-31,2,,,,,,,,,,,,,,,,,,,,,,,,,,,,,37.00,,,,40059996,174783,,false,false,12,2017-04-01,2018-03-31,-1
2018-10-31,88030,2019-03-31,2,,,,,,,,,,,,,,,,,,,,,,,,,,,,,20.00,,,,,,,false,false,12,2018-04-01,2019-03-31,0
2018-10-31,88030,2019-03-31,2,,,,,,,,,,,,,,,,,,,,,,,,,,,,,40.00,,,,,,,false,true,12,2018-04-01,2019-03-31,0
2018-10-31,88030,2019-03-31,2,,,,,,,,,,,,,,,,,,,,,,,,,,,,,,,,,40059996,1376457,39112010,false,false,6,2018-04-01,2018-09-30,0
2018-10-31,88030,2018-03-31,2,,,,,,,,,,,,,,,,,,,,,,,,,,,,,,,,,,,39888988,false,false,6,2017-04-01,2017-09-30,-1
2019-01-29,88030,2019-03-31,3,32737000000,0.253,,,,,7203000000,-0.031,6643000000,-0.011,,5190000000,,133.19,,,,,,326943000000,106638000000,0.326,2756.77,106638000000,,,,,,,,,,,,true,false,9,2018-04-01,2018-12-31,0
2019-01-29,88030,2018-03-31,3,26118000000,0.144,,,,,7433000000,0.196,6716000000,0.259,,4692000000,,117.63,,,,,,,,,,,,,,,,,,,,,,true,false,9,2017-04-01,2017-12-31,-1
2019-01-29,88030,2019-03-31,3,39000000000,0.193,,,,,8800000000,-0.067,7800000000,-0.071,,5800000000,,149.11,,,,,,,,,,,,,,,,,,,,,,true,true,12,2018-04-01,2019-03-31,0
2019-01-29,88030,2018-03-31,3,,,,,,,,,,,,,,,,,,,,300243000000,104900000000,0.349,2630.07,104900000000,,,,,,,,,,,,true,false,12,2017-04-01,2018-03-31,-1
2019-01-29,88030,2018-03-31,3,,,,,,,,,,,,,,,,,,,,,,,,,,,,,37.00,,,,40059996,174783,,false,false,12,2017-04-01,2018-03-31,-1
2019-01-29,88030,2019-03-31,3,,,,,,,,,,,,,,,,,,,,,,,,,,,,,20.00,,,,,,,false,false,12,2018-04-01,2019-03-31,0
2019-01-29,88030,2019-03-31,3,,,,,,,,,,,,,,,,,,,,,,,,,,,,,45.00,,,,,,,false,true,12,2018-04-01,2019-03-31,0
2019-01-29,88030,2019-03-31,3,,,,,,,,,,,,,,,,,,,,,,,,,,,,,,,,,40059996,1377353,38969015,false,false,9,2018-04-01,2018-12-31,0
2019-01-29,88030,2018-03-31,3,,,,,,,,,,,,,,,,,,,,,,,,,,,,,,,,,,,39888341,false,false,9,2017-04-01,2017-12-31,-1
2019-04-25,88030,2019-03-31,,39480000000,0.207,,,,,9335000000,-0.010,8430000000,0.004,,6174000000,,158.73,,0.058,0.027,0.236,,335572000000,109075000000,0.325,2819.82,109075000000,-12780000000,-12946000000,24652000000,11710000000,,0.302,,,,,,true,false,12,2018-04-01,2019-03-31,0
2019-04-25,88030,2018-03-31,,32698000000,-0.217,,,,,9432000000,-0.025,8395000000,-0.004,,5288000000,,132.57,,0.052,0.028,0.288,,300243000000,104900000000,0.349,2630.07,104900000000,13482000000,-17265000000,-2499000000,12784000000,,0.279,,,,,,true,false,12,2017-04-01,2018-03-31,-1
2019-04-25,88030,2020-03-31,,54000000000,0.368,,,,,10000000000,0.071,9000000000,0.068,,6400000000,,165.45,,,,,,,,,,,,,,,,0.302,,,,,,true,true,12,2019-04-01,2020-03-31,1
2019-04-25,88030,2019-03-31,,34321000000,0.236,,,,,7919000000,-0.022,7715000000,0.016,5857000000,,0.198,150.60,,,,,,329151000000,103786000000,0.315,2683.09,103786000000,,,,,48.00,,,,40059996,1378119,38897289,false,false,12,2018-04-01,2019-03-31,0
2019-04-25,88030,2018-03-31,,27762000000,-0.221,,,,,8094000000,-0.031,7590000000,-0.016,4888000000,,0.092,122.57,,,,,,293845000000,99983000000,0.340,2506.79,99983000000,,,,,37.00,,,,40059996,174783,39887682,false,false,12,2017-04-01,2018-03-31,-1
2019-04-25,88030,2020-03-31,,,,,,,,,,,,,,,,,,,,,,,,,,,,,,50.00,,,,,,,false,true,12,2019-04-01,2020-03-31,1
2019-07-31,88030,2020-03-31,1,11635000000,-0.071,,,,,2591000000,-0.118,2519000000,-0.127,,1500000000,,38.80,,,,,,331802000000,108346000000,0.327,2801.95,108346000000,,,,,,,,,,,,true,false,3,2019-04-01,2019-06-30,0
2019-07-31,88030,2019-03-31,1,12522000000,0.885,,,,,2938000000,0.524,2886000000,0.641,,1859000000,,47.02,,,,,,,,,,,,,,,,,,,,,,true,false,3,2018-04-01,2018-06-30,-1
2019-07-31,88030,2020-03-31,1,54000000000,0.368,,,,,10000000000,0.071,9000000000,0.068,,6400000000,,167.73,,,,,,,,,,,,,,,,,,,,,,true,true,12,2019-04-01,2020-03-31,0
2019-07-31,88030,2019-03-31,1,,,,,,,,,,,,,,,,,,,,335572000000,109075000000,0.325,2819.82,109075000000,,,,,,,,,,,,true,false,12,2018-04-01,2019-03-31,-1
2019-07-31,88030,2019-03-31,1,,,,,,,,,,,,,,,,,,,,,,,,,,,,,48.00,,,,40059996,1378119,,false,false,12,2018-04-01,2019-03-31,-1
2019-07-31,88030,2020-03-31,1,,,,,,,,,,,,,,,,,,,,,,,,,,,,,50.00,,,,,,,false,true,12,2019-04-01,2020-03-31,0
2019-07-31,88030,2020-03-31,1,,,,,,,,,,,,,,,,,,,,,,,,,,,,,,,,,38859996,191854,38677087,false,false,3,2019-04-01,2019-06-30,0
2019-07-31,88030,2019-03-31,1,,,,,,,,,,,,,,,,,,,,,,,,,,,,,,,,,,,39540069,false,false,3,2018-04-01,2018-06-30,-1
2019-12-13,88030,2020-03-31,2,30882000000,0.162,,,,,5860000000,0.049,5467000000,0.050,,3459000000,,90.03,,,,,,337951000000,110097000000,0.326,2897.88,110097000000,,,,,,,,,,,,true,false,6,2019-04-01,2019-09-30,0
2019-12-13,88030,2019-03-31,2,26576000000,0.651,,,,,5587000000,0.111,5208000000,0.156,,3487000000,,89.16,,,,,,,,,,,,,,,,,,,,,,true,false,6,2018-04-01,2018-09-30,-1
2019-12-13,88030,2020-03-31,2,54000000000,0.368,,,,,10000000000,0.071,9000000000,0.068,,6400000000,,167.88,,,,,,,,,,,,,,,,,,,,,,true,true,12,2019-04-01,2020-03-31,0
2019-12-13,88030,2019-03-31,2,,,,,,,,,,,,,,,,,,,,335572000000,109075000000,0.325,2819.82,109075000000,,,,,,,,,,,,true,false,12,2018-04-01,2019-03-31,-1
2019-12-13,88030,2019-03-31,2,,,,,,,,,,,,,,,,,,,,,,,,,,,,,48.00,,,,40059996,1378119,,false,false,12,2018-04-01,2019-03-31,-1
2019-12-13,88030,2020-03-31,2,,,,,,,,,,,,,,,,,,,,,,,,,,,,,25.00,,,,,,,false,false,12,2019-04-01,2020-03-31,0
2019-12-13,88030,2020-03-31,2,,,,,,,,,,,,,,,,,,,,,,,,,,,,,50.00,,,,,,,false,true,12,2019-04-01,2020-03-31,0
2019-12-13,88030,2020-03-31,2,,,,,,,,,,,,,,,,,,,,,,,,,,,,,,,,,38859996,867731,38429011,false,false,6,2019-04-01,2019-09-30,0
2019-12-13,88030,2019-03-31,2,,,,,,,,,,,,,,,,,,,,,,,,,,,,,,,,,,,39112010,false,false,6,2018-04-01,2018-09-30,-1
2020-01-30,88030,2020-03-31,3,37516000000,0.146,,,,,8083000000,0.122,7512000000,0.131,,4957000000,,129.68,,,,,,340952000000,109704000000,0.322,2900.96,109704000000,,,,,,,,,,,,true,false,9,2019-04-01,2019-12-31,0
2020-01-30,88030,2019-03-31,3,32737000000,0.253,,,,,7203000000,-0.031,6643000000,-0.011,,5190000000,,133.19,,,,,,,,,,,,,,,,,,,,,,true,false,9,2018-04-01,2018-12-31,-1
2020-01-30,88030,2020-03-31,3,46000000000,0.165,,,,,10000000000,0.071,9000000000,0.068,,6400000000,,167.87,,,,,,,,,,,,,,,,,,,,,,true,true,12,2019-04-01,2020-03-31,0
2020-01-30,88030,2019-03-31,3,,,,,,,,,,,,,,,,,,,,335572000000,109075000000,0.325,2819.82,109075000000,,,,,,,,,,,,true,false,12,2018-04-01,2019-03-31,-1
2020-01-30,88030,2019-03-31,3,,,,,,,,,,,,,,,,,,,,,,,,,,,,,48.00,,,,40059996,1378119,,false,false,12,2018-04-01,2019-03-31,-1
2020-01-30,88030,2020-03-31,3,,,,,,,,,,,,,,,,,,,,,,,,,,,,,25.00,,,,,,,false,false,12,2019-04-01,2020-03-31,0
2020-01-30,88030,2020-03-31,3,,,,,,,,,,,,,,,,,,,,,,,,,,,,,50.00,,,,,,,false,true,12,2019-04-01,2020-03-31,0
2020-01-30,88030,2020-03-31,3,,,,,,,,,,,,,,,,,,,,,,,,,,,,,,,,,38859996,1043277,38226762,false,false,9,2019-04-01,2019-12-31,0
2020-01-30,88030,2019-03-31,3,,,,,,,,,,,,,,,,,,,,,,,,,,,,,,,,,,,38969015,false,false,9,2018-04-01,2018-12-31,-1
2020-04-30,88030,2020-03-31,,46639000000,0.181,,,,,10903000000,0.168,10006000000,0.187,,7046000000,,184.82,,0.065,0.030,0.234,,339545000000,107302000000,0.316,2837.29,107302000000,28680000000,-11427000000,-1829000000,27166000000,,0.303,,,,,,true,false,12,2019-04-01,2020-03-31,0
2020-04-30,88030,2019-03-31,,39480000000,0.207,,,,,9335000000,-0.010,8430000000,0.004,,6174000000,,158.73,,0.058,0.027,0.236,,335572000000,109075000000,0.325,2819.82,109075000000,-12780000000,-12946000000,24652000000,11710000000,,0.302,,,,,,true,false,12,2018-04-01,2019-03-31,-1
2020-04-30,88030,2021-03-31,,34000000000,-0.271,,,,,9500000000,-0.129,8500000000,-0.151,,6000000000,,159.87,,,,,,,,,,,,,,,,0.400,,,,,,true,true,12,2020-04-01,2021-03-31,1
2020-04-30,88030,2020-03-31,,41448000000,0.208,,,,,9643000000,0.218,9525000000,0.235,5915000000,,0.010,155.17,,,,,,333298000000,101986000000,0.306,2696.74,101986000000,,,,,56.00,,,,38859996,1041458,38124727,false,false,12,2019-04-01,2020-03-31,0
2020-04-30,88030,2019-03-31,,34321000000,0.236,,,,,7919000000,-0.022,7715000000,0.016,5857000000,,0.198,150.60,,,,,,329151000000,103786000000,0.315,2683.09,103786000000,,,,,48.00,,,,40059996,1378119,38897289,false,false,12,2018-04-01,2019-03-31,-1
2020-04-30,88030,2021-03-31,,,,,,,,,,,,,,,,,,,,,,,,,,,,,,64.00,,,,,,,false,true,12,2020-04-01,2021-03-31,1
2020-07-30,88030,2021-03-31,1,6376000000,-0.452,,,,,1919000000,-0.259,1842000000,-0.269,,1107000000,,29.33,,,,,,346162000000,108725000000,0.314,2884.23,108725000000,,,,,,,,,,,,true,false,3,2020-04-01,2020-06-30,0
2020-07-30,88030,2020-03-31,1,11635000000,-0.071,,,,,2591000000,-0.118,2519000000,-0.127,,1500000000,,38.80,,,,,,,,,,,,,,,,,,,,,,true,false,3,2019-04-01,2019-06-30,-1
2020-07-30,88030,2021-03-31,1,34000000000,-0.271,,,,,9500000000,-0.129,8500000000,-0.151,,6000000000,,159.90,,,,,,,,,,,,,,,,,,,,,,true,true,12,2020-04-01,2021-03-31,0
2020-07-30,88030,2020-03-31,1,,,,,,,,,,,,,,,,,,,,339545000000,107302000000,0.316,2837.29,107302000000,,,,,,,,,,,,true,false,12,2019-04-01,2020-03-31,-1
2020-07-30,88030,2020-03-31,1,,,,,,,,,,,,,,,,,,,,,,,,,,,,,56.00,,,,38859996,1041458,,false,false,12,2019-04-01,2020-03-31,-1
2020-07-30,88030,2021-03-31,1,,,,,,,,,,,,,,,,,,,,,,,,,,,,,64.00,,,,,,,false,true,12,2020-04-01,2021-03-31,0
2020-07-30,88030,2021-03-31,1,,,,,,,,,,,,,,,,,,,,,,,,,,,,,,,,,38859996,1163368,37757031,false,false,3,2020-04-01,2020-06-30,0
2020-07-30,88030,2020-03-31,1,,,,,,,,,,,,,,,,,,,,,,,,,,,,,,,,,,,38677087,false,false,3,2019-04-01,2019-06-30,-1
2020-10-30,88030,2021-03-31,2,21406000000,-0.307,,,,,6696000000,0.143,6268000000,0.147,,4303000000,,114.33,,,,,,357772000000,113783000000,0.318,3036.79,113783000000,,,,,,,,,,,,true,false,6,2020-04-01,2020-09-30,0
2020-10-30,88030,2020-03-31,2,30882000000,0.162,,,,,5860000000,0.049,5467000000,0.050,,3459000000,,90.03,,,,,,,,,,,,,,,,,,,,,,true,false,6,2019-04-01,2019-09-30,-1
2020-10-30,88030,2021-03-31,2,34000000000,-0.271,,,,,9500000000,-0.129,8500000000,-0.151,,6000000000,,160.00,,,,,,,,,,,,,,,,,,,,,,true,true,12,2020-04-01,2021-03-31,0
2020-10-30,88030,2020-03-31,2,,,,,,,,,,,,,,,,,,,,339545000000,107302000000,0.316,2837.29,107302000000,,,,,,,,,,,,true,false,12,2019-04-01,2020-03-31,-1
2020-10-30,88030,2020-03-31,2,,,,,,,,,,,,,,,,,,,,,,,,,,,,,56.00,,,,38859996,1041458,,false,false,12,2019-04-01,2020-03-31,-1
2020-10-30,88030,2021-03-31,2,,,,,,,,,,,,,,,,,,,,,,,,,,,,,32.00,,,,,,,false,false,12,2020-04-01,2021-03-31,0
2020-10-30,88030,2021-03-31,2,,,,,,,,,,,,,,,,,,,,,,,,,,,,,64.00,,,,,,,false,true,12,2020-04-01,2021-03-31,0
2020-10-30,88030,2021-03-31,2,,,,,,,,,,,,,,,,,,,,,,,,,,,,,,,,,38859996,1391667,37643283,false,false,6,2020-04-01,2020-09-30,0
2020-10-30,88030,2020-03-31,2,,,,,,,,,,,,,,,,,,,,,,,,,,,,,,,,,,,38429011,false,false,6,2019-04-01,2019-09-30,-1
2021-01-29,88030,2021-03-31,3,27953000000,-0.255,,,,,8921000000,0.104,8310000000,0.106,,5752000000,,153.06,,,,,,366772000000,114867000000,0.313,3065.79,114867000000,,,,,,,,,,,,true,false,9,2020-04-01,2020-12-31,0
2021-01-29,88030,2020-03-31,3,37516000000,0.146,,,,,8083000000,0.122,7512000000,0.131,,4957000000,,129.68,,,,,,,,,,,,,,,,,,,,,,true,false,9,2019-04-01,2019-12-31,-1
2021-01-29,88030,2021-03-31,3,34500000000,-0.260,,,,,10200000000,-0.065,9200000000,-0.081,,6400000000,,170.57,,,,,,,,,,,,,,,,,,,,,,true,true,12,2020-04-01,2021-03-31,0
2021-01-29,88030,2020-03-31,3,,,,,,,,,,,,,,,,,,,,339545000000,107302000000,0.316,2837.29,107302000000,,,,,,,,,,,,true,false,12,2019-04-01,2020-03-31,-1
2021-01-29,88030,2020-03-31,3,,,,,,,,,,,,,,,,,,,,,,,,,,,,,56.00,,,,38859996,1041458,,false,false,12,2019-04-01,2020-03-31,-1
2021-01-29,88030,2021-03-31,3,,,,,,,,,,,,,,,,,,,,,,,,,,,,,32.00,,,,,,,false,false,12,2020-04-01,2021-03-31,0
2021-01-29,88030,2021-03-31,3,,,,,,,,,,,,,,,,,,,,,,,,,,,,,64.00,,,,,,,false,true,12,2020-04-01,2021-03-31,0
2021-01-29,88030,2021-03-31,3,,,,,,,,,,,,,,,,,,,,,,,,,,,,,,,,,38859996,1392435,37584812,false,false,9,2020-04-01,2020-12-31,0
2021-01-29,88030,2020-03-31,3,,,,,,,,,,,,,,,,,,,,,,,,,,,,,,,,,,,38226762,false,false,9,2019-04-01,2019-12-31,-1
2021-03-31,88030,2021-03-31,,34900000000,0.012,,,,,11000000000,0.078,10000000000,0.087,,6900000000,,183.93,,,,,,,,,,,,,,,,,,,,,,true,true,12,2020-04-01,2021-03-31,0
2021-03-31,88030,2020-03-31,,46639000000,,,,,,10903000000,,10006000000,,,7046000000,,184.82,,,,,,,,,,,,,,,,,,,,,,true,false,12,2019-04-01,2020-03-31,-1
2021-03-31,88030,2021-03-31,,,,,,,,,,,,,,,,,,,,,,,,,,,,,,74.00,,,,,,,false,true,12,2020-04-01,2021-03-31,0
2021-03-31,88030,2021-03-31,,,,,,,,,,,,,,,,,,,,,,,,,,,,,,32.00,,,,,,,false,false,12,2020-04-01,2021-03-31,0
2021-03-31,88030,2020-03-31,,,,,,,,,,,,,,,,,,,,,,,,,,,,,,56.00,,,,,,,false,false,12,2019-04-01,2020-03-31,-1
2021-04-30,88030,2021-03-31,,35048000000,-0.249,,,,,11228000000,0.030,10244000000,0.024,,7118000000,,189.76,,0.063,0.028,0.320,,381353000000,118639000000,0.311,3190.09,118639000000,8292000000,-30200000000,24327000000,29585000000,,0.406,,,,,,true,false,12,2020-04-01,2021-03-31,0
2021-04-30,88030,2020-03-31,,46639000000,0.181,,,,,10903000000,0.168,10006000000,0.187,,7046000000,,184.82,,0.065,0.030,0.234,,339545000000,107302000000,0.316,2837.29,107302000000,28680000000,-11427000000,-1829000000,27166000000,,0.303,,,,,,true,false,12,2019-04-01,2020-03-31,-1
2021-04-30,88030,2022-03-31,,56800000000,0.621,,,,,11500000000,0.024,10300000000,0.005,,7300000000,,197.95,,,,,,,,,,,,,,,,0.414,,,,,,true,true,12,2021-04-01,2022-03-31,1
2021-04-30,88030,2021-03-31,,30598000000,-0.262,,,,,10033000000,0.040,9767000000,0.025,7034000000,,0.189,187.51,,,,,,374767000000,113071000000,0.302,3040.36,113071000000,,,,,77.00,,,,38859996,1669867,37514098,false,false,12,2020-04-01,2021-03-31,0
2021-04-30,88030,2020-03-31,,41448000000,0.208,,,,,9643000000,0.218,9525000000,0.235,5915000000,,0.010,155.17,,,,,,333298000000,101986000000,0.306,2696.74,101986000000,,,,,56.00,,,,38859996,1041458,38124727,false,false,12,2019-04-01,2020-03-31,-1
2021-04-30,88030,2022-03-31,,,,,,,,,,,,,,,,,,,,,,,,,,,,,,82.00,,,,,,,false,true,12,2021-04-01,2022-03-31,1
2021-07-30,88030,2022-03-31,1,33840000000,4.307,,,,,4859000000,1.531,4789000000,1.599,,3146000000,,84.81,,,,,,368795000000,120852000000,0.328,3264.58,120852000000,,,,,,,,,,,,true,false,3,2021-04-01,2021-06-30,0
2021-07-30,88030,2021-03-31,1,6376000000,-0.452,,,,,1919000000,-0.259,1842000000,-0.269,,1107000000,,29.33,,,,,,,,,,,,,,,,,,,,,,true,false,3,2020-04-01,2020-06-30,-1
2021-07-30,88030,2022-03-31,1,56800000000,0.621,,,,,11500000000,0.024,10300000000,0.005,,7300000000,,198.24,,,,,,,,,,,,,,,,,,,,,,true,true,12,2021-04-01,2022-03-31,0
2021-07-30,88030,2021-03-31,1,,,,,,,,,,,,,,,,,,,,381353000000,118639000000,0.311,3190.09,118639000000,,,,,,,,,,,,true,false,12,2020-04-01,2021-03-31,-1
2021-07-30,88030,2021-03-31,1,,,,,,,,,,,,,,,,,,,,,,,,,,,,,77.00,,,,38859996,1669867,,false,false,12,2020-04-01,2021-03-31,-1
2021-07-30,88030,2022-03-31,1,,,,,,,,,,,,,,,,,,,,,,,,,,,,,82.00,,,,,,,false,true,12,2021-04-01,2022-03-31,0
2021-07-30,88030,2022-03-31,1,,,,,,,,,,,,,,,,,,,,,,,,,,,,,,,,,38859996,1840567,37101031,false,false,3,2021-04-01,2021-06-30,0
2021-07-30,88030,2021-03-31,1,,,,,,,,,,,,,,,,,,,,,,,,,,,,,,,,,,,37757031,false,false,3,2020-04-01,2020-06-30,-1
2021-10-29,8803,2022-03-31,2,41281000000,0.928,,,,,7299000000,0.090,6860000000,0.094,,4765000000,,128.90,,,,,,376256000000,121498000000,0.323,3304.26,121498000000,,,,,,,,,,,,true,false,6,2021-04-01,2021-09-30,0
2021-10-29,8803,2021-03-31,2,21406000000,-0.307,,,,,6696000000,0.143,6268000000,0.147,,4303000000,,114.33,,,,,,,,,,,,,,,,,,,,,,true,false,6,2020-04-01,2020-09-30,-1
2021-10-29,8803,2022-03-31,2,56800000000,0.621,,,,,11500000000,0.024,10300000000,0.005,,7300000000,,198.33,,,,,,,,,,,,,,,,,,,,,,true,true,12,2021-04-01,2022-03-31,0
2021-10-29,8803,2021-03-31,2,,,,,,,,,,,,,,,,,,,,381353000000,118639000000,0.311,3190.09,118639000000,,,,,,,,,,,,true,false,12,2020-04-01,2021-03-31,-1
2021-10-29,8803,2021-03-31,2,,,,,,,,,,,,,,,,,,,,,,,,,,,,,77.00,,,,38859996,1669867,,false,false,12,2020-04-01,2021-03-31,-1
2021-10-29,8803,2022-03-31,2,,,,,,,,,,,,,,,,,,,,,,,,,,,,,41.00,,,,,,,false,false,12,2021-04-01,2022-03-31,0
2021-10-29,8803,2022-03-31,2,,,,,,,,,,,,,,,,,,,,,,,,,,,,,82.00,,,,,,,false,true,12,2021-04-01,2022-03-31,0
2021-10-29,8803,2022-03-31,2,,,,,,,,,,,,,,,,,,,,,,,,,,,,,,,,,38859996,2089693,36967737,false,false,6,2021-04-01,2021-09-30,0
2021-10-29,8803,2021-03-31,2,,,,,,,,,,,,,,,,,,,,,,,,,,,,,,,,,,,37643283,false,false,6,2020-04-01,2020-09-30,-1
2022-01-31,8803,2022-03-31,3,48386000000,0.731,,,,,9317000000,0.044,8671000000,0.043,,6396000000,,173.57,,,,,,369930000000,119148000000,0.322,3254.83,119148000000,,,,,,,,,,,,true,false,9,2021-04-01,2021-12-31,0
2022-01-31,8803,2021-03-31,3,27953000000,-0.255,,,,,8921000000,0.104,8310000000,0.106,,5752000000,,153.06,,,,,,,,,,,,,,,,,,,,,,true,false,9,2020-04-01,2020-12-31,-1
2022-01-31,8803,2022-03-31,3,57200000000,0.632,,,,,12000000000,0.069,11000000000,0.074,,8400000000,,228.41,,,,,,,,,,,,,,,,,,,,,,true,true,12,2021-04-01,2022-03-31,0
2022-01-31,8803,2021-03-31,3,,,,,,,,,,,,,,,,,,,,381353000000,118639000000,0.311,3190.09,118639000000,,,,,,,,,,,,true,false,12,2020-04-01,2021-03-31,-1
2022-01-31,8803,2021-03-31,3,,,,,,,,,,,,,,,,,,,,,,,,,,,,,77.00,,,,38859996,1669867,,false,false,12,2020-04-01,2021-03-31,-1
2022-01-31,8803,2022-03-31,3,,,,,,,,,,,,,,,,,,,,,,,,,,,,,41.00,,,,,,,false,false,12,2021-04-01,2022-03-31,0
2022-01-31,8803,2022-03-31,3,,,,,,,,,,,,,,,,,,,,,,,,,,,,,90.00,,,,,,,false,true,12,2021-04-01,2022-03-31,0
2022-01-31,8803,2022-03-31,3,,,,,,,,,,,,,,,,,,,,,,,,,,,,,,,,,38859996,2253424,36852594,false,false,9,2021-04-01,2021-12-31,0
2022-01-31,8803,2021-03-31,3,,,,,,,,,,,,,,,,,,,,,,,,,,,,,,,,,,,37584812,false,false,9,2020-04-01,2020-12-31,-1
2022-04-28,8803,2022-03-31,,57818000000,0.650,,,,,12615000000,0.123,11572000000,0.130,,8705000000,,236.74,,0.073,0.031,0.218,,376210000000,119278000000,0.317,3269.74,119278000000,34189000000,-20705000000,-15490000000,28111000000,,0.401,,,,,,true,false,12,2021-04-01,2022-03-31,0
2022-04-28,8803,2021-03-31,,35048000000,-0.249,,,,,11228000000,0.030,10244000000,0.024,,7118000000,,189.76,,0.063,0.028,0.320,,381353000000,118639000000,0.311,3190.09,118639000000,8292000000,-30200000000,24327000000,29585000000,,0.406,,,,,,true,false,12,2020-04-01,2021-03-31,-1
2022-04-28,8803,2023-03-31,,41800000000,-0.277,,,,,10000000000,-0.207,8800000000,-0.240,,8800000000,,244.67,,,,,,,,,,,,,,,,0.409,,,,,,true,true,12,2022-04-01,2023-03-31,1
2022-04-28,8803,2022-03-31,,52823000000,0.726,,,,,11248000000,0.121,10893000000,0.115,8529000000,,0.213,231.97,,,,,,365838000000,113574000000,0.310,3113.38,113574000000,,,,,95.00,,,,38859996,2380419,36769924,false,false,12,2021-04-01,2022-03-31,0
2022-04-28,8803,2021-03-31,,30598000000,-0.262,,,,,10033000000,0.040,9767000000,0.025,7034000000,,0.189,187.51,,,,,,374767000000,113071000000,0.302,3040.36,113071000000,,,,,77.00,,,,38859996,1669867,37514098,false,false,12,2020-04-01,2021-03-31,-1
2022-04-28,8803,2023-03-31,,,,,,,,,,,,,,,,,,,,,,,,,,,,,,100.00,,,,,,,false,true,12,2022-04-01,2023-03-31,1
2022-07-29,8803,2023-03-31,1,17385000000,-0.486,,,,,2990000000,-0.385,2905000000,-0.393,,2186000000,,60.22,,,,,,368176000000,116782000000,0.317,3231.81,116782000000,,,,,,,,,,,,true,false,3,2022-04-01,2022-06-30,0
2022-07-29,8803,2022-03-31,1,33840000000,4.307,,,,,4859000000,1.531,4789000000,1.599,,3146000000,,84.81,,,,,,,,,,,,,,,,,,,,,,true,false,3,2021-04-01,2021-06-30,-1
2022-07-29,8803,2023-03-31,1,41800000000,-0.277,,,,,10000000000,-0.207,8800000000,-0.240,,8800000000,,244.68,,,,,,,,,,,,,,,,,,,,,,true,true,12,2022-04-01,2023-03-31,0
2022-07-29,8803,2022-03-31,1,,,,,,,,,,,,,,,,,,,,376210000000,119278000000,0.317,3269.74,119278000000,,,,,,,,,,,,true,false,12,2021-04-01,2022-03-31,-1
2022-07-29,8803,2022-03-31,1,,,,,,,,,,,,,,,,,,,,,,,,,,,,,95.00,,,,38859996,2380419,,false,false,12,2021-04-01,2022-03-31,-1
2022-07-29,8803,2023-03-31,1,,,,,,,,,,,,,,,,,,,,,,,,,,,,,100.00,,,,,,,false,true,12,2022-04-01,2023-03-31,0
2022-07-29,8803,2023-03-31,1,,,,,,,,,,,,,,,,,,,,,,,,,,,,,,,,,38859996,2724611,36304553,false,false,3,2022-04-01,2022-06-30,0
2022-07-29,8803,2022-03-31,1,,,,,,,,,,,,,,,,,,,,,,,,,,,,,,,,,,,37101031,false,false,3,2021-04-01,2021-06-30,-1
2022-10-31,8803,2023-03-31,2,24954000000,-0.396,,,,,5067000000,-0.306,4589000000,-0.331,,4240000000,,117.53,,,,,,372440000000,117226000000,0.315,3275.64,117226000000,,,,,,,,,,,,true,false,6,2022-04-01,2022-09-30,0
2022-10-31,8803,2022-03-31,2,41281000000,0.928,,,,,7299000000,0.090,6860000000,0.094,,4765000000,,128.90,,,,,,,,,,,,,,,,,,,,,,true,false,6,2021-04-01,2021-09-30,-1
2022-10-31,8803,2023-03-31,2,41800000000,-0.277,,,,,10000000000,-0.207,8800000000,-0.240,,8800000000,,244.89,,,,,,,,,,,,,,,,,,,,,,true,true,12,2022-04-01,2023-03-31,0
2022-10-31,8803,2022-03-31,2,,,,,,,,,,,,,,,,,,,,376210000000,119278000000,0.317,3269.74,119278000000,,,,,,,,,,,,true,false,12,2021-04-01,2022-03-31,-1
2022-10-31,8803,2022-03-31,2,,,,,,,,,,,,,,,,,,,,,,,,,,,,,95.00,,,,38859996,2380419,,false,false,12,2021-04-01,2022-03-31,-1
2022-10-31,8803,2023-03-31,2,,,,,,,,,,,,,,,,,,,,,,,,,,,,,50.00,,,,,,,false,false,12,2022-04-01,2023-03-31,0
2022-10-31,8803,2023-03-31,2,,,,,,,,,,,,,,,,,,,,,,,,,,,,,100.00,,,,,,,false,true,12,2022-04-01,2023-03-31,0
2022-10-31,8803,2023-03-31,2,,,,,,,,,,,,,,,,,,,,,,,,,,,,,,,,,38859996,3072690,36081783,false,false,6,2022-04-01,2022-09-30,0
2022-10-31,8803,2022-03-31,2,,,,,,,,,,,,,,,,,,,,,,,,,,,,,,,,,,,36967737,false,false,6,2021-04-01,2021-09-30,-1
2023-01-31,8803,2023-03-31,3,32133000000,-0.336,,,,,6840000000,-0.266,6109000000,-0.295,,5669000000,,157.57,,,,,,385307000000,116321000000,0.302,3250.41,116321000000,,,,,,,,,,,,true,false,9,2022-04-01,2022-12-31,0
2023-01-31,8803,2022-03-31,3,48386000000,0.731,,,,,9317000000,0.044,8671000000,0.043,,6396000000,,173.57,,,,,,,,,,,,,,,,,,,,,,true,false,9,2021-04-01,2021-12-31,-1
2023-01-31,8803,2023-03-31,3,41800000000,-0.277,,,,,10000000000,-0.207,8800000000,-0.240,,8800000000,,244.89,,,,,,,,,,,,,,,,,,,,,,true,true,12,2022-04-01,2023-03-31,0
2023-01-31,8803,2022-03-31,3,,,,,,,,,,,,,,,,,,,,376210000000,119278000000,0.317,3269.74,119278000000,,,,,,,,,,,,true,false,12,2021-04-01,2022-03-31,-1
2023-01-31,8803,2022-03-31,3,,,,,,,,,,,,,,,,,,,,,,,,,,,,,95.00,,,,38859996,2380419,,false,false,12,2021-04-01,2022-03-31,-1
2023-01-31,8803,2023-03-31,3,,,,,,,,,,,,,,,,,,,,,,,,,,,,,50.00,,,,,,,false,false,12,2022-04-01,2023-03-31,0
2023-01-31,8803,2023-03-31,3,,,,,,,,,,,,,,,,,,,,,,,,,,,,,100.00,,,,,,,false,true,12,2022-04-01,2023-03-31,0
2023-01-31,8803,2023-03-31,3,,,,,,,,,,,,,,,,,,,,,,,,,,,,,,,,,38859996,3073124,35983524,false,false,9,2022-04-01,2022-12-31,0
2023-01-31,8803,2022-03-31,3,,,,,,,,,,,,,,,,,,,,,,,,,,,,,,,,,,,36852594,false,false,9,2021-04-01,2021-12-31,-1
2023-04-28,8803,2023-03-31,,44522000000,-0.230,,,,,10784000000,-0.145,9647000000,-0.166,,9137000000,,254.27,,0.077,0.025,0.242,,398333000000,119324000000,0.300,3334.34,119324000000,23952000000,-40250000000,13994000000,25807000000,,0.409,,,,,,true,false,12,2022-04-01,2023-03-31,0
2023-04-28,8803,2022-03-31,,57818000000,0.650,,,,,12615000000,0.123,11572000000,0.130,,8705000000,,236.74,,0.073,0.031,0.218,,376210000000,119278000000,0.317,3269.74,119278000000,34189000000,-20705000000,-15490000000,28111000000,,0.401,,,,,,true,false,12,2021-04-01,2022-03-31,-1
2023-04-28,8803,2024-03-31,,44100000000,-0.009,,,,,12300000000,0.141,10700000000,0.109,,8200000000,,229.14,,,,,,,,,,,,,,,,0.506,,,,,,true,true,12,2023-04-01,2024-03-31,1
2023-04-28,8803,2023-03-31,,39348000000,-0.255,,,,,9567000000,-0.149,9240000000,-0.152,8959000000,,0.050,249.34,,,,,,387230000000,113447000000,0.293,3170.11,113447000000,,,,,104.00,,,,38859996,3073514,35934307,false,false,12,2022-04-01,2023-03-31,0
2023-04-28,8803,2022-03-31,,52823000000,0.726,,,,,11248000000,0.121,10893000000,0.115,8529000000,,0.213,231.97,,,,,,365838000000,113574000000,0.310,3113.38,113574000000,,,,,95.00,,,,38859996,2380419,36769924,false,false,12,2021-04-01,2022-03-31,-1
2023-04-28,8803,2024-03-31,,,,,,,,,,,,,,,,,,,,,,,,,,,,,,116.00,,,,,,,false,true,12,2023-04-01,2024-03-31,1
2023-07-31,8803,2024-03-31,1,15028000000,-0.136,,,,,6447000000,1.156,6211000000,1.138,,5001000000,,139.76,,,,,,400426000000,122017000000,0.305,3409.18,122017000000,,,,,,,,,,,,true,false,3,2023-04-01,2023-06-30,0
2023-07-31,8803,2023-03-31,1,17385000000,-0.486,,,,,2990000000,-0.385,2905000000,-0.393,,2186000000,,60.22,,,,,,,,,,,,,,,,,,,,,,true,false,3,2022-04-01,2022-06-30,-1
2023-07-31,8803,2024-03-31,1,44100000000,-0.009,,,,,12300000000,0.141,10700000000,0.109,,8200000000,,229.11,,,,,,,,,,,,,,,,,,,,,,true,true,12,2023-04-01,2024-03-31,0
2023-07-31,8803,2023-03-31,1,,,,,,,,,,,,,,,,,,,,398333000000,119324000000,0.300,3334.34,119324000000,,,,,,,,,,,,true,false,12,2022-04-01,2023-03-31,-1
2023-07-31,8803,2023-03-31,1,,,,,,,,,,,,,,,,,,,,,,,,,,,,,104.00,,,,38859996,3073514,,false,false,12,2022-04-01,2023-03-31,-1
2023-07-31,8803,2024-03-31,1,,,,,,,,,,,,,,,,,,,,,,,,,,,,,116.00,,,,,,,false,true,12,2023-04-01,2024-03-31,0
2023-07-31,8803,2024-03-31,1,,,,,,,,,,,,,,,,,,,,,,,,,,,,,,,,,38859996,3069119,35787737,false,false,3,2023-04-01,2023-06-30,0
2023-07-31,8803,2023-03-31,1,,,,,,,,,,,,,,,,,,,,,,,,,,,,,,,,,,,36304553,false,false,3,2022-04-01,2022-06-30,-1
2023-10-31,8803,2024-03-31,2,28191000000,0.130,,,,,9254000000,0.826,8574000000,0.868,,6659000000,,186.07,,,,,,404700000000,124488000000,0.308,3478.29,124488000000,,,,,,,,,,,,true,false,6,2023-04-01,2023-09-30,0
2023-10-31,8803,2023-03-31,2,24954000000,-0.396,,,,,5067000000,-0.306,4589000000,-0.331,,4240000000,,117.53,,,,,,,,,,,,,,,,,,,,,,true,false,6,2022-04-01,2022-09-30,-1
2023-10-31,8803,2024-03-31,2,44100000000,-0.009,,,,,12300000000,0.141,10700000000,0.109,,8200000000,,229.12,,,,,,,,,,,,,,,,,,,,,,true,true,12,2023-04-01,2024-03-31,0
2023-10-31,8803,2023-03-31,2,,,,,,,,,,,,,,,,,,,,398333000000,119324000000,0.300,3334.34,119324000000,,,,,,,,,,,,true,false,12,2022-04-01,2023-03-31,-1
2023-10-31,8803,2023-03-31,2,,,,,,,,,,,,,,,,,,,,,,,,,,,,,104.00,,,,38859996,3073514,,false,false,12,2022-04-01,2023-03-31,-1
2023-10-31,8803,2024-03-31,2,,,,,,,,,,,,,,,,,,,,,,,,,,,,,58.00,,,,,,,false,false,12,2023-04-01,2024-03-31,0
2023-10-31,8803,2024-03-31,2,,,,,,,,,,,,,,,,,,,,,,,,,,,,,116.00,,,,,,,false,true,12,2023-04-01,2024-03-31,0
2023-10-31,8803,2024-03-31,2,,,,,,,,,,,,,,,,,,,,,,,,,,,,,,,,,38859996,3069693,35789160,false,false,6,2023-04-01,2023-09-30,0
2023-10-31,8803,2023-03-31,2,,,,,,,,,,,,,,,,,,,,,,,,,,,,,,,,,,,36081783,false,false,6,2022-04-01,2022-09-30,-1
2024-01-31,8803,2024-03-31,3,35715000000,0.111,,,,,10951000000,0.601,9953000000,0.629,,7614000000,,212.75,,,,,,400466000000,122424000000,0.306,3420.64,122424000000,,,,,,,,,,,,true,false,9,2023-04-01,2023-12-31,0
2024-01-31,8803,2023-03-31,3,32133000000,-0.336,,,,,6840000000,-0.266,6109000000,-0.295,,5669000000,,157.57,,,,,,,,,,,,,,,,,,,,,,true,false,9,2022-04-01,2022-12-31,-1
2024-01-31,8803,2024-03-31,3,44100000000,-0.009,,,,,12300000000,0.141,10700000000,0.109,,8200000000,,229.12,,,,,,,,,,,,,,,,,,,,,,true,true,12,2023-04-01,2024-03-31,0
2024-01-31,8803,2023-03-31,3,,,,,,,,,,,,,,,,,,,,398333000000,119324000000,0.300,3334.34,119324000000,,,,,,,,,,,,true,false,12,2022-04-01,2023-03-31,-1
2024-01-31,8803,2023-03-31,3,,,,,,,,,,,,,,,,,,,,,,,,,,,,,104.00,,,,38859996,3073514,,false,false,12,2022-04-01,2023-03-31,-1
2024-01-31,8803,2024-03-31,3,,,,,,,,,,,,,,,,,,,,,,,,,,,,,58.00,,,,,,,false,false,12,2023-04-01,2024-03-31,0
2024-01-31,8803,2024-03-31,3,,,,,,,,,,,,,,,,,,,,,,,,,,,,,116.00,,,,,,,false,true,12,2023-04-01,2024-03-31,0
2024-01-31,8803,2024-03-31,3,,,,,,,,,,,,,,,,,,,,,,,,,,,,,,,,,38859996,3069946,35789453,false,false,9,2023-04-01,2023-12-31,0
2024-01-31,8803,2023-03-31,3,,,,,,,,,,,,,,,,,,,,,,,,,,,,,,,,,,,35983524,false,false,9,2022-04-01,2022-12-31,-1
,88030,2024-03-31,,,,,,,,,,,,,,,,,,,,,,,,,,,,,,166.00,,,,,,,false,true,12,2023-04-01,2024-03-31,0
,88030,2024-03-31,,,,,,,,,,,,,,,,,,,,,,,,,,,,,,58.00,,,,,,,false,false,12,2023-04-01,2024-03-31,0
,88030,2023-03-31,,,,,,,,,,,,,,,,,,,,,,,,,,,,,,104.00,,,,,,,false,false,12,2022-04-01,2023-03-31,-1
2024-04-30,8803,2024-03-31,,44433000000,-0.002,,,,,13022000000,0.207,11463000000,0.188,,8450000000,,236.13,,0.069,0.029,0.293,,405979000000,125645000000,0.309,3510.66,125645000000,19584000000,-19356000000,280000000,26316000000,,0.703,,,,,,true,false,12,2023-04-01,2024-03-31,0
2024-04-30,8803,2023-03-31,,44522000000,-0.230,,,,,10784000000,-0.145,9647000000,-0.166,,9137000000,,254.27,,0.077,0.025,0.242,,398333000000,119324000000,0.300,3334.34,119324000000,23952000000,-40250000000,13994000000,25807000000,,0.409,,,,,,true,false,12,2022-04-01,2023-03-31,-1
2024-04-30,8803,2025-03-31,,41600000000,-0.064,,,,,12300000000,-0.055,10700000000,-0.067,,8500000000,,237.50,,,,,,,,,,,,,,,,0.505,,,,,,true,true,12,2024-04-01,2025-03-31,1
2024-04-30,8803,2024-03-31,,38891000000,-0.012,,,,,11610000000,0.214,11052000000,0.196,8534000000,,-0.047,238.46,,,,,,394203000000,119815000000,0.304,3347.76,119815000000,,,,,166.00,,,,38859996,3070344,35789541,false,false,12,2023-04-01,2024-03-31,0
2024-04-30,8803,2023-03-31,,39348000000,-0.255,,,,,9567000000,-0.149,9240000000,-0.152,8959000000,,0.050,249.34,,,,,,387230000000,113447000000,0.293,3170.11,113447000000,,,,,104.00,,,,38859996,3073514,35934307,false,false,12,2022-04-01,2023-03-31,-1
2024-04-30,8803,2025-03-31,,,,,,,,,,,,,,,,,,,,,,,,,,,,,,120.00,,,,,,,false,true,12,2024-04-01,2025-03-31,1
,88030,2025-03-31,,,,,,,,,,,,,,,,,,,,,,,,,,,,,,126.00,,,,,,,false,true,12,2024-04-01,2025-03-31,0
,88030,2024-03-31,,,,,,,,,,,,,,,,,,,,,,,,,,,,,,166.00,,,,,,,false,false,12,2023-04-01,2024-03-31,-1
2024-07-31,8803,2025-03-31,1,10579000000,-0.296,,,,,2961000000,-0.541,2739000000,-0.559,,2093000000,,59.82,,,,,,393643000000,114883000000,0.292,3440.72,114883000000,,,,,,,,,,,,true,false,3,2024-04-01,2024-06-30,0
2024-07-31,8803,2024-03-31,1,15028000000,-0.136,,,,,6447000000,1.156,6211000000,1.138,,5001000000,,139.76,,,,,,,,,,,,,,,,,,,,,,true,false,3,2023-04-01,2023-06-30,-1
2024-07-31,8803,2025-03-31,1,41600000000,-0.064,,,,,12300000000,-0.055,10700000000,-0.067,,8500000000,,251.56,,,,,,,,,,,,,,,,,,,,,,true,true,12,2024-04-01,2025-03-31,0
2024-07-31,8803,2024-03-31,1,,,,,,,,,,,,,,,,,,,,405979000000,125645000000,0.309,3510.66,125645000000,,,,,,,,,,,,true,false,12,2023-04-01,2024-03-31,-1
2024-07-31,8803,2024-03-31,1,,,,,,,,,,,,,,,,,,,,,,,,,,,,,166.00,,,,38859996,3070344,,false,false,12,2023-04-01,2024-03-31,-1
2024-07-31,8803,2025-03-31,1,,,,,,,,,,,,,,,,,,,,,,,,,,,,,126.00,,,,,,,false,true,12,2024-04-01,2025-03-31,0
2024-07-31,8803,2025-03-31,1,,,,,,,,,,,,,,,,,,,,,,,,,,,,,,,,,38859996,5470669,34989451,false,false,3,2024-04-01,2024-06-30,0
2024-07-31,8803,2024-03-31,1,,,,,,,,,,,,,,,,,,,,,,,,,,,,,,,,,,,35787737,false,false,3,2023-04-01,2023-06-30,-1
2024-10-31,8803,2025-03-31,2,18761000000,-0.334,,,,,5254000000,-0.432,4581000000,-0.466,,3431000000,,100.37,,,,,,390141000000,114908000000,0.295,3441.48,114908000000,,,,,,,,,,,,true,false,6,2024-04-01,2024-09-30,0
2024-10-31,8803,2024-03-31,2,28191000000,0.130,,,,,9254000000,0.826,8574000000,0.868,,6659000000,,186.07,,,,,,,,,,,,,,,,,,,,,,true,false,6,2023-04-01,2023-09-30,-1
2024-10-31,8803,2025-03-31,2,41600000000,-0.064,,,,,12300000000,-0.055,10700000000,-0.067,,8500000000,,251.56,,,,,,,,,,,,,,,,,,,,,,true,true,12,2024-04-01,2025-03-31,0
2024-10-31,8803,2024-03-31,2,,,,,,,,,,,,,,,,,,,,405979000000,125645000000,0.309,3510.66,125645000000,,,,,,,,,,,,true,false,12,2023-04-01,2024-03-31,-1
2024-10-31,8803,2024-03-31,2,,,,,,,,,,,,,,,,,,,,,,,,,,,,,166.00,,,,38859996,3070344,,false,false,12,2023-04-01,2024-03-31,-1
2024-10-31,8803,2025-03-31,2,,,,,,,,,,,,,,,,,,,,,,,,,,,,,63.00,,,,,,,false,false,12,2024-04-01,2025-03-31,0
2024-10-31,8803,2025-03-31,2,,,,,,,,,,,,,,,,,,,,,,,,,,,,,126.00,,,,,,,false,true,12,2024-04-01,2025-03-31,0
2024-10-31,8803,2025-03-31,2,,,,,,,,,,,,,,,,,,,,,,,,,,,,,,,,,38859996,5470895,34189288,false,false,6,2024-04-01,2024-09-30,0
2024-10-31,8803,2024-03-31,2,,,,,,,,,,,,,,,,,,,,,,,,,,,,,,,,,,,35789160,false,false,6,2023-04-01,2023-09-30,-1
2025-01-31,8803,2025-03-31,3,26947000000,-0.245,,,,,7479000000,-0.317,6520000000,-0.345,,4939000000,,145.60,,,,,,402354000000,114108000000,0.284,3417.54,114108000000,,,,,,,,,,,,true,false,9,2024-04-01,2024-12-31,0
2025-01-31,8803,2024-03-31,3,35715000000,0.111,,,,,10951000000,0.601,9953000000,0.629,,7614000000,,212.75,,,,,,,,,,,,,,,,,,,,,,true,false,9,2023-04-01,2023-12-31,-1
2025-01-31,8803,2025-03-31,3,41700000000,-0.062,,,,,12500000000,-0.040,10900000000,-0.049,,9300000000,,275.24,,,,,,,,,,,,,,,,,,,,,,true,true,12,2024-04-01,2025-03-31,0
2025-01-31,8803,2024-03-31,3,,,,,,,,,,,,,,,,,,,,405979000000,125645000000,0.309,3510.66,125645000000,,,,,,,,,,,,true,false,12,2023-04-01,2024-03-31,-1
2025-01-31,8803,2024-03-31,3,,,,,,,,,,,,,,,,,,,,,,,,,,,,,166.00,,,,38859996,3070344,,false,false,12,2023-04-01,2024-03-31,-1
2025-01-31,8803,2025-03-31,3,,,,,,,,,,,,,,,,,,,,,,,,,,,,,63.00,,,,,,,false,false,12,2024-04-01,2025-03-31,0
2025-01-31,8803,2025-03-31,3,,,,,,,,,,,,,,,,,,,,,,,,,,,,,170.00,,,,,,,false,true,12,2024-04-01,2025-03-31,0
2025-01-31,8803,2025-03-31,3,,,,,,,,,,,,,,,,,,,,,,,,,,,,,,,,,38859996,5470857,33922560,false,false,9,2024-04-01,2024-12-31,0
2025-01-31,8803,2024-03-31,3,,,,,,,,,,,,,,,,,,,,,,,,,,,,,,,,,,,35789453,false,false,9,2023-04-01,2023-12-31,-1
2025-04-30,8803,2025-03-31,,42075000000,-0.053,,,,,13196000000,0.013,11651000000,0.016,,9565000000,,283.11,,0.079,0.028,0.314,,419541000000,117999000000,0.281,3534.16,117999000000,16048000000,-24839000000,7716000000,25241000000,,0.608,,,,,,true,false,12,2024-04-01,2025-03-31,0
2025-04-30,8803,2024-03-31,,44433000000,-0.002,,,,,13022000000,0.207,11463000000,0.188,,8450000000,,236.13,,0.069,0.029,0.293,,405979000000,125645000000,0.309,3510.66,125645000000,19584000000,-19356000000,280000000,26316000000,,0.703,,,,,,true,false,12,2023-04-01,2024-03-31,-1
2025-04-30,8803,2026-03-31,,49000000000,0.165,,,,,13900000000,0.053,11700000000,0.004,,9700000000,,290.43,,,,,,,,,,,,,,,,0.606,,,,,,true,true,12,2025-04-01,2026-03-31,1
2025-04-30,8803,2025-03-31,,35273000000,-0.093,,,,,11358000000,-0.022,10699000000,-0.032,9249000000,,0.084,273.76,,,,,,407694000000,111846000000,0.274,3349.88,111846000000,,,,,172.00,,,,38859996,5471774,33789037,false,false,12,2024-04-01,2025-03-31,0
2025-04-30,8803,2024-03-31,,38891000000,-0.012,,,,,11610000000,0.214,11052000000,0.196,8534000000,,-0.047,238.46,,,,,,394203000000,119815000000,0.304,3347.76,119815000000,,,,,166.00,,,,38859996,3070344,35789541,false,false,12,2023-04-01,2024-03-31,-1
2025-04-30,8803,2026-03-31,,,,,,,,,,,,,,,,,,,,,,,,,,,,,,176.00,,,,,,,false,true,12,2025-04-01,2026-03-31,1
,88030,2025-03-31,,,,,,,,,,,,,,,,,,,,,,,,,,,,,,88.00,,,,,,,false,true,12,2024-04-01,2025-03-31,0
,88030,2024-03-31,,,,,,,,,,,,,,,,,,,,,,,,,,,,,,172.00,,,,,,,false,false,12,2023-04-01,2024-03-31,-1
2025-07-31,8803,2026-03-31,1,13123000000,0.240,,,,,3438000000,0.161,3114000000,0.137,,2258000000,,33.83,,,,,,426832000000,118429000000,0.277,1773.33,118429000000,,,,,,,,,,,,true,false,3,2025-04-01,2025-06-30,0
2025-07-31,8803,2025-03-31,1,10579000000,-0.296,,,,,2961000000,-0.541,2739000000,-0.559,,2093000000,,29.91,,,,,,,,,,,,,,,,,,,,,,true,false,3,2024-04-01,2024-06-30,-1
2025-07-31,8803,2026-03-31,1,49000000000,0.165,,,,,13900000000,0.053,11700000000,0.004,,9700000000,,145.22,,,,,,,,,,,,,,,,,,,,,,true,true,12,2025-04-01,2026-03-31,0
2025-07-31,8803,2025-03-31,1,,,,,,,,,,,,,,,,,,,,419541000000,117999000000,0.281,1767.08,117999000000,,,,,,,,,,,,true,false,12,2024-04-01,2025-03-31,-1
2025-07-31,8803,2025-03-31,1,,,,,,,,,,,,,,,,,,,,,,,,,,,,,172.00,,,,77719992,10943548,,false,false,12,2024-04-01,2025-03-31,-1
2025-07-31,8803,2026-03-31,1,,,,,,,,,,,,,,,,,,,,,,,,,,,,,88.00,,,,,,,false,true,12,2025-04-01,2026-03-31,0
2025-07-31,8803,2026-03-31,1,,,,,,,,,,,,,,,,,,,,,,,,,,,,,,,,,77719992,10936288,66778640,false,false,3,2025-04-01,2025-06-30,0
2025-07-31,8803,2025-03-31,1,,,,,,,,,,,,,,,,,,,,,,,,,,,,,,,,,,,69978902,false,false,3,2024-04-01,2024-06-30,-1
