filing_date,code,fiscal_year_end,quarterly_period,net_sales,net_sales_change,revenue,revenue_change,operating_revenue,operating_revenue_change,operating_profit,operating_profit_change,ordinary_profit,ordinary_profit_change,net_income,net_income_of_parent,net_income_change,eps,diluted_eps,roe,roa,operating_profit_to_net_sales,operating_profit_to_revenue,total_assets,net_assets,equity_ratio,bps,owner_equity,operating_cash_flow,investing_cash_flow,financing_cash_flow,cash,dividend_per_share,payout_ratio,commemorative_dividend,extra_dividend,number_of_shares,number_of_treqsury_shares,avg_number_of_shares,is_consolidated,is_forecast,duration,period_start,period_end,period_pos
2015-05-08,88180,2015-03-31,,14852000000,0.059,,,,,4966000000,0.113,4457000000,0.205,2732000000,,0.153,50.63,,0.055,0.039,0.334,,115243000000,51850000000,0.450,960.64,51850000000,7086000000,-9644000000,-6148000000,3576000000,,0.296,,,,,,true,false,12,2014-04-01,2015-03-31,0
2015-05-08,88180,2014-03-31,,14031000000,0.026,,,,,4463000000,-0.037,3699000000,-0.027,2369000000,,0.016,46.08,,0.053,0.032,0.318,,115015000000,48250000000,0.420,893.93,48250000000,4607000000,128000000,-2633000000,12283000000,,0.304,,,,,,true,false,12,2013-04-01,2014-03-31,-1
2015-05-08,88180,2016-03-31,,15000000000,0.010,,,,,5200000000,0.047,4700000000,0.054,,3000000000,,55.58,,,,,,,,,,,,,,,,0.270,,,,,,true,true,12,2015-04-01,2016-03-31,1
2015-05-08,88180,2015-03-31,,14482000000,0.067,,,,,4794000000,0.115,4391000000,0.206,2728000000,,0.149,50.54,,,,,,114658000000,51347000000,0.448,951.32,51347000000,,,,,15.00,,,,53998798,23797,53975093,false,false,12,2014-04-01,2015-03-31,0
2015-05-08,88180,2014-03-31,,13579000000,0.015,,,,,4301000000,-0.041,3641000000,-0.030,2373000000,,0.013,46.16,,,,,,114855000000,47751000000,0.416,884.70,47751000000,,,,,14.00,,,,53998798,23638,51416071,false,false,12,2013-04-01,2014-03-31,-1
2015-05-08,88180,2016-03-31,,,,,,,,,,,,,,,,,,,,,,,,,,,,,,15.00,,,,,,,false,true,12,2015-04-01,2016-03-31,1
2015-07-30,88180,2016-03-31,1,3802000000,0.039,,,,,1391000000,0.133,1340000000,0.197,,901000000,,16.71,,,,,,125184000000,52991000000,0.423,,52991000000,,,,,,,,,,,,true,false,3,2015-04-01,2015-06-30,0
2015-07-30,88180,2015-03-31,1,3659000000,0.051,,,,,1227000000,0.000,1119000000,0.036,,738000000,,13.69,,,,,,,,,,,,,,,,,,,,,,true,false,3,2014-04-01,2014-06-30,-1
2015-07-30,88180,2016-03-31,1,15000000000,0.010,,,,,5200000000,0.047,4700000000,0.054,,3000000000,,55.58,,,,,,,,,,,,,,,,,,,,,,true,true,12,2015-04-01,2016-03-31,0
2015-07-30,88180,2015-03-31,1,,,,,,,,,,,,,,,,,,,,115243000000,51850000000,0.450,,51850000000,,,,,,,,,,,,true,false,12,2014-04-01,2015-03-31,-1
2015-07-30,88180,2015-03-31,1,,,,,,,,,,,,,,,,,,,,,,,,,,,,,15.00,,,,53998798,23797,,false,false,12,2014-04-01,2015-03-31,-1
2015-07-30,88180,2016-03-31,1,,,,,,,,,,,,,,,,,,,,,,,,,,,,,15.00,,,,,,,false,true,12,2015-04-01,2016-03-31,0
2015-07-30,88180,2016-03-31,1,,,,,,,,,,,,,,,,,,,,,,,,,,,,,,,,,53998798,23917,53974921,false,false,3,2015-04-01,2015-06-30,0
2015-07-30,88180,2015-03-31,1,,,,,,,,,,,,,,,,,,,,,,,,,,,,,,,,,,,53975126,false,false,3,2014-04-01,2014-06-30,-1
2015-11-05,88180,2016-03-31,2,7528000000,0.026,,,,,2563000000,0.062,2369000000,0.130,,2387000000,,44.23,,,,,,108874000000,53099000000,0.488,,53099000000,,,,,,,,,,,,true,false,6,2015-04-01,2015-09-30,0
2015-11-05,88180,2015-03-31,2,7340000000,0.024,,,,,2414000000,0.061,2097000000,0.120,,1336000000,,24.77,,,,,,,,,,,,,,,,,,,,,,true,false,6,2014-04-01,2014-09-30,-1
2015-11-05,88180,2016-03-31,2,14800000000,-0.004,,,,,4900000000,-0.013,4600000000,0.032,,3600000000,,66.70,,,,,,,,,,,,,,,,,,,,,,true,true,12,2015-04-01,2016-03-31,0
2015-11-05,88180,2015-03-31,2,,,,,,,,,,,,,,,,,,,,115243000000,51850000000,0.450,,51850000000,,,,,,,,,,,,true,false,12,2014-04-01,2015-03-31,-1
2015-11-05,88180,2015-03-31,2,,,,,,,,,,,,,,,,,,,,,,,,,,,,,15.00,,,,53998798,23797,,false,false,12,2014-04-01,2015-03-31,-1
2015-11-05,88180,2016-03-31,2,,,,,,,,,,,,,,,,,,,,,,,,,,,,,7.50,,,,,,,false,false,12,2015-04-01,2016-03-31,0
2015-11-05,88180,2016-03-31,2,,,,,,,,,,,,,,,,,,,,,,,,,,,,,16.00,,,,,,,false,true,12,2015-04-01,2016-03-31,0
2015-11-05,88180,2016-03-31,2,,,,,,,,,,,,,,,,,,,,,,,,,,,,,,,,,53998798,23917,53974901,false,false,6,2015-04-01,2015-09-30,0
2015-11-05,88180,2015-03-31,2,,,,,,,,,,,,,,,,,,,,,,,,,,,,,,,,,,,53975110,false,false,6,2014-04-01,2014-09-30,-1
2016-01-29,88180,2016-03-31,3,11221000000,0.011,,,,,3881000000,0.044,3663000000,0.097,,3253000000,,60.28,,,,,,112343000000,54897000000,0.489,,54897000000,,,,,,,,,,,,true,false,9,2015-04-01,2015-12-31,0
2016-01-29,88180,2015-03-31,3,11104000000,0.045,,,,,3718000000,0.096,3340000000,0.178,,2126000000,,39.40,,,,,,,,,,,,,,,,,,,,,,true,false,9,2014-04-01,2014-12-31,-1
2016-01-29,88180,2016-03-31,3,14860000000,0.000,,,,,5050000000,0.017,4700000000,0.054,,3700000000,,68.55,,,,,,,,,,,,,,,,,,,,,,true,true,12,2015-04-01,2016-03-31,0
2016-01-29,88180,2015-03-31,3,,,,,,,,,,,,,,,,,,,,115243000000,51850000000,0.450,,51850000000,,,,,,,,,,,,true,false,12,2014-04-01,2015-03-31,-1
2016-01-29,88180,2015-03-31,3,,,,,,,,,,,,,,,,,,,,,,,,,,,,,15.00,,,,53998798,23797,,false,false,12,2014-04-01,2015-03-31,-1
2016-01-29,88180,2016-03-31,3,,,,,,,,,,,,,,,,,,,,,,,,,,,,,7.50,,,,,,,false,false,12,2015-04-01,2016-03-31,0
2016-01-29,88180,2016-03-31,3,,,,,,,,,,,,,,,,,,,,,,,,,,,,,16.00,,,,,,,false,true,12,2015-04-01,2016-03-31,0
2016-01-29,88180,2016-03-31,3,,,,,,,,,,,,,,,,,,,,,,,,,,,,,,,,,53998798,24258,53974875,false,false,9,2015-04-01,2015-12-31,0
2016-01-29,88180,2015-03-31,3,,,,,,,,,,,,,,,,,,,,,,,,,,,,,,,,,,,53975103,false,false,9,2014-04-01,2014-12-31,-1
2016-05-10,88180,2016-03-31,,14930000000,0.005,,,,,5118000000,0.030,4782000000,0.073,,3610000000,,66.89,,0.068,0.042,0.343,,111418000000,54556000000,0.490,1010.79,54556000000,4919000000,14818000000,-6762000000,16552000000,,0.239,,,,,,true,false,12,2015-04-01,2016-03-31,0
2016-05-10,88180,2015-03-31,,14852000000,0.059,,,,,4966000000,0.113,4457000000,0.205,,2732000000,,50.63,,0.055,0.039,0.334,,115243000000,51850000000,0.450,960.64,51850000000,7086000000,-9644000000,-6148000000,3576000000,,0.296,,,,,,true,false,12,2014-04-01,2015-03-31,-1
2016-05-10,88180,2017-03-31,,14700000000,-0.015,,,,,5000000000,-0.023,4700000000,-0.017,,3200000000,,59.29,,,,,,,,,,,,,,,,0.270,,,,,,true,true,12,2016-04-01,2017-03-31,1
2016-05-10,88180,2016-03-31,,14468000000,-0.001,,,,,4928000000,0.028,4903000000,0.117,3792000000,,0.390,70.27,,,,,,111038000000,54236000000,0.488,1004.85,54236000000,,,,,16.00,,,,53998798,24280,53974790,false,false,12,2015-04-01,2016-03-31,0
2016-05-10,88180,2015-03-31,,14482000000,0.067,,,,,4794000000,0.115,4391000000,0.206,2728000000,,0.149,50.54,,,,,,114658000000,51347000000,0.448,951.32,51347000000,,,,,15.00,,,,53998798,23797,53975093,false,false,12,2014-04-01,2015-03-31,-1
2016-05-10,88180,2017-03-31,,,,,,,,,,,,,,,,,,,,,,,,,,,,,,16.00,,,,,,,false,true,12,2016-04-01,2017-03-31,1
2016-07-28,88180,2017-03-31,1,3586000000,-0.057,,,,,1291000000,-0.071,1298000000,-0.031,,906000000,,16.80,,,,,,109334000000,54796000000,0.501,,54796000000,,,,,,,,,,,,true,false,3,2016-04-01,2016-06-30,0
2016-07-28,88180,2016-03-31,1,3802000000,0.039,,,,,1391000000,0.133,1340000000,0.197,,901000000,,16.71,,,,,,,,,,,,,,,,,,,,,,true,false,3,2015-04-01,2015-06-30,-1
2016-07-28,88180,2017-03-31,1,14700000000,-0.015,,,,,5000000000,-0.023,4700000000,-0.017,,3200000000,,59.29,,,,,,,,,,,,,,,,,,,,,,true,true,12,2016-04-01,2017-03-31,0
2016-07-28,88180,2016-03-31,1,,,,,,,,,,,,,,,,,,,,111418000000,54556000000,0.490,,54556000000,,,,,,,,,,,,true,false,12,2015-04-01,2016-03-31,-1
2016-07-28,88180,2016-03-31,1,,,,,,,,,,,,,,,,,,,,,,,,,,,,,16.00,,,,53998798,24280,,false,false,12,2015-04-01,2016-03-31,-1
2016-07-28,88180,2017-03-31,1,,,,,,,,,,,,,,,,,,,,,,,,,,,,,16.00,,,,,,,false,true,12,2016-04-01,2017-03-31,0
2016-07-28,88180,2017-03-31,1,,,,,,,,,,,,,,,,,,,,,,,,,,,,,,,,,53998798,24315,53974531,false,false,3,2016-04-01,2016-06-30,0
2016-07-28,88180,2016-03-31,1,,,,,,,,,,,,,,,,,,,,,,,,,,,,,,,,,,,53974921,false,false,3,2015-04-01,2015-06-30,-1
2016-10-28,88180,2017-03-31,2,7191000000,-0.045,,,,,2535000000,-0.011,2409000000,0.017,,1671000000,,30.98,30.97,,,,,108243000000,56157000000,0.519,,56148000000,,,,,,,,,,,,true,false,6,2016-04-01,2016-09-30,0
2016-10-28,88180,2016-03-31,2,7528000000,0.026,,,,,2563000000,0.062,2369000000,0.130,,2387000000,,44.23,,,,,,,,,,,,,,,,,,,,,,true,false,6,2015-04-01,2015-09-30,-1
2016-10-28,88180,2017-03-31,2,14400000000,-0.036,,,,,4700000000,-0.082,4500000000,-0.059,,3100000000,,57.52,,,,,,,,,,,,,,,,,,,,,,true,true,12,2016-04-01,2017-03-31,0
2016-10-28,88180,2016-03-31,2,,,,,,,,,,,,,,,,,,,,111418000000,54556000000,0.490,,54556000000,,,,,,,,,,,,true,false,12,2015-04-01,2016-03-31,-1
2016-10-28,88180,2016-03-31,2,,,,,,,,,,,,,,,,,,,,,,,,,,,,,16.00,,,,53998798,24280,,false,false,12,2015-04-01,2016-03-31,-1
2016-10-28,88180,2017-03-31,2,,,,,,,,,,,,,,,,,,,,,,,,,,,,,8.00,,,,,,,false,false,12,2016-04-01,2017-03-31,0
2016-10-28,88180,2017-03-31,2,,,,,,,,,,,,,,,,,,,,,,,,,,,,,16.00,,,,,,,false,true,12,2016-04-01,2017-03-31,0
2016-10-28,88180,2017-03-31,2,,,,,,,,,,,,,,,,,,,,,,,,,,,,,,,,,53998798,103465,53961531,false,false,6,2016-04-01,2016-09-30,0
2016-10-28,88180,2016-03-31,2,,,,,,,,,,,,,,,,,,,,,,,,,,,,,,,,,,,53974901,false,false,6,2015-04-01,2015-09-30,-1
2017-01-31,88180,2017-03-31,3,10749000000,-0.042,,,,,3800000000,-0.021,3671000000,0.002,,2547000000,,47.22,47.20,,,,,110721000000,58009000000,0.524,,57991000000,,,,,,,,,,,,true,false,9,2016-04-01,2016-12-31,0
2017-01-31,88180,2016-03-31,3,11221000000,0.011,,,,,3881000000,0.044,3663000000,0.097,,3253000000,,60.28,,,,,,,,,,,,,,,,,,,,,,true,false,9,2015-04-01,2015-12-31,-1
2017-01-31,88180,2017-03-31,3,14400000000,-0.036,,,,,4700000000,-0.082,4500000000,-0.059,,3100000000,,57.52,,,,,,,,,,,,,,,,,,,,,,true,true,12,2016-04-01,2017-03-31,0
2017-01-31,88180,2016-03-31,3,,,,,,,,,,,,,,,,,,,,111418000000,54556000000,0.490,,54556000000,,,,,,,,,,,,true,false,12,2015-04-01,2016-03-31,-1
2017-01-31,88180,2016-03-31,3,,,,,,,,,,,,,,,,,,,,,,,,,,,,,16.00,,,,53998798,24280,,false,false,12,2015-04-01,2016-03-31,-1
2017-01-31,88180,2017-03-31,3,,,,,,,,,,,,,,,,,,,,,,,,,,,,,8.00,,,,,,,false,false,12,2016-04-01,2017-03-31,0
2017-01-31,88180,2017-03-31,3,,,,,,,,,,,,,,,,,,,,,,,,,,,,,16.00,,,,,,,false,true,12,2016-04-01,2017-03-31,0
2017-01-31,88180,2017-03-31,3,,,,,,,,,,,,,,,,,,,,,,,,,,,,,,,,,53998798,103536,53939383,false,false,9,2016-04-01,2016-12-31,0
2017-01-31,88180,2016-03-31,3,,,,,,,,,,,,,,,,,,,,,,,,,,,,,,,,,,,53974875,false,false,9,2015-04-01,2015-12-31,-1
,88180,2017-03-31,,,,,,,,,,,,,,,,,,,,,,,,,,,,,,17.00,,,,,,,false,true,12,2016-04-01,2017-03-31,0
,88180,2017-03-31,,,,,,,,,,,,,,,,,,,,,,,,,,,,,,8.00,,,,,,,false,false,12,2016-04-01,2017-03-31,0
,88180,2016-03-31,,,,,,,,,,,,,,,,,,,,,,,,,,,,,,16.00,,,,,,,false,false,12,2015-04-01,2016-03-31,-1
2017-05-11,88180,2017-03-31,,14380000000,-0.037,,,,,4969000000,-0.029,4740000000,-0.009,,3272000000,,60.68,60.63,0.058,0.042,0.346,,113204000000,58862000000,0.520,1091.66,58835000000,4717000000,-10939000000,-3127000000,7202000000,,0.280,,,,,,true,false,12,2016-04-01,2017-03-31,0
2017-05-11,88180,2016-03-31,,14930000000,0.005,,,,,5118000000,0.030,4782000000,0.073,,3610000000,,66.89,,0.068,0.042,0.343,,111418000000,54556000000,0.490,1010.79,54556000000,4919000000,14818000000,-6762000000,16552000000,,0.239,,,,,,true,false,12,2015-04-01,2016-03-31,-1
2017-05-11,88180,2018-03-31,,14700000000,0.022,,,,,5100000000,0.026,4800000000,0.013,,3300000000,,61.23,,,,,,,,,,,,,,,,0.278,,,,,,true,true,12,2017-04-01,2018-03-31,1
2017-05-11,88180,2017-03-31,,14037000000,-0.030,,,,,4804000000,-0.025,4686000000,-0.044,3270000000,,-0.138,60.64,60.58,,,,,112850000000,58539000000,0.518,1085.67,58512000000,,,,,17.00,,,,53998798,103609,53928497,false,false,12,2016-04-01,2017-03-31,0
2017-05-11,88180,2016-03-31,,14468000000,-0.001,,,,,4928000000,0.028,4903000000,0.117,3792000000,,0.390,70.27,,,,,,111038000000,54236000000,0.488,1004.85,54236000000,,,,,16.00,,,,53998798,24280,53974790,false,false,12,2015-04-01,2016-03-31,-1
2017-05-11,88180,2018-03-31,,,,,,,,,,,,,,,,,,,,,,,,,,,,,,17.00,,,,,,,false,true,12,2017-04-01,2018-03-31,1
2017-07-28,88180,2018-03-31,1,3598000000,0.003,,,,,1293000000,0.001,1327000000,0.023,,929000000,,17.25,17.22,,,,,121759000000,59818000000,0.491,,59781000000,,,,,,,,,,,,true,false,3,2017-04-01,2017-06-30,0
2017-07-28,88180,2017-03-31,1,3586000000,-0.057,,,,,1291000000,-0.071,1298000000,-0.031,,906000000,,16.80,,,,,,,,,,,,,,,,,,,,,,true,false,3,2016-04-01,2016-06-30,-1
2017-07-28,88180,2018-03-31,1,14700000000,0.022,,,,,5100000000,0.026,4800000000,0.013,,3300000000,,61.23,,,,,,,,,,,,,,,,,,,,,,true,true,12,2017-04-01,2018-03-31,0
2017-07-28,88180,2017-03-31,1,,,,,,,,,,,,,,,,,,,,113204000000,58862000000,0.520,,58835000000,,,,,,,,,,,,true,false,12,2016-04-01,2017-03-31,-1
2017-07-28,88180,2017-03-31,1,,,,,,,,,,,,,,,,,,,,,,,,,,,,,17.00,,,,53998798,103609,,false,false,12,2016-04-01,2017-03-31,-1
2017-07-28,88180,2018-03-31,1,,,,,,,,,,,,,,,,,,,,,,,,,,,,,17.00,,,,,,,false,true,12,2017-04-01,2018-03-31,0
2017-07-28,88180,2018-03-31,1,,,,,,,,,,,,,,,,,,,,,,,,,,,,,,,,,53998798,103620,53895217,false,false,3,2017-04-01,2017-06-30,0
2017-07-28,88180,2017-03-31,1,,,,,,,,,,,,,,,,,,,,,,,,,,,,,,,,,,,53974531,false,false,3,2016-04-01,2016-06-30,-1
2017-11-01,88180,2018-03-31,2,7303000000,0.016,,,,,2666000000,0.052,2517000000,0.045,,1747000000,,32.42,32.37,,,,,127490000000,60794000000,0.476,,60746000000,,,,,,,,,,,,true,false,6,2017-04-01,2017-09-30,0
2017-11-01,88180,2017-03-31,2,7191000000,-0.045,,,,,2535000000,-0.011,2409000000,0.017,,1671000000,,30.98,30.97,,,,,,,,,,,,,,,,,,,,,true,false,6,2016-04-01,2016-09-30,-1
2017-11-01,88180,2018-03-31,2,14700000000,0.022,,,,,5100000000,0.026,4800000000,0.013,,3300000000,,61.31,,,,,,,,,,,,,,,,,,,,,,true,true,12,2017-04-01,2018-03-31,0
2017-11-01,88180,2017-03-31,2,,,,,,,,,,,,,,,,,,,,113204000000,58862000000,0.520,,58835000000,,,,,,,,,,,,true,false,12,2016-04-01,2017-03-31,-1
2017-11-01,88180,2017-03-31,2,,,,,,,,,,,,,,,,,,,,,,,,,,,,,17.00,,,,53998798,103609,,false,false,12,2016-04-01,2017-03-31,-1
2017-11-01,88180,2018-03-31,2,,,,,,,,,,,,,,,,,,,,,,,,,,,,,8.50,,,,,,,false,false,12,2017-04-01,2018-03-31,0
2017-11-01,88180,2018-03-31,2,,,,,,,,,,,,,,,,,,,,,,,,,,,,,18.00,,,,,,,false,true,12,2017-04-01,2018-03-31,0
2017-11-01,88180,2018-03-31,2,,,,,,,,,,,,,,,,,,,,,,,,,,,,,,,,,53998798,170376,53884253,false,false,6,2017-04-01,2017-09-30,0
2017-11-01,88180,2017-03-31,2,,,,,,,,,,,,,,,,,,,,,,,,,,,,,,,,,,,53961531,false,false,6,2016-04-01,2016-09-30,-1
2018-01-31,88180,2018-03-31,3,11073000000,0.030,,,,,3949000000,0.039,3799000000,0.035,,2719000000,,50.49,50.39,,,,,124220000000,62430000000,0.502,,62372000000,,,,,,,,,,,,true,false,9,2017-04-01,2017-12-31,0
2018-01-31,88180,2017-03-31,3,10749000000,-0.042,,,,,3800000000,-0.021,3671000000,0.002,,2547000000,,47.22,47.20,,,,,,,,,,,,,,,,,,,,,true,false,9,2016-04-01,2016-12-31,-1
2018-01-31,88180,2018-03-31,3,14700000000,0.022,,,,,5100000000,0.026,4800000000,0.013,,3300000000,,61.31,,,,,,,,,,,,,,,,,,,,,,true,true,12,2017-04-01,2018-03-31,0
2018-01-31,88180,2017-03-31,3,,,,,,,,,,,,,,,,,,,,113204000000,58862000000,0.520,,58835000000,,,,,,,,,,,,true,false,12,2016-04-01,2017-03-31,-1
2018-01-31,88180,2017-03-31,3,,,,,,,,,,,,,,,,,,,,,,,,,,,,,17.00,,,,53998798,103609,,false,false,12,2016-04-01,2017-03-31,-1
2018-01-31,88180,2018-03-31,3,,,,,,,,,,,,,,,,,,,,,,,,,,,,,8.50,,,,,,,false,false,12,2017-04-01,2018-03-31,0
2018-01-31,88180,2018-03-31,3,,,,,,,,,,,,,,,,,,,,,,,,,,,,,18.00,,,,,,,false,true,12,2017-04-01,2018-03-31,0
2018-01-31,88180,2018-03-31,3,,,,,,,,,,,,,,,,,,,,,,,,,,,,,,,,,53998798,170556,53865564,false,false,9,2017-04-01,2017-12-31,0
2018-01-31,88180,2017-03-31,3,,,,,,,,,,,,,,,,,,,,,,,,,,,,,,,,,,,53939383,false,false,9,2016-04-01,2016-12-31,-1
2018-05-10,88180,2018-03-31,,14799000000,0.029,,,,,5298000000,0.066,5044000000,0.064,,3585000000,,66.58,66.43,0.059,0.043,0.358,,123035000000,62227000000,0.505,1154.75,62157000000,6884000000,-11249000000,4213000000,7051000000,,0.270,,,,,,true,false,12,2017-04-01,2018-03-31,0
2018-05-10,88180,2017-03-31,,14380000000,-0.037,,,,,4969000000,-0.029,4740000000,-0.009,,3272000000,,60.68,60.63,0.058,0.042,0.346,,113204000000,58862000000,0.520,1091.66,58835000000,4717000000,-10939000000,-3127000000,7202000000,,0.280,,,,,,true,false,12,2016-04-01,2017-03-31,-1
2018-05-10,88180,2019-03-31,,14700000000,-0.007,,,,,5300000000,0.000,5100000000,0.011,,3700000000,,68.74,,,,,,,,,,,,,,,,0.291,,,,,,true,true,12,2018-04-01,2019-03-31,1
2018-05-10,88180,2018-03-31,,14427000000,0.028,,,,,5143000000,0.071,5000000000,0.067,3586000000,,0.097,66.60,66.46,,,,,122683000000,61905000000,0.504,1148.77,61836000000,,,,,18.00,,,,53998798,170656,53856353,false,false,12,2017-04-01,2018-03-31,0
2018-05-10,88180,2017-03-31,,14037000000,-0.030,,,,,4804000000,-0.025,4686000000,-0.044,3270000000,,-0.138,60.64,60.58,,,,,112850000000,58539000000,0.518,1085.67,58512000000,,,,,17.00,,,,53998798,103609,53928497,false,false,12,2016-04-01,2017-03-31,-1
2018-05-10,88180,2019-03-31,,,,,,,,,,,,,,,,,,,,,,,,,,,,,,20.00,,,,,,,false,true,12,2018-04-01,2019-03-31,1
2018-07-27,88180,2019-03-31,1,3690000000,0.026,,,,,1435000000,0.110,1471000000,0.108,,1205000000,,22.39,22.33,,,,,123955000000,63847000000,0.515,,63776000000,,,,,,,,,,,,true,false,3,2018-04-01,2018-06-30,0
2018-07-27,88180,2018-03-31,1,3598000000,0.003,,,,,1293000000,0.001,1327000000,0.023,,929000000,,17.25,17.22,,,,,,,,,,,,,,,,,,,,,true,false,3,2017-04-01,2017-06-30,-1
2018-07-27,88180,2019-03-31,1,14700000000,-0.007,,,,,5300000000,0.000,5100000000,0.011,,3700000000,,68.71,,,,,,,,,,,,,,,,,,,,,,true,true,12,2018-04-01,2019-03-31,0
2018-07-27,88180,2018-03-31,1,,,,,,,,,,,,,,,,,,,,122964000000,62227000000,0.505,,62157000000,,,,,,,,,,,,true,false,12,2017-04-01,2018-03-31,-1
2018-07-27,88180,2018-03-31,1,,,,,,,,,,,,,,,,,,,,,,,,,,,,,18.00,,,,53998798,170656,,false,false,12,2017-04-01,2018-03-31,-1
2018-07-27,88180,2019-03-31,1,,,,,,,,,,,,,,,,,,,,,,,,,,,,,20.00,,,,,,,false,true,12,2018-04-01,2019-03-31,0
2018-07-27,88180,2019-03-31,1,,,,,,,,,,,,,,,,,,,,,,,,,,,,,,,,,53998798,152786,53828139,false,false,3,2018-04-01,2018-06-30,0
2018-07-27,88180,2018-03-31,1,,,,,,,,,,,,,,,,,,,,,,,,,,,,,,,,,,,53895217,false,false,3,2017-04-01,2017-06-30,-1
2018-10-26,88180,2019-03-31,2,7387000000,0.012,,,,,2714000000,0.018,2618000000,0.040,,2205000000,,40.97,40.87,,,,,125646000000,65526000000,0.521,,65447000000,,,,,,,,,,,,true,false,6,2018-04-01,2018-09-30,0
2018-10-26,88180,2018-03-31,2,7303000000,0.016,,,,,2666000000,0.052,2517000000,0.045,,1747000000,,32.42,32.37,,,,,,,,,,,,,,,,,,,,,true,false,6,2017-04-01,2017-09-30,-1
2018-10-26,88180,2019-03-31,2,14700000000,-0.007,,,,,5300000000,0.000,5100000000,0.011,,3700000000,,68.77,,,,,,,,,,,,,,,,,,,,,,true,true,12,2018-04-01,2019-03-31,0
2018-10-26,88180,2018-03-31,2,,,,,,,,,,,,,,,,,,,,122964000000,62227000000,0.505,,62157000000,,,,,,,,,,,,true,false,12,2017-04-01,2018-03-31,-1
2018-10-26,88180,2018-03-31,2,,,,,,,,,,,,,,,,,,,,,,,,,,,,,18.00,,,,53998798,170656,,false,false,12,2017-04-01,2018-03-31,-1
2018-10-26,88180,2019-03-31,2,,,,,,,,,,,,,,,,,,,,,,,,,,,,,10.00,,,,,,,false,false,12,2018-04-01,2019-03-31,0
2018-10-26,88180,2019-03-31,2,,,,,,,,,,,,,,,,,,,,,,,,,,,,,23.00,,,,,,,false,true,12,2018-04-01,2019-03-31,0
2018-10-26,88180,2019-03-31,2,,,,,,,,,,,,,,,,,,,,,,,,,,,,,,,,,53998798,195674,53830079,false,false,6,2018-04-01,2018-09-30,0
2018-10-26,88180,2018-03-31,2,,,,,,,,,,,,,,,,,,,,,,,,,,,,,,,,,,,53884253,false,false,6,2017-04-01,2017-09-30,-1
2019-01-30,88180,2019-03-31,3,11098000000,0.002,,,,,4013000000,0.016,3884000000,0.022,,3096000000,,57.57,57.41,,,,,131409000000,63511000000,0.483,,63424000000,,,,,,,,,,,,true,false,9,2018-04-01,2018-12-31,0
2019-01-30,88180,2018-03-31,3,11073000000,0.030,,,,,3949000000,0.039,3799000000,0.035,,2719000000,,50.49,50.39,,,,,,,,,,,,,,,,,,,,,true,false,9,2017-04-01,2017-12-31,-1
2019-01-30,88180,2019-03-31,3,14700000000,-0.007,,,,,5300000000,0.000,5100000000,0.011,,3700000000,,69.35,,,,,,,,,,,,,,,,,,,,,,true,true,12,2018-04-01,2019-03-31,0
2019-01-30,88180,2018-03-31,3,,,,,,,,,,,,,,,,,,,,122964000000,62227000000,0.505,,62157000000,,,,,,,,,,,,true,false,12,2017-04-01,2018-03-31,-1
2019-01-30,88180,2018-03-31,3,,,,,,,,,,,,,,,,,,,,,,,,,,,,,18.00,,,,53998798,170656,,false,false,12,2017-04-01,2018-03-31,-1
2019-01-30,88180,2019-03-31,3,,,,,,,,,,,,,,,,,,,,,,,,,,,,,10.00,,,,,,,false,false,12,2018-04-01,2019-03-31,0
2019-01-30,88180,2019-03-31,3,,,,,,,,,,,,,,,,,,,,,,,,,,,,,23.00,,,,,,,false,true,12,2018-04-01,2019-03-31,0
2019-01-30,88180,2019-03-31,3,,,,,,,,,,,,,,,,,,,,,,,,,,,,,,,,,53998798,648874,53790851,false,false,9,2018-04-01,2018-12-31,0
2019-01-30,88180,2018-03-31,3,,,,,,,,,,,,,,,,,,,,,,,,,,,,,,,,,,,53865564,false,false,9,2017-04-01,2017-12-31,-1
2019-05-09,88180,2019-03-31,,14995000000,0.013,,,,,5451000000,0.029,5214000000,0.034,,3998000000,,74.63,74.41,0.063,0.041,0.364,,132780000000,64228000000,0.483,1217.26,64133000000,5259000000,-1619000000,5227000000,15918000000,,0.308,,,,,,true,false,12,2018-04-01,2019-03-31,0
2019-05-09,88180,2018-03-31,,14799000000,0.029,,,,,5298000000,0.066,5044000000,0.064,,3585000000,,66.58,66.43,0.059,0.043,0.358,,122964000000,62227000000,0.505,1154.75,62157000000,6884000000,-11249000000,4213000000,7051000000,,0.270,,,,,,true,false,12,2017-04-01,2018-03-31,-1
2019-05-09,88180,2020-03-31,,15200000000,0.014,,,,,5500000000,0.009,5300000000,0.016,,3500000000,,66.43,,,,,,,,,,,,,,,,0.346,,,,,,true,true,12,2019-04-01,2020-03-31,1
2019-05-09,88180,2019-03-31,,14548000000,0.008,,,,,5279000000,0.026,5153000000,0.031,3992000000,,0.113,74.52,74.31,,,,,132410000000,63901000000,0.482,1211.04,63805000000,,,,,23.00,,,,53998798,1312174,53572647,false,false,12,2018-04-01,2019-03-31,0
2019-05-09,88180,2018-03-31,,14427000000,0.028,,,,,5143000000,0.071,5000000000,0.067,3586000000,,0.097,66.60,66.46,,,,,122612000000,61905000000,0.504,1148.77,61836000000,,,,,18.00,,,,53998798,170656,53856353,false,false,12,2017-04-01,2018-03-31,-1
2019-05-09,88180,2020-03-31,,,,,,,,,,,,,,,,,,,,,,,,,,,,,,23.00,,,,,,,false,true,12,2019-04-01,2020-03-31,1
2019-07-26,88180,2020-03-31,1,3832000000,0.038,,,,,1479000000,0.031,1524000000,0.036,,998000000,,18.95,18.89,,,,,136982000000,64740000000,0.472,,64646000000,,,,,,,,,,,,true,false,3,2019-04-01,2019-06-30,0
2019-07-26,88180,2019-03-31,1,3690000000,0.026,,,,,1435000000,0.110,1471000000,0.108,,1205000000,,22.39,22.33,,,,,,,,,,,,,,,,,,,,,true,false,3,2018-04-01,2018-06-30,-1
2019-07-26,88180,2020-03-31,1,15200000000,0.014,,,,,5500000000,0.009,5300000000,0.016,,3500000000,,66.41,,,,,,,,,,,,,,,,,,,,,,true,true,12,2019-04-01,2020-03-31,0
2019-07-26,88180,2019-03-31,1,,,,,,,,,,,,,,,,,,,,132780000000,64228000000,0.483,,64133000000,,,,,,,,,,,,true,false,12,2018-04-01,2019-03-31,-1
2019-07-26,88180,2019-03-31,1,,,,,,,,,,,,,,,,,,,,,,,,,,,,,23.00,,,,53998798,1312174,,false,false,12,2018-04-01,2019-03-31,-1
2019-07-26,88180,2020-03-31,1,,,,,,,,,,,,,,,,,,,,,,,,,,,,,23.00,,,,,,,false,true,12,2019-04-01,2020-03-31,0
2019-07-26,88180,2020-03-31,1,,,,,,,,,,,,,,,,,,,,,,,,,,,,,,,,,52882298,179795,52688698,false,false,3,2019-04-01,2019-06-30,0
2019-07-26,88180,2019-03-31,1,,,,,,,,,,,,,,,,,,,,,,,,,,,,,,,,,,,53828139,false,false,3,2018-04-01,2018-06-30,-1
2019-10-25,88180,2020-03-31,2,7695000000,0.042,,,,,2828000000,0.042,2760000000,0.054,,2391000000,,45.40,45.25,,,,,137247000000,65391000000,0.476,,65288000000,,,,,,,,,,,,true,false,6,2019-04-01,2019-09-30,0
2019-10-25,88180,2019-03-31,2,7387000000,0.012,,,,,2714000000,0.018,2618000000,0.040,,2205000000,,40.97,40.87,,,,,,,,,,,,,,,,,,,,,true,false,6,2018-04-01,2018-09-30,-1
2019-10-25,88180,2020-03-31,2,15200000000,0.014,,,,,5500000000,0.009,5300000000,0.016,,3800000000,,72.16,,,,,,,,,,,,,,,,,,,,,,true,true,12,2019-04-01,2020-03-31,0
2019-10-25,88180,2019-03-31,2,,,,,,,,,,,,,,,,,,,,132780000000,64228000000,0.483,,64133000000,,,,,,,,,,,,true,false,12,2018-04-01,2019-03-31,-1
2019-10-25,88180,2019-03-31,2,,,,,,,,,,,,,,,,,,,,,,,,,,,,,23.00,,,,53998798,1312174,,false,false,12,2018-04-01,2019-03-31,-1
2019-10-25,88180,2020-03-31,2,,,,,,,,,,,,,,,,,,,,,,,,,,,,,11.50,,,,,,,false,false,12,2019-04-01,2020-03-31,0
2019-10-25,88180,2020-03-31,2,,,,,,,,,,,,,,,,,,,,,,,,,,,,,25.00,,,,,,,false,true,12,2019-04-01,2020-03-31,0
2019-10-25,88180,2020-03-31,2,,,,,,,,,,,,,,,,,,,,,,,,,,,,,,,,,52882298,218155,52682896,false,false,6,2019-04-01,2019-09-30,0
2019-10-25,88180,2019-03-31,2,,,,,,,,,,,,,,,,,,,,,,,,,,,,,,,,,,,53830079,false,false,6,2018-04-01,2018-09-30,-1
2020-01-28,88180,2020-03-31,3,11465000000,0.033,,,,,4201000000,0.047,4112000000,0.059,,3274000000,,62.20,61.99,,,,,138235000000,66054000000,0.477,,65942000000,,,,,,,,,,,,true,false,9,2019-04-01,2019-12-31,0
2020-01-28,88180,2019-03-31,3,11098000000,0.002,,,,,4013000000,0.016,3884000000,0.022,,3096000000,,57.57,57.41,,,,,,,,,,,,,,,,,,,,,true,false,9,2018-04-01,2018-12-31,-1
2020-01-28,88180,2020-03-31,3,15200000000,0.014,,,,,5500000000,0.009,5300000000,0.016,,3800000000,,72.55,,,,,,,,,,,,,,,,,,,,,,true,true,12,2019-04-01,2020-03-31,0
2020-01-28,88180,2019-03-31,3,,,,,,,,,,,,,,,,,,,,132780000000,64228000000,0.483,,64133000000,,,,,,,,,,,,true,false,12,2018-04-01,2019-03-31,-1
2020-01-28,88180,2019-03-31,3,,,,,,,,,,,,,,,,,,,,,,,,,,,,,23.00,,,,53998798,1312174,,false,false,12,2018-04-01,2019-03-31,-1
2020-01-28,88180,2020-03-31,3,,,,,,,,,,,,,,,,,,,,,,,,,,,,,11.50,,,,,,,false,false,12,2019-04-01,2020-03-31,0
2020-01-28,88180,2020-03-31,3,,,,,,,,,,,,,,,,,,,,,,,,,,,,,25.00,,,,,,,false,true,12,2019-04-01,2020-03-31,0
2020-01-28,88180,2020-03-31,3,,,,,,,,,,,,,,,,,,,,,,,,,,,,,,,,,52882298,504226,52640544,false,false,9,2019-04-01,2019-12-31,0
2020-01-28,88180,2019-03-31,3,,,,,,,,,,,,,,,,,,,,,,,,,,,,,,,,,,,53790851,false,false,9,2018-04-01,2018-12-31,-1
2020-05-14,88180,2020-03-31,,15319000000,0.022,,,,,5414000000,-0.007,5214000000,0.000,,3919000000,,74.63,74.37,0.061,0.039,0.353,,136605000000,64377000000,0.470,1236.50,64256000000,6693000000,-9705000000,298000000,13205000000,,0.362,,,,,,true,false,12,2019-04-01,2020-03-31,0
2020-05-14,88180,2019-03-31,,14995000000,0.013,,,,,5451000000,0.029,5214000000,0.034,,3998000000,,74.63,74.41,0.063,0.041,0.364,,132780000000,64228000000,0.483,1217.26,64133000000,5259000000,-1619000000,5227000000,15918000000,,0.308,,,,,,true,false,12,2018-04-01,2019-03-31,-1
2020-05-14,88180,2021-03-31,,15300000000,-0.001,,,,,5400000000,-0.003,5100000000,-0.022,,4000000000,,76.97,,,,,,,,,,,,,,,,0.351,,,,,,true,true,12,2020-04-01,2021-03-31,1
2020-05-14,88180,2020-03-31,,14954000000,0.028,,,,,5263000000,-0.003,5174000000,0.004,3926000000,,-0.016,74.77,74.51,,,,,136200000000,64057000000,0.469,1230.35,63936000000,,,,,27.00,,,,52882298,916057,52516869,false,false,12,2019-04-01,2020-03-31,0
2020-05-14,88180,2019-03-31,,14548000000,0.008,,,,,5279000000,0.026,5153000000,0.031,3992000000,,0.113,74.52,74.31,,,,,132410000000,63901000000,0.482,1211.04,63805000000,,,,,23.00,,,,53998798,1312174,53572647,false,false,12,2018-04-01,2019-03-31,-1
2020-05-14,88180,2021-03-31,,,,,,,,,,,,,,,,,,,,,,,,,,,,,,27.00,,,,,,,false,true,12,2020-04-01,2021-03-31,1
2020-07-28,88180,2021-03-31,1,3781000000,-0.013,,,,,1510000000,0.021,1551000000,0.017,,1635000000,,31.48,31.36,,,,,139248000000,67012000000,0.480,,66892000000,,,,,,,,,,,,true,false,3,2020-04-01,2020-06-30,0
2020-07-28,88180,2020-03-31,1,3832000000,0.038,,,,,1479000000,0.031,1524000000,0.036,,998000000,,18.95,18.89,,,,,,,,,,,,,,,,,,,,,true,false,3,2019-04-01,2019-06-30,-1
2020-07-28,88180,2021-03-31,1,15300000000,-0.001,,,,,5400000000,-0.003,5100000000,-0.022,,4000000000,,76.95,,,,,,,,,,,,,,,,,,,,,,true,true,12,2020-04-01,2021-03-31,0
2020-07-28,88180,2020-03-31,1,,,,,,,,,,,,,,,,,,,,136605000000,64377000000,0.470,,64256000000,,,,,,,,,,,,true,false,12,2019-04-01,2020-03-31,-1
2020-07-28,88180,2020-03-31,1,,,,,,,,,,,,,,,,,,,,,,,,,,,,,27.00,,,,52882298,916057,,false,false,12,2019-04-01,2020-03-31,-1
2020-07-28,88180,2021-03-31,1,,,,,,,,,,,,,,,,,,,,,,,,,,,,,27.00,,,,,,,false,true,12,2020-04-01,2021-03-31,0
2020-07-28,88180,2021-03-31,1,,,,,,,,,,,,,,,,,,,,,,,,,,,,,,,,,52184498,202437,51968634,false,false,3,2020-04-01,2020-06-30,0
2020-07-28,88180,2020-03-31,1,,,,,,,,,,,,,,,,,,,,,,,,,,,,,,,,,,,52688698,false,false,3,2019-04-01,2019-06-30,-1
2020-10-23,88180,2021-03-31,2,7654000000,-0.005,,,,,2986000000,0.056,2919000000,0.057,,2575000000,,49.56,49.38,,,,,141715000000,68845000000,0.485,,68725000000,,,,,,,,,,,,true,false,6,2020-04-01,2020-09-30,0
2020-10-23,88180,2020-03-31,2,7695000000,0.042,,,,,2828000000,0.042,2760000000,0.054,,2391000000,,45.40,45.25,,,,,,,,,,,,,,,,,,,,,true,false,6,2019-04-01,2019-09-30,-1
2020-10-23,88180,2021-03-31,2,15300000000,-0.001,,,,,5200000000,-0.040,5000000000,-0.041,,4500000000,,86.57,,,,,,,,,,,,,,,,,,,,,,true,true,12,2020-04-01,2021-03-31,0
2020-10-23,88180,2020-03-31,2,,,,,,,,,,,,,,,,,,,,136605000000,64377000000,0.470,,64256000000,,,,,,,,,,,,true,false,12,2019-04-01,2020-03-31,-1
2020-10-23,88180,2020-03-31,2,,,,,,,,,,,,,,,,,,,,,,,,,,,,,27.00,,,,52882298,916057,,false,false,12,2019-04-01,2020-03-31,-1
2020-10-23,88180,2021-03-31,2,,,,,,,,,,,,,,,,,,,,,,,,,,,,,13.50,,,,,,,false,false,12,2020-04-01,2021-03-31,0
2020-10-23,88180,2021-03-31,2,,,,,,,,,,,,,,,,,,,,,,,,,,,,,31.00,,,,,,,false,true,12,2020-04-01,2021-03-31,0
2020-10-23,88180,2021-03-31,2,,,,,,,,,,,,,,,,,,,,,,,,,,,,,,,,,52184498,205428,51979751,false,false,6,2020-04-01,2020-09-30,0
2020-10-23,88180,2020-03-31,2,,,,,,,,,,,,,,,,,,,,,,,,,,,,,,,,,,,52682896,false,false,6,2019-04-01,2019-09-30,-1
2021-01-26,88180,2021-03-31,3,11481000000,0.001,,,,,4140000000,-0.015,4046000000,-0.016,,4000000000,,76.97,76.70,,,,,155244000000,70227000000,0.452,,70107000000,,,,,,,,,,,,true,false,9,2020-04-01,2020-12-31,0
2021-01-26,88180,2020-03-31,3,11465000000,0.033,,,,,4201000000,0.047,4112000000,0.059,,3274000000,,62.20,61.99,,,,,,,,,,,,,,,,,,,,,true,false,9,2019-04-01,2019-12-31,-1
2021-01-26,88180,2021-03-31,3,15300000000,-0.001,,,,,5200000000,-0.040,5000000000,-0.041,,4500000000,,86.57,,,,,,,,,,,,,,,,,,,,,,true,true,12,2020-04-01,2021-03-31,0
2021-01-26,88180,2020-03-31,3,,,,,,,,,,,,,,,,,,,,136605000000,64377000000,0.470,,64256000000,,,,,,,,,,,,true,false,12,2019-04-01,2020-03-31,-1
2021-01-26,88180,2020-03-31,3,,,,,,,,,,,,,,,,,,,,,,,,,,,,,27.00,,,,52882298,916057,,false,false,12,2019-04-01,2020-03-31,-1
2021-01-26,88180,2021-03-31,3,,,,,,,,,,,,,,,,,,,,,,,,,,,,,13.50,,,,,,,false,false,12,2020-04-01,2021-03-31,0
2021-01-26,88180,2021-03-31,3,,,,,,,,,,,,,,,,,,,,,,,,,,,,,31.00,,,,,,,false,true,12,2020-04-01,2021-03-31,0
2021-01-26,88180,2021-03-31,3,,,,,,,,,,,,,,,,,,,,,,,,,,,,,,,,,52184498,205665,51979509,false,false,9,2020-04-01,2020-12-31,0
2021-01-26,88180,2020-03-31,3,,,,,,,,,,,,,,,,,,,,,,,,,,,,,,,,,,,52640544,false,false,9,2019-04-01,2019-12-31,-1
2021-02-24,88180,2021-03-31,,15300000000,0.000,,,,,5200000000,0.000,5000000000,0.000,8200000000,,0.822,157.76,,,,,,,,,,,,,,,,,,,,,,true,true,12,2020-04-01,2021-03-31,0
2021-02-24,88180,2020-03-31,,15319000000,,,,,,5414000000,,5214000000,,3919000000,,,74.63,,,,,,,,,,,,,,,,,,,,,,true,false,12,2019-04-01,2020-03-31,-1
2021-05-13,88180,2021-03-31,,15333000000,0.001,,,,,5295000000,-0.022,5081000000,-0.026,,8251000000,,158.80,158.25,0.123,0.035,0.345,,154043000000,70539000000,0.457,1361.99,70419000000,7693000000,-5566000000,6219000000,21550000000,,0.195,,,,,,true,false,12,2020-04-01,2021-03-31,0
2021-05-13,88180,2020-03-31,,15319000000,0.022,,,,,5414000000,-0.007,5214000000,0.000,,3919000000,,74.63,74.37,0.061,0.039,0.353,,136605000000,64377000000,0.470,1236.50,64256000000,6693000000,-9705000000,298000000,13205000000,,0.362,,,,,,true,false,12,2019-04-01,2020-03-31,-1
2021-05-13,88180,2022-03-31,,17600000000,0.148,,,,,5100000000,-0.037,4900000000,-0.036,,3300000000,,63.83,,,,,,,,,,,,,,,,0.486,,,,,,true,true,12,2021-04-01,2022-03-31,1
2021-05-13,88180,2021-03-31,,15034000000,0.005,,,,,5157000000,-0.020,5034000000,-0.027,8248000000,,1.101,158.73,158.18,,,,,153682000000,70216000000,0.456,1355.74,70096000000,,,,,31.00,,,,52184498,481029,51964295,false,false,12,2020-04-01,2021-03-31,0
2021-05-13,88180,2020-03-31,,14954000000,0.028,,,,,5263000000,-0.003,5174000000,0.004,3926000000,,-0.016,74.77,74.51,,,,,136200000000,64057000000,0.469,1230.35,63936000000,,,,,27.00,,,,52882298,916057,52516869,false,false,12,2019-04-01,2020-03-31,-1
2021-05-13,88180,2022-03-31,,,,,,,,,,,,,,,,,,,,,,,,,,,,,,31.00,,,,,,,false,true,12,2021-04-01,2022-03-31,1
2021-07-27,88180,2022-03-31,1,4317000000,0.142,,,,,860000000,-0.430,865000000,-0.442,,600000000,,11.72,11.68,,,,,149315000000,68481000000,0.458,,68361000000,,,,,,,,,,,,true,false,3,2021-04-01,2021-06-30,0
2021-07-27,88180,2021-03-31,1,3781000000,-0.013,,,,,1510000000,0.021,1551000000,0.017,,1635000000,,31.48,31.36,,,,,,,,,,,,,,,,,,,,,true,false,3,2020-04-01,2020-06-30,-1
2021-07-27,88180,2022-03-31,1,17600000000,0.148,,,,,5100000000,-0.037,4900000000,-0.036,,3300000000,,64.99,,,,,,,,,,,,,,,,,,,,,,true,true,12,2021-04-01,2022-03-31,0
2021-07-27,88180,2021-03-31,1,,,,,,,,,,,,,,,,,,,,154043000000,70539000000,0.457,,70419000000,,,,,,,,,,,,true,false,12,2020-04-01,2021-03-31,-1
2021-07-27,88180,2021-03-31,1,,,,,,,,,,,,,,,,,,,,,,,,,,,,,31.00,,,,52184498,481029,,false,false,12,2020-04-01,2021-03-31,-1
2021-07-27,88180,2022-03-31,1,,,,,,,,,,,,,,,,,,,,,,,,,,,,,31.00,,,,,,,false,true,12,2021-04-01,2022-03-31,0
2021-07-27,88180,2022-03-31,1,,,,,,,,,,,,,,,,,,,,,,,,,,,,,,,,,52184498,1410191,51220344,false,false,3,2021-04-01,2021-06-30,0
2021-07-27,88180,2021-03-31,1,,,,,,,,,,,,,,,,,,,,,,,,,,,,,,,,,,,51968634,false,false,3,2020-04-01,2020-06-30,-1
2021-10-22,88180,2022-03-31,2,8824000000,0.153,,,,,2361000000,-0.209,2243000000,-0.232,,1570000000,,30.93,30.82,,,,,150083000000,69415000000,0.462,,69295000000,,,,,,,,,,,,true,false,6,2021-04-01,2021-09-30,0
2021-10-22,88180,2021-03-31,2,7654000000,-0.005,,,,,2986000000,0.056,2919000000,0.057,,2575000000,,49.56,49.38,,,,,,,,,,,,,,,,,,,,,true,false,6,2020-04-01,2020-09-30,-1
2021-10-22,88180,2022-03-31,2,17600000000,0.148,,,,,5100000000,-0.037,4900000000,-0.036,,4300000000,,85.75,,,,,,,,,,,,,,,,,,,,,,true,true,12,2021-04-01,2022-03-31,0
2021-10-22,88180,2021-03-31,2,,,,,,,,,,,,,,,,,,,,154043000000,70539000000,0.457,,70419000000,,,,,,,,,,,,true,false,12,2020-04-01,2021-03-31,-1
2021-10-22,88180,2021-03-31,2,,,,,,,,,,,,,,,,,,,,,,,,,,,,,31.00,,,,52184498,481029,,false,false,12,2020-04-01,2021-03-31,-1
2021-10-22,88180,2022-03-31,2,,,,,,,,,,,,,,,,,,,,,,,,,,,,,15.50,,,,,,,false,false,12,2021-04-01,2022-03-31,0
2021-10-22,88180,2022-03-31,2,,,,,,,,,,,,,,,,,,,,,,,,,,,,,33.00,,,,,,,false,true,12,2021-04-01,2022-03-31,0
2021-10-22,88180,2022-03-31,2,,,,,,,,,,,,,,,,,,,,,,,,,,,,,,,,,52184498,2036568,50792900,false,false,6,2021-04-01,2021-09-30,0
2021-10-22,88180,2021-03-31,2,,,,,,,,,,,,,,,,,,,,,,,,,,,,,,,,,,,51979751,false,false,6,2020-04-01,2020-09-30,-1
2022-01-25,88180,2022-03-31,3,13323000000,0.160,,,,,3776000000,-0.088,3648000000,-0.098,,3412000000,,67.47,67.23,,,,,149458000000,69912000000,0.467,,69792000000,,,,,,,,,,,,true,false,9,2021-04-01,2021-12-31,0
2022-01-25,88180,2021-03-31,3,11481000000,0.001,,,,,4140000000,-0.015,4046000000,-0.016,,4000000000,,76.97,76.70,,,,,,,,,,,,,,,,,,,,,true,false,9,2020-04-01,2020-12-31,-1
2022-01-25,88180,2022-03-31,3,17600000000,0.148,,,,,5100000000,-0.037,4900000000,-0.036,,4900000000,,97.71,,,,,,,,,,,,,,,,,,,,,,true,true,12,2021-04-01,2022-03-31,0
2022-01-25,88180,2021-03-31,3,,,,,,,,,,,,,,,,,,,,154043000000,70539000000,0.457,,70419000000,,,,,,,,,,,,true,false,12,2020-04-01,2021-03-31,-1
2022-01-25,88180,2021-03-31,3,,,,,,,,,,,,,,,,,,,,,,,,,,,,,31.00,,,,52184498,481029,,false,false,12,2020-04-01,2021-03-31,-1
2022-01-25,88180,2022-03-31,3,,,,,,,,,,,,,,,,,,,,,,,,,,,,,15.50,,,,,,,false,false,12,2021-04-01,2022-03-31,0
2022-01-25,88180,2022-03-31,3,,,,,,,,,,,,,,,,,,,,,,,,,,,,,36.00,,,,,,,false,true,12,2021-04-01,2022-03-31,0
2022-01-25,88180,2022-03-31,3,,,,,,,,,,,,,,,,,,,,,,,,,,,,,,,,,50309498,161597,50577908,false,false,9,2021-04-01,2021-12-31,0
2022-01-25,88180,2021-03-31,3,,,,,,,,,,,,,,,,,,,,,,,,,,,,,,,,,,,51979509,false,false,9,2020-04-01,2020-12-31,-1
2022-05-13,88180,2022-03-31,,17815000000,0.162,,,,,5124000000,-0.032,4879000000,-0.040,,5165000000,,102.34,101.98,0.073,0.032,0.288,,149994000000,70510000000,0.469,1403.66,70390000000,2736000000,-8652000000,-5757000000,9876000000,,0.352,,,,,,true,false,12,2021-04-01,2022-03-31,0
2022-05-13,88180,2021-03-31,,15333000000,0.001,,,,,5295000000,-0.022,5081000000,-0.026,,8251000000,,158.80,158.25,0.123,0.035,0.345,,154043000000,70539000000,0.457,1361.99,70419000000,7693000000,-5566000000,6219000000,21550000000,,0.195,,,,,,true,false,12,2020-04-01,2021-03-31,-1
2022-05-13,88180,2023-03-31,,18700000000,0.050,,,,,5200000000,0.015,5000000000,0.025,,4300000000,,85.75,,,,,,,,,,,,,,,,0.420,,,,,,true,true,12,2022-04-01,2023-03-31,1
2022-05-13,88180,2022-03-31,,17511000000,0.165,,,,,4927000000,-0.045,4772000000,-0.052,5122000000,,-0.379,101.50,101.14,,,,,149563000000,70145000000,0.468,1396.38,70025000000,,,,,36.00,,,,50309498,161781,50472148,false,false,12,2021-04-01,2022-03-31,0
2022-05-13,88180,2021-03-31,,15034000000,0.005,,,,,5157000000,-0.020,5034000000,-0.027,8248000000,,1.101,158.73,158.18,,,,,153682000000,70216000000,0.456,1355.74,70096000000,,,,,31.00,,,,52184498,481029,51964295,false,false,12,2020-04-01,2021-03-31,-1
2022-05-13,88180,2023-03-31,,,,,,,,,,,,,,,,,,,,,,,,,,,,,,36.00,,,,,,,false,true,12,2022-04-01,2023-03-31,1
2022-07-29,88180,2023-03-31,1,4574000000,0.059,,,,,1460000000,0.697,1478000000,0.709,,1732000000,,34.55,34.44,,,,,148708000000,70500000000,0.474,,70424000000,,,,,,,,,,,,true,false,3,2022-04-01,2022-06-30,0
2022-07-29,88180,2022-03-31,1,4317000000,0.142,,,,,860000000,-0.430,865000000,-0.442,,600000000,,11.72,11.68,,,,,,,,,,,,,,,,,,,,,true,false,3,2021-04-01,2021-06-30,-1
2022-07-29,88180,2023-03-31,1,18700000000,0.050,,,,,5200000000,0.015,5000000000,0.025,,4300000000,,85.63,,,,,,,,,,,,,,,,,,,,,,true,true,12,2022-04-01,2023-03-31,0
2022-07-29,88180,2022-03-31,1,,,,,,,,,,,,,,,,,,,,149994000000,70510000000,0.469,,70390000000,,,,,,,,,,,,true,false,12,2021-04-01,2022-03-31,-1
2022-07-29,88180,2022-03-31,1,,,,,,,,,,,,,,,,,,,,,,,,,,,,,36.00,,,,50309498,161781,,false,false,12,2021-04-01,2022-03-31,-1
2022-07-29,88180,2023-03-31,1,,,,,,,,,,,,,,,,,,,,,,,,,,,,,36.00,,,,,,,false,true,12,2022-04-01,2023-03-31,0
2022-07-29,88180,2023-03-31,1,,,,,,,,,,,,,,,,,,,,,,,,,,,,,,,,,50309498,95940,50154163,false,false,3,2022-04-01,2022-06-30,0
2022-07-29,88180,2022-03-31,1,,,,,,,,,,,,,,,,,,,,,,,,,,,,,,,,,,,51220344,false,false,3,2021-04-01,2021-06-30,-1
2022-10-28,88180,2023-03-31,2,9330000000,0.057,,,,,3072000000,0.301,2973000000,0.325,,2747000000,,55.09,54.94,,,,,148930000000,70075000000,0.470,,69998000000,,,,,,,,,,,,true,false,6,2022-04-01,2022-09-30,0
2022-10-28,88180,2022-03-31,2,8824000000,0.153,,,,,2361000000,-0.209,2243000000,-0.232,,1570000000,,30.93,30.82,,,,,,,,,,,,,,,,,,,,,true,false,6,2021-04-01,2021-09-30,-1
2022-10-28,88180,2023-03-31,2,18700000000,0.050,,,,,5200000000,0.015,5000000000,0.025,,4300000000,,87.44,,,,,,,,,,,,,,,,,,,,,,true,true,12,2022-04-01,2023-03-31,0
2022-10-28,88180,2022-03-31,2,,,,,,,,,,,,,,,,,,,,149994000000,70510000000,0.469,,70390000000,,,,,,,,,,,,true,false,12,2021-04-01,2022-03-31,-1
2022-10-28,88180,2022-03-31,2,,,,,,,,,,,,,,,,,,,,,,,,,,,,,36.00,,,,50309498,161781,,false,false,12,2021-04-01,2022-03-31,-1
2022-10-28,88180,2023-03-31,2,,,,,,,,,,,,,,,,,,,,,,,,,,,,,18.00,,,,,,,false,false,12,2022-04-01,2023-03-31,0
2022-10-28,88180,2023-03-31,2,,,,,,,,,,,,,,,,,,,,,,,,,,,,,36.00,,,,,,,false,true,12,2022-04-01,2023-03-31,0
2022-10-28,88180,2023-03-31,2,,,,,,,,,,,,,,,,,,,,,,,,,,,,,,,,,50309498,1134472,49863934,false,false,6,2022-04-01,2022-09-30,0
2022-10-28,88180,2022-03-31,2,,,,,,,,,,,,,,,,,,,,,,,,,,,,,,,,,,,50792900,false,false,6,2021-04-01,2021-09-30,-1
2023-01-27,88180,2023-03-31,3,14073000000,0.056,,,,,4347000000,0.151,4245000000,0.164,,3630000000,,73.19,72.99,,,,,151663000000,69931000000,0.461,,69854000000,,,,,,,,,,,,true,false,9,2022-04-01,2022-12-31,0
2023-01-27,88180,2022-03-31,3,13323000000,0.160,,,,,3776000000,-0.088,3648000000,-0.098,,3412000000,,67.47,67.23,,,,,,,,,,,,,,,,,,,,,true,false,9,2021-04-01,2021-12-31,-1
2023-01-27,88180,2023-03-31,3,18700000000,0.050,,,,,5200000000,0.015,5000000000,0.025,,4300000000,,87.80,,,,,,,,,,,,,,,,,,,,,,true,true,12,2022-04-01,2023-03-31,0
2023-01-27,88180,2022-03-31,3,,,,,,,,,,,,,,,,,,,,149994000000,70510000000,0.469,,70390000000,,,,,,,,,,,,true,false,12,2021-04-01,2022-03-31,-1
2023-01-27,88180,2022-03-31,3,,,,,,,,,,,,,,,,,,,,,,,,,,,,,36.00,,,,50309498,161781,,false,false,12,2021-04-01,2022-03-31,-1
2023-01-27,88180,2023-03-31,3,,,,,,,,,,,,,,,,,,,,,,,,,,,,,18.00,,,,,,,false,false,12,2022-04-01,2023-03-31,0
2023-01-27,88180,2023-03-31,3,,,,,,,,,,,,,,,,,,,,,,,,,,,,,36.00,,,,,,,false,true,12,2022-04-01,2023-03-31,0
2023-01-27,88180,2023-03-31,3,,,,,,,,,,,,,,,,,,,,,,,,,,,,,,,,,49211498,236482,49605911,false,false,9,2022-04-01,2022-12-31,0
2023-01-27,88180,2022-03-31,3,,,,,,,,,,,,,,,,,,,,,,,,,,,,,,,,,,,50577908,false,false,9,2021-04-01,2021-12-31,-1
2023-05-12,88180,2023-03-31,,18879000000,0.060,,,,,5375000000,0.049,5040000000,0.033,,4186000000,,84.66,84.44,0.059,0.033,0.285,,152321000000,70870000000,0.465,1445.53,70794000000,8917000000,-12104000000,-1376000000,5312000000,,0.425,,,,,,true,false,12,2022-04-01,2023-03-31,0
2023-05-12,88180,2022-03-31,,17815000000,0.162,,,,,5124000000,-0.032,4879000000,-0.040,,5165000000,,102.34,101.98,0.073,0.032,0.288,,149994000000,70510000000,0.469,1403.66,70390000000,2736000000,-8652000000,-5757000000,9876000000,,0.352,,,,,,true,false,12,2021-04-01,2022-03-31,-1
2023-05-12,88180,2024-03-31,,20000000000,0.059,,,,,4500000000,-0.163,4200000000,-0.167,,3200000000,,65.34,,,,,,,,,,,,,,,,0.551,,,,,,true,true,12,2023-04-01,2024-03-31,1
2023-05-12,88180,2023-03-31,,18573000000,0.061,,,,,5175000000,0.050,4951000000,0.037,4160000000,,-0.188,84.13,83.91,,,,,151885000000,70479000000,0.464,1437.53,70403000000,,,,,36.00,,,,49211498,236482,49450773,false,false,12,2022-04-01,2023-03-31,0
2023-05-12,88180,2022-03-31,,17511000000,0.165,,,,,4927000000,-0.045,4772000000,-0.052,5122000000,,-0.379,101.50,101.14,,,,,149563000000,70145000000,0.468,1396.38,70025000000,,,,,36.00,,,,50309498,161781,50472148,false,false,12,2021-04-01,2022-03-31,-1
2023-05-12,88180,2024-03-31,,,,,,,,,,,,,,,,,,,,,,,,,,,,,,36.00,,,,,,,false,true,12,2023-04-01,2024-03-31,1
2023-07-28,88180,2024-03-31,1,4962000000,0.085,,,,,1399000000,-0.042,1415000000,-0.043,,1276000000,,26.07,26.01,,,,,159719000000,72582000000,0.454,,72506000000,,,,,,,,,,,,true,false,3,2023-04-01,2023-06-30,0
2023-07-28,88180,2023-03-31,1,4574000000,0.059,,,,,1460000000,0.697,1478000000,0.709,,1732000000,,34.55,34.44,,,,,,,,,,,,,,,,,,,,,true,false,3,2022-04-01,2022-06-30,-1
2023-07-28,88180,2024-03-31,1,20000000000,0.059,,,,,4500000000,-0.163,4200000000,-0.167,,3200000000,,65.34,,,,,,,,,,,,,,,,,,,,,,true,true,12,2023-04-01,2024-03-31,0
2023-07-28,88180,2023-03-31,1,,,,,,,,,,,,,,,,,,,,152321000000,70870000000,0.465,,70794000000,,,,,,,,,,,,true,false,12,2022-04-01,2023-03-31,-1
2023-07-28,88180,2023-03-31,1,,,,,,,,,,,,,,,,,,,,,,,,,,,,,36.00,,,,49211498,236482,,false,false,12,2022-04-01,2023-03-31,-1
2023-07-28,88180,2024-03-31,1,,,,,,,,,,,,,,,,,,,,,,,,,,,,,36.00,,,,,,,false,true,12,2023-04-01,2024-03-31,0
2023-07-28,88180,2024-03-31,1,,,,,,,,,,,,,,,,,,,,,,,,,,,,,,,,,49211498,236592,48974979,false,false,3,2023-04-01,2023-06-30,0
2023-07-28,88180,2023-03-31,1,,,,,,,,,,,,,,,,,,,,,,,,,,,,,,,,,,,50154163,false,false,3,2022-04-01,2022-06-30,-1
2023-10-27,88180,2024-03-31,2,9861000000,0.057,,,,,2835000000,-0.077,2716000000,-0.086,,2338000000,,47.71,47.60,,,,,159758000000,73385000000,0.459,,73309000000,,,,,,,,,,,,true,false,6,2023-04-01,2023-09-30,0
2023-10-27,88180,2023-03-31,2,9330000000,0.057,,,,,3072000000,0.301,2973000000,0.325,,2747000000,,55.09,54.94,,,,,,,,,,,,,,,,,,,,,true,false,6,2022-04-01,2022-09-30,-1
2023-10-27,88180,2024-03-31,2,20000000000,0.059,,,,,4500000000,-0.163,4200000000,-0.167,,3200000000,,65.40,,,,,,,,,,,,,,,,,,,,,,true,true,12,2023-04-01,2024-03-31,0
2023-10-27,88180,2023-03-31,2,,,,,,,,,,,,,,,,,,,,152321000000,70870000000,0.465,,70794000000,,,,,,,,,,,,true,false,12,2022-04-01,2023-03-31,-1
2023-10-27,88180,2023-03-31,2,,,,,,,,,,,,,,,,,,,,,,,,,,,,,36.00,,,,49211498,236482,,false,false,12,2022-04-01,2023-03-31,-1
2023-10-27,88180,2024-03-31,2,,,,,,,,,,,,,,,,,,,,,,,,,,,,,18.00,,,,,,,false,false,12,2023-04-01,2024-03-31,0
2023-10-27,88180,2024-03-31,2,,,,,,,,,,,,,,,,,,,,,,,,,,,,,37.00,,,,,,,false,true,12,2023-04-01,2024-03-31,0
2023-10-27,88180,2024-03-31,2,,,,,,,,,,,,,,,,,,,,,,,,,,,,,,,,,49211498,283102,49008790,false,false,6,2023-04-01,2023-09-30,0
2023-10-27,88180,2023-03-31,2,,,,,,,,,,,,,,,,,,,,,,,,,,,,,,,,,,,49863934,false,false,6,2022-04-01,2022-09-30,-1
2024-01-31,88180,2024-03-31,3,14655000000,0.041,,,,,4185000000,-0.037,4016000000,-0.054,,3242000000,,66.20,66.05,,,,,163279000000,73297000000,0.448,,73221000000,,,,,,,,,,,,true,false,9,2023-04-01,2023-12-31,0
2024-01-31,88180,2023-03-31,3,14073000000,0.056,,,,,4347000000,0.151,4245000000,0.164,,3630000000,,73.19,72.99,,,,,,,,,,,,,,,,,,,,,true,false,9,2022-04-01,2022-12-31,-1
2024-01-31,88180,2024-03-31,3,19500000000,0.033,,,,,4600000000,-0.144,4400000000,-0.127,,3500000000,,71.53,,,,,,,,,,,,,,,,,,,,,,true,true,12,2023-04-01,2024-03-31,0
2024-01-31,88180,2023-03-31,3,,,,,,,,,,,,,,,,,,,,152321000000,70870000000,0.465,,70794000000,,,,,,,,,,,,true,false,12,2022-04-01,2023-03-31,-1
2024-01-31,88180,2023-03-31,3,,,,,,,,,,,,,,,,,,,,,,,,,,,,,36.00,,,,49211498,236482,,false,false,12,2022-04-01,2023-03-31,-1
2024-01-31,88180,2024-03-31,3,,,,,,,,,,,,,,,,,,,,,,,,,,,,,18.00,,,,,,,false,false,12,2023-04-01,2024-03-31,0
2024-01-31,88180,2024-03-31,3,,,,,,,,,,,,,,,,,,,,,,,,,,,,,37.00,,,,,,,false,true,12,2023-04-01,2024-03-31,0
2024-01-31,88180,2024-03-31,3,,,,,,,,,,,,,,,,,,,,,,,,,,,,,,,,,49211498,283188,48981992,false,false,9,2023-04-01,2023-12-31,0
2024-01-31,88180,2023-03-31,3,,,,,,,,,,,,,,,,,,,,,,,,,,,,,,,,,,,49605911,false,false,9,2022-04-01,2022-12-31,-1
2024-05-14,88180,2024-03-31,,19310000000,0.023,,,,,5083000000,-0.054,4842000000,-0.039,,3793000000,,77.47,77.30,0.052,0.030,0.263,,166616000000,74874000000,0.449,1528.74,74798000000,8221000000,-11273000000,6407000000,8668000000,,0.478,,,,,,true,false,12,2023-04-01,2024-03-31,0
2024-05-14,88180,2023-03-31,,18879000000,0.060,,,,,5375000000,0.049,5040000000,0.033,,4186000000,,84.66,84.44,0.059,0.033,0.285,,152321000000,70870000000,0.465,1445.53,70794000000,8917000000,-12104000000,-1376000000,5312000000,,0.425,,,,,,true,false,12,2022-04-01,2023-03-31,-1
2024-05-14,88180,2025-03-31,,19700000000,0.020,,,,,5600000000,0.102,5500000000,0.136,,3800000000,,77.66,,,,,,,,,,,,,,,,0.476,,,,,,true,true,12,2024-04-01,2025-03-31,1
2024-05-14,88180,2024-03-31,,18984000000,0.022,,,,,4856000000,-0.062,4725000000,-0.046,3751000000,,-0.098,76.62,76.45,,,,,166131000000,74440000000,0.448,1519.87,74364000000,,,,,37.00,,,,49211498,283234,48968676,false,false,12,2023-04-01,2024-03-31,0
2024-05-14,88180,2023-03-31,,18573000000,0.061,,,,,5175000000,0.050,4951000000,0.037,4160000000,,-0.188,84.13,83.91,,,,,151885000000,70479000000,0.464,1437.53,70403000000,,,,,36.00,,,,49211498,236482,49450773,false,false,12,2022-04-01,2023-03-31,-1
2024-05-14,88180,2025-03-31,,,,,,,,,,,,,,,,,,,,,,,,,,,,,,37.00,,,,,,,false,true,12,2024-04-01,2025-03-31,1
2024-07-30,88180,2025-03-31,1,4769000000,-0.039,,,,,1425000000,0.018,1525000000,0.078,,1060000000,,21.68,21.63,,,,,166457000000,76005000000,0.456,,75928000000,,,,,,,,,,,,true,false,3,2024-04-01,2024-06-30,0
2024-07-30,88180,2024-03-31,1,4962000000,0.085,,,,,1399000000,-0.042,1415000000,-0.043,,1276000000,,26.07,26.01,,,,,,,,,,,,,,,,,,,,,true,false,3,2023-04-01,2023-06-30,-1
2024-07-30,88180,2025-03-31,1,19700000000,0.020,,,,,5600000000,0.102,5500000000,0.136,,3800000000,,77.66,,,,,,,,,,,,,,,,,,,,,,true,true,12,2024-04-01,2025-03-31,0
2024-07-30,88180,2024-03-31,1,,,,,,,,,,,,,,,,,,,,166616000000,74874000000,0.449,,74798000000,,,,,,,,,,,,true,false,12,2023-04-01,2024-03-31,-1
2024-07-30,88180,2024-03-31,1,,,,,,,,,,,,,,,,,,,,,,,,,,,,,37.00,,,,49211498,283234,,false,false,12,2023-04-01,2024-03-31,-1
2024-07-30,88180,2025-03-31,1,,,,,,,,,,,,,,,,,,,,,,,,,,,,,37.00,,,,,,,false,true,12,2024-04-01,2025-03-31,0
2024-07-30,88180,2025-03-31,1,,,,,,,,,,,,,,,,,,,,,,,,,,,,,,,,,49211498,283274,48928251,false,false,3,2024-04-01,2024-06-30,0
2024-07-30,88180,2024-03-31,1,,,,,,,,,,,,,,,,,,,,,,,,,,,,,,,,,,,48974979,false,false,3,2023-04-01,2023-06-30,-1
2024-10-30,88180,2025-03-31,2,9701000000,-0.016,,,,,2762000000,-0.025,2749000000,0.012,,1903000000,,38.88,38.79,,,,,165533000000,76014000000,0.459,,75938000000,,,,,,,,,,,,true,false,6,2024-04-01,2024-09-30,0
2024-10-30,88180,2024-03-31,2,9861000000,0.057,,,,,2835000000,-0.077,2716000000,-0.086,,2338000000,,47.71,47.60,,,,,,,,,,,,,,,,,,,,,true,false,6,2023-04-01,2023-09-30,-1
2024-10-30,88180,2025-03-31,2,19700000000,0.020,,,,,5600000000,0.102,5500000000,0.136,,3800000000,,77.60,,,,,,,,,,,,,,,,,,,,,,true,true,12,2024-04-01,2025-03-31,0
2024-10-30,88180,2024-03-31,2,,,,,,,,,,,,,,,,,,,,166616000000,74874000000,0.449,,74798000000,,,,,,,,,,,,true,false,12,2023-04-01,2024-03-31,-1
2024-10-30,88180,2024-03-31,2,,,,,,,,,,,,,,,,,,,,,,,,,,,,,37.00,,,,49211498,283234,,false,false,12,2023-04-01,2024-03-31,-1
2024-10-30,88180,2025-03-31,2,,,,,,,,,,,,,,,,,,,,,,,,,,,,,18.50,,,,,,,false,false,12,2024-04-01,2025-03-31,0
2024-10-30,88180,2025-03-31,2,,,,,,,,,,,,,,,,,,,,,,,,,,,,,37.00,,,,,,,false,true,12,2024-04-01,2025-03-31,0
2024-10-30,88180,2025-03-31,2,,,,,,,,,,,,,,,,,,,,,,,,,,,,,,,,,49211498,241708,48947443,false,false,6,2024-04-01,2024-09-30,0
2024-10-30,88180,2024-03-31,2,,,,,,,,,,,,,,,,,,,,,,,,,,,,,,,,,,,49008790,false,false,6,2023-04-01,2023-09-30,-1
2025-01-31,88180,2025-03-31,3,14674000000,0.001,,,,,4018000000,-0.040,4052000000,0.009,,3833000000,,78.40,78.23,,,,,164784000000,75723000000,0.459,,75647000000,,,,,,,,,,,,true,false,9,2024-04-01,2024-12-31,0
2025-01-31,88180,2024-03-31,3,14655000000,0.041,,,,,4185000000,-0.037,4016000000,-0.054,,3242000000,,66.20,66.05,,,,,,,,,,,,,,,,,,,,,true,false,9,2023-04-01,2023-12-31,-1
2025-01-31,88180,2025-03-31,3,19700000000,0.020,,,,,4900000000,-0.036,4800000000,-0.009,,4300000000,,88.09,,,,,,,,,,,,,,,,,,,,,,true,true,12,2024-04-01,2025-03-31,0
2025-01-31,88180,2024-03-31,3,,,,,,,,,,,,,,,,,,,,166616000000,74874000000,0.449,,74798000000,,,,,,,,,,,,true,false,12,2023-04-01,2024-03-31,-1
2025-01-31,88180,2024-03-31,3,,,,,,,,,,,,,,,,,,,,,,,,,,,,,37.00,,,,49211498,283234,,false,false,12,2023-04-01,2024-03-31,-1
2025-01-31,88180,2025-03-31,3,,,,,,,,,,,,,,,,,,,,,,,,,,,,,18.50,,,,,,,false,false,12,2024-04-01,2025-03-31,0
2025-01-31,88180,2025-03-31,3,,,,,,,,,,,,,,,,,,,,,,,,,,,,,40.00,,,,,,,false,true,12,2024-04-01,2025-03-31,0
2025-01-31,88180,2025-03-31,3,,,,,,,,,,,,,,,,,,,,,,,,,,,,,,,,,49211498,641708,48896921,false,false,9,2024-04-01,2024-12-31,0
2025-01-31,88180,2024-03-31,3,,,,,,,,,,,,,,,,,,,,,,,,,,,,,,,,,,,48981992,false,false,9,2023-04-01,2023-12-31,-1
2025-05-15,88180,2025-03-31,,19584000000,0.014,,,,,4983000000,-0.020,4829000000,-0.003,,4388000000,,89.90,89.69,0.058,0.028,0.254,,177104000000,76323000000,0.431,1569.84,76246000000,7294000000,-8219000000,6258000000,14060000000,,0.445,,,,,,true,false,12,2024-04-01,2025-03-31,0
2025-05-15,88180,2024-03-31,,19310000000,0.023,,,,,5083000000,-0.054,4842000000,-0.039,,3793000000,,77.47,77.30,0.052,0.030,0.263,,166616000000,74874000000,0.449,1528.74,74798000000,8221000000,-11273000000,6407000000,8668000000,,0.478,,,,,,true,false,12,2023-04-01,2024-03-31,-1
2025-05-15,88180,2026-03-31,,20000000000,0.021,,,,,5500000000,0.104,5300000000,0.097,,4200000000,,86.47,,,,,,,,,,,,,,,,0.463,,,,,,true,true,12,2025-04-01,2026-03-31,1
2025-05-15,88180,2025-03-31,,19584000000,0.032,,,,,5045000000,0.039,5295000000,0.121,4857000000,,0.295,99.51,99.29,,,,,176990000000,76208000000,0.430,1567.49,76132000000,,,,,40.00,,,,48811498,241708,48816479,false,false,12,2024-04-01,2025-03-31,0
2025-05-15,88180,2024-03-31,,18984000000,0.022,,,,,4856000000,-0.062,4725000000,-0.046,3751000000,,-0.098,76.62,76.45,,,,,166131000000,74440000000,0.448,1519.87,74364000000,,,,,37.00,,,,49211498,283234,48968676,false,false,12,2023-04-01,2024-03-31,-1
2025-05-15,88180,2026-03-31,,,,,,,,,,,,,,,,,,,,,,,,,,,,,,40.00,,,,,,,false,true,12,2025-04-01,2026-03-31,1
