filing_date,code,fiscal_year_end,quarterly_period,net_sales,net_sales_change,revenue,revenue_change,operating_revenue,operating_revenue_change,operating_profit,operating_profit_change,ordinary_profit,ordinary_profit_change,net_income,net_income_of_parent,net_income_change,eps,diluted_eps,roe,roa,operating_profit_to_net_sales,operating_profit_to_revenue,total_assets,net_assets,equity_ratio,bps,owner_equity,operating_cash_flow,investing_cash_flow,financing_cash_flow,cash,dividend_per_share,payout_ratio,commemorative_dividend,extra_dividend,number_of_shares,number_of_treqsury_shares,avg_number_of_shares,is_consolidated,is_forecast,duration,period_start,period_end,period_pos
2015-07-31,88600,2016-03-31,1,18431000000,0.087,,,,,495000000,-0.311,461000000,-0.347,,295000000,,8.19,8.18,,,,,94363000000,26271000000,0.278,,26216000000,,,,,,,,,,,,true,false,3,2015-04-01,2015-06-30,0
2015-07-31,88600,2015-03-31,1,16952000000,-0.132,,,,,719000000,-0.420,706000000,-0.423,,491000000,,13.67,13.64,,,,,,,,,,,,,,,,,,,,,true,false,3,2014-04-01,2014-06-30,-1
2015-07-31,88600,2016-03-31,1,43200000000,0.229,,,,,2100000000,0.401,2000000000,0.352,,1300000000,,35.99,,,,,,,,,,,,,,,,,,,,,,true,true,6,2015-04-01,2015-09-30,0
2015-07-31,88600,2016-03-31,1,88000000000,0.106,,,,,4800000000,0.100,4600000000,0.064,,3000000000,,83.05,,,,,,,,,,,,,,,,,,,,,,true,true,12,2015-04-01,2016-03-31,0
2015-07-31,88600,2015-03-31,1,,,,,,,,,,,,,,,,,,,,93958000000,26382000000,0.280,,26326000000,,,,,,,,,,,,true,false,12,2014-04-01,2015-03-31,-1
2015-07-31,88600,2015-03-31,1,,,,,,,,,,,,,,,,,,,,,,,,,,,,,26.00,,,,36849912,749728,,false,false,12,2014-04-01,2015-03-31,-1
2015-07-31,88600,2016-03-31,1,,,,,,,,,,,,,,,,,,,,,,,,,,,,,26.00,,,,,,,false,true,12,2015-04-01,2016-03-31,0
2015-07-31,88600,2016-03-31,1,,,,,,,,,,,,,,,,,,,,,,,,,,,,,,,,,36849912,727728,36107059,false,false,3,2015-04-01,2015-06-30,0
2015-07-31,88600,2015-03-31,1,,,,,,,,,,,,,,,,,,,,,,,,,,,,,,,,,,,35978182,false,false,3,2014-04-01,2014-06-30,-1
2015-07-31,88600,2016-03-31,,43200000000,0.131,,,,,2100000000,0.346,2000000000,0.351,,1300000000,,35.99,,,,,,,,,,,,,,,,,,,,,,true,true,6,2015-04-01,2015-09-30,0
2015-07-31,88600,2015-03-31,,35154000000,,,,,,1498000000,,1479000000,,,973000000,,27.02,,,,,,,,,,,,,,,,,,,,,,true,false,6,2014-04-01,2014-09-30,-1
2015-07-31,88600,2016-03-31,,37600000000,0.153,,,,,1740000000,0.450,1720000000,0.433,1080000000,,0.385,29.90,,,,,,,,,,,,,,,,,,,,,,false,true,6,2015-04-01,2015-09-30,0
2015-07-31,88600,2015-03-31,,30071000000,,,,,,1083000000,,1076000000,,720000000,,,19.99,,,,,,,,,,,,,,,,,,,,,,false,false,6,2014-04-01,2014-09-30,-1
2015-10-30,88600,2016-03-31,2,43612000000,0.241,,,,,2440000000,0.628,2388000000,0.615,,1570000000,,43.48,43.41,,,,,100004000000,27532000000,0.275,,27479000000,,,,,,,,,,,,true,false,6,2015-04-01,2015-09-30,0
2015-10-30,88600,2015-03-31,2,35154000000,-0.114,,,,,1498000000,-0.448,1479000000,-0.452,,973000000,,27.02,26.99,,,,,,,,,,,,,,,,,,,,,true,false,6,2014-04-01,2014-09-30,-1
2015-10-30,88600,2016-03-31,2,88000000000,0.106,,,,,4800000000,0.100,4600000000,0.064,,3000000000,,82.99,,,,,,,,,,,,,,,,,,,,,,true,true,12,2015-04-01,2016-03-31,0
2015-10-30,88600,2015-03-31,2,,,,,,,,,,,,,,,,,,,,93958000000,26382000000,0.280,,26326000000,,,,,,,,,,,,true,false,12,2014-04-01,2015-03-31,-1
2015-10-30,88600,2015-03-31,2,,,,,,,,,,,,,,,,,,,,,,,,,,,,,26.00,,,,36849912,749728,,false,false,12,2014-04-01,2015-03-31,-1
2015-10-30,88600,2016-03-31,2,,,,,,,,,,,,,,,,,,,,,,,,,,,,,13.00,,,,,,,false,false,12,2015-04-01,2016-03-31,0
2015-10-30,88600,2016-03-31,2,,,,,,,,,,,,,,,,,,,,,,,,,,,,,26.00,,,,,,,false,true,12,2015-04-01,2016-03-31,0
2015-10-30,88600,2016-03-31,2,,,,,,,,,,,,,,,,,,,,,,,,,,,,,,,,,36849912,701728,36120542,false,false,6,2015-04-01,2015-09-30,0
2015-10-30,88600,2015-03-31,2,,,,,,,,,,,,,,,,,,,,,,,,,,,,,,,,,,,36024936,false,false,6,2014-04-01,2014-09-30,-1
2016-01-29,88600,2016-03-31,3,63738000000,0.171,,,,,3419000000,0.414,3317000000,0.404,,2181000000,,60.34,60.20,,,,,97091000000,27760000000,0.285,,27717000000,,,,,,,,,,,,true,false,9,2015-04-01,2015-12-31,0
2016-01-29,88600,2015-03-31,3,54424000000,-0.087,,,,,2419000000,-0.385,2363000000,-0.386,,1526000000,,42.35,42.32,,,,,,,,,,,,,,,,,,,,,true,false,9,2014-04-01,2014-12-31,-1
2016-01-29,88600,2016-03-31,3,91000000000,0.143,,,,,5100000000,0.169,5000000000,0.157,,3200000000,,88.07,,,,,,,,,,,,,,,,,,,,,,true,true,12,2015-04-01,2016-03-31,0
2016-01-29,88600,2015-03-31,3,,,,,,,,,,,,,,,,,,,,93958000000,26382000000,0.280,,26326000000,,,,,,,,,,,,true,false,12,2014-04-01,2015-03-31,-1
2016-01-29,88600,2015-03-31,3,,,,,,,,,,,,,,,,,,,,,,,,,,,,,26.00,,,,36849912,749728,,false,false,12,2014-04-01,2015-03-31,-1
2016-01-29,88600,2016-03-31,3,,,,,,,,,,,,,,,,,,,,,,,,,,,,,13.00,,,,,,,false,false,12,2015-04-01,2016-03-31,0
2016-01-29,88600,2016-03-31,3,,,,,,,,,,,,,,,,,,,,,,,,,,,,,26.00,,,,,,,false,true,12,2015-04-01,2016-03-31,0
2016-01-29,88600,2016-03-31,3,,,,,,,,,,,,,,,,,,,,,,,,,,,,,,,,,36849912,514358,36158458,false,false,9,2015-04-01,2015-12-31,0
2016-01-29,88600,2015-03-31,3,,,,,,,,,,,,,,,,,,,,,,,,,,,,,,,,,,,36043637,false,false,9,2014-04-01,2014-12-31,-1
2016-01-29,88600,2016-03-31,,91000000000,0.034,,,,,5100000000,0.063,5000000000,0.087,,3200000000,,88.07,,,,,,,,,,,,,,,,,,,,,,true,true,12,2015-04-01,2016-03-31,0
2016-01-29,88600,2015-03-31,,79594000000,,,,,,4361000000,,4322000000,,,2756000000,,76.46,,,,,,,,,,,,,,,,,,,,,,true,false,12,2014-04-01,2015-03-31,-1
2016-01-29,88600,2016-03-31,,79500000000,0.038,,,,,4300000000,0.049,4200000000,0.050,2700000000,,0.038,74.31,,,,,,,,,,,,,,,,,,,,,,false,true,12,2015-04-01,2016-03-31,0
2016-01-29,88600,2015-03-31,,69191000000,,,,,,3541000000,,3515000000,,2247000000,,,62.35,,,,,,,,,,,,,,,,,,,,,,false,false,12,2014-04-01,2015-03-31,-1
2016-04-28,88600,2016-03-31,,90726000000,0.140,,,,,5441000000,0.247,5298000000,0.226,,3430000000,,95.18,94.97,0.125,0.056,0.060,,96900000000,28493000000,0.294,796.64,28459000000,4740000000,-3320000000,-1311000000,8721000000,,0.273,,,,,,true,false,12,2015-04-01,2016-03-31,0
2016-04-28,88600,2015-03-31,,79594000000,-0.078,,,,,4361000000,-0.249,4322000000,-0.236,,2756000000,,76.46,76.42,0.109,0.048,0.055,,93958000000,26382000000,0.280,729.26,26326000000,-4107000000,-2056000000,4976000000,8614000000,,0.340,,,,,,true,false,12,2014-04-01,2015-03-31,-1
2016-04-28,88600,2017-03-31,,46700000000,0.071,,,,,2700000000,0.106,2600000000,0.088,,1700000000,,47.59,,,,,,,,,,,,,,,,,,,,,,true,true,6,2016-04-01,2016-09-30,1
2016-04-28,88600,2017-03-31,,96300000000,0.061,,,,,5600000000,0.029,5400000000,0.019,,3600000000,,100.77,,,,,,,,,,,,,,,,0.258,,,,,,true,true,12,2016-04-01,2017-03-31,1
2016-04-28,88600,2016-03-31,,79169000000,0.144,,,,,4669000000,0.319,4537000000,0.291,3007000000,,0.338,83.44,83.26,,,,,92401000000,25886000000,0.280,723.67,25852000000,,,,,26.00,,,,36849912,1125858,36047173,false,false,12,2015-04-01,2016-03-31,0
2016-04-28,88600,2015-03-31,,69191000000,-0.099,,,,,3541000000,-0.316,3515000000,-0.304,2247000000,,-0.222,62.35,62.31,,,,,90141000000,24198000000,0.268,668.77,24142000000,,,,,26.00,,,,36849912,749728,36054694,false,false,12,2014-04-01,2015-03-31,-1
2016-04-28,88600,2017-03-31,,40500000000,0.066,,,,,2350000000,0.123,2250000000,0.098,1500000000,,0.108,41.99,,,,,,,,,,,,,,,,,,,,,,false,true,6,2016-04-01,2016-09-30,1
2016-04-28,88600,2017-03-31,,83400000000,0.053,,,,,4900000000,0.049,4700000000,0.036,3100000000,,0.031,86.78,,,,,,,,,,,,,,,26.00,,,,,,,false,true,12,2016-04-01,2017-03-31,1
2016-07-29,88600,2017-03-31,1,22993000000,0.247,,,,,1417000000,1.859,1416000000,2.069,,973000000,,27.23,27.20,,,,,100264000000,29079000000,0.290,,29079000000,,,,,,,,,,,,true,false,3,2016-04-01,2016-06-30,0
2016-07-29,88600,2016-03-31,1,18431000000,0.087,,,,,495000000,-0.311,461000000,-0.347,,295000000,,8.19,8.18,,,,,,,,,,,,,,,,,,,,,true,false,3,2015-04-01,2015-06-30,-1
2016-07-29,88600,2017-03-31,1,46700000000,0.071,,,,,2700000000,0.106,2600000000,0.088,,1700000000,,47.36,,,,,,,,,,,,,,,,,,,,,,true,true,6,2016-04-01,2016-09-30,0
2016-07-29,88600,2017-03-31,1,96300000000,0.061,,,,,5600000000,0.029,5400000000,0.019,,3600000000,,100.29,,,,,,,,,,,,,,,,,,,,,,true,true,12,2016-04-01,2017-03-31,0
2016-07-29,88600,2016-03-31,1,,,,,,,,,,,,,,,,,,,,96900000000,28493000000,0.294,,28459000000,,,,,,,,,,,,true,false,12,2015-04-01,2016-03-31,-1
2016-07-29,88600,2016-03-31,1,,,,,,,,,,,,,,,,,,,,,,,,,,,,,26.00,,,,36849912,1125858,,false,false,12,2015-04-01,2016-03-31,-1
2016-07-29,88600,2017-03-31,1,,,,,,,,,,,,,,,,,,,,,,,,,,,,,26.00,,,,,,,false,true,12,2016-04-01,2017-03-31,0
2016-07-29,88600,2017-03-31,1,,,,,,,,,,,,,,,,,,,,,,,,,,,,,,,,,36849912,954358,35734554,false,false,3,2016-04-01,2016-06-30,0
2016-07-29,88600,2016-03-31,1,,,,,,,,,,,,,,,,,,,,,,,,,,,,,,,,,,,36107059,false,false,3,2015-04-01,2015-06-30,-1
2016-10-31,88600,2017-03-31,2,47875000000,0.098,,,,,3286000000,0.347,3203000000,0.341,,2186000000,,61.06,61.03,,,,,107089000000,30381000000,0.284,,30376000000,,,,,,,,,,,,true,false,6,2016-04-01,2016-09-30,0
2016-10-31,88600,2016-03-31,2,43612000000,0.241,,,,,2440000000,0.628,2388000000,0.615,,1570000000,,43.48,43.41,,,,,,,,,,,,,,,,,,,,,true,false,6,2015-04-01,2015-09-30,-1
2016-10-31,88600,2017-03-31,2,96300000000,0.061,,,,,5600000000,0.029,5400000000,0.019,,3600000000,,100.29,,,,,,,,,,,,,,,,,,,,,,true,true,12,2016-04-01,2017-03-31,0
2016-10-31,88600,2016-03-31,2,,,,,,,,,,,,,,,,,,,,96900000000,28493000000,0.294,,28459000000,,,,,,,,,,,,true,false,12,2015-04-01,2016-03-31,-1
2016-10-31,88600,2016-03-31,2,,,,,,,,,,,,,,,,,,,,,,,,,,,,,26.00,,,,36849912,1125858,,false,false,12,2015-04-01,2016-03-31,-1
2016-10-31,88600,2017-03-31,2,,,,,,,,,,,,,,,,,,,,,,,,,,,,,13.00,,,,,,,false,false,12,2016-04-01,2017-03-31,0
2016-10-31,88600,2017-03-31,2,,,,,,,,,,,,,,,,,,,,,,,,,,,,,26.00,,,,,,,false,true,12,2016-04-01,2017-03-31,0
2016-10-31,88600,2017-03-31,2,,,,,,,,,,,,,,,,,,,,,,,,,,,,,,,,,36849912,954358,35803554,false,false,6,2016-04-01,2016-09-30,0
2016-10-31,88600,2016-03-31,2,,,,,,,,,,,,,,,,,,,,,,,,,,,,,,,,,,,36120542,false,false,6,2015-04-01,2015-09-30,-1
2017-01-31,88600,2017-03-31,3,70565000000,0.107,,,,,4308000000,0.260,4180000000,0.260,,2833000000,,79.09,79.06,,,,,105336000000,30672000000,0.291,,30660000000,,,,,,,,,,,,true,false,9,2016-04-01,2016-12-31,0
2017-01-31,88600,2016-03-31,3,63738000000,0.171,,,,,3419000000,0.414,3317000000,0.404,,2181000000,,60.34,60.20,,,,,,,,,,,,,,,,,,,,,true,false,9,2015-04-01,2015-12-31,-1
2017-01-31,88600,2017-03-31,3,96300000000,0.061,,,,,5600000000,0.029,5400000000,0.019,,3600000000,,100.29,,,,,,,,,,,,,,,,,,,,,,true,true,12,2016-04-01,2017-03-31,0
2017-01-31,88600,2016-03-31,3,,,,,,,,,,,,,,,,,,,,96900000000,28493000000,0.294,,28459000000,,,,,,,,,,,,true,false,12,2015-04-01,2016-03-31,-1
2017-01-31,88600,2016-03-31,3,,,,,,,,,,,,,,,,,,,,,,,,,,,,,26.00,,,,36849912,1125858,,false,false,12,2015-04-01,2016-03-31,-1
2017-01-31,88600,2017-03-31,3,,,,,,,,,,,,,,,,,,,,,,,,,,,,,13.00,,,,,,,false,false,12,2016-04-01,2017-03-31,0
2017-01-31,88600,2017-03-31,3,,,,,,,,,,,,,,,,,,,,,,,,,,,,,26.00,,,,,,,false,true,12,2016-04-01,2017-03-31,0
2017-01-31,88600,2017-03-31,3,,,,,,,,,,,,,,,,,,,,,,,,,,,,,,,,,36849912,954358,35831154,false,false,9,2016-04-01,2016-12-31,0
2017-01-31,88600,2016-03-31,3,,,,,,,,,,,,,,,,,,,,,,,,,,,,,,,,,,,36158458,false,false,9,2015-04-01,2015-12-31,-1
2017-04-28,88600,2017-03-31,,99359000000,0.095,,,,,5969000000,0.097,5721000000,0.080,,3945000000,,110.06,110.04,0.131,0.054,0.060,,114872000000,31740000000,0.276,883.73,31722000000,-3123000000,-5977000000,12650000000,12271000000,,0.236,,,,,,true,false,12,2016-04-01,2017-03-31,0
2017-04-28,88600,2016-03-31,,90726000000,0.140,,,,,5441000000,0.247,5298000000,0.226,,3430000000,,95.18,94.97,0.125,0.056,0.060,,96900000000,28493000000,0.294,796.64,28459000000,4740000000,-3320000000,-1311000000,8721000000,,0.273,,,,,,true,false,12,2015-04-01,2016-03-31,-1
2017-04-28,88600,2018-03-31,,46400000000,-0.031,,,,,2100000000,-0.361,2000000000,-0.376,,1380000000,,38.44,,,,,,,,,,,,,,,,,,,,,,true,true,6,2017-04-01,2017-09-30,1
2017-04-28,88600,2018-03-31,,103000000000,0.037,,,,,6300000000,0.055,6000000000,0.049,,4150000000,,115.61,,,,,,,,,,,,,,,,0.234,,,,,,true,true,12,2017-04-01,2018-03-31,1
2017-04-28,88600,2017-03-31,,86258000000,0.090,,,,,5070000000,0.086,4814000000,0.061,3326000000,,0.106,92.79,92.76,,,,,107290000000,28514000000,0.266,793.86,28496000000,,,,,26.00,,,,36849912,954358,35846016,false,false,12,2016-04-01,2017-03-31,0
2017-04-28,88600,2016-03-31,,79169000000,0.144,,,,,4669000000,0.319,4537000000,0.291,3007000000,,0.338,83.44,83.26,,,,,92401000000,25886000000,0.280,723.67,25852000000,,,,,26.00,,,,36849912,1125858,36047173,false,false,12,2015-04-01,2016-03-31,-1
2017-04-28,88600,2018-03-31,,39300000000,-0.053,,,,,1700000000,-0.403,1600000000,-0.422,1110000000,,-0.413,30.92,,,,,,,,,,,,,,,,,,,,,,false,true,6,2017-04-01,2017-09-30,1
2017-04-28,88600,2018-03-31,,88500000000,0.026,,,,,5300000000,0.045,5100000000,0.059,3520000000,,0.058,98.06,,,,,,,,,,,,,,,27.00,,,,,,,false,true,12,2017-04-01,2018-03-31,1
2017-07-31,88600,2018-03-31,1,27214000000,0.184,,,,,1820000000,0.284,1726000000,0.219,,1174000000,,32.71,32.69,,,,,117448000000,32539000000,0.277,,32479000000,,,,,,,,,,,,true,false,3,2017-04-01,2017-06-30,0
2017-07-31,88600,2017-03-31,1,22993000000,0.247,,,,,1417000000,1.859,1416000000,2.069,,973000000,,27.23,27.20,,,,,,,,,,,,,,,,,,,,,true,false,3,2016-04-01,2016-06-30,-1
2017-07-31,88600,2018-03-31,1,46400000000,-0.031,,,,,2100000000,-0.361,2000000000,-0.376,,1380000000,,38.44,,,,,,,,,,,,,,,,,,,,,,true,true,6,2017-04-01,2017-09-30,0
2017-07-31,88600,2018-03-31,1,103000000000,0.037,,,,,6300000000,0.055,6000000000,0.049,,4150000000,,115.60,,,,,,,,,,,,,,,,,,,,,,true,true,12,2017-04-01,2018-03-31,0
2017-07-31,88600,2017-03-31,1,,,,,,,,,,,,,,,,,,,,114872000000,31740000000,0.276,,31722000000,,,,,,,,,,,,true,false,12,2016-04-01,2017-03-31,-1
2017-07-31,88600,2017-03-31,1,,,,,,,,,,,,,,,,,,,,,,,,,,,,,26.00,,,,36849912,954358,,false,false,12,2016-04-01,2017-03-31,-1
2017-07-31,88600,2018-03-31,1,,,,,,,,,,,,,,,,,,,,,,,,,,,,,27.00,,,,,,,false,true,12,2017-04-01,2018-03-31,0
2017-07-31,88600,2018-03-31,1,,,,,,,,,,,,,,,,,,,,,,,,,,,,,,,,,36849912,951358,35896304,false,false,3,2017-04-01,2017-06-30,0
2017-07-31,88600,2017-03-31,1,,,,,,,,,,,,,,,,,,,,,,,,,,,,,,,,,,,35734554,false,false,3,2016-04-01,2016-06-30,-1
2017-10-27,88600,2018-03-31,2,48831000000,0.020,,,,,2444000000,-0.256,2285000000,-0.286,,1538000000,,42.84,42.81,,,,,126012000000,32893000000,0.261,,32858000000,,,,,,,,,,,,true,false,6,2017-04-01,2017-09-30,0
2017-10-27,88600,2017-03-31,2,47875000000,0.098,,,,,3286000000,0.347,3203000000,0.341,,2186000000,,61.06,61.03,,,,,,,,,,,,,,,,,,,,,true,false,6,2016-04-01,2016-09-30,-1
2017-10-27,88600,2018-03-31,2,106000000000,0.067,,,,,6600000000,0.106,6300000000,0.101,,4250000000,,118.23,,,,,,,,,,,,,,,,,,,,,,true,true,12,2017-04-01,2018-03-31,0
2017-10-27,88600,2017-03-31,2,,,,,,,,,,,,,,,,,,,,114872000000,31740000000,0.276,,31722000000,,,,,,,,,,,,true,false,12,2016-04-01,2017-03-31,-1
2017-10-27,88600,2017-03-31,2,,,,,,,,,,,,,,,,,,,,,,,,,,,,,26.00,,,,36849912,954358,,false,false,12,2016-04-01,2017-03-31,-1
2017-10-27,88600,2018-03-31,2,,,,,,,,,,,,,,,,,,,,,,,,,,,,,14.00,,,,,,,false,false,12,2017-04-01,2018-03-31,0
2017-10-27,88600,2018-03-31,2,,,,,,,,,,,,,,,,,,,,,,,,,,,,,27.00,,,,,,,false,true,12,2017-04-01,2018-03-31,0
2017-10-27,88600,2018-03-31,2,,,,,,,,,,,,,,,,,,,,,,,,,,,,,,,,,36849912,904358,35911840,false,false,6,2017-04-01,2017-09-30,0
2017-10-27,88600,2017-03-31,2,,,,,,,,,,,,,,,,,,,,,,,,,,,,,,,,,,,35803554,false,false,6,2016-04-01,2016-09-30,-1
2018-01-26,88600,2018-03-31,3,69282000000,-0.018,,,,,3085000000,-0.284,2880000000,-0.311,,1920000000,,53.47,53.40,,,,,130158000000,32780000000,0.252,,32738000000,,,,,,,,,,,,true,false,9,2017-04-01,2017-12-31,0
2018-01-26,88600,2017-03-31,3,70565000000,0.107,,,,,4308000000,0.260,4180000000,0.260,,2833000000,,79.09,79.06,,,,,,,,,,,,,,,,,,,,,true,false,9,2016-04-01,2016-12-31,-1
2018-01-26,88600,2018-03-31,3,106000000000,0.067,,,,,6600000000,0.106,6300000000,0.101,,4250000000,,118.23,,,,,,,,,,,,,,,,,,,,,,true,true,12,2017-04-01,2018-03-31,0
2018-01-26,88600,2017-03-31,3,,,,,,,,,,,,,,,,,,,,114872000000,31740000000,0.276,,31722000000,,,,,,,,,,,,true,false,12,2016-04-01,2017-03-31,-1
2018-01-26,88600,2017-03-31,3,,,,,,,,,,,,,,,,,,,,,,,,,,,,,26.00,,,,36849912,954358,,false,false,12,2016-04-01,2017-03-31,-1
2018-01-26,88600,2018-03-31,3,,,,,,,,,,,,,,,,,,,,,,,,,,,,,14.00,,,,,,,false,false,12,2017-04-01,2018-03-31,0
2018-01-26,88600,2018-03-31,3,,,,,,,,,,,,,,,,,,,,,,,,,,,,,27.00,,,,,,,false,true,12,2017-04-01,2018-03-31,0
2018-01-26,88600,2018-03-31,3,,,,,,,,,,,,,,,,,,,,,,,,,,,,,,,,,36849912,904358,35921954,false,false,9,2017-04-01,2017-12-31,0
2018-01-26,88600,2017-03-31,3,,,,,,,,,,,,,,,,,,,,,,,,,,,,,,,,,,,35831154,false,false,9,2016-04-01,2016-12-31,-1
2018-04-27,88600,2018-03-31,,103880000000,0.045,,,,,6438000000,0.079,6139000000,0.073,,4168000000,,116.08,115.86,0.125,0.049,0.062,,135563000000,34852000000,0.257,972.56,34804000000,-11149000000,-7384000000,16749000000,10486000000,,0.233,,,,,,true,false,12,2017-04-01,2018-03-31,0
2018-04-27,88600,2017-03-31,,99359000000,0.095,,,,,5969000000,0.097,5721000000,0.080,,3945000000,,110.06,110.04,0.131,0.054,0.060,,114872000000,31740000000,0.276,883.73,31722000000,-3123000000,-5977000000,12650000000,12271000000,,0.236,,,,,,true,false,12,2016-04-01,2017-03-31,-1
2018-04-27,88600,2019-03-31,,50100000000,0.026,,,,,2700000000,0.105,2600000000,0.137,,1700000000,,47.50,,,,,,,,,,,,,,,,,,,,,,true,true,6,2018-04-01,2018-09-30,1
2018-04-27,88600,2019-03-31,,108000000000,0.040,,,,,6700000000,0.041,6500000000,0.059,,4350000000,,121.55,,,,,,,,,,,,,,,,0.222,,,,,,true,true,12,2018-04-01,2019-03-31,1
2018-04-27,88600,2018-03-31,,90925000000,0.054,,,,,5729000000,0.130,5420000000,0.126,3682000000,,0.107,102.54,102.35,,,,,124756000000,31140000000,0.249,868.83,31092000000,,,,,27.00,,,,36849912,1063258,35907024,false,false,12,2017-04-01,2018-03-31,0
2018-04-27,88600,2017-03-31,,86258000000,0.090,,,,,5070000000,0.086,4814000000,0.061,3326000000,,0.106,92.79,92.76,,,,,107290000000,28514000000,0.266,793.86,28496000000,,,,,26.00,,,,36849912,954358,35846016,false,false,12,2016-04-01,2017-03-31,-1
2018-04-27,88600,2019-03-31,,42350000000,0.002,,,,,2200000000,0.073,2020000000,0.054,1420000000,,0.097,39.68,,,,,,,,,,,,,,,,,,,,,,false,true,6,2018-04-01,2018-09-30,1
2018-04-27,88600,2019-03-31,,91800000000,0.010,,,,,5400000000,-0.057,5100000000,-0.059,3400000000,,-0.077,95.01,,,,,,,,,,,,,,,27.00,,,,,,,false,true,12,2018-04-01,2019-03-31,1
2018-07-27,88600,2019-03-31,1,26799000000,-0.015,,,,,1373000000,-0.245,1429000000,-0.172,,953000000,,26.62,26.49,,,,,140195000000,35415000000,0.252,,35355000000,,,,,,,,,,,,true,false,3,2018-04-01,2018-06-30,0
2018-07-27,88600,2018-03-31,1,27214000000,0.184,,,,,1820000000,0.284,1726000000,0.219,,1174000000,,32.71,32.69,,,,,,,,,,,,,,,,,,,,,true,false,3,2017-04-01,2017-06-30,-1
2018-07-27,88600,2019-03-31,1,50100000000,0.026,,,,,2700000000,0.105,2600000000,0.137,,1700000000,,47.45,,,,,,,,,,,,,,,,,,,,,,true,true,6,2018-04-01,2018-09-30,0
2018-07-27,88600,2019-03-31,1,108000000000,0.040,,,,,6700000000,0.041,6500000000,0.059,,4350000000,,121.40,,,,,,,,,,,,,,,,,,,,,,true,true,12,2018-04-01,2019-03-31,0
2018-07-27,88600,2018-03-31,1,,,,,,,,,,,,,,,,,,,,135563000000,34852000000,0.257,,34804000000,,,,,,,,,,,,true,false,12,2017-04-01,2018-03-31,-1
2018-07-27,88600,2018-03-31,1,,,,,,,,,,,,,,,,,,,,,,,,,,,,,27.00,,,,36849912,1063258,,false,false,12,2017-04-01,2018-03-31,-1
2018-07-27,88600,2019-03-31,1,,,,,,,,,,,,,,,,,,,,,,,,,,,,,27.00,,,,,,,false,true,12,2018-04-01,2019-03-31,0
2018-07-27,88600,2019-03-31,1,,,,,,,,,,,,,,,,,,,,,,,,,,,,,,,,,36849912,1019258,35808654,false,false,3,2018-04-01,2018-06-30,0
2018-07-27,88600,2018-03-31,1,,,,,,,,,,,,,,,,,,,,,,,,,,,,,,,,,,,35896304,false,false,3,2017-04-01,2017-06-30,-1
2018-10-29,88600,2019-03-31,2,53437000000,0.094,,,,,2599000000,0.063,2564000000,0.122,,1707000000,,47.63,47.43,,,,,143297000000,36262000000,0.253,,36208000000,,,,,,,,,,,,true,false,6,2018-04-01,2018-09-30,0
2018-10-29,88600,2018-03-31,2,48831000000,0.020,,,,,2444000000,-0.256,2285000000,-0.286,,1538000000,,42.84,42.81,,,,,,,,,,,,,,,,,,,,,true,false,6,2017-04-01,2017-09-30,-1
2018-10-29,88600,2019-03-31,2,110000000000,0.059,,,,,6700000000,0.041,6500000000,0.059,,4350000000,,121.06,,,,,,,,,,,,,,,,,,,,,,true,true,12,2018-04-01,2019-03-31,0
2018-10-29,88600,2018-03-31,2,,,,,,,,,,,,,,,,,,,,135563000000,34852000000,0.257,,34804000000,,,,,,,,,,,,true,false,12,2017-04-01,2018-03-31,-1
2018-10-29,88600,2018-03-31,2,,,,,,,,,,,,,,,,,,,,,,,,,,,,,27.00,,,,36849912,1063258,,false,false,12,2017-04-01,2018-03-31,-1
2018-10-29,88600,2019-03-31,2,,,,,,,,,,,,,,,,,,,,,,,,,,,,,14.00,,,,,,,false,false,12,2018-04-01,2019-03-31,0
2018-10-29,88600,2019-03-31,2,,,,,,,,,,,,,,,,,,,,,,,,,,,,,27.00,,,,,,,false,true,12,2018-04-01,2019-03-31,0
2018-10-29,88600,2019-03-31,2,,,,,,,,,,,,,,,,,,,,,,,,,,,,,,,,,36849912,917938,35841187,false,false,6,2018-04-01,2018-09-30,0
2018-10-29,88600,2018-03-31,2,,,,,,,,,,,,,,,,,,,,,,,,,,,,,,,,,,,35911840,false,false,6,2017-04-01,2017-09-30,-1
2019-01-29,88600,2019-03-31,3,79883000000,0.153,,,,,3900000000,0.264,3754000000,0.303,,2455000000,,68.55,68.29,,,,,139073000000,36186000000,0.260,,36138000000,,,,,,,,,,,,true,false,9,2018-04-01,2018-12-31,0
2019-01-29,88600,2018-03-31,3,69282000000,-0.018,,,,,3085000000,-0.284,2880000000,-0.311,,1920000000,,53.47,53.40,,,,,,,,,,,,,,,,,,,,,true,false,9,2017-04-01,2017-12-31,-1
2019-01-29,88600,2019-03-31,3,110000000000,0.059,,,,,6700000000,0.041,6500000000,0.059,,4350000000,,122.19,,,,,,,,,,,,,,,,,,,,,,true,true,12,2018-04-01,2019-03-31,0
2019-01-29,88600,2018-03-31,3,,,,,,,,,,,,,,,,,,,,135563000000,34852000000,0.257,,34804000000,,,,,,,,,,,,true,false,12,2017-04-01,2018-03-31,-1
2019-01-29,88600,2018-03-31,3,,,,,,,,,,,,,,,,,,,,,,,,,,,,,27.00,,,,36849912,1063258,,false,false,12,2017-04-01,2018-03-31,-1
2019-01-29,88600,2019-03-31,3,,,,,,,,,,,,,,,,,,,,,,,,,,,,,14.00,,,,,,,false,false,12,2018-04-01,2019-03-31,0
2019-01-29,88600,2019-03-31,3,,,,,,,,,,,,,,,,,,,,,,,,,,,,,27.00,,,,,,,false,true,12,2018-04-01,2019-03-31,0
2019-01-29,88600,2019-03-31,3,,,,,,,,,,,,,,,,,,,,,,,,,,,,,,,,,36849912,1250640,35819493,false,false,9,2018-04-01,2018-12-31,0
2019-01-29,88600,2018-03-31,3,,,,,,,,,,,,,,,,,,,,,,,,,,,,,,,,,,,35921954,false,false,9,2017-04-01,2017-12-31,-1
2019-05-08,88600,2019-03-31,,115710000000,0.114,,,,,6636000000,0.031,6445000000,0.050,,4298000000,,120.40,119.99,0.119,0.046,0.057,,147465000000,37756000000,0.256,1068.69,37712000000,11962000000,-16749000000,6341000000,12041000000,,0.224,,,,,,true,false,12,2018-04-01,2019-03-31,0
2019-05-08,88600,2018-03-31,,103880000000,0.045,,,,,6438000000,0.079,6139000000,0.073,,4168000000,,116.08,115.86,0.125,0.049,0.062,,135563000000,34852000000,0.257,972.56,34804000000,-10606000000,-7928000000,16749000000,10486000000,,0.233,,,,,,true,false,12,2017-04-01,2018-03-31,-1
2019-05-08,88600,2020-03-31,,51000000000,-0.046,,,,,2400000000,-0.077,2300000000,-0.103,,1500000000,,42.51,,,,,,,,,,,,,,,,,,,,,,true,true,6,2019-04-01,2019-09-30,1
2019-05-08,88600,2020-03-31,,107000000000,-0.075,,,,,5300000000,-0.201,5000000000,-0.224,,3300000000,,93.51,,,,,,,,,,,,,,,,0.289,,,,,,true,true,12,2019-04-01,2020-03-31,1
2019-05-08,88600,2019-03-31,,100813000000,0.109,,,,,5663000000,-0.011,5348000000,-0.013,3573000000,,-0.029,100.10,99.76,,,,,134164000000,33319000000,0.248,942.95,33275000000,,,,,27.00,,,,36849912,1561440,35702604,false,false,12,2018-04-01,2019-03-31,0
2019-05-08,88600,2018-03-31,,90925000000,0.054,,,,,5729000000,0.130,5420000000,0.126,3682000000,,0.107,102.54,102.35,,,,,124756000000,31140000000,0.249,868.83,31092000000,,,,,27.00,,,,36849912,1063258,35907024,false,false,12,2017-04-01,2018-03-31,-1
2019-05-08,88600,2020-03-31,,42700000000,-0.073,,,,,1800000000,-0.155,1600000000,-0.198,1050000000,,-0.206,29.75,,,,,,,,,,,,,,,,,,,,,,false,true,6,2019-04-01,2019-09-30,1
2019-05-08,88600,2020-03-31,,91000000000,-0.097,,,,,4200000000,-0.258,3800000000,-0.290,2500000000,,-0.300,70.84,,,,,,,,,,,,,,,27.00,,,,,,,false,true,12,2019-04-01,2020-03-31,1
2019-07-29,88600,2020-03-31,1,23906000000,-0.108,,,,,988000000,-0.280,947000000,-0.337,,627000000,,17.78,17.76,,,,,152437000000,37863000000,0.248,,37820000000,,,,,,,,,,,,true,false,3,2019-04-01,2019-06-30,0
2019-07-29,88600,2019-03-31,1,26799000000,-0.015,,,,,1373000000,-0.245,1429000000,-0.172,,953000000,,26.62,26.49,,,,,,,,,,,,,,,,,,,,,true,false,3,2018-04-01,2018-06-30,-1
2019-07-29,88600,2020-03-31,1,51000000000,-0.046,,,,,2400000000,-0.077,2300000000,-0.103,,1500000000,,42.51,,,,,,,,,,,,,,,,,,,,,,true,true,6,2019-04-01,2019-09-30,0
2019-07-29,88600,2020-03-31,1,107000000000,-0.075,,,,,5300000000,-0.201,5000000000,-0.224,,3300000000,,93.51,,,,,,,,,,,,,,,,,,,,,,true,true,12,2019-04-01,2020-03-31,0
2019-07-29,88600,2019-03-31,1,,,,,,,,,,,,,,,,,,,,147465000000,37756000000,0.256,,37712000000,,,,,,,,,,,,true,false,12,2018-04-01,2019-03-31,-1
2019-07-29,88600,2019-03-31,1,,,,,,,,,,,,,,,,,,,,,,,,,,,,,27.00,,,,36849912,1561440,,false,false,12,2018-04-01,2019-03-31,-1
2019-07-29,88600,2020-03-31,1,,,,,,,,,,,,,,,,,,,,,,,,,,,,,27.00,,,,,,,false,true,12,2019-04-01,2020-03-31,0
2019-07-29,88600,2020-03-31,1,,,,,,,,,,,,,,,,,,,,,,,,,,,,,,,,,36849912,1560440,35288722,false,false,3,2019-04-01,2019-06-30,0
2019-07-29,88600,2019-03-31,1,,,,,,,,,,,,,,,,,,,,,,,,,,,,,,,,,,,35808654,false,false,3,2018-04-01,2018-06-30,-1
2019-10-29,88600,2020-03-31,2,51136000000,-0.043,,,,,2148000000,-0.173,1999000000,-0.220,,1287000000,,36.47,36.41,,,,,162678000000,38679000000,0.237,,38595000000,,,,,,,,,,,,true,false,6,2019-04-01,2019-09-30,0
2019-10-29,88600,2019-03-31,2,53437000000,0.094,,,,,2599000000,0.063,2564000000,0.122,,1707000000,,47.63,47.43,,,,,,,,,,,,,,,,,,,,,true,false,6,2018-04-01,2018-09-30,-1
2019-10-29,88600,2020-03-31,2,107000000000,-0.075,,,,,5300000000,-0.201,5000000000,-0.224,,3300000000,,93.33,,,,,,,,,,,,,,,,,,,,,,true,true,12,2019-04-01,2020-03-31,0
2019-10-29,88600,2019-03-31,2,,,,,,,,,,,,,,,,,,,,147465000000,37756000000,0.256,,37712000000,,,,,,,,,,,,true,false,12,2018-04-01,2019-03-31,-1
2019-10-29,88600,2019-03-31,2,,,,,,,,,,,,,,,,,,,,,,,,,,,,,27.00,,,,36849912,1561440,,false,false,12,2018-04-01,2019-03-31,-1
2019-10-29,88600,2020-03-31,2,,,,,,,,,,,,,,,,,,,,,,,,,,,,,14.00,,,,,,,false,false,12,2019-04-01,2020-03-31,0
2019-10-29,88600,2020-03-31,2,,,,,,,,,,,,,,,,,,,,,,,,,,,,,27.00,,,,,,,false,true,12,2019-04-01,2020-03-31,0
2019-10-29,88600,2020-03-31,2,,,,,,,,,,,,,,,,,,,,,,,,,,,,,,,,,36849912,1492440,35307187,false,false,6,2019-04-01,2019-09-30,0
2019-10-29,88600,2019-03-31,2,,,,,,,,,,,,,,,,,,,,,,,,,,,,,,,,,,,35841187,false,false,6,2018-04-01,2018-09-30,-1
2020-01-28,88600,2020-03-31,3,77320000000,-0.032,,,,,3224000000,-0.174,2987000000,-0.204,,1980000000,,56.08,56.00,,,,,162002000000,38881000000,0.240,,38809000000,,,,,,,,,,,,true,false,9,2019-04-01,2019-12-31,0
2020-01-28,88600,2019-03-31,3,79883000000,0.153,,,,,3900000000,0.264,3754000000,0.303,,2455000000,,68.55,68.29,,,,,,,,,,,,,,,,,,,,,true,false,9,2018-04-01,2018-12-31,-1
2020-01-28,88600,2020-03-31,3,107000000000,-0.075,,,,,5300000000,-0.201,5000000000,-0.224,,3300000000,,93.29,,,,,,,,,,,,,,,,,,,,,,true,true,12,2019-04-01,2020-03-31,0
2020-01-28,88600,2019-03-31,3,,,,,,,,,,,,,,,,,,,,147465000000,37756000000,0.256,,37712000000,,,,,,,,,,,,true,false,12,2018-04-01,2019-03-31,-1
2020-01-28,88600,2019-03-31,3,,,,,,,,,,,,,,,,,,,,,,,,,,,,,27.00,,,,36849912,1561440,,false,false,12,2018-04-01,2019-03-31,-1
2020-01-28,88600,2020-03-31,3,,,,,,,,,,,,,,,,,,,,,,,,,,,,,14.00,,,,,,,false,false,12,2019-04-01,2020-03-31,0
2020-01-28,88600,2020-03-31,3,,,,,,,,,,,,,,,,,,,,,,,,,,,,,27.00,,,,,,,false,true,12,2019-04-01,2020-03-31,0
2020-01-28,88600,2020-03-31,3,,,,,,,,,,,,,,,,,,,,,,,,,,,,,,,,,36849912,1477440,35325272,false,false,9,2019-04-01,2019-12-31,0
2020-01-28,88600,2019-03-31,3,,,,,,,,,,,,,,,,,,,,,,,,,,,,,,,,,,,35819493,false,false,9,2018-04-01,2018-12-31,-1
2020-05-08,88600,2020-03-31,,110444000000,-0.046,,,,,5002000000,-0.246,4611000000,-0.284,,3088000000,,87.40,87.31,0.080,0.030,0.045,,162435000000,39927000000,0.246,1126.40,39885000000,-1650000000,-6021000000,10187000000,14557000000,,0.309,,,,,,true,false,12,2019-04-01,2020-03-31,0
2020-05-08,88600,2019-03-31,,115710000000,0.114,,,,,6636000000,0.031,6445000000,0.050,,4298000000,,120.40,119.99,0.119,0.046,0.057,,147465000000,37756000000,0.256,1068.69,37712000000,11962000000,-16749000000,6341000000,12041000000,,0.224,,,,,,true,false,12,2018-04-01,2019-03-31,-1
2020-05-08,88600,2020-03-31,,93207000000,-0.075,,,,,3330000000,-0.412,2859000000,-0.465,1987000000,,-0.444,56.23,56.17,,,,,145079000000,34388000000,0.237,969.98,34346000000,,,,,27.00,,,,36849912,1440530,35342682,false,false,12,2019-04-01,2020-03-31,0
2020-05-08,88600,2019-03-31,,100813000000,0.109,,,,,5663000000,-0.011,5348000000,-0.013,3573000000,,-0.029,100.10,99.76,,,,,134164000000,33319000000,0.248,942.95,33275000000,,,,,27.00,,,,36849912,1561440,35702604,false,false,12,2018-04-01,2019-03-31,-1
2020-08-04,88600,2021-03-31,1,23522000000,-0.016,,,,,390000000,-0.605,277000000,-0.707,,109000000,,3.07,,,,,,167388000000,39697000000,0.237,,39655000000,,,,,,,,,,,,true,false,3,2020-04-01,2020-06-30,0
2020-08-04,88600,2020-03-31,1,23906000000,-0.108,,,,,988000000,-0.280,947000000,-0.337,,627000000,,17.78,17.76,,,,,,,,,,,,,,,,,,,,,true,false,3,2019-04-01,2019-06-30,-1
2020-08-04,88600,2021-03-31,1,119000000000,0.077,,,,,2500000000,-0.500,2000000000,-0.566,,1300000000,,36.49,,,,,,,,,,,,,,,,,,,,,,true,true,12,2020-04-01,2021-03-31,0
2020-08-04,88600,2020-03-31,1,,,,,,,,,,,,,,,,,,,,162435000000,39927000000,0.246,,39885000000,,,,,,,,,,,,true,false,12,2019-04-01,2020-03-31,-1
2020-08-04,88600,2020-03-31,1,,,,,,,,,,,,,,,,,,,,,,,,,,,,,27.00,,,,36849912,1440530,,false,false,12,2019-04-01,2020-03-31,-1
2020-08-04,88600,2021-03-31,1,,,,,,,,,,,,,,,,,,,,,,,,,,,,,27.00,,,,,,,false,true,12,2020-04-01,2021-03-31,0
2020-08-04,88600,2021-03-31,1,,,,,,,,,,,,,,,,,,,,,,,,,,,,,,,,,36849912,1222030,35639007,false,false,3,2020-04-01,2020-06-30,0
2020-08-04,88600,2020-03-31,1,,,,,,,,,,,,,,,,,,,,,,,,,,,,,,,,,,,35288722,false,false,3,2019-04-01,2019-06-30,-1
2020-07-22,88600,2021-03-31,,119000000000,,,,,,2500000000,,2000000000,,1300000000,,,36.49,,,,,,,,,,,,,,,,,,,,,,true,true,12,2020-04-01,2021-03-31,0
2020-07-22,88600,2020-03-31,,110444000000,,,,,,5002000000,,4611000000,,3088000000,,,87.40,,,,,,,,,,,,,,,,,,,,,,true,false,12,2019-04-01,2020-03-31,-1
2020-07-22,88600,2021-03-31,,98000000000,,,,,,1000000000,,500000000,,300000000,,,8.42,,,,,,,,,,,,,,,27.00,,,,,,,false,true,12,2020-04-01,2021-03-31,0
2020-07-22,88600,2020-03-31,,93207000000,,,,,,3330000000,,2859000000,,1987000000,,,56.23,,,,,,,,,,,,,,,27.00,,,,,,,false,false,12,2019-04-01,2020-03-31,-1
2020-11-02,88600,2021-03-31,2,56553000000,0.106,,,,,2470000000,0.150,2258000000,0.130,,1474000000,,41.18,,,,,,162414000000,41050000000,0.253,,41046000000,,,,,,,,,,,,true,false,6,2020-04-01,2020-09-30,0
2020-11-02,88600,2020-03-31,2,51136000000,-0.043,,,,,2148000000,-0.173,1999000000,-0.220,,1287000000,,36.47,36.41,,,,,,,,,,,,,,,,,,,,,true,false,6,2019-04-01,2019-09-30,-1
2020-11-02,88600,2021-03-31,2,119000000000,0.077,,,,,2500000000,-0.500,2000000000,-0.566,,1300000000,,36.44,,,,,,,,,,,,,,,,,,,,,,true,true,12,2020-04-01,2021-03-31,0
2020-11-02,88600,2020-03-31,2,,,,,,,,,,,,,,,,,,,,162435000000,39927000000,0.246,,39885000000,,,,,,,,,,,,true,false,12,2019-04-01,2020-03-31,-1
2020-11-02,88600,2020-03-31,2,,,,,,,,,,,,,,,,,,,,,,,,,,,,,27.00,,,,36849912,1440530,,false,false,12,2019-04-01,2020-03-31,-1
2020-11-02,88600,2021-03-31,2,,,,,,,,,,,,,,,,,,,,,,,,,,,,,14.00,,,,,,,false,false,12,2020-04-01,2021-03-31,0
2020-11-02,88600,2021-03-31,2,,,,,,,,,,,,,,,,,,,,,,,,,,,,,27.00,,,,,,,false,true,12,2020-04-01,2021-03-31,0
2020-11-02,88600,2021-03-31,2,,,,,,,,,,,,,,,,,,,,,,,,,,,,,,,,,36849912,1172930,35794468,false,false,6,2020-04-01,2020-09-30,0
2020-11-02,88600,2020-03-31,2,,,,,,,,,,,,,,,,,,,,,,,,,,,,,,,,,,,35307187,false,false,6,2019-04-01,2019-09-30,-1
2021-02-03,88600,2021-03-31,3,88210000000,0.141,,,,,4007000000,0.243,3745000000,0.254,,2448000000,,68.48,,,,,,155741000000,41520000000,0.267,,41517000000,,,,,,,,,,,,true,false,9,2020-04-01,2020-12-31,0
2021-02-03,88600,2020-03-31,3,77320000000,-0.032,,,,,3224000000,-0.174,2987000000,-0.204,,1980000000,,56.08,56.00,,,,,,,,,,,,,,,,,,,,,true,false,9,2019-04-01,2019-12-31,-1
2021-02-03,88600,2021-03-31,3,119000000000,0.077,,,,,2500000000,-0.500,2000000000,-0.566,,1300000000,,36.44,,,,,,,,,,,,,,,,,,,,,,true,true,12,2020-04-01,2021-03-31,0
2021-02-03,88600,2020-03-31,3,,,,,,,,,,,,,,,,,,,,162435000000,39927000000,0.246,,39885000000,,,,,,,,,,,,true,false,12,2019-04-01,2020-03-31,-1
2021-02-03,88600,2020-03-31,3,,,,,,,,,,,,,,,,,,,,,,,,,,,,,27.00,,,,36849912,1440530,,false,false,12,2019-04-01,2020-03-31,-1
2021-02-03,88600,2021-03-31,3,,,,,,,,,,,,,,,,,,,,,,,,,,,,,14.00,,,,,,,false,false,12,2020-04-01,2021-03-31,0
2021-02-03,88600,2021-03-31,3,,,,,,,,,,,,,,,,,,,,,,,,,,,,,27.00,,,,,,,false,true,12,2020-04-01,2021-03-31,0
2021-02-03,88600,2021-03-31,3,,,,,,,,,,,,,,,,,,,,,,,,,,,,,,,,,36849912,1172979,35759218,false,false,9,2020-04-01,2020-12-31,0
2021-02-03,88600,2020-03-31,3,,,,,,,,,,,,,,,,,,,,,,,,,,,,,,,,,,,35325272,false,false,9,2019-04-01,2019-12-31,-1
2021-04-23,88600,2021-03-31,,121500000000,0.021,,,,,3980000000,0.592,3550000000,0.775,2350000000,,0.808,65.87,,,,,,,,,,,,,,,,,,,,,,true,true,12,2020-04-01,2021-03-31,0
2021-04-23,88600,2020-03-31,,110444000000,,,,,,5002000000,,4611000000,,3088000000,,,87.40,,,,,,,,,,,,,,,,,,,,,,true,false,12,2019-04-01,2020-03-31,-1
2021-04-23,88600,2021-03-31,,100500000000,0.026,,,,,2050000000,1.050,1550000000,2.100,1080000000,,2.600,30.27,,,,,,,,,,,,,,,,,,,,,,false,true,12,2020-04-01,2021-03-31,0
2021-04-23,88600,2020-03-31,,93207000000,,,,,,3330000000,,2859000000,,1987000000,,,56.23,,,,,,,,,,,,,,,,,,,,,,false,false,12,2019-04-01,2020-03-31,-1
2021-05-07,88600,2021-03-31,,121541000000,0.100,,,,,3986000000,-0.203,3558000000,-0.229,,2358000000,,66.00,,0.058,0.023,0.033,,147594000000,41492000000,0.281,1162.92,41489000000,28231000000,-5129000000,-17503000000,20156000000,,0.409,,,,,,true,false,12,2020-04-01,2021-03-31,0
2021-05-07,88600,2020-03-31,,110444000000,-0.046,,,,,5002000000,-0.246,4611000000,-0.284,,3088000000,,87.40,87.31,0.080,0.030,0.045,,162435000000,39927000000,0.246,1126.40,39885000000,-1650000000,-6021000000,10187000000,14557000000,,0.309,,,,,,true,false,12,2019-04-01,2020-03-31,-1
2021-05-07,88600,2022-03-31,,55000000000,-0.027,,,,,2300000000,-0.069,2000000000,-0.115,,1400000000,,39.24,,,,,,,,,,,,,,,,,,,,,,true,true,6,2021-04-01,2021-09-30,1
2021-05-07,88600,2022-03-31,,121400000000,-0.001,,,,,5000000000,0.254,4600000000,0.293,,3100000000,,86.89,,,,,,,,,,,,,,,,0.311,,,,,,true,true,12,2021-04-01,2022-03-31,1
2021-05-07,88600,2021-03-31,,100255000000,0.076,,,,,2002000000,-0.399,1505000000,-0.474,1050000000,,-0.471,29.40,,,,,,128613000000,34645000000,0.269,971.01,34642000000,,,,,27.00,,,,36849912,1173069,35740215,false,false,12,2020-04-01,2021-03-31,0
2021-05-07,88600,2020-03-31,,93207000000,-0.075,,,,,3330000000,-0.412,2859000000,-0.465,1987000000,,-0.444,56.23,56.17,,,,,145079000000,34388000000,0.237,969.98,34346000000,,,,,27.00,,,,36849912,1440530,35342682,false,false,12,2019-04-01,2020-03-31,-1
2021-05-07,88600,2022-03-31,,44000000000,-0.040,,,,,1400000000,-0.121,1100000000,-0.192,900000000,,0.001,25.23,,,,,,,,,,,,,,,,,,,,,,false,true,6,2021-04-01,2021-09-30,1
2021-05-07,88600,2022-03-31,,100000000000,-0.003,,,,,3100000000,0.548,2600000000,0.728,1900000000,,0.808,53.26,,,,,,,,,,,,,,,27.00,,,,,,,false,true,12,2021-04-01,2022-03-31,1
2021-08-06,88600,2022-03-31,1,26798000000,0.139,,,,,1629000000,3.175,1555000000,4.610,,1101000000,,30.80,,,,,,149148000000,42078000000,0.282,,42075000000,,,,,,,,,,,,true,false,3,2021-04-01,2021-06-30,0
2021-08-06,88600,2021-03-31,1,23522000000,-0.016,,,,,390000000,-0.605,277000000,-0.707,,109000000,,3.07,,,,,,,,,,,,,,,,,,,,,,true,false,3,2020-04-01,2020-06-30,-1
2021-08-06,88600,2022-03-31,1,55000000000,-0.027,,,,,2300000000,-0.069,2000000000,-0.115,,1400000000,,38.92,,,,,,,,,,,,,,,,,,,,,,true,true,6,2021-04-01,2021-09-30,0
2021-08-06,88600,2022-03-31,1,121400000000,-0.001,,,,,5000000000,0.254,4600000000,0.293,,3100000000,,86.17,,,,,,,,,,,,,,,,,,,,,,true,true,12,2021-04-01,2022-03-31,0
2021-08-06,88600,2021-03-31,1,,,,,,,,,,,,,,,,,,,,147594000000,41492000000,0.281,,41489000000,,,,,,,,,,,,true,false,12,2020-04-01,2021-03-31,-1
2021-08-06,88600,2021-03-31,1,,,,,,,,,,,,,,,,,,,,,,,,,,,,,27.00,,,,36849912,1173069,,false,false,12,2020-04-01,2021-03-31,-1
2021-08-06,88600,2022-03-31,1,,,,,,,,,,,,,,,,,,,,,,,,,,,,,27.00,,,,,,,false,true,12,2021-04-01,2022-03-31,0
2021-08-06,88600,2022-03-31,1,,,,,,,,,,,,,,,,,,,,,,,,,,,,,,,,,36849912,876369,35751018,false,false,3,2021-04-01,2021-06-30,0
2021-08-06,88600,2021-03-31,1,,,,,,,,,,,,,,,,,,,,,,,,,,,,,,,,,,,35639007,false,false,3,2020-04-01,2020-06-30,-1
2021-09-14,88600,2022-03-31,,56000000000,0.018,,,,,3400000000,0.478,3100000000,0.550,2200000000,,0.571,61.14,,,,,,,,,,,,,,,,,,,,,,true,true,6,2021-04-01,2021-09-30,0
2021-09-14,88600,2021-03-31,,56553000000,,,,,,2470000000,,2258000000,,1474000000,,,41.18,,,,,,,,,,,,,,,,,,,,,,true,false,6,2020-04-01,2020-09-30,-1
2021-09-14,88600,2022-03-31,,45500000000,0.034,,,,,2400000000,0.714,2100000000,0.909,1500000000,,0.667,41.68,,,,,,,,,,,,,,,,,,,,,,false,true,6,2021-04-01,2021-09-30,0
2021-09-14,88600,2021-03-31,,45819000000,,,,,,1592000000,,1361000000,,899000000,,,25.12,,,,,,,,,,,,,,,,,,,,,,false,false,6,2020-04-01,2020-09-30,-1
2021-11-09,8860,2022-03-31,2,56434000000,-0.002,,,,,3534000000,0.431,3354000000,0.485,,2331000000,,64.96,,,,,,150682000000,43351000000,0.288,,43348000000,,,,,,,,,,,,true,false,6,2021-04-01,2021-09-30,0
2021-11-09,8860,2021-03-31,2,56553000000,0.106,,,,,2470000000,0.150,2258000000,0.130,,1474000000,,41.18,,,,,,,,,,,,,,,,,,,,,,true,false,6,2020-04-01,2020-09-30,-1
2021-11-09,8860,2022-03-31,2,121400000000,-0.001,,,,,5000000000,0.254,4600000000,0.293,,3100000000,,86.15,,,,,,,,,,,,,,,,,,,,,,true,true,12,2021-04-01,2022-03-31,0
2021-11-09,8860,2021-03-31,2,,,,,,,,,,,,,,,,,,,,147594000000,41492000000,0.281,,41489000000,,,,,,,,,,,,true,false,12,2020-04-01,2021-03-31,-1
2021-11-09,8860,2021-03-31,2,,,,,,,,,,,,,,,,,,,,,,,,,,,,,27.00,,,,36849912,1173069,,false,false,12,2020-04-01,2021-03-31,-1
2021-11-09,8860,2022-03-31,2,,,,,,,,,,,,,,,,,,,,,,,,,,,,,14.00,,,,,,,false,false,12,2021-04-01,2022-03-31,0
2021-11-09,8860,2022-03-31,2,,,,,,,,,,,,,,,,,,,,,,,,,,,,,27.00,,,,,,,false,true,12,2021-04-01,2022-03-31,0
2021-11-09,8860,2022-03-31,2,,,,,,,,,,,,,,,,,,,,,,,,,,,,,,,,,36849912,864369,35892243,false,false,6,2021-04-01,2021-09-30,0
2021-11-09,8860,2021-03-31,2,,,,,,,,,,,,,,,,,,,,,,,,,,,,,,,,,,,35794468,false,false,6,2020-04-01,2020-09-30,-1
2022-02-08,8860,2022-03-31,3,81800000000,-0.073,,,,,4579000000,0.143,4379000000,0.169,,3038000000,,84.59,,,,,,157431000000,43515000000,0.276,,43512000000,,,,,,,,,,,,true,false,9,2021-04-01,2021-12-31,0
2022-02-08,8860,2021-03-31,3,88210000000,0.141,,,,,4007000000,0.243,3745000000,0.254,,2448000000,,68.48,,,,,,,,,,,,,,,,,,,,,,true,false,9,2020-04-01,2020-12-31,-1
2022-02-08,8860,2022-03-31,3,119000000000,-0.021,,,,,5400000000,0.354,5000000000,0.405,,3400000000,,94.48,,,,,,,,,,,,,,,,,,,,,,true,true,12,2021-04-01,2022-03-31,0
2022-02-08,8860,2021-03-31,3,,,,,,,,,,,,,,,,,,,,147594000000,41492000000,0.281,,41489000000,,,,,,,,,,,,true,false,12,2020-04-01,2021-03-31,-1
2022-02-08,8860,2021-03-31,3,,,,,,,,,,,,,,,,,,,,,,,,,,,,,27.00,,,,36849912,1173069,,false,false,12,2020-04-01,2021-03-31,-1
2022-02-08,8860,2022-03-31,3,,,,,,,,,,,,,,,,,,,,,,,,,,,,,14.00,,,,,,,false,false,12,2021-04-01,2022-03-31,0
2022-02-08,8860,2022-03-31,3,,,,,,,,,,,,,,,,,,,,,,,,,,,,,27.00,,,,,,,false,true,12,2021-04-01,2022-03-31,0
2022-02-08,8860,2022-03-31,3,,,,,,,,,,,,,,,,,,,,,,,,,,,,,,,,,36849912,864369,35920233,false,false,9,2021-04-01,2021-12-31,0
2022-02-08,8860,2021-03-31,3,,,,,,,,,,,,,,,,,,,,,,,,,,,,,,,,,,,35759218,false,false,9,2020-04-01,2020-12-31,-1
2022-02-08,88600,2022-03-31,,119000000000,-0.020,,,,,5400000000,0.080,5000000000,0.087,3400000000,,0.097,94.48,,,,,,,,,,,,,,,,,,,,,,true,true,12,2021-04-01,2022-03-31,0
2022-02-08,88600,2021-03-31,,121541000000,,,,,,3986000000,,3558000000,,2358000000,,,66.00,,,,,,,,,,,,,,,,,,,,,,true,false,12,2020-04-01,2021-03-31,-1
2022-02-08,88600,2022-03-31,,97700000000,-0.023,,,,,3500000000,0.129,3000000000,0.154,2100000000,,0.105,58.36,,,,,,,,,,,,,,,,,,,,,,false,true,12,2021-04-01,2022-03-31,0
2022-02-08,88600,2021-03-31,,100255000000,,,,,,2002000000,,1505000000,,1050000000,,,29.40,,,,,,,,,,,,,,,,,,,,,,false,false,12,2020-04-01,2021-03-31,-1
2022-05-10,8860,2022-03-31,,118698000000,-0.023,,,,,5871000000,0.473,5627000000,0.582,,3869000000,,107.68,,0.090,0.037,0.049,,153512000000,44349000000,0.289,1232.36,44347000000,6324000000,-6333000000,-518000000,19629000000,,0.251,,,,,,true,false,12,2021-04-01,2022-03-31,0
2022-05-10,8860,2021-03-31,,121541000000,0.100,,,,,3986000000,-0.203,3558000000,-0.229,,2358000000,,66.00,,0.058,0.023,0.033,,147594000000,41492000000,0.281,1162.92,41489000000,28040000000,-5129000000,-17311000000,20156000000,,0.409,,,,,,true,false,12,2020-04-01,2021-03-31,-1
2022-05-10,8860,2023-03-31,,52700000000,-0.066,,,,,2600000000,-0.264,2500000000,-0.255,,1600000000,,44.46,,,,,,,,,,,,,,,,,,,,,,true,true,6,2022-04-01,2022-09-30,1
2022-05-10,8860,2023-03-31,,110600000000,-0.068,,,,,6000000000,0.022,5700000000,0.013,,3800000000,,105.60,,,,,,,,,,,,,,,,0.286,,,,,,true,true,12,2022-04-01,2023-03-31,1
2022-05-10,8860,2022-03-31,,97145000000,-0.031,,,,,3918000000,0.957,3537000000,1.350,2606000000,,1.481,72.53,,,,,,129063000000,36379000000,0.282,1010.86,36376000000,,,,,27.00,,,,36849912,864369,35935305,false,false,12,2021-04-01,2022-03-31,0
2022-05-10,8860,2021-03-31,,100255000000,0.076,,,,,2002000000,-0.399,1505000000,-0.474,1050000000,,-0.471,29.40,,,,,,128613000000,34645000000,0.269,971.01,34642000000,,,,,27.00,,,,36849912,1173069,35740215,false,false,12,2020-04-01,2021-03-31,-1
2022-05-10,8860,2023-03-31,,41100000000,-0.103,,,,,1300000000,-0.495,1100000000,-0.541,800000000,,-0.537,22.23,,,,,,,,,,,,,,,,,,,,,,false,true,6,2022-04-01,2022-09-30,1
2022-05-10,8860,2023-03-31,,86900000000,-0.105,,,,,3300000000,-0.158,2900000000,-0.180,2000000000,,-0.233,55.58,,,,,,,,,,,,,,,27.00,,,,,,,false,true,12,2022-04-01,2023-03-31,1
2022-08-05,8860,2023-03-31,1,27654000000,0.032,,,,,1185000000,-0.273,1114000000,-0.283,,735000000,,20.48,,,,,,155574000000,44462000000,0.286,,44462000000,,,,,,,,,,,,true,false,3,2022-04-01,2022-06-30,0
2022-08-05,8860,2022-03-31,1,26798000000,0.139,,,,,1629000000,3.175,1555000000,4.610,,1101000000,,30.80,,,,,,,,,,,,,,,,,,,,,,true,false,3,2021-04-01,2021-06-30,-1
2022-08-05,8860,2023-03-31,1,52700000000,-0.066,,,,,2600000000,-0.264,2500000000,-0.255,,1600000000,,44.75,,,,,,,,,,,,,,,,,,,,,,true,true,6,2022-04-01,2022-09-30,0
2022-08-05,8860,2023-03-31,1,110600000000,-0.068,,,,,6000000000,0.022,5700000000,0.013,,3800000000,,106.27,,,,,,,,,,,,,,,,,,,,,,true,true,12,2022-04-01,2023-03-31,0
2022-08-05,8860,2022-03-31,1,,,,,,,,,,,,,,,,,,,,153512000000,44349000000,0.289,,44347000000,,,,,,,,,,,,true,false,12,2021-04-01,2022-03-31,-1
2022-08-05,8860,2022-03-31,1,,,,,,,,,,,,,,,,,,,,,,,,,,,,,27.00,,,,36849912,864369,,false,false,12,2021-04-01,2022-03-31,-1
2022-08-05,8860,2023-03-31,1,,,,,,,,,,,,,,,,,,,,,,,,,,,,,27.00,,,,,,,false,true,12,2022-04-01,2023-03-31,0
2022-08-05,8860,2023-03-31,1,,,,,,,,,,,,,,,,,,,,,,,,,,,,,,,,,36849912,1092869,35899293,false,false,3,2022-04-01,2022-06-30,0
2022-08-05,8860,2022-03-31,1,,,,,,,,,,,,,,,,,,,,,,,,,,,,,,,,,,,35751018,false,false,3,2021-04-01,2021-06-30,-1
2022-10-31,8860,2023-03-31,2,56212000000,-0.004,,,,,2934000000,-0.170,2782000000,-0.171,,1851000000,,51.67,,,,,,154957000000,45591000000,0.294,,45591000000,,,,,,,,,,,,true,false,6,2022-04-01,2022-09-30,0
2022-10-31,8860,2022-03-31,2,56434000000,-0.002,,,,,3534000000,0.431,3354000000,0.485,,2331000000,,64.96,,,,,,,,,,,,,,,,,,,,,,true,false,6,2021-04-01,2021-09-30,-1
2022-10-31,8860,2023-03-31,2,110600000000,-0.068,,,,,6000000000,0.022,5700000000,0.013,,3800000000,,106.29,,,,,,,,,,,,,,,,,,,,,,true,true,12,2022-04-01,2023-03-31,0
2022-10-31,8860,2022-03-31,2,,,,,,,,,,,,,,,,,,,,153512000000,44349000000,0.289,,44347000000,,,,,,,,,,,,true,false,12,2021-04-01,2022-03-31,-1
2022-10-31,8860,2022-03-31,2,,,,,,,,,,,,,,,,,,,,,,,,,,,,,27.00,,,,36849912,864369,,false,false,12,2021-04-01,2022-03-31,-1
2022-10-31,8860,2023-03-31,2,,,,,,,,,,,,,,,,,,,,,,,,,,,,,14.00,,,,,,,false,false,12,2022-04-01,2023-03-31,0
2022-10-31,8860,2023-03-31,2,,,,,,,,,,,,,,,,,,,,,,,,,,,,,27.00,,,,,,,false,true,12,2022-04-01,2023-03-31,0
2022-10-31,8860,2023-03-31,2,,,,,,,,,,,,,,,,,,,,,,,,,,,,,,,,,36849912,1097469,35836358,false,false,6,2022-04-01,2022-09-30,0
2022-10-31,8860,2022-03-31,2,,,,,,,,,,,,,,,,,,,,,,,,,,,,,,,,,,,35892243,false,false,6,2021-04-01,2021-09-30,-1
2023-01-31,8860,2023-03-31,3,86571000000,0.058,,,,,4733000000,0.034,4546000000,0.038,,3024000000,,84.46,,,,,,153614000000,46323000000,0.302,,46323000000,,,,,,,,,,,,true,false,9,2022-04-01,2022-12-31,0
2023-01-31,8860,2022-03-31,3,81800000000,-0.073,,,,,4579000000,0.143,4379000000,0.169,,3038000000,,84.59,,,,,,,,,,,,,,,,,,,,,,true,false,9,2021-04-01,2021-12-31,-1
2023-01-31,8860,2023-03-31,3,110600000000,-0.068,,,,,6000000000,0.022,5700000000,0.013,,3800000000,,106.29,,,,,,,,,,,,,,,,,,,,,,true,true,12,2022-04-01,2023-03-31,0
2023-01-31,8860,2022-03-31,3,,,,,,,,,,,,,,,,,,,,153512000000,44349000000,0.289,,44347000000,,,,,,,,,,,,true,false,12,2021-04-01,2022-03-31,-1
2023-01-31,8860,2022-03-31,3,,,,,,,,,,,,,,,,,,,,,,,,,,,,,27.00,,,,36849912,864369,,false,false,12,2021-04-01,2022-03-31,-1
2023-01-31,8860,2023-03-31,3,,,,,,,,,,,,,,,,,,,,,,,,,,,,,14.00,,,,,,,false,false,12,2022-04-01,2023-03-31,0
2023-01-31,8860,2023-03-31,3,,,,,,,,,,,,,,,,,,,,,,,,,,,,,27.00,,,,,,,false,true,12,2022-04-01,2023-03-31,0
2023-01-31,8860,2023-03-31,3,,,,,,,,,,,,,,,,,,,,,,,,,,,,,,,,,36849912,1097559,35811174,false,false,9,2022-04-01,2022-12-31,0
2023-01-31,8860,2022-03-31,3,,,,,,,,,,,,,,,,,,,,,,,,,,,,,,,,,,,35920233,false,false,9,2021-04-01,2021-12-31,-1
2023-05-02,8860,2023-03-31,,114473000000,-0.036,,,,,6091000000,0.037,5744000000,0.021,,3817000000,,106.65,,0.084,0.037,0.053,,154608000000,47083000000,0.305,1316.94,47083000000,8997000000,-6616000000,-1717000000,20292000000,,0.253,,,,,,true,false,12,2022-04-01,2023-03-31,0
2023-05-02,8860,2022-03-31,,118698000000,-0.023,,,,,5871000000,0.473,5627000000,0.582,,3869000000,,107.68,,0.090,0.037,0.049,,153512000000,44349000000,0.289,1232.36,44347000000,6324000000,-6333000000,-518000000,19629000000,,0.251,,,,,,true,false,12,2021-04-01,2022-03-31,-1
2023-05-02,8860,2024-03-31,,53200000000,-0.054,,,,,2600000000,-0.114,2400000000,-0.137,,1600000000,,44.75,,,,,,,,,,,,,,,,,,,,,,true,true,6,2023-04-01,2023-09-30,1
2023-05-02,8860,2024-03-31,,120000000000,0.048,,,,,6400000000,0.051,6000000000,0.045,,4000000000,,111.88,,,,,,,,,,,,,,,,0.241,,,,,,true,true,12,2023-04-01,2024-03-31,1
2023-05-02,8860,2023-03-31,,89801000000,-0.076,,,,,3463000000,-0.116,2994000000,-0.153,2035000000,,-0.219,56.88,,,,,,128323000000,37331000000,0.291,1044.16,37331000000,,,,,27.00,,,,36849912,1097559,35797600,false,false,12,2022-04-01,2023-03-31,0
2023-05-02,8860,2022-03-31,,97145000000,-0.031,,,,,3918000000,0.957,3537000000,1.350,2606000000,,1.481,72.53,,,,,,129063000000,36379000000,0.282,1010.86,36376000000,,,,,27.00,,,,36849912,864369,35935305,false,false,12,2021-04-01,2022-03-31,-1
2023-05-02,8860,2024-03-31,,40000000000,-0.094,,,,,1200000000,-0.281,1000000000,-0.332,700000000,,-0.314,19.58,,,,,,,,,,,,,,,,,,,,,,false,true,6,2023-04-01,2023-09-30,1
2023-05-02,8860,2024-03-31,,92900000000,0.035,,,,,3500000000,0.011,3000000000,0.002,2100000000,,0.031,58.74,,,,,,,,,,,,,,,27.00,,,,,,,false,true,12,2023-04-01,2024-03-31,1
2023-08-04,8860,2024-03-31,1,27115000000,-0.021,,,,,1404000000,0.143,1234000000,0.107,,824000000,,23.03,,,,,,159066000000,47608000000,0.299,,47608000000,,,,,,,,,,,,true,false,3,2023-04-01,2023-06-30,0
2023-08-04,8860,2023-03-31,1,27698000000,0.032,,,,,1228000000,-0.267,1114000000,-0.283,,735000000,,20.48,,,,,,,,,,,,,,,,,,,,,,true,false,3,2022-04-01,2022-06-30,-1
2023-08-04,8860,2024-03-31,1,53200000000,-0.056,,,,,2600000000,-0.149,2400000000,-0.137,,1600000000,,44.41,,,,,,,,,,,,,,,,,,,,,,true,true,6,2023-04-01,2023-09-30,0
2023-08-04,8860,2024-03-31,1,120000000000,0.046,,,,,6400000000,0.018,6000000000,0.045,,4000000000,,111.02,,,,,,,,,,,,,,,,,,,,,,true,true,12,2023-04-01,2024-03-31,0
2023-08-04,8860,2023-03-31,1,,,,,,,,,,,,,,,,,,,,154608000000,47083000000,0.305,,47083000000,,,,,,,,,,,,true,false,12,2022-04-01,2023-03-31,-1
2023-08-04,8860,2023-03-31,1,,,,,,,,,,,,,,,,,,,,,,,,,,,,,27.00,,,,36849912,1097559,,false,false,12,2022-04-01,2023-03-31,-1
2023-08-04,8860,2024-03-31,1,,,,,,,,,,,,,,,,,,,,,,,,,,,,,27.00,,,,,,,false,true,12,2023-04-01,2024-03-31,0
2023-08-04,8860,2024-03-31,1,,,,,,,,,,,,,,,,,,,,,,,,,,,,,,,,,36849912,821389,35821406,false,false,3,2023-04-01,2023-06-30,0
2023-08-04,8860,2023-03-31,1,,,,,,,,,,,,,,,,,,,,,,,,,,,,,,,,,,,35899293,false,false,3,2022-04-01,2022-06-30,-1
2023-10-31,8860,2024-03-31,2,52648000000,-0.065,,,,,2618000000,-0.143,2309000000,-0.170,,1536000000,,42.78,,,,,,162353000000,48390000000,0.298,,48390000000,,,,,,,,,,,,true,false,6,2023-04-01,2023-09-30,0
2023-10-31,8860,2023-03-31,2,56333000000,-0.003,,,,,3055000000,-0.157,2782000000,-0.171,,1851000000,,51.67,,,,,,,,,,,,,,,,,,,,,,true,false,6,2022-04-01,2022-09-30,-1
2023-10-31,8860,2024-03-31,2,120000000000,0.046,,,,,6400000000,0.018,6000000000,0.045,,4000000000,,110.89,,,,,,,,,,,,,,,,,,,,,,true,true,12,2023-04-01,2024-03-31,0
2023-10-31,8860,2023-03-31,2,,,,,,,,,,,,,,,,,,,,154608000000,47083000000,0.305,,47083000000,,,,,,,,,,,,true,false,12,2022-04-01,2023-03-31,-1
2023-10-31,8860,2023-03-31,2,,,,,,,,,,,,,,,,,,,,,,,,,,,,,27.00,,,,36849912,1097559,,false,false,12,2022-04-01,2023-03-31,-1
2023-10-31,8860,2024-03-31,2,,,,,,,,,,,,,,,,,,,,,,,,,,,,,14.00,,,,,,,false,false,12,2023-04-01,2024-03-31,0
2023-10-31,8860,2024-03-31,2,,,,,,,,,,,,,,,,,,,,,,,,,,,,,27.00,,,,,,,false,true,12,2023-04-01,2024-03-31,0
2023-10-31,8860,2024-03-31,2,,,,,,,,,,,,,,,,,,,,,,,,,,,,,,,,,36849912,776889,35916528,false,false,6,2023-04-01,2023-09-30,0
2023-10-31,8860,2023-03-31,2,,,,,,,,,,,,,,,,,,,,,,,,,,,,,,,,,,,35836358,false,false,6,2022-04-01,2022-09-30,-1
2024-02-02,8860,2024-03-31,3,84283000000,-0.028,,,,,4612000000,-0.057,4183000000,-0.080,,2790000000,,77.60,,,,,,167038000000,49131000000,0.294,,49131000000,,,,,,,,,,,,true,false,9,2023-04-01,2023-12-31,0
2024-02-02,8860,2023-03-31,3,86729000000,0.059,,,,,4891000000,0.038,4546000000,0.038,,3024000000,,84.46,,,,,,,,,,,,,,,,,,,,,,true,false,9,2022-04-01,2022-12-31,-1
2024-02-02,8860,2024-03-31,3,120000000000,0.046,,,,,6400000000,0.018,6000000000,0.045,,4000000000,,110.89,,,,,,,,,,,,,,,,,,,,,,true,true,12,2023-04-01,2024-03-31,0
2024-02-02,8860,2023-03-31,3,,,,,,,,,,,,,,,,,,,,154608000000,47083000000,0.305,,47083000000,,,,,,,,,,,,true,false,12,2022-04-01,2023-03-31,-1
2024-02-02,8860,2023-03-31,3,,,,,,,,,,,,,,,,,,,,,,,,,,,,,27.00,,,,36849912,1097559,,false,false,12,2022-04-01,2023-03-31,-1
2024-02-02,8860,2024-03-31,3,,,,,,,,,,,,,,,,,,,,,,,,,,,,,14.00,,,,,,,false,false,12,2023-04-01,2024-03-31,0
2024-02-02,8860,2024-03-31,3,,,,,,,,,,,,,,,,,,,,,,,,,,,,,27.00,,,,,,,false,true,12,2023-04-01,2024-03-31,0
2024-02-02,8860,2024-03-31,3,,,,,,,,,,,,,,,,,,,,,,,,,,,,,,,,,36849912,776889,35963476,false,false,9,2023-04-01,2023-12-31,0
2024-02-02,8860,2023-03-31,3,,,,,,,,,,,,,,,,,,,,,,,,,,,,,,,,,,,35811174,false,false,9,2022-04-01,2022-12-31,-1
2024-05-02,8860,2024-03-31,,120388000000,0.050,,,,,7264000000,0.156,6643000000,0.157,,4559000000,,126.69,,0.093,0.041,0.060,,168212000000,51004000000,0.303,1413.94,51004000000,5990000000,-8203000000,5672000000,23752000000,,0.237,,,,,,true,false,12,2023-04-01,2024-03-31,0
2024-05-02,8860,2023-03-31,,114669000000,-0.036,,,,,6286000000,0.037,5744000000,0.021,,3817000000,,106.65,,0.084,0.037,0.055,,154608000000,47083000000,0.305,1316.94,47083000000,8997000000,-6616000000,-1717000000,20292000000,,0.253,,,,,,true,false,12,2022-04-01,2023-03-31,-1
2024-05-02,8860,2025-03-31,,60800000000,0.155,,,,,3600000000,0.375,3200000000,0.386,,2200000000,,60.99,,,,,,,,,,,,,,,,,,,,,,true,true,6,2024-04-01,2024-09-30,1
2024-05-02,8860,2025-03-31,,123000000000,0.022,,,,,7400000000,0.019,6700000000,0.009,,4500000000,,124.75,,,,,,,,,,,,,,,,0.216,,,,,,true,true,12,2024-04-01,2025-03-31,1
2024-05-02,8860,2024-03-31,,93513000000,0.040,,,,,4225000000,0.182,3670000000,0.226,2614000000,,0.284,72.64,,,,,,138793000000,39307000000,0.283,1089.66,39307000000,,,,,30.00,,,,36849912,776889,35988757,false,false,12,2023-04-01,2024-03-31,0
2024-05-02,8860,2023-03-31,,89913000000,-0.075,,,,,3575000000,-0.112,2994000000,-0.153,2035000000,,-0.219,56.88,,,,,,128323000000,37331000000,0.291,1044.16,37331000000,,,,,27.00,,,,36849912,1097559,35797600,false,false,12,2022-04-01,2023-03-31,-1
2024-05-02,8860,2025-03-31,,46900000000,0.180,,,,,2200000000,0.764,1800000000,0.812,1200000000,,0.755,33.27,,,,,,,,,,,,,,,,,,,,,,false,true,6,2024-04-01,2024-09-30,1
2024-05-02,8860,2025-03-31,,94300000000,0.008,,,,,4300000000,0.018,3500000000,-0.046,2400000000,,-0.082,66.53,,,,,,,,,,,,,,,27.00,,,,,,,false,true,12,2024-04-01,2025-03-31,1
2024-07-31,8860,2025-03-31,1,30702000000,0.132,,,,,2247000000,0.600,2081000000,0.687,,1414000000,,39.11,,,,,,169208000000,52052000000,0.308,,52052000000,,,,,,,,,,,,true,false,3,2024-04-01,2024-06-30,0
2024-07-31,8860,2024-03-31,1,27115000000,-0.021,,,,,1404000000,0.143,1234000000,0.107,,824000000,,23.03,,,,,,,,,,,,,,,,,,,,,,true,false,3,2023-04-01,2023-06-30,-1
2024-07-31,8860,2025-03-31,1,60800000000,0.155,,,,,3600000000,0.375,3200000000,0.386,,2200000000,,60.43,,,,,,,,,,,,,,,,,,,,,,true,true,6,2024-04-01,2024-09-30,0
2024-07-31,8860,2025-03-31,1,123000000000,0.022,,,,,7400000000,0.019,6700000000,0.009,,4500000000,,123.61,,,,,,,,,,,,,,,,,,,,,,true,true,12,2024-04-01,2025-03-31,0
2024-07-31,8860,2024-03-31,1,,,,,,,,,,,,,,,,,,,,168212000000,51004000000,0.303,,51004000000,,,,,,,,,,,,true,false,12,2023-04-01,2024-03-31,-1
2024-07-31,8860,2024-03-31,1,,,,,,,,,,,,,,,,,,,,,,,,,,,,,30.00,,,,36849912,776889,,false,false,12,2023-04-01,2024-03-31,-1
2024-07-31,8860,2025-03-31,1,,,,,,,,,,,,,,,,,,,,,,,,,,,,,27.00,,,,,,,false,true,12,2024-04-01,2025-03-31,0
2024-07-31,8860,2025-03-31,1,,,,,,,,,,,,,,,,,,,,,,,,,,,,,,,,,36849912,444289,36156173,false,false,3,2024-04-01,2024-06-30,0
2024-07-31,8860,2024-03-31,1,,,,,,,,,,,,,,,,,,,,,,,,,,,,,,,,,,,35821406,false,false,3,2023-04-01,2023-06-30,-1
2024-10-31,8860,2025-03-31,2,59958000000,0.139,,,,,4115000000,0.572,3678000000,0.593,,2478000000,,68.36,,,,,,174673000000,53057000000,0.304,,53057000000,,,,,,,,,,,,true,false,6,2024-04-01,2024-09-30,0
2024-10-31,8860,2024-03-31,2,52648000000,-0.065,,,,,2618000000,-0.143,2309000000,-0.170,,1536000000,,42.78,,,,,,,,,,,,,,,,,,,,,,true,false,6,2023-04-01,2023-09-30,-1
2024-10-31,8860,2025-03-31,2,123000000000,0.022,,,,,7400000000,0.019,6700000000,0.009,,4500000000,,123.61,,,,,,,,,,,,,,,,,,,,,,true,true,12,2024-04-01,2025-03-31,0
2024-10-31,8860,2024-03-31,2,,,,,,,,,,,,,,,,,,,,168212000000,51004000000,0.303,,51004000000,,,,,,,,,,,,true,false,12,2023-04-01,2024-03-31,-1
2024-10-31,8860,2024-03-31,2,,,,,,,,,,,,,,,,,,,,,,,,,,,,,30.00,,,,36849912,776889,,false,false,12,2023-04-01,2024-03-31,-1
2024-10-31,8860,2025-03-31,2,,,,,,,,,,,,,,,,,,,,,,,,,,,,,14.00,,,,,,,false,false,12,2024-04-01,2025-03-31,0
2024-10-31,8860,2025-03-31,2,,,,,,,,,,,,,,,,,,,,,,,,,,,,,27.00,,,,,,,false,true,12,2024-04-01,2025-03-31,0
2024-10-31,8860,2025-03-31,2,,,,,,,,,,,,,,,,,,,,,,,,,,,,,,,,,36849912,444289,36263081,false,false,6,2024-04-01,2024-09-30,0
2024-10-31,8860,2024-03-31,2,,,,,,,,,,,,,,,,,,,,,,,,,,,,,,,,,,,35916528,false,false,6,2023-04-01,2023-09-30,-1
2025-02-04,8860,2025-03-31,3,88353000000,0.048,,,,,5796000000,0.257,5080000000,0.214,,3407000000,,93.98,,,,,,180304000000,53321000000,0.296,,53321000000,,,,,,,,,,,,true,false,9,2024-04-01,2024-12-31,0
2025-02-04,8860,2024-03-31,3,84283000000,-0.028,,,,,4612000000,-0.057,4183000000,-0.080,,2790000000,,77.60,,,,,,,,,,,,,,,,,,,,,,true,false,9,2023-04-01,2023-12-31,-1
2025-02-04,8860,2025-03-31,3,123000000000,0.022,,,,,7400000000,0.019,6700000000,0.009,,4500000000,,124.81,,,,,,,,,,,,,,,,,,,,,,true,true,12,2024-04-01,2025-03-31,0
2025-02-04,8860,2024-03-31,3,,,,,,,,,,,,,,,,,,,,168212000000,51004000000,0.303,,51004000000,,,,,,,,,,,,true,false,12,2023-04-01,2024-03-31,-1
2025-02-04,8860,2024-03-31,3,,,,,,,,,,,,,,,,,,,,,,,,,,,,,30.00,,,,36849912,776889,,false,false,12,2023-04-01,2024-03-31,-1
2025-02-04,8860,2025-03-31,3,,,,,,,,,,,,,,,,,,,,,,,,,,,,,14.00,,,,,,,false,false,12,2024-04-01,2025-03-31,0
2025-02-04,8860,2025-03-31,3,,,,,,,,,,,,,,,,,,,,,,,,,,,,,27.00,,,,,,,false,true,12,2024-04-01,2025-03-31,0
2025-02-04,8860,2025-03-31,3,,,,,,,,,,,,,,,,,,,,,,,,,,,,,,,,,36849912,794289,36255183,false,false,9,2024-04-01,2024-12-31,0
2025-02-04,8860,2024-03-31,3,,,,,,,,,,,,,,,,,,,,,,,,,,,,,,,,,,,35963476,false,false,9,2023-04-01,2023-12-31,-1
2025-05-02,8860,2025-03-31,,123927000000,0.029,,,,,7894000000,0.087,6987000000,0.052,,4764000000,,131.61,,0.090,0.040,0.064,,183210000000,54674000000,0.298,1518.50,54674000000,2738000000,-16290000000,11361000000,21562000000,,0.243,,,,,,true,false,12,2024-04-01,2025-03-31,0
2025-05-02,8860,2024-03-31,,120388000000,0.050,,,,,7264000000,0.156,6643000000,0.157,,4559000000,,126.69,,0.093,0.041,0.060,,168212000000,51004000000,0.303,1413.94,51004000000,5990000000,-8203000000,5672000000,23752000000,,0.237,,,,,,true,false,12,2023-04-01,2024-03-31,-1
2025-05-02,8860,2026-03-31,,66700000000,0.112,,,,,4200000000,0.020,3700000000,0.006,,2400000000,,66.66,,,,,,,,,,,,,,,,,,,,,,true,true,6,2025-04-01,2025-09-30,1
2025-05-02,8860,2026-03-31,,126000000000,0.017,,,,,7200000000,-0.088,5700000000,-0.184,,3700000000,,102.76,,,,,,,,,,,,,,,,0.311,,,,,,true,true,12,2025-04-01,2026-03-31,1
2025-05-02,8860,2025-03-31,,95054000000,0.016,,,,,4731000000,0.120,3914000000,0.067,2768000000,,0.059,76.47,,,,,,150977000000,40981000000,0.271,1138.18,40981000000,,,,,32.00,,,,36849912,844289,36201439,false,false,12,2024-04-01,2025-03-31,0
2025-05-02,8860,2024-03-31,,93513000000,0.040,,,,,4225000000,0.182,3670000000,0.226,2614000000,,0.284,72.64,,,,,,138793000000,39307000000,0.283,1089.66,39307000000,,,,,30.00,,,,36849912,776889,35988757,false,false,12,2023-04-01,2024-03-31,-1
2025-05-02,8860,2026-03-31,,51400000000,0.293,,,,,2700000000,1.165,2100000000,1.114,1400000000,,1.048,38.88,,,,,,,,,,,,,,,,,,,,,,false,true,6,2025-04-01,2025-09-30,1
2025-05-02,8860,2026-03-31,,95400000000,0.004,,,,,4100000000,-0.133,2700000000,-0.310,1800000000,,-0.350,49.99,,,,,,,,,,,,,,,32.00,,,,,,,false,true,12,2025-04-01,2026-03-31,1
