filing_date,code,fiscal_year_end,quarterly_period,net_sales,net_sales_change,revenue,revenue_change,operating_revenue,operating_revenue_change,operating_profit,operating_profit_change,ordinary_profit,ordinary_profit_change,net_income,net_income_of_parent,net_income_change,eps,diluted_eps,roe,roa,operating_profit_to_net_sales,operating_profit_to_revenue,total_assets,net_assets,equity_ratio,bps,owner_equity,operating_cash_flow,investing_cash_flow,financing_cash_flow,cash,dividend_per_share,payout_ratio,commemorative_dividend,extra_dividend,number_of_shares,number_of_treqsury_shares,avg_number_of_shares,is_consolidated,is_forecast,duration,period_start,period_end,period_pos
2015-05-14,88710,2015-03-31,,19691000000,-0.349,,,,,3388000000,-0.405,2718000000,-0.458,2008000000,,-0.344,56.33,,0.020,0.016,0.172,,185284000000,103139000000,0.553,2874.97,102530000000,1786000000,-10603000000,10817000000,36043000000,,0.710,,,,,,true,false,12,2014-04-01,2015-03-31,0
2015-05-14,88710,2014-03-31,,30247000000,-0.202,,,,,5692000000,-0.129,5011000000,-0.143,3060000000,,-0.151,85.82,,0.030,0.031,0.188,,158929000000,101950000000,0.641,2858.65,101950000000,5866000000,-11108000000,-6379000000,33835000000,,0.466,,,,,,true,false,12,2013-04-01,2014-03-31,-1
2015-05-14,88710,2016-03-31,,35000000000,0.777,,,,,6600000000,0.948,5900000000,1.170,,3700000000,,103.75,,,,,,,,,,,,,,,,0.386,,,,,,true,true,12,2015-04-01,2016-03-31,1
2015-05-14,88710,2015-03-31,,15229000000,-0.449,,,,,2903000000,-0.470,2222000000,-0.536,1373000000,,-0.535,38.50,,,,,,176602000000,100312000000,0.568,2812.77,100312000000,,,,,40.00,,,,35784000,120858,35663455,false,false,12,2014-04-01,2015-03-31,0
2015-05-14,88710,2014-03-31,,27638000000,-0.217,,,,,5476000000,-0.113,4793000000,-0.125,2955000000,,-0.127,82.87,,,,,,157076000000,100367000000,0.639,2814.26,100367000000,,,,,40.00,,,,35784000,120208,35664396,false,false,12,2013-04-01,2014-03-31,-1
2015-05-14,88710,2016-03-31,,30000000000,0.970,,,,,6100000000,1.101,5400000000,1.430,3400000000,,1.476,95.34,,,,,,,,,,,,,,,40.00,,,,,,,false,true,12,2015-04-01,2016-03-31,1
2015-07-30,88710,2016-03-31,1,5049000000,0.875,,,,,885000000,1.978,764000000,,,457000000,,12.82,,,,,,180843000000,102886000000,0.566,,102273000000,,,,,,,,,,,,true,false,3,2015-04-01,2015-06-30,0
2015-07-30,88710,2015-03-31,1,2693000000,-0.704,,,,,297000000,-0.844,25000000,-0.985,,6000000,,0.18,,,,,,,,,,,,,,,,,,,,,,true,false,3,2014-04-01,2014-06-30,-1
2015-07-30,88710,2016-03-31,1,35000000000,0.777,,,,,6600000000,0.948,5900000000,1.170,,3700000000,,103.75,,,,,,,,,,,,,,,,,,,,,,true,true,12,2015-04-01,2016-03-31,0
2015-07-30,88710,2015-03-31,1,,,,,,,,,,,,,,,,,,,,185284000000,103139000000,0.553,,102530000000,,,,,,,,,,,,true,false,12,2014-04-01,2015-03-31,-1
2015-07-30,88710,2015-03-31,1,,,,,,,,,,,,,,,,,,,,,,,,,,,,,40.00,,,,35784000,120858,,false,false,12,2014-04-01,2015-03-31,-1
2015-07-30,88710,2016-03-31,1,,,,,,,,,,,,,,,,,,,,,,,,,,,,,40.00,,,,,,,false,true,12,2015-04-01,2016-03-31,0
2015-07-30,88710,2016-03-31,1,,,,,,,,,,,,,,,,,,,,,,,,,,,,,,,,,35784000,121188,35662941,false,false,3,2015-04-01,2015-06-30,0
2015-07-30,88710,2015-03-31,1,,,,,,,,,,,,,,,,,,,,,,,,,,,,,,,,,,,35663762,false,false,3,2014-04-01,2014-06-30,-1
2015-10-29,88710,2016-03-31,2,14805000000,1.307,,,,,2871000000,2.811,2634000000,6.414,,1692000000,,47.45,,,,,,188722000000,104021000000,0.551,,104021000000,,,,,,,,,,,,true,false,6,2015-04-01,2015-09-30,0
2015-10-29,88710,2015-03-31,2,6417000000,-0.616,,,,,753000000,-0.774,355000000,-0.880,,127000000,,3.58,,,,,,,,,,,,,,,,,,,,,,true,false,6,2014-04-01,2014-09-30,-1
2015-10-29,88710,2016-03-31,2,35000000000,0.777,,,,,6600000000,0.948,5900000000,1.170,,3700000000,,103.75,,,,,,,,,,,,,,,,,,,,,,true,true,12,2015-04-01,2016-03-31,0
2015-10-29,88710,2015-03-31,2,,,,,,,,,,,,,,,,,,,,185284000000,103139000000,0.553,,102530000000,,,,,,,,,,,,true,false,12,2014-04-01,2015-03-31,-1
2015-10-29,88710,2015-03-31,2,,,,,,,,,,,,,,,,,,,,,,,,,,,,,40.00,,,,35784000,120858,,false,false,12,2014-04-01,2015-03-31,-1
2015-10-29,88710,2016-03-31,2,,,,,,,,,,,,,,,,,,,,,,,,,,,,,20.00,,,,,,,false,false,12,2015-04-01,2016-03-31,0
2015-10-29,88710,2016-03-31,2,,,,,,,,,,,,,,,,,,,,,,,,,,,,,40.00,,,,,,,false,true,12,2015-04-01,2016-03-31,0
2015-10-29,88710,2016-03-31,2,,,,,,,,,,,,,,,,,,,,,,,,,,,,,,,,,35784000,121178,35662867,false,false,6,2015-04-01,2015-09-30,0
2015-10-29,88710,2015-03-31,2,,,,,,,,,,,,,,,,,,,,,,,,,,,,,,,,,,,35663655,false,false,6,2014-04-01,2014-09-30,-1
2016-01-28,88710,2016-03-31,3,20776000000,0.926,,,,,4415000000,2.050,4056000000,3.578,,2538000000,,71.18,,,,,,186665000000,104156000000,0.558,,104156000000,,,,,,,,,,,,true,false,9,2015-04-01,2015-12-31,0
2016-01-28,88710,2015-03-31,3,10786000000,-0.538,,,,,1447000000,-0.672,886000000,-0.774,,459000000,,12.90,,,,,,,,,,,,,,,,,,,,,,true,false,9,2014-04-01,2014-12-31,-1
2016-01-28,88710,2016-03-31,3,35000000000,0.777,,,,,6600000000,0.948,5900000000,1.170,,3700000000,,103.75,,,,,,,,,,,,,,,,,,,,,,true,true,12,2015-04-01,2016-03-31,0
2016-01-28,88710,2015-03-31,3,,,,,,,,,,,,,,,,,,,,185284000000,103139000000,0.553,,102530000000,,,,,,,,,,,,true,false,12,2014-04-01,2015-03-31,-1
2016-01-28,88710,2015-03-31,3,,,,,,,,,,,,,,,,,,,,,,,,,,,,,40.00,,,,35784000,120858,,false,false,12,2014-04-01,2015-03-31,-1
2016-01-28,88710,2016-03-31,3,,,,,,,,,,,,,,,,,,,,,,,,,,,,,20.00,,,,,,,false,false,12,2015-04-01,2016-03-31,0
2016-01-28,88710,2016-03-31,3,,,,,,,,,,,,,,,,,,,,,,,,,,,,,40.00,,,,,,,false,true,12,2015-04-01,2016-03-31,0
2016-01-28,88710,2016-03-31,3,,,,,,,,,,,,,,,,,,,,,,,,,,,,,,,,,35784000,121278,35662824,false,false,9,2015-04-01,2015-12-31,0
2016-01-28,88710,2015-03-31,3,,,,,,,,,,,,,,,,,,,,,,,,,,,,,,,,,,,35663542,false,false,9,2014-04-01,2014-12-31,-1
2016-04-20,88710,2016-03-31,,30000000000,-0.143,,,,,6900000000,0.045,6300000000,0.068,,4200000000,,117.77,,,,,,,,,,,,,,,,,,,,,,true,true,12,2015-04-01,2016-03-31,0
2016-04-20,88710,2015-03-31,,19691000000,,,,,,3388000000,,2718000000,,,2008000000,,56.33,,,,,,,,,,,,,,,,,,,,,,true,false,12,2014-04-01,2015-03-31,-1
2016-04-20,88710,2016-03-31,,24600000000,-0.180,,,,,6100000000,0.000,5500000000,0.019,3500000000,,0.029,98.14,,,,,,,,,,,,,,,,,,,,,,false,true,12,2015-04-01,2016-03-31,0
2016-04-20,88710,2015-03-31,,15229000000,,,,,,2903000000,,2222000000,,1373000000,,,38.50,,,,,,,,,,,,,,,,,,,,,,false,false,12,2014-04-01,2015-03-31,-1
2016-05-12,88710,2016-03-31,,30079000000,0.528,,,,,6872000000,1.028,6324000000,1.326,,4227000000,,118.53,,0.041,0.034,0.228,,184641000000,105844000000,0.573,2967.93,105844000000,-1991000000,-53000000,-4657000000,29342000000,,0.337,,,,,,true,false,12,2015-04-01,2016-03-31,0
2016-05-12,88710,2015-03-31,,19691000000,-0.349,,,,,3388000000,-0.405,2718000000,-0.458,,2008000000,,56.33,,0.020,0.016,0.172,,185284000000,103139000000,0.553,2874.97,102530000000,1786000000,-10603000000,10817000000,36043000000,,0.710,,,,,,true,false,12,2014-04-01,2015-03-31,-1
2016-05-12,88710,2017-03-31,,38000000000,0.263,,,,,9400000000,0.368,9000000000,0.423,,5600000000,,157.03,,,,,,,,,,,,,,,,0.280,,,,,,true,true,12,2016-04-01,2017-03-31,1
2016-05-12,88710,2016-03-31,,24657000000,0.619,,,,,6064000000,1.089,5514000000,1.481,3585000000,,1.612,100.55,,,,,,175433000000,102470000000,0.584,2873.33,102470000000,,,,,40.00,,,,35784000,121378,35662782,false,false,12,2015-04-01,2016-03-31,0
2016-05-12,88710,2015-03-31,,15229000000,-0.449,,,,,2903000000,-0.470,2222000000,-0.536,1373000000,,-0.535,38.50,,,,,,176602000000,100312000000,0.568,2812.77,100312000000,,,,,40.00,,,,35784000,120858,35663455,false,false,12,2014-04-01,2015-03-31,-1
2016-05-12,88710,2017-03-31,,,,,,,,,,,,,,,,,,,,,,,,,,,,,,44.00,,,,,,,false,true,12,2016-04-01,2017-03-31,1
2016-07-28,88710,2017-03-31,1,5007000000,-0.008,,,,,998000000,0.128,915000000,0.198,,482000000,,13.53,,,,,,179882000000,105614000000,0.587,,105614000000,,,,,,,,,,,,true,false,3,2016-04-01,2016-06-30,0
2016-07-28,88710,2016-03-31,1,5049000000,0.875,,,,,885000000,1.978,764000000,,,457000000,,12.82,,,,,,,,,,,,,,,,,,,,,,true,false,3,2015-04-01,2015-06-30,-1
2016-07-28,88710,2017-03-31,1,38000000000,0.263,,,,,9400000000,0.368,9000000000,0.423,,5600000000,,157.03,,,,,,,,,,,,,,,,,,,,,,true,true,12,2016-04-01,2017-03-31,0
2016-07-28,88710,2016-03-31,1,,,,,,,,,,,,,,,,,,,,184641000000,105844000000,0.573,,105844000000,,,,,,,,,,,,true,false,12,2015-04-01,2016-03-31,-1
2016-07-28,88710,2016-03-31,1,,,,,,,,,,,,,,,,,,,,,,,,,,,,,40.00,,,,35784000,121378,,false,false,12,2015-04-01,2016-03-31,-1
2016-07-28,88710,2017-03-31,1,,,,,,,,,,,,,,,,,,,,,,,,,,,,,44.00,,,,,,,false,true,12,2016-04-01,2017-03-31,0
2016-07-28,88710,2017-03-31,1,,,,,,,,,,,,,,,,,,,,,,,,,,,,,,,,,35784000,121388,35662615,false,false,3,2016-04-01,2016-06-30,0
2016-07-28,88710,2016-03-31,1,,,,,,,,,,,,,,,,,,,,,,,,,,,,,,,,,,,35662941,false,false,3,2015-04-01,2015-06-30,-1
2016-10-27,88710,2017-03-31,2,21170000000,0.430,,,,,5364000000,0.868,5202000000,0.975,,3267000000,,91.63,,,,,,183994000000,108399000000,0.589,,108399000000,,,,,,,,,,,,true,false,6,2016-04-01,2016-09-30,0
2016-10-27,88710,2016-03-31,2,14805000000,1.307,,,,,2871000000,2.811,2634000000,6.414,,1692000000,,47.45,,,,,,,,,,,,,,,,,,,,,,true,false,6,2015-04-01,2015-09-30,-1
2016-10-27,88710,2017-03-31,2,38000000000,0.263,,,,,9400000000,0.368,9000000000,0.423,,5600000000,,157.03,,,,,,,,,,,,,,,,,,,,,,true,true,12,2016-04-01,2017-03-31,0
2016-10-27,88710,2016-03-31,2,,,,,,,,,,,,,,,,,,,,184641000000,105844000000,0.573,,105844000000,,,,,,,,,,,,true,false,12,2015-04-01,2016-03-31,-1
2016-10-27,88710,2016-03-31,2,,,,,,,,,,,,,,,,,,,,,,,,,,,,,40.00,,,,35784000,121378,,false,false,12,2015-04-01,2016-03-31,-1
2016-10-27,88710,2017-03-31,2,,,,,,,,,,,,,,,,,,,,,,,,,,,,,22.00,,,,,,,false,false,12,2016-04-01,2017-03-31,0
2016-10-27,88710,2017-03-31,2,,,,,,,,,,,,,,,,,,,,,,,,,,,,,44.00,,,,,,,false,true,12,2016-04-01,2017-03-31,0
2016-10-27,88710,2017-03-31,2,,,,,,,,,,,,,,,,,,,,,,,,,,,,,,,,,35784000,121408,35662605,false,false,6,2016-04-01,2016-09-30,0
2016-10-27,88710,2016-03-31,2,,,,,,,,,,,,,,,,,,,,,,,,,,,,,,,,,,,35662867,false,false,6,2015-04-01,2015-09-30,-1
2017-01-26,88710,2017-03-31,3,26685000000,0.284,,,,,6435000000,0.457,6180000000,0.524,,3886000000,,109.00,,,,,,182963000000,108016000000,0.590,,108016000000,,,,,,,,,,,,true,false,9,2016-04-01,2016-12-31,0
2017-01-26,88710,2016-03-31,3,20776000000,0.926,,,,,4415000000,2.050,4056000000,3.578,,2538000000,,71.18,,,,,,,,,,,,,,,,,,,,,,true,false,9,2015-04-01,2015-12-31,-1
2017-01-26,88710,2017-03-31,3,38000000000,0.263,,,,,9400000000,0.368,9000000000,0.423,,5600000000,,157.03,,,,,,,,,,,,,,,,,,,,,,true,true,12,2016-04-01,2017-03-31,0
2017-01-26,88710,2016-03-31,3,,,,,,,,,,,,,,,,,,,,184641000000,105844000000,0.573,,105844000000,,,,,,,,,,,,true,false,12,2015-04-01,2016-03-31,-1
2017-01-26,88710,2016-03-31,3,,,,,,,,,,,,,,,,,,,,,,,,,,,,,40.00,,,,35784000,121378,,false,false,12,2015-04-01,2016-03-31,-1
2017-01-26,88710,2017-03-31,3,,,,,,,,,,,,,,,,,,,,,,,,,,,,,22.00,,,,,,,false,false,12,2016-04-01,2017-03-31,0
2017-01-26,88710,2017-03-31,3,,,,,,,,,,,,,,,,,,,,,,,,,,,,,44.00,,,,,,,false,true,12,2016-04-01,2017-03-31,0
2017-01-26,88710,2017-03-31,3,,,,,,,,,,,,,,,,,,,,,,,,,,,,,,,,,35784000,221568,35660755,false,false,9,2016-04-01,2016-12-31,0
2017-01-26,88710,2016-03-31,3,,,,,,,,,,,,,,,,,,,,,,,,,,,,,,,,,,,35662824,false,false,9,2015-04-01,2015-12-31,-1
2017-05-11,88710,2017-03-31,,35824000000,0.191,,,,,8860000000,0.289,8491000000,0.343,,5457000000,,153.35,,0.051,0.046,0.247,,186833000000,108939000000,0.583,3089.41,108939000000,18868000000,-104000000,-2412000000,45694000000,,0.287,,,,,,true,false,12,2016-04-01,2017-03-31,0
2017-05-11,88710,2016-03-31,,30079000000,0.528,,,,,6872000000,1.028,6324000000,1.326,,4227000000,,118.53,,0.041,0.034,0.228,,184641000000,105844000000,0.573,2967.93,105844000000,-1991000000,-53000000,-4657000000,29342000000,,0.337,,,,,,true,false,12,2015-04-01,2016-03-31,-1
2017-05-11,88710,2018-03-31,,40500000000,0.131,,,,,11300000000,0.275,10800000000,0.272,,6800000000,,192.84,,,,,,,,,,,,,,,,0.259,,,,,,true,true,12,2017-04-01,2018-03-31,1
2017-05-11,88710,2017-03-31,,30071000000,0.220,,,,,7738000000,0.276,7371000000,0.337,4880000000,,0.361,137.14,,,,,,177262000000,104987000000,0.592,2977.33,104987000000,,,,,44.00,,,,35784000,521688,35584994,false,false,12,2016-04-01,2017-03-31,0
2017-05-11,88710,2016-03-31,,24657000000,0.619,,,,,6064000000,1.089,5514000000,1.481,3585000000,,1.612,100.55,,,,,,175433000000,102470000000,0.584,2873.33,102470000000,,,,,40.00,,,,35784000,121378,35662782,false,false,12,2015-04-01,2016-03-31,-1
2017-05-11,88710,2018-03-31,,,,,,,,,,,,,,,,,,,,,,,,,,,,,,50.00,,,,,,,false,true,12,2017-04-01,2018-03-31,1
2017-07-27,88710,2018-03-31,1,22135000000,3.420,,,,,8527000000,7.540,8453000000,8.231,,5090000000,,144.36,,,,,,193272000000,112918000000,0.584,,112918000000,,,,,,,,,,,,true,false,3,2017-04-01,2017-06-30,0
2017-07-27,88710,2017-03-31,1,5007000000,-0.008,,,,,998000000,0.128,915000000,0.198,,482000000,,13.53,,,,,,,,,,,,,,,,,,,,,,true,false,3,2016-04-01,2016-06-30,-1
2017-07-27,88710,2018-03-31,1,40500000000,0.131,,,,,11300000000,0.275,10800000000,0.272,,6800000000,,192.84,,,,,,,,,,,,,,,,,,,,,,true,true,12,2017-04-01,2018-03-31,0
2017-07-27,88710,2017-03-31,1,,,,,,,,,,,,,,,,,,,,186833000000,108939000000,0.583,,108939000000,,,,,,,,,,,,true,false,12,2016-04-01,2017-03-31,-1
2017-07-27,88710,2017-03-31,1,,,,,,,,,,,,,,,,,,,,,,,,,,,,,44.00,,,,35784000,521688,,false,false,12,2016-04-01,2017-03-31,-1
2017-07-27,88710,2018-03-31,1,,,,,,,,,,,,,,,,,,,,,,,,,,,,,50.00,,,,,,,false,true,12,2017-04-01,2018-03-31,0
2017-07-27,88710,2018-03-31,1,,,,,,,,,,,,,,,,,,,,,,,,,,,,,,,,,35784000,521738,35262308,false,false,3,2017-04-01,2017-06-30,0
2017-07-27,88710,2017-03-31,1,,,,,,,,,,,,,,,,,,,,,,,,,,,,,,,,,,,35662615,false,false,3,2016-04-01,2016-06-30,-1
2017-10-26,88710,2018-03-31,2,27382000000,0.293,,,,,9742000000,0.816,9573000000,0.840,,6126000000,,173.74,,,,,,188345000000,113953000000,0.605,,113953000000,,,,,,,,,,,,true,false,6,2017-04-01,2017-09-30,0
2017-10-26,88710,2017-03-31,2,21170000000,0.430,,,,,5364000000,0.868,5202000000,0.975,,3267000000,,91.63,,,,,,,,,,,,,,,,,,,,,,true,false,6,2016-04-01,2016-09-30,-1
2017-10-26,88710,2018-03-31,2,40500000000,0.131,,,,,11300000000,0.275,10800000000,0.272,,6800000000,,192.84,,,,,,,,,,,,,,,,,,,,,,true,true,12,2017-04-01,2018-03-31,0
2017-10-26,88710,2017-03-31,2,,,,,,,,,,,,,,,,,,,,186833000000,108939000000,0.583,,108939000000,,,,,,,,,,,,true,false,12,2016-04-01,2017-03-31,-1
2017-10-26,88710,2017-03-31,2,,,,,,,,,,,,,,,,,,,,,,,,,,,,,44.00,,,,35784000,521688,,false,false,12,2016-04-01,2017-03-31,-1
2017-10-26,88710,2018-03-31,2,,,,,,,,,,,,,,,,,,,,,,,,,,,,,25.00,,,,,,,false,false,12,2017-04-01,2018-03-31,0
2017-10-26,88710,2018-03-31,2,,,,,,,,,,,,,,,,,,,,,,,,,,,,,50.00,,,,,,,false,true,12,2017-04-01,2018-03-31,0
2017-10-26,88710,2018-03-31,2,,,,,,,,,,,,,,,,,,,,,,,,,,,,,,,,,35784000,521788,35262274,false,false,6,2017-04-01,2017-09-30,0
2017-10-26,88710,2017-03-31,2,,,,,,,,,,,,,,,,,,,,,,,,,,,,,,,,,,,35662605,false,false,6,2016-04-01,2016-09-30,-1
2018-01-31,88710,2018-03-31,3,31699000000,0.188,,,,,10465000000,0.626,10210000000,0.652,,6417000000,,181.99,,,,,,186099000000,113362000000,0.609,,113362000000,,,,,,,,,,,,true,false,9,2017-04-01,2017-12-31,0
2018-01-31,88710,2017-03-31,3,26685000000,0.284,,,,,6435000000,0.457,6180000000,0.524,,3886000000,,109.00,,,,,,,,,,,,,,,,,,,,,,true,false,9,2016-04-01,2016-12-31,-1
2018-01-31,88710,2018-03-31,3,40500000000,0.131,,,,,11300000000,0.275,10800000000,0.272,,6800000000,,192.84,,,,,,,,,,,,,,,,,,,,,,true,true,12,2017-04-01,2018-03-31,0
2018-01-31,88710,2017-03-31,3,,,,,,,,,,,,,,,,,,,,186833000000,108939000000,0.583,,108939000000,,,,,,,,,,,,true,false,12,2016-04-01,2017-03-31,-1
2018-01-31,88710,2017-03-31,3,,,,,,,,,,,,,,,,,,,,,,,,,,,,,44.00,,,,35784000,521688,,false,false,12,2016-04-01,2017-03-31,-1
2018-01-31,88710,2018-03-31,3,,,,,,,,,,,,,,,,,,,,,,,,,,,,,25.00,,,,,,,false,false,12,2017-04-01,2018-03-31,0
2018-01-31,88710,2018-03-31,3,,,,,,,,,,,,,,,,,,,,,,,,,,,,,50.00,,,,,,,false,true,12,2017-04-01,2018-03-31,0
2018-01-31,88710,2018-03-31,3,,,,,,,,,,,,,,,,,,,,,,,,,,,,,,,,,35784000,521938,35262223,false,false,9,2017-04-01,2017-12-31,0
2018-01-31,88710,2017-03-31,3,,,,,,,,,,,,,,,,,,,,,,,,,,,,,,,,,,,35660755,false,false,9,2016-04-01,2016-12-31,-1
2018-05-09,88710,2018-03-31,,42857000000,0.196,,,,,13324000000,0.504,12948000000,0.525,,6851000000,,194.31,,0.062,0.070,0.311,,181573000000,113795000000,0.627,3227.12,113795000000,13667000000,-118000000,-10543000000,48700000000,,0.257,,,,,,true,false,12,2017-04-01,2018-03-31,0
2018-05-09,88710,2017-03-31,,35824000000,0.191,,,,,8860000000,0.289,8491000000,0.343,,5457000000,,153.35,,0.051,0.046,0.247,,186833000000,108939000000,0.583,3089.41,108939000000,18868000000,-104000000,-2412000000,45694000000,,0.287,,,,,,true,false,12,2016-04-01,2017-03-31,-1
2018-05-09,88710,2019-03-31,,32000000000,-0.253,,,,,6700000000,-0.497,6300000000,-0.513,,3800000000,,107.76,,,,,,,,,,,,,,,,0.464,,,,,,true,true,12,2018-04-01,2019-03-31,1
2018-05-09,88710,2018-03-31,,37073000000,0.233,,,,,12292000000,0.588,11952000000,0.622,6239000000,,0.279,176.96,,,,,,171925000000,109569000000,0.637,3107.30,109569000000,,,,,50.00,,,,35784000,521878,35262208,false,false,12,2017-04-01,2018-03-31,0
2018-05-09,88710,2017-03-31,,30071000000,0.220,,,,,7738000000,0.276,7371000000,0.337,4880000000,,0.361,137.14,,,,,,177262000000,104987000000,0.592,2977.33,104987000000,,,,,44.00,,,,35784000,521688,35584994,false,false,12,2016-04-01,2017-03-31,-1
2018-05-09,88710,2019-03-31,,,,,,,,,,,,,,,,,,,,,,,,,,,,,,50.00,,,,,,,false,true,12,2018-04-01,2019-03-31,1
2018-07-23,88710,2019-03-31,1,6213000000,-0.719,,,,,1752000000,-0.795,1676000000,-0.802,,1025000000,,29.08,,,,,,178292000000,113938000000,0.639,,113938000000,,,,,,,,,,,,true,false,3,2018-04-01,2018-06-30,0
2018-07-23,88710,2018-03-31,1,22135000000,3.420,,,,,8527000000,7.540,8453000000,8.231,,5090000000,,144.36,,,,,,,,,,,,,,,,,,,,,,true,false,3,2017-04-01,2017-06-30,-1
2018-07-23,88710,2019-03-31,1,32000000000,-0.253,,,,,6700000000,-0.497,6300000000,-0.513,,3800000000,,107.76,,,,,,,,,,,,,,,,,,,,,,true,true,12,2018-04-01,2019-03-31,0
2018-07-23,88710,2018-03-31,1,,,,,,,,,,,,,,,,,,,,181573000000,113795000000,0.627,,113795000000,,,,,,,,,,,,true,false,12,2017-04-01,2018-03-31,-1
2018-07-23,88710,2018-03-31,1,,,,,,,,,,,,,,,,,,,,,,,,,,,,,50.00,,,,35784000,521878,,false,false,12,2017-04-01,2018-03-31,-1
2018-07-23,88710,2019-03-31,1,,,,,,,,,,,,,,,,,,,,,,,,,,,,,50.00,,,,,,,false,true,12,2018-04-01,2019-03-31,0
2018-07-23,88710,2019-03-31,1,,,,,,,,,,,,,,,,,,,,,,,,,,,,,,,,,35784000,522128,35262003,false,false,3,2018-04-01,2018-06-30,0
2018-07-23,88710,2018-03-31,1,,,,,,,,,,,,,,,,,,,,,,,,,,,,,,,,,,,35262308,false,false,3,2017-04-01,2017-06-30,-1
2018-11-12,88710,2019-03-31,2,11216000000,-0.590,,,,,2923000000,-0.700,2786000000,-0.709,,1705000000,,48.37,,,,,,174537000000,114620000000,0.657,,114620000000,,,,,,,,,,,,true,false,6,2018-04-01,2018-09-30,0
2018-11-12,88710,2018-03-31,2,27382000000,0.293,,,,,9742000000,0.816,9573000000,0.840,,6126000000,,173.74,,,,,,,,,,,,,,,,,,,,,,true,false,6,2017-04-01,2017-09-30,-1
2018-11-12,88710,2019-03-31,2,32000000000,-0.253,,,,,6700000000,-0.497,6300000000,-0.513,,3800000000,,107.76,,,,,,,,,,,,,,,,,,,,,,true,true,12,2018-04-01,2019-03-31,0
2018-11-12,88710,2018-03-31,2,,,,,,,,,,,,,,,,,,,,181573000000,113795000000,0.627,,113795000000,,,,,,,,,,,,true,false,12,2017-04-01,2018-03-31,-1
2018-11-12,88710,2018-03-31,2,,,,,,,,,,,,,,,,,,,,,,,,,,,,,50.00,,,,35784000,521878,,false,false,12,2017-04-01,2018-03-31,-1
2018-11-12,88710,2019-03-31,2,,,,,,,,,,,,,,,,,,,,,,,,,,,,,25.00,,,,,,,false,false,12,2018-04-01,2019-03-31,0
2018-11-12,88710,2019-03-31,2,,,,,,,,,,,,,,,,,,,,,,,,,,,,,50.00,,,,,,,false,true,12,2018-04-01,2019-03-31,0
2018-11-12,88710,2019-03-31,2,,,,,,,,,,,,,,,,,,,,,,,,,,,,,,,,,35784000,522138,35261935,false,false,6,2018-04-01,2018-09-30,0
2018-11-12,88710,2018-03-31,2,,,,,,,,,,,,,,,,,,,,,,,,,,,,,,,,,,,35262274,false,false,6,2017-04-01,2017-09-30,-1
2019-01-31,88710,2019-03-31,3,14711000000,-0.536,,,,,3288000000,-0.686,3094000000,-0.697,,1896000000,,53.78,,,,,,172851000000,113924000000,0.659,,113924000000,,,,,,,,,,,,true,false,9,2018-04-01,2018-12-31,0
2019-01-31,88710,2018-03-31,3,31699000000,0.188,,,,,10465000000,0.626,10210000000,0.652,,6417000000,,181.99,,,,,,,,,,,,,,,,,,,,,,true,false,9,2017-04-01,2017-12-31,-1
2019-01-31,88710,2019-03-31,3,32000000000,-0.253,,,,,6700000000,-0.497,6300000000,-0.513,,3800000000,,107.76,,,,,,,,,,,,,,,,,,,,,,true,true,12,2018-04-01,2019-03-31,0
2019-01-31,88710,2018-03-31,3,,,,,,,,,,,,,,,,,,,,181573000000,113795000000,0.627,,113795000000,,,,,,,,,,,,true,false,12,2017-04-01,2018-03-31,-1
2019-01-31,88710,2018-03-31,3,,,,,,,,,,,,,,,,,,,,,,,,,,,,,50.00,,,,35784000,521878,,false,false,12,2017-04-01,2018-03-31,-1
2019-01-31,88710,2019-03-31,3,,,,,,,,,,,,,,,,,,,,,,,,,,,,,25.00,,,,,,,false,false,12,2018-04-01,2019-03-31,0
2019-01-31,88710,2019-03-31,3,,,,,,,,,,,,,,,,,,,,,,,,,,,,,50.00,,,,,,,false,true,12,2018-04-01,2019-03-31,0
2019-01-31,88710,2019-03-31,3,,,,,,,,,,,,,,,,,,,,,,,,,,,,,,,,,35784000,522198,35261908,false,false,9,2018-04-01,2018-12-31,0
2019-01-31,88710,2018-03-31,3,,,,,,,,,,,,,,,,,,,,,,,,,,,,,,,,,,,35262223,false,false,9,2017-04-01,2017-12-31,-1
2019-04-25,88710,2019-03-31,,33100000000,0.034,,,,,8200000000,0.224,7900000000,0.254,,5300000000,,150.30,,,,,,,,,,,,,,,,,,,,,,true,true,12,2018-04-01,2019-03-31,0
2019-04-25,88710,2018-03-31,,42857000000,,,,,,13324000000,,12948000000,,,6851000000,,194.31,,,,,,,,,,,,,,,,,,,,,,true,false,12,2017-04-01,2018-03-31,-1
2019-04-25,88710,2019-03-31,,,,,,,,,,,,,,,,,,,,,,,,,,,,,,60.00,,,,,,,false,true,12,2018-04-01,2019-03-31,0
2019-04-25,88710,2019-03-31,,,,,,,,,,,,,,,,,,,,,,,,,,,,,,25.00,,,,,,,false,false,12,2018-04-01,2019-03-31,0
2019-04-25,88710,2018-03-31,,,,,,,,,,,,,,,,,,,,,,,,,,,,,,50.00,,,,,,,false,false,12,2017-04-01,2018-03-31,-1
2019-05-09,88710,2019-03-31,,33159000000,-0.226,,,,,8251000000,-0.381,7969000000,-0.384,,5414000000,,153.54,,0.047,0.043,0.249,,189925000000,117444000000,0.618,3330.65,117444000000,19230000000,-220000000,-6877000000,60832000000,,0.391,,,,,,true,false,12,2018-04-01,2019-03-31,0
2019-05-09,88710,2018-03-31,,42857000000,0.196,,,,,13324000000,0.504,12948000000,0.525,,6851000000,,194.31,,0.062,0.070,0.311,,181573000000,113795000000,0.627,3227.12,113795000000,13667000000,-118000000,-10543000000,48700000000,,0.257,,,,,,true,false,12,2017-04-01,2018-03-31,-1
2019-05-09,88710,2020-03-31,,33300000000,0.004,,,,,9400000000,0.139,9100000000,0.142,,6100000000,,172.99,,,,,,,,,,,,,,,,0.405,,,,,,true,true,12,2019-04-01,2020-03-31,1
2019-05-09,88710,2019-03-31,,26977000000,-0.272,,,,,7206000000,-0.414,6943000000,-0.419,4803000000,,-0.230,136.23,,,,,,179496000000,112609000000,0.627,3193.53,112609000000,,,,,60.00,,,,35784000,522198,35261882,false,false,12,2018-04-01,2019-03-31,0
2019-05-09,88710,2018-03-31,,37073000000,0.233,,,,,12292000000,0.588,11952000000,0.622,6239000000,,0.279,176.96,,,,,,171925000000,109569000000,0.637,3107.30,109569000000,,,,,50.00,,,,35784000,521878,35262208,false,false,12,2017-04-01,2018-03-31,-1
2019-05-09,88710,2020-03-31,,,,,,,,,,,,,,,,,,,,,,,,,,,,,,70.00,,,,,,,false,true,12,2019-04-01,2020-03-31,1
2019-07-25,88710,2020-03-31,1,18200000000,1.929,,,,,8243000000,3.705,8199000000,3.890,,5009000000,,142.06,,,,,,193349000000,121220000000,0.627,,121220000000,,,,,,,,,,,,true,false,3,2019-04-01,2019-06-30,0
2019-07-25,88710,2019-03-31,1,6213000000,-0.719,,,,,1752000000,-0.795,1676000000,-0.802,,1025000000,,29.08,,,,,,,,,,,,,,,,,,,,,,true,false,3,2018-04-01,2018-06-30,-1
2019-07-25,88710,2020-03-31,1,33300000000,0.004,,,,,9400000000,0.139,9100000000,0.142,,6100000000,,172.99,,,,,,,,,,,,,,,,,,,,,,true,true,12,2019-04-01,2020-03-31,0
2019-07-25,88710,2019-03-31,1,,,,,,,,,,,,,,,,,,,,189925000000,117444000000,0.618,,117444000000,,,,,,,,,,,,true,false,12,2018-04-01,2019-03-31,-1
2019-07-25,88710,2019-03-31,1,,,,,,,,,,,,,,,,,,,,,,,,,,,,,60.00,,,,35784000,522198,,false,false,12,2018-04-01,2019-03-31,-1
2019-07-25,88710,2020-03-31,1,,,,,,,,,,,,,,,,,,,,,,,,,,,,,70.00,,,,,,,false,true,12,2019-04-01,2020-03-31,0
2019-07-25,88710,2020-03-31,1,,,,,,,,,,,,,,,,,,,,,,,,,,,,,,,,,35784000,522218,35261797,false,false,3,2019-04-01,2019-06-30,0
2019-07-25,88710,2019-03-31,1,,,,,,,,,,,,,,,,,,,,,,,,,,,,,,,,,,,35262003,false,false,3,2018-04-01,2018-06-30,-1
2019-10-31,88710,2020-03-31,2,27188000000,1.424,,,,,10694000000,2.658,10592000000,2.801,,6461000000,,183.24,,,,,,190530000000,122672000000,0.644,,122672000000,,,,,,,,,,,,true,false,6,2019-04-01,2019-09-30,0
2019-10-31,88710,2019-03-31,2,11216000000,-0.590,,,,,2923000000,-0.700,2786000000,-0.709,,1705000000,,48.37,,,,,,,,,,,,,,,,,,,,,,true,false,6,2018-04-01,2018-09-30,-1
2019-10-31,88710,2020-03-31,2,34500000000,0.040,,,,,11400000000,0.382,11200000000,0.405,,7300000000,,207.02,,,,,,,,,,,,,,,,,,,,,,true,true,12,2019-04-01,2020-03-31,0
2019-10-31,88710,2019-03-31,2,,,,,,,,,,,,,,,,,,,,189925000000,117444000000,0.618,,117444000000,,,,,,,,,,,,true,false,12,2018-04-01,2019-03-31,-1
2019-10-31,88710,2019-03-31,2,,,,,,,,,,,,,,,,,,,,,,,,,,,,,60.00,,,,35784000,522198,,false,false,12,2018-04-01,2019-03-31,-1
2019-10-31,88710,2020-03-31,2,,,,,,,,,,,,,,,,,,,,,,,,,,,,,35.00,,,,,,,false,false,12,2019-04-01,2020-03-31,0
2019-10-31,88710,2020-03-31,2,,,,,,,,,,,,,,,,,,,,,,,,,,,,,70.00,,,,,,,false,true,12,2019-04-01,2020-03-31,0
2019-10-31,88710,2020-03-31,2,,,,,,,,,,,,,,,,,,,,,,,,,,,,,,,,,35784000,522252,35261784,false,false,6,2019-04-01,2019-09-30,0
2019-10-31,88710,2019-03-31,2,,,,,,,,,,,,,,,,,,,,,,,,,,,,,,,,,,,35261935,false,false,6,2018-04-01,2018-09-30,-1
2020-01-30,88710,2020-03-31,3,30776000000,1.092,,,,,11000000000,2.345,10851000000,2.506,,6897000000,,195.61,,,,,,188090000000,121875000000,0.648,,121875000000,,,,,,,,,,,,true,false,9,2019-04-01,2019-12-31,0
2020-01-30,88710,2019-03-31,3,14711000000,-0.536,,,,,3288000000,-0.686,3094000000,-0.697,,1896000000,,53.78,,,,,,,,,,,,,,,,,,,,,,true,false,9,2018-04-01,2018-12-31,-1
2020-01-30,88710,2020-03-31,3,34500000000,0.040,,,,,11400000000,0.382,11200000000,0.405,,7300000000,,207.02,,,,,,,,,,,,,,,,,,,,,,true,true,12,2019-04-01,2020-03-31,0
2020-01-30,88710,2019-03-31,3,,,,,,,,,,,,,,,,,,,,189925000000,117444000000,0.618,,117444000000,,,,,,,,,,,,true,false,12,2018-04-01,2019-03-31,-1
2020-01-30,88710,2019-03-31,3,,,,,,,,,,,,,,,,,,,,,,,,,,,,,60.00,,,,35784000,522198,,false,false,12,2018-04-01,2019-03-31,-1
2020-01-30,88710,2020-03-31,3,,,,,,,,,,,,,,,,,,,,,,,,,,,,,35.00,,,,,,,false,false,12,2019-04-01,2020-03-31,0
2020-01-30,88710,2020-03-31,3,,,,,,,,,,,,,,,,,,,,,,,,,,,,,70.00,,,,,,,false,true,12,2019-04-01,2020-03-31,0
2020-01-30,88710,2020-03-31,3,,,,,,,,,,,,,,,,,,,,,,,,,,,,,,,,,35784000,522402,35261733,false,false,9,2019-04-01,2019-12-31,0
2020-01-30,88710,2019-03-31,3,,,,,,,,,,,,,,,,,,,,,,,,,,,,,,,,,,,35261908,false,false,9,2018-04-01,2018-12-31,-1
2020-05-14,88710,2020-03-31,,34791000000,0.049,,,,,11508000000,0.395,11305000000,0.419,,7589000000,,215.25,,0.063,0.060,0.331,,189033000000,122565000000,0.648,3475.90,122565000000,5967000000,-3207000000,2981000000,66574000000,,0.395,,,,,,true,false,12,2019-04-01,2020-03-31,0
2020-05-14,88710,2019-03-31,,33159000000,-0.226,,,,,8251000000,-0.381,7969000000,-0.384,,5414000000,,153.54,,0.047,0.043,0.249,,189925000000,117444000000,0.618,3330.65,117444000000,19230000000,-220000000,-6877000000,60832000000,,0.391,,,,,,true,false,12,2018-04-01,2019-03-31,-1
2020-05-14,88710,2020-03-31,,28441000000,0.054,,,,,10638000000,0.476,10436000000,0.503,7111000000,,0.481,201.69,,,,,,177993000000,117252000000,0.659,3325.23,117252000000,,,,,85.00,,,,35784000,522492,35261693,false,false,12,2019-04-01,2020-03-31,0
2020-05-14,88710,2019-03-31,,26977000000,-0.272,,,,,7206000000,-0.414,6943000000,-0.419,4803000000,,-0.230,136.23,,,,,,179496000000,112609000000,0.627,3193.53,112609000000,,,,,60.00,,,,35784000,522198,35261882,false,false,12,2018-04-01,2019-03-31,-1
2020-07-30,88710,2021-03-31,1,2632000000,-0.855,,,,,46000000,-0.994,25000000,-0.997,,-141000000,,-4.01,,,,,,183362000000,120661000000,0.658,,120661000000,,,,,,,,,,,,true,false,3,2020-04-01,2020-06-30,0
2020-07-30,88710,2020-03-31,1,18200000000,1.929,,,,,8243000000,3.705,8199000000,3.890,,5009000000,,142.06,,,,,,,,,,,,,,,,,,,,,,true,false,3,2019-04-01,2019-06-30,-1
2020-07-30,88710,2020-03-31,1,,,,,,,,,,,,,,,,,,,,189033000000,122565000000,0.648,,122565000000,,,,,,,,,,,,true,false,12,2019-04-01,2020-03-31,-1
2020-07-30,88710,2020-03-31,1,,,,,,,,,,,,,,,,,,,,,,,,,,,,,85.00,,,,35784000,522492,,false,false,12,2019-04-01,2020-03-31,-1
2020-07-30,88710,2021-03-31,1,,,,,,,,,,,,,,,,,,,,,,,,,,,,,,,,,35784000,522502,35261505,false,false,3,2020-04-01,2020-06-30,0
2020-07-30,88710,2020-03-31,1,,,,,,,,,,,,,,,,,,,,,,,,,,,,,,,,,,,35261797,false,false,3,2019-04-01,2019-06-30,-1
2020-10-29,88710,2021-03-31,2,6335000000,-0.767,,,,,419000000,-0.961,366000000,-0.965,,97000000,,2.77,,,,,,184201000000,120905000000,0.656,,120905000000,,,,,,,,,,,,true,false,6,2020-04-01,2020-09-30,0
2020-10-29,88710,2020-03-31,2,27188000000,1.424,,,,,10694000000,2.658,10592000000,2.801,,6461000000,,183.24,,,,,,,,,,,,,,,,,,,,,,true,false,6,2019-04-01,2019-09-30,-1
2020-10-29,88710,2021-03-31,2,28000000000,-0.195,,,,,5700000000,-0.505,5500000000,-0.514,,3350000000,,95.00,,,,,,,,,,,,,,,,,,,,,,true,true,12,2020-04-01,2021-03-31,0
2020-10-29,88710,2020-03-31,2,,,,,,,,,,,,,,,,,,,,189033000000,122565000000,0.648,,122565000000,,,,,,,,,,,,true,false,12,2019-04-01,2020-03-31,-1
2020-10-29,88710,2020-03-31,2,,,,,,,,,,,,,,,,,,,,,,,,,,,,,85.00,,,,35784000,522492,,false,false,12,2019-04-01,2020-03-31,-1
2020-10-29,88710,2021-03-31,2,,,,,,,,,,,,,,,,,,,,,,,,,,,,,25.00,,,,,,,false,false,12,2020-04-01,2021-03-31,0
2020-10-29,88710,2021-03-31,2,,,,,,,,,,,,,,,,,,,,,,,,,,,,,50.00,,,,,,,false,true,12,2020-04-01,2021-03-31,0
2020-10-29,88710,2021-03-31,2,,,,,,,,,,,,,,,,,,,,,,,,,,,,,,,,,35784000,522502,35261501,false,false,6,2020-04-01,2020-09-30,0
2020-10-29,88710,2020-03-31,2,,,,,,,,,,,,,,,,,,,,,,,,,,,,,,,,,,,35261784,false,false,6,2019-04-01,2019-09-30,-1
2020-10-29,88710,2021-03-31,,28000000000,,,,,,5700000000,,5500000000,,,3350000000,,95.00,,,,,,,,,,,,,,,,,,,,,,true,true,12,2020-04-01,2021-03-31,0
2020-10-29,88710,2020-03-31,,34791000000,,,,,,11508000000,,11305000000,,,7589000000,,215.25,,,,,,,,,,,,,,,,,,,,,,true,false,12,2019-04-01,2020-03-31,-1
2020-10-29,88710,2021-03-31,,,,,,,,,,,,,,,,,,,,,,,,,,,,,,50.00,,,,,,,false,true,12,2020-04-01,2021-03-31,0
2020-10-29,88710,2021-03-31,,,,,,,,,,,,,,,,,,,,,,,,,,,,,,25.00,,,,,,,false,false,12,2020-04-01,2021-03-31,0
2020-10-29,88710,2020-03-31,,,,,,,,,,,,,,,,,,,,,,,,,,,,,,85.00,,,,,,,false,false,12,2019-04-01,2020-03-31,-1
2021-01-28,88710,2021-03-31,3,23045000000,-0.251,,,,,5421000000,-0.507,5359000000,-0.506,,3296000000,,93.53,,,,,,185971000000,122820000000,0.660,,122820000000,,,,,,,,,,,,true,false,9,2020-04-01,2020-12-31,0
2021-01-28,88710,2020-03-31,3,30776000000,1.092,,,,,11000000000,2.345,10851000000,2.506,,6897000000,,195.61,,,,,,,,,,,,,,,,,,,,,,true,false,9,2019-04-01,2019-12-31,-1
2021-01-28,88710,2021-03-31,3,28000000000,-0.195,,,,,5700000000,-0.505,5500000000,-0.514,,3350000000,,95.00,,,,,,,,,,,,,,,,,,,,,,true,true,12,2020-04-01,2021-03-31,0
2021-01-28,88710,2020-03-31,3,,,,,,,,,,,,,,,,,,,,189033000000,122565000000,0.648,,122565000000,,,,,,,,,,,,true,false,12,2019-04-01,2020-03-31,-1
2021-01-28,88710,2020-03-31,3,,,,,,,,,,,,,,,,,,,,,,,,,,,,,85.00,,,,35784000,522492,,false,false,12,2019-04-01,2020-03-31,-1
2021-01-28,88710,2021-03-31,3,,,,,,,,,,,,,,,,,,,,,,,,,,,,,25.00,,,,,,,false,false,12,2020-04-01,2021-03-31,0
2021-01-28,88710,2021-03-31,3,,,,,,,,,,,,,,,,,,,,,,,,,,,,,50.00,,,,,,,false,true,12,2020-04-01,2021-03-31,0
2021-01-28,88710,2021-03-31,3,,,,,,,,,,,,,,,,,,,,,,,,,,,,,,,,,35784000,769602,35249224,false,false,9,2020-04-01,2020-12-31,0
2021-01-28,88710,2020-03-31,3,,,,,,,,,,,,,,,,,,,,,,,,,,,,,,,,,,,35261733,false,false,9,2019-04-01,2019-12-31,-1
2021-05-13,88710,2021-03-31,,28890000000,-0.170,,,,,6795000000,-0.410,6667000000,-0.410,,4304000000,,122.74,,0.035,0.036,0.235,,184907000000,122540000000,0.663,3576.63,122540000000,10736000000,-884000000,-7422000000,69004000000,,0.448,,,,,,true,false,12,2020-04-01,2021-03-31,0
2021-05-13,88710,2020-03-31,,34791000000,0.049,,,,,11508000000,0.395,11305000000,0.419,,7589000000,,215.25,,0.063,0.060,0.331,,189033000000,122565000000,0.648,3475.90,122565000000,5967000000,-3207000000,2981000000,66574000000,,0.395,,,,,,true,false,12,2019-04-01,2020-03-31,-1
2021-05-13,88710,2022-03-31,,35000000000,0.211,,,,,10100000000,0.486,10000000000,0.500,6400000000,,0.487,186.80,,,,,,,,,,,,,,,,0.375,,,,,,true,true,12,2021-04-01,2022-03-31,1
2021-05-13,88710,2021-03-31,,24379000000,-0.143,,,,,6984000000,-0.343,6763000000,-0.352,4664000000,,-0.344,132.99,,,,,,174640000000,117587000000,0.673,3432.09,117587000000,,,,,55.00,,,,35784000,1522672,35072615,false,false,12,2020-04-01,2021-03-31,0
2021-05-13,88710,2020-03-31,,28441000000,0.054,,,,,10638000000,0.476,10436000000,0.503,7111000000,,0.481,201.69,,,,,,177993000000,117252000000,0.659,3325.23,117252000000,,,,,85.00,,,,35784000,522492,35261693,false,false,12,2019-04-01,2020-03-31,-1
2021-05-13,88710,2022-03-31,,,,,,,,,,,,,,,,,,,,,,,,,,,,,,70.00,,,,,,,false,true,12,2021-04-01,2022-03-31,1
2021-07-30,88710,2022-03-31,1,5737000000,1.179,,,,,1900000000,,1885000000,,,1105000000,,32.28,,,,,,186968000000,122618000000,0.656,,122618000000,,,,,,,,,,,,true,false,3,2021-04-01,2021-06-30,0
2021-07-30,88710,2021-03-31,1,2632000000,-0.855,,,,,46000000,-0.994,25000000,-0.997,,-141000000,,-4.01,,,,,,,,,,,,,,,,,,,,,,true,false,3,2020-04-01,2020-06-30,-1
2021-07-30,88710,2022-03-31,1,35000000000,0.211,,,,,10100000000,0.486,10000000000,0.500,,6400000000,,186.80,,,,,,,,,,,,,,,,,,,,,,true,true,12,2021-04-01,2022-03-31,0
2021-07-30,88710,2021-03-31,1,,,,,,,,,,,,,,,,,,,,184907000000,122540000000,0.663,,122540000000,,,,,,,,,,,,true,false,12,2020-04-01,2021-03-31,-1
2021-07-30,88710,2021-03-31,1,,,,,,,,,,,,,,,,,,,,,,,,,,,,,55.00,,,,35784000,1522672,,false,false,12,2020-04-01,2021-03-31,-1
2021-07-30,88710,2022-03-31,1,,,,,,,,,,,,,,,,,,,,,,,,,,,,,70.00,,,,,,,false,true,12,2021-04-01,2022-03-31,0
2021-07-30,88710,2022-03-31,1,,,,,,,,,,,,,,,,,,,,,,,,,,,,,,,,,35784000,1522752,34261258,false,false,3,2021-04-01,2021-06-30,0
2021-07-30,88710,2021-03-31,1,,,,,,,,,,,,,,,,,,,,,,,,,,,,,,,,,,,35261505,false,false,3,2020-04-01,2020-06-30,-1
2021-10-29,88710,2022-03-31,2,9149000000,0.444,,,,,2430000000,4.793,2404000000,5.553,,1360000000,,39.73,,,,,,187934000000,122522000000,0.652,,122522000000,,,,,,,,,,,,true,false,6,2021-04-01,2021-09-30,0
2021-10-29,88710,2021-03-31,2,6335000000,-0.767,,,,,419000000,-0.961,366000000,-0.965,,97000000,,2.77,,,,,,,,,,,,,,,,,,,,,,true,false,6,2020-04-01,2020-09-30,-1
2021-10-29,88710,2022-03-31,2,35000000000,0.211,,,,,10100000000,0.486,10000000000,0.500,,6400000000,,186.80,,,,,,,,,,,,,,,,,,,,,,true,true,12,2021-04-01,2022-03-31,0
2021-10-29,88710,2021-03-31,2,,,,,,,,,,,,,,,,,,,,184907000000,122540000000,0.663,,122540000000,,,,,,,,,,,,true,false,12,2020-04-01,2021-03-31,-1
2021-10-29,88710,2021-03-31,2,,,,,,,,,,,,,,,,,,,,,,,,,,,,,55.00,,,,35784000,1522672,,false,false,12,2020-04-01,2021-03-31,-1
2021-10-29,88710,2022-03-31,2,,,,,,,,,,,,,,,,,,,,,,,,,,,,,35.00,,,,,,,false,false,12,2021-04-01,2022-03-31,0
2021-10-29,88710,2022-03-31,2,,,,,,,,,,,,,,,,,,,,,,,,,,,,,70.00,,,,,,,false,true,12,2021-04-01,2022-03-31,0
2021-10-29,88710,2022-03-31,2,,,,,,,,,,,,,,,,,,,,,,,,,,,,,,,,,35784000,1722752,34245952,false,false,6,2021-04-01,2021-09-30,0
2021-10-29,88710,2021-03-31,2,,,,,,,,,,,,,,,,,,,,,,,,,,,,,,,,,,,35261501,false,false,6,2020-04-01,2020-09-30,-1
2022-01-27,88710,2022-03-31,3,30092000000,0.306,,,,,10726000000,0.979,10696000000,0.996,,6697000000,,195.99,,,,,,204085000000,126389000000,0.619,,126389000000,,,,,,,,,,,,true,false,9,2021-04-01,2021-12-31,0
2022-01-27,88710,2021-03-31,3,23045000000,-0.251,,,,,5421000000,-0.507,5359000000,-0.506,,3296000000,,93.53,,,,,,,,,,,,,,,,,,,,,,true,false,9,2020-04-01,2020-12-31,-1
2022-01-27,88710,2022-03-31,3,35000000000,0.211,,,,,11300000000,0.663,11200000000,0.680,,7200000000,,210.15,,,,,,,,,,,,,,,,,,,,,,true,true,12,2021-04-01,2022-03-31,0
2022-01-27,88710,2021-03-31,3,,,,,,,,,,,,,,,,,,,,184907000000,122540000000,0.663,,122540000000,,,,,,,,,,,,true,false,12,2020-04-01,2021-03-31,-1
2022-01-27,88710,2021-03-31,3,,,,,,,,,,,,,,,,,,,,,,,,,,,,,55.00,,,,35784000,1522672,,false,false,12,2020-04-01,2021-03-31,-1
2022-01-27,88710,2022-03-31,3,,,,,,,,,,,,,,,,,,,,,,,,,,,,,35.00,,,,,,,false,false,12,2021-04-01,2022-03-31,0
2022-01-27,88710,2022-03-31,3,,,,,,,,,,,,,,,,,,,,,,,,,,,,,80.00,,,,,,,false,true,12,2021-04-01,2022-03-31,0
2022-01-27,88710,2022-03-31,3,,,,,,,,,,,,,,,,,,,,,,,,,,,,,,,,,35784000,1896252,34172725,false,false,9,2021-04-01,2021-12-31,0
2022-01-27,88710,2021-03-31,3,,,,,,,,,,,,,,,,,,,,,,,,,,,,,,,,,,,35249224,false,false,9,2020-04-01,2020-12-31,-1
2022-01-27,88710,2022-03-31,,35000000000,0.000,,,,,11300000000,0.119,11200000000,0.120,,7200000000,,210.15,,,,,,,,,,,,,,,,,,,,,,true,true,12,2021-04-01,2022-03-31,0
2022-01-27,88710,2021-03-31,,28890000000,,,,,,6795000000,,6667000000,,,4304000000,,122.74,,,,,,,,,,,,,,,,,,,,,,true,false,12,2020-04-01,2021-03-31,-1
2022-01-27,88710,2022-03-31,,,,,,,,,,,,,,,,,,,,,,,,,,,,,,80.00,,,,,,,false,true,12,2021-04-01,2022-03-31,0
2022-01-27,88710,2022-03-31,,,,,,,,,,,,,,,,,,,,,,,,,,,,,,35.00,,,,,,,false,false,12,2021-04-01,2022-03-31,0
2022-01-27,88710,2021-03-31,,,,,,,,,,,,,,,,,,,,,,,,,,,,,,55.00,,,,,,,false,false,12,2020-04-01,2021-03-31,-1
2022-05-12,88710,2022-03-31,,34245000000,0.185,,,,,11585000000,0.705,11544000000,0.732,,7597000000,,222.86,,0.061,0.060,0.338,,200475000000,127151000000,0.634,3761.62,127151000000,18346000000,-2329000000,-4533000000,80487000000,,0.359,,,,,,true,false,12,2021-04-01,2022-03-31,0
2022-05-12,88710,2021-03-31,,28890000000,-0.170,,,,,6795000000,-0.410,6667000000,-0.410,,4304000000,,122.74,,0.035,0.036,0.235,,184907000000,122540000000,0.663,3576.63,122540000000,10736000000,-884000000,-7422000000,69004000000,,0.448,,,,,,true,false,12,2020-04-01,2021-03-31,-1
2022-05-12,88710,2023-03-31,,30000000000,-0.124,,,,,10600000000,-0.085,10500000000,-0.091,,6800000000,,201.17,,,,,,,,,,,,,,,,0.398,,,,,,true,true,12,2022-04-01,2023-03-31,1
2022-05-12,88710,2022-03-31,,30159000000,0.237,,,,,11708000000,0.676,11610000000,0.717,7881000000,,0.690,231.18,,,,,,190367000000,122485000000,0.643,3623.57,122485000000,,,,,80.00,,,,35784000,1981652,34090310,false,false,12,2021-04-01,2022-03-31,0
2022-05-12,88710,2021-03-31,,24379000000,-0.143,,,,,6984000000,-0.343,6763000000,-0.352,4664000000,,-0.344,132.99,,,,,,174640000000,117587000000,0.673,3432.09,117587000000,,,,,55.00,,,,35784000,1522672,35072615,false,false,12,2020-04-01,2021-03-31,-1
2022-05-12,88710,2023-03-31,,,,,,,,,,,,,,,,,,,,,,,,,,,,,,80.00,,,,,,,false,true,12,2022-04-01,2023-03-31,1
2022-07-28,88710,2023-03-31,1,15029000000,1.619,,,,,8765000000,3.612,8739000000,3.635,,5326000000,,157.57,,,,,,192668000000,130954000000,0.680,,130954000000,,,,,,,,,,,,true,false,3,2022-04-01,2022-06-30,0
2022-07-28,88710,2022-03-31,1,5737000000,1.179,,,,,1900000000,,1885000000,,,1105000000,,32.28,,,,,,,,,,,,,,,,,,,,,,true,false,3,2021-04-01,2021-06-30,-1
2022-07-28,88710,2023-03-31,1,30000000000,-0.124,,,,,10600000000,-0.085,10500000000,-0.091,,6800000000,,201.17,,,,,,,,,,,,,,,,,,,,,,true,true,12,2022-04-01,2023-03-31,0
2022-07-28,88710,2022-03-31,1,,,,,,,,,,,,,,,,,,,,200475000000,127151000000,0.634,,127151000000,,,,,,,,,,,,true,false,12,2021-04-01,2022-03-31,-1
2022-07-28,88710,2022-03-31,1,,,,,,,,,,,,,,,,,,,,,,,,,,,,,80.00,,,,35784000,1981652,,false,false,12,2021-04-01,2022-03-31,-1
2022-07-28,88710,2023-03-31,1,,,,,,,,,,,,,,,,,,,,,,,,,,,,,80.00,,,,,,,false,true,12,2022-04-01,2023-03-31,0
2022-07-28,88710,2023-03-31,1,,,,,,,,,,,,,,,,,,,,,,,,,,,,,,,,,35784000,1981662,33802341,false,false,3,2022-04-01,2022-06-30,0
2022-07-28,88710,2022-03-31,1,,,,,,,,,,,,,,,,,,,,,,,,,,,,,,,,,,,34261258,false,false,3,2021-04-01,2021-06-30,-1
2022-10-27,88710,2023-03-31,2,19998000000,1.186,,,,,9970000000,3.102,9900000000,3.118,,6011000000,,177.99,,,,,,192305000000,130748000000,0.680,,130748000000,,,,,,,,,,,,true,false,6,2022-04-01,2022-09-30,0
2022-10-27,88710,2022-03-31,2,9149000000,0.444,,,,,2430000000,4.793,2404000000,5.553,,1360000000,,39.73,,,,,,,,,,,,,,,,,,,,,,true,false,6,2021-04-01,2021-09-30,-1
2022-10-27,88710,2023-03-31,2,30000000000,-0.124,,,,,10600000000,-0.085,10500000000,-0.091,,6800000000,,201.17,,,,,,,,,,,,,,,,,,,,,,true,true,12,2022-04-01,2023-03-31,0
2022-10-27,88710,2022-03-31,2,,,,,,,,,,,,,,,,,,,,200475000000,127151000000,0.634,,127151000000,,,,,,,,,,,,true,false,12,2021-04-01,2022-03-31,-1
2022-10-27,88710,2022-03-31,2,,,,,,,,,,,,,,,,,,,,,,,,,,,,,80.00,,,,35784000,1981652,,false,false,12,2021-04-01,2022-03-31,-1
2022-10-27,88710,2023-03-31,2,,,,,,,,,,,,,,,,,,,,,,,,,,,,,40.00,,,,,,,false,false,12,2022-04-01,2023-03-31,0
2022-10-27,88710,2023-03-31,2,,,,,,,,,,,,,,,,,,,,,,,,,,,,,80.00,,,,,,,false,true,12,2022-04-01,2023-03-31,0
2022-10-27,88710,2023-03-31,2,,,,,,,,,,,,,,,,,,,,,,,,,,,,,,,,,35784000,2481702,33775003,false,false,6,2022-04-01,2022-09-30,0
2022-10-27,88710,2022-03-31,2,,,,,,,,,,,,,,,,,,,,,,,,,,,,,,,,,,,34245952,false,false,6,2021-04-01,2021-09-30,-1
2023-01-26,88710,2023-03-31,3,23447000000,-0.221,,,,,10231000000,-0.046,10261000000,-0.041,,6511000000,,193.71,,,,,,189411000000,129915000000,0.686,,129915000000,,,,,,,,,,,,true,false,9,2022-04-01,2022-12-31,0
2023-01-26,88710,2022-03-31,3,30092000000,0.306,,,,,10726000000,0.979,10696000000,0.996,,6697000000,,195.99,,,,,,,,,,,,,,,,,,,,,,true,false,9,2021-04-01,2021-12-31,-1
2023-01-26,88710,2023-03-31,3,30000000000,-0.124,,,,,10600000000,-0.085,10500000000,-0.091,,6800000000,,201.17,,,,,,,,,,,,,,,,,,,,,,true,true,12,2022-04-01,2023-03-31,0
2023-01-26,88710,2022-03-31,3,,,,,,,,,,,,,,,,,,,,200475000000,127151000000,0.634,,127151000000,,,,,,,,,,,,true,false,12,2021-04-01,2022-03-31,-1
2023-01-26,88710,2022-03-31,3,,,,,,,,,,,,,,,,,,,,,,,,,,,,,80.00,,,,35784000,1981652,,false,false,12,2021-04-01,2022-03-31,-1
2023-01-26,88710,2023-03-31,3,,,,,,,,,,,,,,,,,,,,,,,,,,,,,40.00,,,,,,,false,false,12,2022-04-01,2023-03-31,0
2023-01-26,88710,2023-03-31,3,,,,,,,,,,,,,,,,,,,,,,,,,,,,,80.00,,,,,,,false,true,12,2022-04-01,2023-03-31,0
2023-01-26,88710,2023-03-31,3,,,,,,,,,,,,,,,,,,,,,,,,,,,,,,,,,35784000,2481762,33616856,false,false,9,2022-04-01,2022-12-31,0
2023-01-26,88710,2022-03-31,3,,,,,,,,,,,,,,,,,,,,,,,,,,,,,,,,,,,34172725,false,false,9,2021-04-01,2021-12-31,-1
2023-05-11,88710,2023-03-31,,27453000000,-0.198,,,,,10553000000,-0.089,10554000000,-0.086,,7031000000,,209.65,,0.055,0.054,0.384,,189235000000,130435000000,0.689,3916.71,130435000000,-4112000000,2126000000,-3792000000,74709000000,,0.382,,,,,,true,false,12,2022-04-01,2023-03-31,0
2023-05-11,88710,2022-03-31,,34245000000,0.185,,,,,11585000000,0.705,11544000000,0.732,,7597000000,,222.86,,0.061,0.060,0.338,,200475000000,127151000000,0.634,3761.62,127151000000,18346000000,-2329000000,-4533000000,80487000000,,0.359,,,,,,true,false,12,2021-04-01,2022-03-31,-1
2023-05-11,88710,2024-03-31,,24000000000,-0.126,,,,,5000000000,-0.526,4700000000,-0.555,,3000000000,,90.08,,,,,,,,,,,,,,,,0.888,,,,,,true,true,12,2023-04-01,2024-03-31,1
2023-05-11,88710,2023-03-31,,22340000000,-0.259,,,,,10339000000,-0.117,10354000000,-0.108,7077000000,,-0.102,211.01,,,,,,179060000000,125817000000,0.703,3778.06,125817000000,,,,,80.00,,,,35784000,2481762,33539279,false,false,12,2022-04-01,2023-03-31,0
2023-05-11,88710,2022-03-31,,30159000000,0.237,,,,,11708000000,0.676,11610000000,0.717,7881000000,,0.690,231.18,,,,,,190367000000,122485000000,0.643,3623.57,122485000000,,,,,80.00,,,,35784000,1981652,34090310,false,false,12,2021-04-01,2022-03-31,-1
2023-05-11,88710,2024-03-31,,,,,,,,,,,,,,,,,,,,,,,,,,,,,,80.00,,,,,,,false,true,12,2023-04-01,2024-03-31,1
2023-07-27,88710,2024-03-31,1,2533000000,-0.831,,,,,-212000000,,-261000000,,,-391000000,,-11.77,,,,,,186480000000,128610000000,0.690,,128610000000,,,,,,,,,,,,true,false,3,2023-04-01,2023-06-30,0
2023-07-27,88710,2023-03-31,1,15029000000,1.619,,,,,8765000000,3.612,8739000000,3.635,,5326000000,,157.57,,,,,,,,,,,,,,,,,,,,,,true,false,3,2022-04-01,2022-06-30,-1
2023-07-27,88710,2024-03-31,1,24000000000,-0.126,,,,,5000000000,-0.526,4700000000,-0.555,,3000000000,,90.08,,,,,,,,,,,,,,,,,,,,,,true,true,12,2023-04-01,2024-03-31,0
2023-07-27,88710,2023-03-31,1,,,,,,,,,,,,,,,,,,,,189235000000,130435000000,0.689,,130435000000,,,,,,,,,,,,true,false,12,2022-04-01,2023-03-31,-1
2023-07-27,88710,2023-03-31,1,,,,,,,,,,,,,,,,,,,,,,,,,,,,,80.00,,,,35784000,2481762,,false,false,12,2022-04-01,2023-03-31,-1
2023-07-27,88710,2024-03-31,1,,,,,,,,,,,,,,,,,,,,,,,,,,,,,80.00,,,,,,,false,true,12,2023-04-01,2024-03-31,0
2023-07-27,88710,2024-03-31,1,,,,,,,,,,,,,,,,,,,,,,,,,,,,,,,,,35784000,2540502,33279748,false,false,3,2023-04-01,2023-06-30,0
2023-07-27,88710,2023-03-31,1,,,,,,,,,,,,,,,,,,,,,,,,,,,,,,,,,,,33802341,false,false,3,2022-04-01,2022-06-30,-1
2023-10-26,88710,2024-03-31,2,6287000000,-0.686,,,,,381000000,-0.962,286000000,-0.971,,57000000,,1.73,,,,,,188486000000,129045000000,0.685,,129045000000,,,,,,,,,,,,true,false,6,2023-04-01,2023-09-30,0
2023-10-26,88710,2023-03-31,2,19998000000,1.186,,,,,9970000000,3.102,9900000000,3.118,,6011000000,,177.99,,,,,,,,,,,,,,,,,,,,,,true,false,6,2022-04-01,2022-09-30,-1
2023-10-26,88710,2024-03-31,2,24000000000,-0.126,,,,,5000000000,-0.526,4700000000,-0.555,,3000000000,,90.08,,,,,,,,,,,,,,,,,,,,,,true,true,12,2023-04-01,2024-03-31,0
2023-10-26,88710,2023-03-31,2,,,,,,,,,,,,,,,,,,,,189235000000,130435000000,0.689,,130435000000,,,,,,,,,,,,true,false,12,2022-04-01,2023-03-31,-1
2023-10-26,88710,2023-03-31,2,,,,,,,,,,,,,,,,,,,,,,,,,,,,,80.00,,,,35784000,2481762,,false,false,12,2022-04-01,2023-03-31,-1
2023-10-26,88710,2024-03-31,2,,,,,,,,,,,,,,,,,,,,,,,,,,,,,40.00,,,,,,,false,false,12,2023-04-01,2024-03-31,0
2023-10-26,88710,2024-03-31,2,,,,,,,,,,,,,,,,,,,,,,,,,,,,,80.00,,,,,,,false,true,12,2023-04-01,2024-03-31,0
2023-10-26,88710,2024-03-31,2,,,,,,,,,,,,,,,,,,,,,,,,,,,,,,,,,35784000,2548802,33258217,false,false,6,2023-04-01,2023-09-30,0
2023-10-26,88710,2023-03-31,2,,,,,,,,,,,,,,,,,,,,,,,,,,,,,,,,,,,33775003,false,false,6,2022-04-01,2022-09-30,-1
2024-01-25,88710,2024-03-31,3,12783000000,-0.455,,,,,1422000000,-0.861,1272000000,-0.876,,789000000,,23.75,,,,,,186921000000,128448000000,0.687,,128448000000,,,,,,,,,,,,true,false,9,2023-04-01,2023-12-31,0
2024-01-25,88710,2023-03-31,3,23447000000,-0.221,,,,,10231000000,-0.046,10261000000,-0.041,,6511000000,,193.71,,,,,,,,,,,,,,,,,,,,,,true,false,9,2022-04-01,2022-12-31,-1
2024-01-25,88710,2024-03-31,3,24000000000,-0.126,,,,,5000000000,-0.526,4700000000,-0.555,,3000000000,,90.08,,,,,,,,,,,,,,,,,,,,,,true,true,12,2023-04-01,2024-03-31,0
2024-01-25,88710,2023-03-31,3,,,,,,,,,,,,,,,,,,,,189235000000,130435000000,0.689,,130435000000,,,,,,,,,,,,true,false,12,2022-04-01,2023-03-31,-1
2024-01-25,88710,2023-03-31,3,,,,,,,,,,,,,,,,,,,,,,,,,,,,,80.00,,,,35784000,2481762,,false,false,12,2022-04-01,2023-03-31,-1
2024-01-25,88710,2024-03-31,3,,,,,,,,,,,,,,,,,,,,,,,,,,,,,40.00,,,,,,,false,false,12,2023-04-01,2024-03-31,0
2024-01-25,88710,2024-03-31,3,,,,,,,,,,,,,,,,,,,,,,,,,,,,,80.00,,,,,,,false,true,12,2023-04-01,2024-03-31,0
2024-01-25,88710,2024-03-31,3,,,,,,,,,,,,,,,,,,,,,,,,,,,,,,,,,35784000,2548852,33250506,false,false,9,2023-04-01,2023-12-31,0
2024-01-25,88710,2023-03-31,3,,,,,,,,,,,,,,,,,,,,,,,,,,,,,,,,,,,33616856,false,false,9,2022-04-01,2022-12-31,-1
2024-05-09,88710,2024-03-31,,24845000000,-0.095,,,,,5735000000,-0.457,5521000000,-0.477,,3753000000,,112.90,,0.029,0.028,0.222,,203808000000,131413000000,0.645,3954.06,131413000000,5092000000,-179000000,-1428000000,78195000000,,0.709,,,,,,true,false,12,2023-04-01,2024-03-31,0
2024-05-09,88710,2023-03-31,,27453000000,-0.198,,,,,10553000000,-0.089,10554000000,-0.086,,7031000000,,209.65,,0.055,0.054,0.384,,189235000000,130435000000,0.689,3916.71,130435000000,-4112000000,2126000000,-3792000000,74709000000,,0.382,,,,,,true,false,12,2022-04-01,2023-03-31,-1
2024-05-09,88710,2025-03-31,,26500000000,0.067,,,,,6300000000,0.098,6000000000,0.087,,4000000000,,120.35,,,,,,,,,,,,,,,,0.665,,,,,,true,true,12,2024-04-01,2025-03-31,1
2024-05-09,88710,2024-03-31,,18098000000,-0.190,,,,,4654000000,-0.550,4550000000,-0.561,3182000000,,-0.550,95.72,,,,,,192374000000,126221000000,0.656,3797.84,126221000000,,,,,80.00,,,,35784000,2548852,33246688,false,false,12,2023-04-01,2024-03-31,0
2024-05-09,88710,2023-03-31,,22340000000,-0.259,,,,,10339000000,-0.117,10354000000,-0.108,7077000000,,-0.102,211.01,,,,,,179060000000,125817000000,0.703,3778.06,125817000000,,,,,80.00,,,,35784000,2481762,33539279,false,false,12,2022-04-01,2023-03-31,-1
2024-05-09,88710,2025-03-31,,,,,,,,,,,,,,,,,,,,,,,,,,,,,,80.00,,,,,,,false,true,12,2024-04-01,2025-03-31,1
2024-07-31,88710,2025-03-31,1,6741000000,1.661,,,,,1770000000,,1689000000,,,1165000000,,35.07,,,,,,197877000000,131320000000,0.664,,131320000000,,,,,,,,,,,,true,false,3,2024-04-01,2024-06-30,0
2024-07-31,88710,2024-03-31,1,2533000000,-0.831,,,,,-212000000,,-261000000,,,-391000000,,-11.77,,,,,,,,,,,,,,,,,,,,,,true,false,3,2023-04-01,2023-06-30,-1
2024-07-31,88710,2025-03-31,1,26500000000,0.067,,,,,6300000000,0.098,6000000000,0.087,,4000000000,,120.35,,,,,,,,,,,,,,,,,,,,,,true,true,12,2024-04-01,2025-03-31,0
2024-07-31,88710,2024-03-31,1,,,,,,,,,,,,,,,,,,,,203808000000,131413000000,0.645,,131413000000,,,,,,,,,,,,true,false,12,2023-04-01,2024-03-31,-1
2024-07-31,88710,2024-03-31,1,,,,,,,,,,,,,,,,,,,,,,,,,,,,,80.00,,,,35784000,2548852,,false,false,12,2023-04-01,2024-03-31,-1
2024-07-31,88710,2025-03-31,1,,,,,,,,,,,,,,,,,,,,,,,,,,,,,80.00,,,,,,,false,true,12,2024-04-01,2025-03-31,0
2024-07-31,88710,2025-03-31,1,,,,,,,,,,,,,,,,,,,,,,,,,,,,,,,,,35784000,2548938,33235113,false,false,3,2024-04-01,2024-06-30,0
2024-07-31,88710,2024-03-31,1,,,,,,,,,,,,,,,,,,,,,,,,,,,,,,,,,,,33279748,false,false,3,2023-04-01,2023-06-30,-1
2024-10-31,88710,2025-03-31,2,13708000000,1.180,,,,,3648000000,8.553,3482000000,,,2371000000,,71.34,,,,,,195447000000,132457000000,0.678,,132457000000,,,,,,,,,,,,true,false,6,2024-04-01,2024-09-30,0
2024-10-31,88710,2024-03-31,2,6287000000,-0.686,,,,,381000000,-0.962,286000000,-0.971,,57000000,,1.73,,,,,,,,,,,,,,,,,,,,,,true,false,6,2023-04-01,2023-09-30,-1
2024-10-31,88710,2025-03-31,2,26500000000,0.067,,,,,6300000000,0.098,6000000000,0.087,,4000000000,,120.35,,,,,,,,,,,,,,,,,,,,,,true,true,12,2024-04-01,2025-03-31,0
2024-10-31,88710,2024-03-31,2,,,,,,,,,,,,,,,,,,,,203808000000,131413000000,0.645,,131413000000,,,,,,,,,,,,true,false,12,2023-04-01,2024-03-31,-1
2024-10-31,88710,2024-03-31,2,,,,,,,,,,,,,,,,,,,,,,,,,,,,,80.00,,,,35784000,2548852,,false,false,12,2023-04-01,2024-03-31,-1
2024-10-31,88710,2025-03-31,2,,,,,,,,,,,,,,,,,,,,,,,,,,,,,40.00,,,,,,,false,false,12,2024-04-01,2025-03-31,0
2024-10-31,88710,2025-03-31,2,,,,,,,,,,,,,,,,,,,,,,,,,,,,,80.00,,,,,,,false,true,12,2024-04-01,2025-03-31,0
2024-10-31,88710,2025-03-31,2,,,,,,,,,,,,,,,,,,,,,,,,,,,,,,,,,35784000,2548938,33235087,false,false,6,2024-04-01,2024-09-30,0
2024-10-31,88710,2024-03-31,2,,,,,,,,,,,,,,,,,,,,,,,,,,,,,,,,,,,33258217,false,false,6,2023-04-01,2023-09-30,-1
2025-01-31,88710,2025-03-31,3,24252000000,0.897,,,,,6847000000,3.814,6551000000,4.150,,4593000000,,138.20,,,,,,209982000000,133354000000,0.635,,133354000000,,,,,,,,,,,,true,false,9,2024-04-01,2024-12-31,0
2025-01-31,88710,2024-03-31,3,12783000000,-0.455,,,,,1422000000,-0.861,1272000000,-0.876,,789000000,,23.75,,,,,,,,,,,,,,,,,,,,,,true,false,9,2023-04-01,2023-12-31,-1
2025-01-31,88710,2025-03-31,3,26500000000,0.067,,,,,6300000000,0.098,6000000000,0.087,,4000000000,,120.35,,,,,,,,,,,,,,,,,,,,,,true,true,12,2024-04-01,2025-03-31,0
2025-01-31,88710,2024-03-31,3,,,,,,,,,,,,,,,,,,,,203808000000,131413000000,0.645,,131413000000,,,,,,,,,,,,true,false,12,2023-04-01,2024-03-31,-1
2025-01-31,88710,2024-03-31,3,,,,,,,,,,,,,,,,,,,,,,,,,,,,,80.00,,,,35784000,2548852,,false,false,12,2023-04-01,2024-03-31,-1
2025-01-31,88710,2025-03-31,3,,,,,,,,,,,,,,,,,,,,,,,,,,,,,40.00,,,,,,,false,false,12,2024-04-01,2025-03-31,0
2025-01-31,88710,2025-03-31,3,,,,,,,,,,,,,,,,,,,,,,,,,,,,,80.00,,,,,,,false,true,12,2024-04-01,2025-03-31,0
2025-01-31,88710,2025-03-31,3,,,,,,,,,,,,,,,,,,,,,,,,,,,,,,,,,35784000,2548938,33235079,false,false,9,2024-04-01,2024-12-31,0
2025-01-31,88710,2024-03-31,3,,,,,,,,,,,,,,,,,,,,,,,,,,,,,,,,,,,33250506,false,false,9,2023-04-01,2023-12-31,-1
2025-04-30,88710,2025-03-31,,29200000000,0.102,,,,,7500000000,0.190,7000000000,0.167,,5000000000,,150.44,,,,,,,,,,,,,,,,,,,,,,true,true,12,2024-04-01,2025-03-31,0
2025-04-30,88710,2024-03-31,,24845000000,,,,,,5735000000,,5521000000,,,3753000000,,112.90,,,,,,,,,,,,,,,,,,,,,,true,false,12,2023-04-01,2024-03-31,-1
2025-05-14,88710,2025-03-31,,29294000000,0.179,,,,,7518000000,0.311,7044000000,0.276,,5014000000,,150.88,,0.038,0.033,0.257,,222689000000,133771000000,0.601,4025.01,133771000000,-8455000000,-15373000000,23266000000,77632000000,,0.663,,,,,,true,false,12,2024-04-01,2025-03-31,0
2025-05-14,88710,2024-03-31,,24845000000,-0.095,,,,,5735000000,-0.457,5521000000,-0.477,,3753000000,,112.90,,0.029,0.028,0.222,,203808000000,131413000000,0.645,3954.06,131413000000,5092000000,-179000000,-1428000000,78194000000,,0.709,,,,,,true,false,12,2023-04-01,2024-03-31,-1
2025-05-14,88710,2026-03-31,,30000000000,0.024,,,,,7900000000,0.051,7500000000,0.065,,5000000000,,150.44,,,,,,,,,,,,,,,,0.665,,,,,,true,true,12,2025-04-01,2026-03-31,1
2025-05-14,88710,2025-03-31,,21516000000,0.189,,,,,6082000000,0.307,5974000000,0.313,4286000000,,0.347,128.98,,,,,,210711000000,127849000000,0.607,3846.83,127849000000,,,,,100.00,,,,35784000,2548938,33235075,false,false,12,2024-04-01,2025-03-31,0
2025-05-14,88710,2024-03-31,,18098000000,-0.190,,,,,4654000000,-0.550,4550000000,-0.561,3182000000,,-0.550,95.72,,,,,,192374000000,126221000000,0.656,3797.84,126221000000,,,,,80.00,,,,35784000,2548852,33246688,false,false,12,2023-04-01,2024-03-31,-1
2025-05-14,88710,2026-03-31,,,,,,,,,,,,,,,,,,,,,,,,,,,,,,100.00,,,,,,,false,true,12,2025-04-01,2026-03-31,1
2025-07-28,88710,2026-03-31,1,10758000000,0.596,,,,,3819000000,1.157,3715000000,1.199,,2496000000,,75.12,,,,,,228020000000,134442000000,0.590,,134442000000,,,,,,,,,,,,true,false,3,2025-04-01,2025-06-30,0
2025-07-28,88710,2025-03-31,1,6741000000,1.661,,,,,1770000000,,1689000000,,,1165000000,,35.07,,,,,,,,,,,,,,,,,,,,,,true,false,3,2024-04-01,2024-06-30,-1
2025-07-28,88710,2026-03-31,1,30000000000,0.024,,,,,7900000000,0.051,7500000000,0.065,,5000000000,,150.44,,,,,,,,,,,,,,,,,,,,,,true,true,12,2025-04-01,2026-03-31,0
2025-07-28,88710,2025-03-31,1,,,,,,,,,,,,,,,,,,,,222689000000,133771000000,0.601,,133771000000,,,,,,,,,,,,true,false,12,2024-04-01,2025-03-31,-1
2025-07-28,88710,2025-03-31,1,,,,,,,,,,,,,,,,,,,,,,,,,,,,,100.00,,,,35784000,2548938,,false,false,12,2024-04-01,2025-03-31,-1
2025-07-28,88710,2026-03-31,1,,,,,,,,,,,,,,,,,,,,,,,,,,,,,100.00,,,,,,,false,true,12,2025-04-01,2026-03-31,0
2025-07-28,88710,2026-03-31,1,,,,,,,,,,,,,,,,,,,,,,,,,,,,,,,,,35784000,2548938,33235062,false,false,3,2025-04-01,2025-06-30,0
2025-07-28,88710,2025-03-31,1,,,,,,,,,,,,,,,,,,,,,,,,,,,,,,,,,,,33235113,false,false,3,2024-04-01,2024-06-30,-1
