filing_date,code,fiscal_year_end,quarterly_period,net_sales,net_sales_change,revenue,revenue_change,operating_revenue,operating_revenue_change,operating_profit,operating_profit_change,ordinary_profit,ordinary_profit_change,net_income,net_income_of_parent,net_income_change,eps,diluted_eps,roe,roa,operating_profit_to_net_sales,operating_profit_to_revenue,total_assets,net_assets,equity_ratio,bps,owner_equity,operating_cash_flow,investing_cash_flow,financing_cash_flow,cash,dividend_per_share,payout_ratio,commemorative_dividend,extra_dividend,number_of_shares,number_of_treqsury_shares,avg_number_of_shares,is_consolidated,is_forecast,duration,period_start,period_end,period_pos
2015-07-31,88980,2016-03-31,1,,,,,893000000,0.070,271000000,0.090,286000000,0.101,184000000,,0.155,17.48,,,,,,5290000000,4475000000,0.846,,4475000000,,,,,,,,,11325000,747500,10577500,false,false,3,2015-04-01,2015-06-30,0
2015-07-31,88980,2015-03-31,1,,,,,835000000,0.010,248000000,-0.019,260000000,-0.024,160000000,,0.008,15.13,,,,,,,,,,,,,,,,,,,,,10577500,false,false,3,2014-04-01,2014-06-30,-1
2015-07-31,88980,2016-03-31,1,,,,,1774000000,0.035,533000000,0.000,569000000,0.005,367000000,,0.037,34.71,,,,,,,,,,,,,,,,,,,,,,false,true,6,2015-04-01,2015-09-30,0
2015-07-31,88980,2016-03-31,1,,,,,3698000000,0.035,1124000000,0.024,1192000000,0.025,769000000,,0.051,72.70,,,,,,,,,,,,,,,40.00,,,,,,,false,true,12,2015-04-01,2016-03-31,0
2015-07-31,88980,2015-03-31,1,,,,,,,,,,,,,,,,,,,,5461000000,4533000000,0.830,,4533000000,,,,,25.00,,,,11325000,747500,,false,false,12,2014-04-01,2015-03-31,-1
2015-10-27,88980,2016-03-31,2,,,,,1818000000,0.062,574000000,0.076,611000000,0.080,394000000,,0.116,37.34,,,,,,5452000000,4598000000,0.843,,4598000000,,,,,,,,,11325000,747500,10577500,false,false,6,2015-04-01,2015-09-30,0
2015-10-27,88980,2015-03-31,2,,,,,1713000000,0.024,534000000,0.040,566000000,0.034,353000000,,0.086,33.47,,,,,,,,,,,,,,,,,,,,,10577500,false,false,6,2014-04-01,2014-09-30,-1
2015-10-27,88980,2016-03-31,2,,,,,3698000000,0.035,1124000000,0.024,1192000000,0.025,769000000,,0.051,72.70,,,,,,,,,,,,,,,40.00,,,,,,,false,true,12,2015-04-01,2016-03-31,0
2015-10-27,88980,2015-03-31,2,,,,,,,,,,,,,,,,,,,,5461000000,4533000000,0.830,,4533000000,,,,,25.00,,,,11325000,747500,,false,false,12,2014-04-01,2015-03-31,-1
2015-10-27,88980,2016-03-31,2,,,,,,,,,,,,,,,,,,,,,,,,,,,,,20.00,,,,,,,false,false,12,2015-04-01,2016-03-31,0
2016-01-28,88980,2016-03-31,3,,,,,2810000000,0.073,917000000,0.099,961000000,0.101,621000000,,0.141,58.77,,,,,,5454000000,4638000000,0.850,,4638000000,,,,,,,,,11325000,747500,10577500,false,false,9,2015-04-01,2015-12-31,0
2016-01-28,88980,2015-03-31,3,,,,,2619000000,0.021,834000000,0.023,873000000,0.019,544000000,,0.086,51.51,,,,,,,,,,,,,,,,,,,,,10577500,false,false,9,2014-04-01,2014-12-31,-1
2016-01-28,88980,2016-03-31,3,,,,,3800000000,0.064,1150000000,0.046,1219000000,0.048,786000000,,0.075,74.31,,,,,,,,,,,,,,,40.00,,,,,,,false,true,12,2015-04-01,2016-03-31,0
2016-01-28,88980,2015-03-31,3,,,,,,,,,,,,,,,,,,,,5461000000,4533000000,0.830,,4533000000,,,,,25.00,,,,11325000,747500,,false,false,12,2014-04-01,2015-03-31,-1
2016-01-28,88980,2016-03-31,3,,,,,,,,,,,,,,,,,,,,,,,,,,,,,20.00,,,,,,,false,false,12,2015-04-01,2016-03-31,0
2016-01-28,88980,2016-03-31,,,,,,3800000000,0.027,1150000000,0.022,1219000000,0.022,786000000,,0.023,74.31,,,,,,,,,,,,,,,,,,,,,,false,true,12,2015-04-01,2016-03-31,0
2016-01-28,88980,2015-03-31,,,,,,3572000000,,1099000000,,1163000000,,731000000,,,69.14,,,,,,,,,,,,,,,,,,,,,,false,false,12,2014-04-01,2015-03-31,-1
2016-04-25,88980,2016-03-31,,,,,,3842000000,0.076,1197000000,0.090,1264000000,0.087,851000000,,0.165,80.54,,0.180,0.222,,,5922000000,4909000000,0.829,464.11,4909000000,932000000,-643000000,-498000000,129000000,45.00,0.559,,,11325000,747546,10577489,false,false,12,2015-04-01,2016-03-31,0
2016-04-25,88980,2015-03-31,,,,,,3572000000,0.026,1099000000,0.027,1163000000,0.024,731000000,,0.085,69.14,,0.172,0.224,,,5461000000,4533000000,0.830,428.59,4533000000,757000000,-1117000000,-333000000,338000000,25.00,0.579,,,11325000,747500,10577500,false,false,12,2014-04-01,2015-03-31,-1
2016-04-25,88980,2017-03-31,,,,,,1920000000,0.056,549000000,-0.044,582000000,-0.048,392000000,,-0.007,37.06,,,,,,,,,,,,,,,,,,,,,,false,true,6,2016-04-01,2016-09-30,1
2016-04-25,88980,2017-03-31,,,,,,4061000000,0.057,1199000000,0.002,1267000000,0.003,852000000,,0.001,80.55,,,,,,,,,,,,,,,45.00,0.558,,,,,,false,true,12,2016-04-01,2017-03-31,1
2016-07-29,88980,2017-03-31,1,,,,,1006000000,0.126,336000000,0.240,354000000,0.235,238000000,,0.291,22.57,,,,,,5731000000,4865000000,0.849,,4865000000,,,,,,,,,11325000,747546,10577454,false,false,3,2016-04-01,2016-06-30,0
2016-07-29,88980,2016-03-31,1,,,,,893000000,0.070,271000000,0.090,286000000,0.101,184000000,,0.155,17.48,,,,,,,,,,,,,,,,,,,,,10577500,false,false,3,2015-04-01,2015-06-30,-1
2016-07-29,88980,2017-03-31,1,,,,,1920000000,0.056,549000000,-0.044,582000000,-0.048,392000000,,-0.007,37.06,,,,,,,,,,,,,,,,,,,,,,false,true,6,2016-04-01,2016-09-30,0
2016-07-29,88980,2017-03-31,1,,,,,4061000000,0.057,1199000000,0.002,1267000000,0.003,852000000,,0.001,80.55,,,,,,,,,,,,,,,45.00,,,,,,,false,true,12,2016-04-01,2017-03-31,0
2016-07-29,88980,2016-03-31,1,,,,,,,,,,,,,,,,,,,,5922000000,4909000000,0.829,,4909000000,,,,,45.00,,,,11325000,747546,,false,false,12,2015-04-01,2016-03-31,-1
2016-10-31,88980,2017-03-31,2,,,,,2024000000,0.113,679000000,0.183,721000000,0.178,486000000,,0.231,45.95,,,,,,6075000000,5133000000,0.845,,5133000000,,,,,,,,,11325000,747546,10577454,false,false,6,2016-04-01,2016-09-30,0
2016-10-31,88980,2016-03-31,2,,,,,1818000000,0.062,574000000,0.076,611000000,0.080,394000000,,0.116,37.34,,,,,,,,,,,,,,,,,,,,,10577500,false,false,6,2015-04-01,2015-09-30,-1
2016-10-31,88980,2017-03-31,2,,,,,4182000000,0.089,1301000000,0.086,1376000000,0.089,920000000,,0.081,86.98,,,,,,,,,,,,,,,48.00,,,,,,,false,true,12,2016-04-01,2017-03-31,0
2016-10-31,88980,2016-03-31,2,,,,,,,,,,,,,,,,,,,,5922000000,4909000000,0.829,,4909000000,,,,,45.00,,,,11325000,747546,,false,false,12,2015-04-01,2016-03-31,-1
2016-10-31,88980,2017-03-31,2,,,,,,,,,,,,,,,,,,,,,,,,,,,,,24.00,,,,,,,false,false,12,2016-04-01,2017-03-31,0
2017-01-30,88980,2017-03-31,3,,,,,3088000000,0.099,1075000000,0.172,1121000000,0.166,754000000,,0.214,71.35,,,,,,6215000000,5190000000,0.835,,5190000000,,,,,,,,,11325000,747546,10577454,false,false,9,2016-04-01,2016-12-31,0
2017-01-30,88980,2016-03-31,3,,,,,2810000000,0.073,917000000,0.099,961000000,0.101,621000000,,0.141,58.77,,,,,,,,,,,,,,,,,,,,,10577500,false,false,9,2015-04-01,2015-12-31,-1
2017-01-30,88980,2017-03-31,3,,,,,4182000000,0.089,1301000000,0.086,1376000000,0.089,920000000,,0.081,86.98,,,,,,,,,,,,,,,48.00,,,,,,,false,true,12,2016-04-01,2017-03-31,0
2017-01-30,88980,2016-03-31,3,,,,,,,,,,,,,,,,,,,,5922000000,4909000000,0.829,,4909000000,,,,,45.00,,,,11325000,747546,,false,false,12,2015-04-01,2016-03-31,-1
2017-01-30,88980,2017-03-31,3,,,,,,,,,,,,,,,,,,,,,,,,,,,,,24.00,,,,,,,false,false,12,2016-04-01,2017-03-31,0
2017-04-24,88980,2017-03-31,,,,,,4158000000,0.082,1345000000,0.124,1411000000,0.117,940000000,,0.104,88.93,,0.183,0.228,,,6453000000,5368000000,0.832,507.51,5368000000,915000000,-154000000,-658000000,232000000,50.00,0.562,,,11325000,747546,10577454,false,false,12,2016-04-01,2017-03-31,0
2017-04-24,88980,2016-03-31,,,,,,3842000000,0.076,1197000000,0.090,1264000000,0.087,851000000,,0.165,80.54,,0.180,0.222,,,5922000000,4909000000,0.829,464.11,4909000000,932000000,-643000000,-498000000,129000000,45.00,0.559,,,11325000,747546,10577489,false,false,12,2015-04-01,2016-03-31,-1
2017-04-24,88980,2018-03-31,,,,,,2049000000,0.012,677000000,-0.004,710000000,-0.015,478000000,,-0.015,45.19,,,,,,,,,,,,,,,,,,,,,,false,true,6,2017-04-01,2017-09-30,1
2017-04-24,88980,2018-03-31,,,,,,4166000000,0.002,1268000000,-0.057,1335000000,-0.054,900000000,,-0.043,85.08,,,,,,,,,,,,,,,50.00,0.588,,,,,,false,true,12,2017-04-01,2018-03-31,1
2017-07-31,88980,2018-03-31,1,,,,,990000000,-0.015,315000000,-0.061,333000000,-0.060,224000000,,-0.060,21.22,,,,,,6093000000,5270000000,0.865,,5270000000,,,,,,,,,11325000,747546,10577454,false,false,3,2017-04-01,2017-06-30,0
2017-07-31,88980,2017-03-31,1,,,,,1006000000,0.126,336000000,0.240,354000000,0.235,238000000,,0.291,22.57,,,,,,,,,,,,,,,,,,,,,10577454,false,false,3,2016-04-01,2016-06-30,-1
2017-07-31,88980,2018-03-31,1,,,,,2049000000,0.012,677000000,-0.004,710000000,-0.015,478000000,,-0.015,45.19,,,,,,,,,,,,,,,,,,,,,,false,true,6,2017-04-01,2017-09-30,0
2017-07-31,88980,2018-03-31,1,,,,,4166000000,0.002,1268000000,-0.057,1335000000,-0.054,900000000,,-0.043,85.08,,,,,,,,,,,,,,,50.00,,,,,,,false,true,12,2017-04-01,2018-03-31,0
2017-07-31,88980,2017-03-31,1,,,,,,,,,,,,,,,,,,,,6453000000,5368000000,0.832,,5368000000,,,,,50.00,,,,11325000,747546,,false,false,12,2016-04-01,2017-03-31,-1
2017-10-30,88980,2018-03-31,2,,,,,1989000000,-0.018,614000000,-0.096,654000000,-0.093,440000000,,-0.093,41.69,,,,,,6388000000,5482000000,0.858,,5482000000,,,,,,,,,11325000,747546,10577454,false,false,6,2017-04-01,2017-09-30,0
2017-10-30,88980,2017-03-31,2,,,,,2024000000,0.113,679000000,0.183,721000000,0.178,486000000,,0.231,45.95,,,,,,,,,,,,,,,,,,,,,10577454,false,false,6,2016-04-01,2016-09-30,-1
2017-10-30,88980,2018-03-31,2,,,,,4166000000,0.002,1268000000,-0.057,1335000000,-0.054,900000000,,-0.043,85.08,,,,,,,,,,,,,,,50.00,,,,,,,false,true,12,2017-04-01,2018-03-31,0
2017-10-30,88980,2017-03-31,2,,,,,,,,,,,,,,,,,,,,6453000000,5368000000,0.832,,5368000000,,,,,50.00,,,,11325000,747546,,false,false,12,2016-04-01,2017-03-31,-1
2017-10-30,88980,2018-03-31,2,,,,,,,,,,,,,,,,,,,,,,,,,,,,,25.00,,,,,,,false,false,12,2017-04-01,2018-03-31,0
2018-01-29,88980,2018-03-31,3,,,,,3037000000,-0.017,972000000,-0.096,1020000000,-0.090,687000000,,-0.089,65.02,,,,,,6259000000,5465000000,0.873,,5465000000,,,,,,,,,11325000,747546,10577454,false,false,9,2017-04-01,2017-12-31,0
2018-01-29,88980,2017-03-31,3,,,,,3088000000,0.099,1075000000,0.172,1121000000,0.166,754000000,,0.214,71.35,,,,,,,,,,,,,,,,,,,,,10577454,false,false,9,2016-04-01,2016-12-31,-1
2018-01-29,88980,2018-03-31,3,,,,,4166000000,0.002,1268000000,-0.057,1335000000,-0.054,900000000,,-0.043,85.08,,,,,,,,,,,,,,,50.00,,,,,,,false,true,12,2017-04-01,2018-03-31,0
2018-01-29,88980,2017-03-31,3,,,,,,,,,,,,,,,,,,,,6453000000,5368000000,0.832,,5368000000,,,,,50.00,,,,11325000,747546,,false,false,12,2016-04-01,2017-03-31,-1
2018-01-29,88980,2018-03-31,3,,,,,,,,,,,,,,,,,,,,,,,,,,,,,25.00,,,,,,,false,false,12,2017-04-01,2018-03-31,0
2018-04-26,88980,2018-03-31,,,,,,4077000000,-0.020,1206000000,-0.104,1275000000,-0.097,905000000,,-0.038,85.57,,0.164,0.196,,,6572000000,5678000000,0.864,536.87,5678000000,925000000,-221000000,-562000000,373000000,50.00,0.584,,,11325000,747546,10577454,false,false,12,2017-04-01,2018-03-31,0
2018-04-26,88980,2017-03-31,,,,,,4158000000,0.082,1345000000,0.124,1411000000,0.117,940000000,,0.104,88.93,,0.183,0.228,,,6453000000,5368000000,0.832,507.51,5368000000,915000000,-154000000,-658000000,232000000,50.00,0.562,,,11325000,747546,10577454,false,false,12,2016-04-01,2017-03-31,-1
2018-04-26,88980,2019-03-31,,,,,,2118000000,0.065,657000000,0.070,692000000,0.058,468000000,,0.061,44.25,,,,,,,,,,,,,,,,,,,,,,false,true,6,2018-04-01,2018-09-30,1
2018-04-26,88980,2019-03-31,,,,,,4351000000,0.067,1257000000,0.043,1338000000,0.049,910000000,,0.005,86.03,,,,,,,,,,,,,,,50.00,0.581,,,,,,false,true,12,2018-04-01,2019-03-31,1
2018-07-30,88980,2019-03-31,1,,,,,1008000000,0.018,305000000,-0.035,321000000,-0.035,218000000,,-0.026,20.66,,,,,,6456000000,5649000000,0.875,,5649000000,,,,,,,,,11325000,747546,10577454,false,false,3,2018-04-01,2018-06-30,0
2018-07-30,88980,2018-03-31,1,,,,,990000000,-0.015,315000000,-0.061,333000000,-0.060,224000000,,-0.060,21.22,,,,,,,,,,,,,,,,,,,,,10577454,false,false,3,2017-04-01,2017-06-30,-1
2018-07-30,88980,2019-03-31,1,,,,,2118000000,0.065,657000000,0.070,692000000,0.058,468000000,,0.061,44.25,,,,,,,,,,,,,,,,,,,,,,false,true,6,2018-04-01,2018-09-30,0
2018-07-30,88980,2019-03-31,1,,,,,4351000000,0.067,1257000000,0.043,1338000000,0.049,910000000,,0.005,86.03,,,,,,,,,,,,,,,50.00,,,,,,,false,true,12,2018-04-01,2019-03-31,0
2018-07-30,88980,2018-03-31,1,,,,,,,,,,,,,,,,,,,,6554000000,5678000000,0.866,,5678000000,,,,,50.00,,,,11325000,747546,,false,false,12,2017-04-01,2018-03-31,-1
2018-10-29,88980,2019-03-31,2,,,,,2027000000,0.019,604000000,-0.017,642000000,-0.018,436000000,,-0.010,41.27,,,,,,6739000000,5879000000,0.872,,5879000000,,,,,,,,,11325000,747546,10577454,false,false,6,2018-04-01,2018-09-30,0
2018-10-29,88980,2018-03-31,2,,,,,1989000000,-0.018,614000000,-0.096,654000000,-0.093,440000000,,-0.093,41.69,,,,,,,,,,,,,,,,,,,,,10577454,false,false,6,2017-04-01,2017-09-30,-1
2018-10-29,88980,2019-03-31,2,,,,,4351000000,0.067,1257000000,0.043,1338000000,0.049,910000000,,0.005,86.03,,,,,,,,,,,,,,,50.00,,,,,,,false,true,12,2018-04-01,2019-03-31,0
2018-10-29,88980,2018-03-31,2,,,,,,,,,,,,,,,,,,,,6554000000,5678000000,0.866,,5678000000,,,,,50.00,,,,11325000,747546,,false,false,12,2017-04-01,2018-03-31,-1
2018-10-29,88980,2019-03-31,2,,,,,,,,,,,,,,,,,,,,,,,,,,,,,25.00,,,,,,,false,false,12,2018-04-01,2019-03-31,0
2019-01-28,88980,2019-03-31,3,,,,,3101000000,0.021,942000000,-0.031,990000000,-0.029,622000000,,-0.095,58.86,,,,,,6648000000,5823000000,0.876,,5823000000,,,,,,,,,11325000,747546,10577454,false,false,9,2018-04-01,2018-12-31,0
2019-01-28,88980,2018-03-31,3,,,,,3037000000,-0.017,972000000,-0.096,1020000000,-0.090,687000000,,-0.089,65.02,,,,,,,,,,,,,,,,,,,,,10577454,false,false,9,2017-04-01,2017-12-31,-1
2019-01-28,88980,2019-03-31,3,,,,,4172000000,0.023,1173000000,-0.028,1243000000,-0.026,794000000,,-0.123,75.07,,,,,,,,,,,,,,,50.00,,,,,,,false,true,12,2018-04-01,2019-03-31,0
2019-01-28,88980,2018-03-31,3,,,,,,,,,,,,,,,,,,,,6554000000,5678000000,0.866,,5678000000,,,,,50.00,,,,11325000,747546,,false,false,12,2017-04-01,2018-03-31,-1
2019-01-28,88980,2019-03-31,3,,,,,,,,,,,,,,,,,,,,,,,,,,,,,25.00,,,,,,,false,false,12,2018-04-01,2019-03-31,0
2019-04-25,88980,2019-03-31,,,,,,4151000000,0.018,1207000000,0.001,1278000000,0.002,815000000,,-0.099,77.06,,0.139,0.189,,,6946000000,6044000000,0.870,571.41,6044000000,1035000000,-546000000,-533000000,329000000,50.00,0.649,,,11325000,747546,10577454,false,false,12,2018-04-01,2019-03-31,0
2019-04-25,88980,2018-03-31,,,,,,4077000000,-0.020,1206000000,-0.104,1275000000,-0.097,905000000,,-0.038,85.57,,0.164,0.197,,,6554000000,5678000000,0.866,536.87,5678000000,925000000,-221000000,-562000000,373000000,50.00,0.584,,,11325000,747546,10577454,false,false,12,2017-04-01,2018-03-31,-1
2019-04-25,88980,2020-03-31,,,,,,2061000000,0.017,560000000,-0.073,595000000,-0.074,403000000,,-0.077,38.10,,,,,,,,,,,,,,,,,,,,,,false,true,6,2019-04-01,2019-09-30,1
2019-04-25,88980,2020-03-31,,,,,,4278000000,0.030,1140000000,-0.056,1250000000,-0.022,850000000,,0.043,80.36,,,,,,,,,,,,,,,50.00,0.622,,,,,,false,true,12,2019-04-01,2020-03-31,1
2019-07-30,88980,2020-03-31,1,,,,,1058000000,0.049,317000000,0.042,332000000,0.035,226000000,,0.035,21.38,,,,,,6801000000,6028000000,0.886,,6028000000,,,,,,,,,11325000,747546,10577454,false,false,3,2019-04-01,2019-06-30,0
2019-07-30,88980,2019-03-31,1,,,,,1008000000,0.018,305000000,-0.035,321000000,-0.035,218000000,,-0.026,20.66,,,,,,,,,,,,,,,,,,,,,10577454,false,false,3,2018-04-01,2018-06-30,-1
2019-07-30,88980,2020-03-31,1,,,,,2061000000,0.017,560000000,-0.073,595000000,-0.074,403000000,,-0.077,38.10,,,,,,,,,,,,,,,,,,,,,,false,true,6,2019-04-01,2019-09-30,0
2019-07-30,88980,2020-03-31,1,,,,,4278000000,0.030,1140000000,-0.056,1250000000,-0.022,850000000,,0.043,80.36,,,,,,,,,,,,,,,50.00,,,,,,,false,true,12,2019-04-01,2020-03-31,0
2019-07-30,88980,2019-03-31,1,,,,,,,,,,,,,,,,,,,,6946000000,6044000000,0.870,,6044000000,,,,,50.00,,,,11325000,747546,,false,false,12,2018-04-01,2019-03-31,-1
2019-10-28,88980,2020-03-31,2,,,,,2093000000,0.033,589000000,-0.024,627000000,-0.023,426000000,,-0.023,40.34,,,,,,7133000000,6295000000,0.882,,6295000000,,,,,,,,,11325000,747546,10577454,false,false,6,2019-04-01,2019-09-30,0
2019-10-28,88980,2019-03-31,2,,,,,2027000000,0.019,604000000,-0.017,642000000,-0.018,436000000,,-0.010,41.27,,,,,,,,,,,,,,,,,,,,,10577454,false,false,6,2018-04-01,2018-09-30,-1
2019-10-28,88980,2020-03-31,2,,,,,4278000000,0.030,1140000000,-0.056,1250000000,-0.022,850000000,,0.043,80.36,,,,,,,,,,,,,,,50.00,,,,,,,false,true,12,2019-04-01,2020-03-31,0
2019-10-28,88980,2019-03-31,2,,,,,,,,,,,,,,,,,,,,6946000000,6044000000,0.870,,6044000000,,,,,50.00,,,,11325000,747546,,false,false,12,2018-04-01,2019-03-31,-1
2019-10-28,88980,2020-03-31,2,,,,,,,,,,,,,,,,,,,,,,,,,,,,,25.00,,,,,,,false,false,12,2019-04-01,2020-03-31,0
2020-01-30,88980,2020-03-31,3,,,,,3044000000,-0.018,817000000,-0.132,864000000,-0.127,588000000,,-0.056,55.59,,,,,,6842000000,6174000000,0.902,,6174000000,,,,,,,,,11325000,747546,10577454,false,false,9,2019-04-01,2019-12-31,0
2020-01-30,88980,2019-03-31,3,,,,,3101000000,0.021,942000000,-0.031,990000000,-0.029,622000000,,-0.095,58.86,,,,,,,,,,,,,,,,,,,,,10577454,false,false,9,2018-04-01,2018-12-31,-1
2020-01-30,88980,2020-03-31,3,,,,,4278000000,0.030,1140000000,-0.056,1250000000,-0.022,850000000,,0.043,80.36,,,,,,,,,,,,,,,50.00,,,,,,,false,true,12,2019-04-01,2020-03-31,0
2020-01-30,88980,2019-03-31,3,,,,,,,,,,,,,,,,,,,,6946000000,6044000000,0.870,,6044000000,,,,,50.00,,,,11325000,747546,,false,false,12,2018-04-01,2019-03-31,-1
2020-01-30,88980,2020-03-31,3,,,,,,,,,,,,,,,,,,,,,,,,,,,,,25.00,,,,,,,false,false,12,2019-04-01,2020-03-31,0
2020-03-26,88980,2020-03-31,,,,,,4063000000,-0.050,1052000000,-0.077,1118000000,-0.106,560000000,,-0.341,52.94,,,,,,,,,,,,,,,,,,,,,,false,true,12,2019-04-01,2020-03-31,0
2020-03-26,88980,2019-03-31,,,,,,4151000000,,1207000000,,1278000000,,815000000,,,77.06,,,,,,,,,,,,,,,,,,,,,,false,false,12,2018-04-01,2019-03-31,-1
2020-04-28,88980,2020-03-31,,,,,,4113000000,-0.009,1105000000,-0.084,1171000000,-0.084,585000000,,-0.282,55.34,,0.096,0.170,,,6872000000,6111000000,0.889,577.81,6111000000,796000000,3000000,-522000000,606000000,50.00,0.904,,,11325000,747546,10577454,false,false,12,2019-04-01,2020-03-31,0
2020-04-28,88980,2019-03-31,,,,,,4151000000,0.018,1207000000,0.001,1278000000,0.002,815000000,,-0.099,77.06,,0.139,0.189,,,6946000000,6044000000,0.870,571.41,6044000000,1035000000,-546000000,-533000000,329000000,50.00,0.649,,,11325000,747546,10577454,false,false,12,2018-04-01,2019-03-31,-1
2020-07-31,88980,2021-03-31,1,,,,,869000000,-0.178,217000000,-0.315,222000000,-0.331,151000000,,-0.330,14.32,,,,,,6675000000,6014000000,0.901,,6014000000,,,,,,,,,11325000,747546,10577454,false,false,3,2020-04-01,2020-06-30,0
2020-07-31,88980,2020-03-31,1,,,,,1058000000,0.049,317000000,0.042,332000000,0.035,226000000,,0.035,21.38,,,,,,,,,,,,,,,,,,,,,10577454,false,false,3,2019-04-01,2019-06-30,-1
2020-07-31,88980,2020-03-31,1,,,,,,,,,,,,,,,,,,,,6872000000,6111000000,0.889,,6111000000,,,,,50.00,,,,11325000,747546,,false,false,12,2019-04-01,2020-03-31,-1
2020-08-27,88980,2021-03-31,,,,,,3769000000,,794000000,,882000000,,600000000,,,56.72,,,,,,,,,,,,,,,40.00,,,,,,,false,true,12,2020-04-01,2021-03-31,0
2020-08-27,88980,2020-03-31,,,,,,4113000000,,1105000000,,1171000000,,585000000,,,55.34,,,,,,,,,,,,,,,50.00,,,,,,,false,false,12,2019-04-01,2020-03-31,-1
2020-10-26,88980,2021-03-31,2,,,,,1816000000,-0.133,483000000,-0.181,505000000,-0.194,344000000,,-0.193,32.62,,,,,,6720000000,6010000000,0.894,,6010000000,,,,,,,,,11325000,902546,10552044,false,false,6,2020-04-01,2020-09-30,0
2020-10-26,88980,2020-03-31,2,,,,,2093000000,0.033,589000000,-0.024,627000000,-0.023,426000000,,-0.023,40.34,,,,,,,,,,,,,,,,,,,,,10577454,false,false,6,2019-04-01,2019-09-30,-1
2020-10-26,88980,2021-03-31,2,,,,,3769000000,-0.084,794000000,-0.282,882000000,-0.247,600000000,,0.025,56.72,,,,,,,,,,,,,,,40.00,,,,,,,false,true,12,2020-04-01,2021-03-31,0
2020-10-26,88980,2020-03-31,2,,,,,,,,,,,,,,,,,,,,6872000000,6111000000,0.889,,6111000000,,,,,50.00,,,,11325000,747546,,false,false,12,2019-04-01,2020-03-31,-1
2020-10-26,88980,2021-03-31,2,,,,,,,,,,,,,,,,,,,,,,,,,,,,,20.00,,,,,,,false,false,12,2020-04-01,2021-03-31,0
2021-01-29,88980,2021-03-31,3,,,,,2866000000,-0.058,788000000,-0.036,850000000,-0.017,577000000,,-0.018,54.97,,,,,,6722000000,6035000000,0.898,,6035000000,,,,,,,,,11325000,902546,10508690,false,false,9,2020-04-01,2020-12-31,0
2021-01-29,88980,2020-03-31,3,,,,,3044000000,-0.018,817000000,-0.132,864000000,-0.127,588000000,,-0.056,55.59,,,,,,,,,,,,,,,,,,,,,10577454,false,false,9,2019-04-01,2019-12-31,-1
2021-01-29,88980,2021-03-31,3,,,,,3769000000,-0.084,794000000,-0.282,882000000,-0.247,600000000,,0.025,56.72,,,,,,,,,,,,,,,40.00,,,,,,,false,true,12,2020-04-01,2021-03-31,0
2021-01-29,88980,2020-03-31,3,,,,,,,,,,,,,,,,,,,,6872000000,6111000000,0.889,,6111000000,,,,,50.00,,,,11325000,747546,,false,false,12,2019-04-01,2020-03-31,-1
2021-01-29,88980,2021-03-31,3,,,,,,,,,,,,,,,,,,,,,,,,,,,,,20.00,,,,,,,false,false,12,2020-04-01,2021-03-31,0
2021-03-30,88980,2021-03-31,,,,,,3831000000,0.016,948000000,0.194,1016000000,0.152,690000000,,0.150,65.79,,,,,,,,,,,,,,,45.00,,,,,,,false,true,12,2020-04-01,2021-03-31,0
2021-03-30,88980,2020-03-31,,,,,,4113000000,,1105000000,,1171000000,,585000000,,,55.34,,,,,,,,,,,,,,,50.00,,,,,,,false,false,12,2019-04-01,2020-03-31,-1
2021-03-30,88980,2021-03-31,,,,,,,,,,,,,,,,,,,,,,,,,,,,,,20.00,,,,,,,false,false,12,2020-04-01,2021-03-31,0
2021-04-27,88980,2021-03-31,,,,,,3867000000,-0.060,943000000,-0.147,1023000000,-0.127,705000000,,0.205,67.23,,0.114,0.146,,,7097000000,6237000000,0.879,598.50,6237000000,1012000000,961000000,-634000000,1946000000,45.00,0.669,,,11325000,902546,10487427,false,false,12,2020-04-01,2021-03-31,0
2021-04-27,88980,2020-03-31,,,,,,4113000000,-0.009,1105000000,-0.084,1171000000,-0.084,585000000,,-0.282,55.34,,0.096,0.170,,,6872000000,6111000000,0.889,577.81,6111000000,796000000,3000000,-522000000,606000000,50.00,0.904,,,11325000,747546,10577454,false,false,12,2019-04-01,2020-03-31,-1
2021-04-27,88980,2022-03-31,,,,,,3736000000,-0.034,865000000,-0.083,913000000,-0.108,710000000,,0.007,68.10,,,,,,,,,,,,,,,45.00,0.661,,,,,,false,true,12,2021-04-01,2022-03-31,1
2021-07-29,88980,2022-03-31,1,,,,,937000000,0.078,249000000,0.147,255000000,0.148,176000000,,0.166,16.95,,,,,,7029000000,5920000000,0.842,,5920000000,,,,,,,,,11325000,902546,10422454,false,false,3,2021-04-01,2021-06-30,0
2021-07-29,88980,2021-03-31,1,,,,,869000000,-0.178,217000000,-0.315,222000000,-0.331,151000000,,-0.330,14.32,,,,,,,,,,,,,,,,,,,,,10577454,false,false,3,2020-04-01,2020-06-30,-1
2021-07-29,88980,2022-03-31,1,,,,,3736000000,-0.034,865000000,-0.083,913000000,-0.108,710000000,,0.007,68.10,,,,,,,,,,,,,,,45.00,,,,,,,false,true,12,2021-04-01,2022-03-31,0
2021-07-29,88980,2021-03-31,1,,,,,,,,,,,,,,,,,,,,7097000000,6237000000,0.879,,6237000000,,,,,45.00,,,,11325000,902546,,false,false,12,2020-04-01,2021-03-31,-1
2021-10-28,88980,2022-03-31,2,,,,,1858000000,0.023,526000000,0.091,551000000,0.090,428000000,,0.246,41.14,,,,,,7283000000,6158000000,0.845,,6158000000,,,,,,,,,11325000,902546,10422454,false,false,6,2021-04-01,2021-09-30,0
2021-10-28,88980,2021-03-31,2,,,,,1816000000,-0.133,483000000,-0.181,505000000,-0.194,344000000,,-0.193,32.62,,,,,,,,,,,,,,,,,,,,,10552044,false,false,6,2020-04-01,2020-09-30,-1
2021-10-28,88980,2022-03-31,2,,,,,3736000000,-0.034,865000000,-0.083,913000000,-0.108,710000000,,0.007,68.10,,,,,,,,,,,,,,,45.00,,,,,,,false,true,12,2021-04-01,2022-03-31,0
2021-10-28,88980,2021-03-31,2,,,,,,,,,,,,,,,,,,,,7097000000,6237000000,0.879,,6237000000,,,,,45.00,,,,11325000,902546,,false,false,12,2020-04-01,2021-03-31,-1
2021-10-28,88980,2022-03-31,2,,,,,,,,,,,,,,,,,,,,,,,,,,,,,25.00,,,,,,,false,false,12,2021-04-01,2022-03-31,0
,88980,2022-03-31,,,,,,,,,,,,,,,,,,,,,,,,,,,,,,45.00,,,,,,,false,true,12,2021-04-01,2022-03-31,0
,88980,2022-03-31,,,,,,,,,,,,,,,,,,,,,,,,,,,,,,25.00,,,,,,,false,false,12,2021-04-01,2022-03-31,0
,88980,2021-03-31,,,,,,,,,,,,,,,,,,,,,,,,,,,,,,45.00,,,,,,,false,false,12,2020-04-01,2021-03-31,-1
2022-01-28,88980,2022-03-31,3,,,,,2804000000,-0.022,720000000,-0.086,748000000,-0.119,576000000,,-0.001,55.36,,,,,,7067000000,6081000000,0.861,,6081000000,,,,,,,,,11325000,902566,10422448,false,false,9,2021-04-01,2021-12-31,0
2022-01-28,88980,2021-03-31,3,,,,,2866000000,-0.058,788000000,-0.036,850000000,-0.017,577000000,,-0.018,54.97,,,,,,,,,,,,,,,,,,,,,10508690,false,false,9,2020-04-01,2020-12-31,-1
2022-01-28,88980,2022-03-31,3,,,,,3736000000,-0.034,865000000,-0.083,913000000,-0.108,710000000,,0.007,68.10,,,,,,,,,,,,,,,45.00,,,,,,,false,true,12,2021-04-01,2022-03-31,0
2022-01-28,88980,2021-03-31,3,,,,,,,,,,,,,,,,,,,,7097000000,6237000000,0.879,,6237000000,,,,,45.00,,,,11325000,902546,,false,false,12,2020-04-01,2021-03-31,-1
2022-01-28,88980,2022-03-31,3,,,,,,,,,,,,,,,,,,,,,,,,,,,,,25.00,,,,,,,false,false,12,2021-04-01,2022-03-31,0
2022-04-26,88980,2022-03-31,,,,,,3726000000,-0.036,867000000,-0.081,914000000,-0.106,741000000,,0.052,71.13,,0.120,0.128,,,7190000000,6150000000,0.855,590.11,6150000000,634000000,-523000000,-506000000,1550000000,45.00,0.633,,,11325000,902597,10422442,false,false,12,2021-04-01,2022-03-31,0
2022-04-26,88980,2021-03-31,,,,,,3867000000,-0.060,943000000,-0.147,1023000000,-0.127,705000000,,0.205,67.23,,0.114,0.146,,,7097000000,6237000000,0.879,598.50,6237000000,1012000000,961000000,-634000000,1946000000,45.00,0.669,,,11325000,902546,10487427,false,false,12,2020-04-01,2021-03-31,-1
2022-04-26,88980,2023-03-31,,,,,,3840000000,0.030,760000000,-0.124,805000000,-0.120,630000000,,-0.150,60.45,,,,,,,,,,,,,,,45.00,0.744,,,,,,false,true,12,2022-04-01,2023-03-31,1
2022-07-29,88980,2023-03-31,1,,,,,932000000,-0.005,213000000,-0.145,217000000,-0.149,147000000,,-0.166,14.14,,,,,,7221000000,6120000000,0.847,,6120000000,,,,,,,,,11325000,902642,10422402,false,false,3,2022-04-01,2022-06-30,0
2022-07-29,88980,2022-03-31,1,,,,,937000000,0.078,249000000,0.147,255000000,0.148,176000000,,0.166,16.95,,,,,,,,,,,,,,,,,,,,,10422454,false,false,3,2021-04-01,2021-06-30,-1
2022-07-29,88980,2023-03-31,1,,,,,3840000000,0.030,760000000,-0.124,805000000,-0.120,630000000,,-0.150,60.45,,,,,,,,,,,,,,,45.00,,,,,,,false,true,12,2022-04-01,2023-03-31,0
2022-07-29,88980,2022-03-31,1,,,,,,,,,,,,,,,,,,,,7190000000,6150000000,0.855,,6150000000,,,,,45.00,,,,11325000,902597,,false,false,12,2021-04-01,2022-03-31,-1
2022-10-28,88980,2023-03-31,2,,,,,1842000000,-0.008,425000000,-0.193,446000000,-0.190,302000000,,-0.294,29.06,,,,,,7428000000,6263000000,0.843,,6263000000,,,,,,,,,11325000,902642,10422380,false,false,6,2022-04-01,2022-09-30,0
2022-10-28,88980,2022-03-31,2,,,,,1858000000,0.023,526000000,0.091,551000000,0.090,428000000,,0.246,41.14,,,,,,,,,,,,,,,,,,,,,10422454,false,false,6,2021-04-01,2021-09-30,-1
2022-10-28,88980,2023-03-31,2,,,,,3840000000,0.030,760000000,-0.124,805000000,-0.120,630000000,,-0.150,60.45,,,,,,,,,,,,,,,45.00,,,,,,,false,true,12,2022-04-01,2023-03-31,0
2022-10-28,88980,2022-03-31,2,,,,,,,,,,,,,,,,,,,,7190000000,6150000000,0.855,,6150000000,,,,,45.00,,,,11325000,902597,,false,false,12,2021-04-01,2022-03-31,-1
2022-10-28,88980,2023-03-31,2,,,,,,,,,,,,,,,,,,,,,,,,,,,,,20.00,,,,,,,false,false,12,2022-04-01,2023-03-31,0
2023-01-31,88980,2023-03-31,3,,,,,2793000000,-0.004,682000000,-0.052,711000000,-0.049,483000000,,-0.162,46.38,,,,,,7399000000,6206000000,0.839,,6206000000,,,,,,,,,11325000,902642,10422372,false,false,9,2022-04-01,2022-12-31,0
2023-01-31,88980,2022-03-31,3,,,,,2804000000,-0.022,720000000,-0.086,748000000,-0.119,576000000,,-0.001,55.36,,,,,,,,,,,,,,,,,,,,,10422448,false,false,9,2021-04-01,2021-12-31,-1
2023-01-31,88980,2023-03-31,3,,,,,3840000000,0.030,760000000,-0.124,805000000,-0.120,630000000,,-0.150,60.45,,,,,,,,,,,,,,,45.00,,,,,,,false,true,12,2022-04-01,2023-03-31,0
2023-01-31,88980,2022-03-31,3,,,,,,,,,,,,,,,,,,,,7190000000,6150000000,0.855,,6150000000,,,,,45.00,,,,11325000,902597,,false,false,12,2021-04-01,2022-03-31,-1
2023-01-31,88980,2023-03-31,3,,,,,,,,,,,,,,,,,,,,,,,,,,,,,20.00,,,,,,,false,false,12,2022-04-01,2023-03-31,0
2023-04-28,88980,2023-03-31,,,,,,3797000000,0.019,875000000,0.010,925000000,0.012,652000000,,-0.120,62.59,,0.105,0.124,,,7726000000,6312000000,0.817,605.64,6312000000,1294000000,-526000000,-418000000,1900000000,45.00,0.719,,,11325000,902642,10422369,false,false,12,2022-04-01,2023-03-31,0
2023-04-28,88980,2022-03-31,,,,,,3726000000,-0.036,867000000,-0.081,914000000,-0.106,741000000,,0.052,71.13,,0.120,0.128,,,7190000000,6150000000,0.855,590.11,6150000000,634000000,-523000000,-506000000,1550000000,45.00,0.633,,,11325000,902597,10422442,false,false,12,2021-04-01,2022-03-31,-1
2023-04-28,88980,2024-03-31,,,,,,3923000000,0.033,927000000,0.059,971000000,0.049,660000000,,0.012,63.33,,,,,,,,,,,,,,,45.00,0.711,,,,,,false,true,12,2023-04-01,2024-03-31,1
2023-07-28,88980,2024-03-31,1,,,,,942000000,0.010,243000000,0.138,244000000,0.124,161000000,,0.095,15.48,,,,,,7348000000,6260000000,0.852,,6260000000,,,,,,,,,11325000,902642,10422358,false,false,3,2023-04-01,2023-06-30,0
2023-07-28,88980,2023-03-31,1,,,,,932000000,-0.005,213000000,-0.145,217000000,-0.149,147000000,,-0.166,14.14,,,,,,,,,,,,,,,,,,,,,10422402,false,false,3,2022-04-01,2022-06-30,-1
2023-07-28,88980,2024-03-31,1,,,,,3923000000,0.033,927000000,0.059,971000000,0.049,660000000,,0.012,63.33,,,,,,,,,,,,,,,45.00,,,,,,,false,true,12,2023-04-01,2024-03-31,0
2023-07-28,88980,2023-03-31,1,,,,,,,,,,,,,,,,,,,,7726000000,6312000000,0.817,,6312000000,,,,,45.00,,,,11325000,902642,,false,false,12,2022-04-01,2023-03-31,-1
2023-10-31,88980,2024-03-31,2,,,,,1877000000,0.019,481000000,0.132,501000000,0.122,335000000,,0.109,32.21,,,,,,7567000000,6426000000,0.849,,6426000000,,,,,,,,,11325000,902642,10422358,false,false,6,2023-04-01,2023-09-30,0
2023-10-31,88980,2023-03-31,2,,,,,1842000000,-0.008,425000000,-0.193,446000000,-0.190,302000000,,-0.294,29.06,,,,,,,,,,,,,,,,,,,,,10422380,false,false,6,2022-04-01,2022-09-30,-1
2023-10-31,88980,2024-03-31,2,,,,,3923000000,0.033,927000000,0.059,971000000,0.049,660000000,,0.012,63.33,,,,,,,,,,,,,,,45.00,,,,,,,false,true,12,2023-04-01,2024-03-31,0
2023-10-31,88980,2023-03-31,2,,,,,,,,,,,,,,,,,,,,7726000000,6312000000,0.817,,6312000000,,,,,45.00,,,,11325000,902642,,false,false,12,2022-04-01,2023-03-31,-1
2023-10-31,88980,2024-03-31,2,,,,,,,,,,,,,,,,,,,,,,,,,,,,,20.00,,,,,,,false,false,12,2023-04-01,2024-03-31,0
2024-02-05,88980,2024-03-31,3,,,,,2870000000,0.028,770000000,0.129,796000000,0.119,536000000,,0.110,51.48,,,,,,7456000000,6378000000,0.855,,6378000000,,,,,,,,,11325000,902702,10422344,false,false,9,2023-04-01,2023-12-31,0
2024-02-05,88980,2023-03-31,3,,,,,2793000000,-0.004,682000000,-0.052,711000000,-0.049,483000000,,-0.162,46.38,,,,,,,,,,,,,,,,,,,,,10422372,false,false,9,2022-04-01,2022-12-31,-1
2024-02-05,88980,2024-03-31,3,,,,,3923000000,0.033,927000000,0.059,971000000,0.049,660000000,,0.012,63.33,,,,,,,,,,,,,,,45.00,,,,,,,false,true,12,2023-04-01,2024-03-31,0
2024-02-05,88980,2023-03-31,3,,,,,,,,,,,,,,,,,,,,7726000000,6312000000,0.817,,6312000000,,,,,45.00,,,,11325000,902642,,false,false,12,2022-04-01,2023-03-31,-1
2024-02-05,88980,2024-03-31,3,,,,,,,,,,,,,,,,,,,,,,,,,,,,,20.00,,,,,,,false,false,12,2023-04-01,2024-03-31,0
2024-04-30,88980,2024-03-31,,,,,,3850000000,0.014,936000000,0.069,986000000,0.066,674000000,,0.034,64.86,,0.106,0.128,,,7641000000,6356000000,0.832,619.45,6356000000,867000000,30000000,-660000000,2137000000,45.00,0.694,,,11325000,1062875,10399138,false,false,12,2023-04-01,2024-03-31,0
2024-04-30,88980,2023-03-31,,,,,,3797000000,0.019,875000000,0.010,925000000,0.012,652000000,,-0.120,62.59,,0.105,0.124,,,7726000000,6312000000,0.817,605.64,6312000000,1294000000,-526000000,-418000000,1900000000,45.00,0.719,,,11325000,902642,10422369,false,false,12,2022-04-01,2023-03-31,-1
2024-04-30,88980,2025-03-31,,,,,,3982000000,0.034,977000000,0.044,1021000000,0.036,700000000,,0.038,68.21,,,,,,,,,,,,,,,45.00,0.660,,,,,,false,true,12,2024-04-01,2025-03-31,1
2024-07-30,88980,2025-03-31,1,,,,,1028000000,0.091,309000000,0.274,312000000,0.277,214000000,,0.329,20.89,,,,,,7425000000,6303000000,0.849,,6303000000,,,,,,,,,11325000,1062948,10262078,false,false,3,2024-04-01,2024-06-30,0
2024-07-30,88980,2024-03-31,1,,,,,942000000,0.010,243000000,0.138,244000000,0.124,161000000,,0.095,15.48,,,,,,,,,,,,,,,,,,,,,10422358,false,false,3,2023-04-01,2023-06-30,-1
2024-07-30,88980,2025-03-31,1,,,,,3982000000,0.034,977000000,0.044,1021000000,0.036,700000000,,0.038,68.21,,,,,,,,,,,,,,,45.00,,,,,,,false,true,12,2024-04-01,2025-03-31,0
2024-07-30,88980,2024-03-31,1,,,,,,,,,,,,,,,,,,,,7641000000,6356000000,0.832,,6356000000,,,,,45.00,,,,11325000,1062875,,false,false,12,2023-04-01,2024-03-31,-1
2024-10-31,88980,2025-03-31,2,,,,,2016000000,0.074,627000000,0.303,650000000,0.298,445000000,,0.328,43.44,,,,,,7751000000,6550000000,0.845,,6550000000,,,,,,,,,11325000,1062975,10262055,false,false,6,2024-04-01,2024-09-30,0
2024-10-31,88980,2024-03-31,2,,,,,1877000000,0.019,481000000,0.132,501000000,0.122,335000000,,0.109,32.21,,,,,,,,,,,,,,,,,,,,,10422358,false,false,6,2023-04-01,2023-09-30,-1
2024-10-31,88980,2025-03-31,2,,,,,3982000000,0.034,977000000,0.044,1021000000,0.036,700000000,,0.038,68.21,,,,,,,,,,,,,,,45.00,,,,,,,false,true,12,2024-04-01,2025-03-31,0
2024-10-31,88980,2024-03-31,2,,,,,,,,,,,,,,,,,,,,7641000000,6356000000,0.832,,6356000000,,,,,45.00,,,,11325000,1062875,,false,false,12,2023-04-01,2024-03-31,-1
2024-10-31,88980,2025-03-31,2,,,,,,,,,,,,,,,,,,,,,,,,,,,,,20.00,,,,,,,false,false,12,2024-04-01,2025-03-31,0
2025-01-31,88980,2025-03-31,3,,,,,3048000000,0.062,905000000,0.176,990000000,0.244,678000000,,0.265,66.15,,,,,,7645000000,6501000000,0.850,,6501000000,,,,,,,,,11325000,1063015,10262041,false,false,9,2024-04-01,2024-12-31,0
2025-01-31,88980,2024-03-31,3,,,,,2870000000,0.028,770000000,0.129,796000000,0.119,536000000,,0.110,51.48,,,,,,,,,,,,,,,,,,,,,10422344,false,false,9,2023-04-01,2023-12-31,-1
2025-01-31,88980,2025-03-31,3,,,,,3982000000,0.034,997000000,0.065,1099000000,0.115,750000000,,0.113,73.09,,,,,,,,,,,,,,,45.00,,,,,,,false,true,12,2024-04-01,2025-03-31,0
2025-01-31,88980,2024-03-31,3,,,,,,,,,,,,,,,,,,,,7641000000,6356000000,0.832,,6356000000,,,,,45.00,,,,11325000,1062875,,false,false,12,2023-04-01,2024-03-31,-1
2025-01-31,88980,2025-03-31,3,,,,,,,,,,,,,,,,,,,,,,,,,,,,,20.00,,,,,,,false,false,12,2024-04-01,2025-03-31,0
2025-04-30,88980,2025-03-31,,,,,,4045000000,0.051,1071000000,0.145,1178000000,0.194,802000000,,0.189,78.18,,0.124,0.151,,,7922000000,6611000000,0.834,644.27,6611000000,1038000000,-1952000000,-462000000,761000000,50.00,0.640,,,11325000,1063015,10262024,false,false,12,2024-04-01,2025-03-31,0
2025-04-30,88980,2024-03-31,,,,,,3850000000,0.014,936000000,0.069,986000000,0.066,674000000,,0.034,64.86,,0.106,0.128,,,7641000000,6356000000,0.832,619.45,6356000000,867000000,30000000,-660000000,2137000000,45.00,0.694,,,11325000,1062875,10399138,false,false,12,2023-04-01,2024-03-31,-1
2025-04-30,88980,2026-03-31,,,,,,4453000000,0.101,1147000000,0.070,1193000000,0.013,810000000,,0.010,78.93,,,,,,,,,,,,,,,50.00,0.633,,,,,,false,true,12,2025-04-01,2026-03-31,1
