filing_date,code,fiscal_year_end,quarterly_period,net_sales,net_sales_change,revenue,revenue_change,operating_revenue,operating_revenue_change,operating_profit,operating_profit_change,ordinary_profit,ordinary_profit_change,net_income,net_income_of_parent,net_income_change,eps,diluted_eps,roe,roa,operating_profit_to_net_sales,operating_profit_to_revenue,total_assets,net_assets,equity_ratio,bps,owner_equity,operating_cash_flow,investing_cash_flow,financing_cash_flow,cash,dividend_per_share,payout_ratio,commemorative_dividend,extra_dividend,number_of_shares,number_of_treqsury_shares,avg_number_of_shares,is_consolidated,is_forecast,duration,period_start,period_end,period_pos
2015-07-23,89140,2015-12-31,,11110000000,0.385,,,,,2185000000,1.388,1980000000,1.225,1315000000,,1.094,10.71,,,,,,,,,,,,,,,,,,,,,,false,true,6,2015-01-01,2015-06-30,0
2015-07-23,89140,2014-12-31,,9613000000,,,,,,1359000000,,1257000000,,891000000,,,7.26,,,,,,,,,,,,,,,,,,,,,,false,false,6,2014-01-01,2014-06-30,-1
2015-07-23,89140,2015-12-31,,17425000000,0.300,,,,,2500000000,1.092,2287000000,0.989,1513000000,,0.898,12.32,,,,,,,,,,,,,,,,,,,,,,false,true,12,2015-01-01,2015-12-31,0
2015-07-23,89140,2014-12-31,,18120000000,,,,,,2235000000,,2087000000,,1541000000,,,12.55,,,,,,,,,,,,,,,,,,,,,,false,false,12,2014-01-01,2014-12-31,-1
2015-07-28,89140,2015-12-31,2,11110000000,0.156,,,,,2187000000,0.610,1983000000,0.578,1319000000,,0.480,10.75,,,,,,19182000000,14390000000,0.750,,14390000000,,,,,,,,,125763000,3000000,122763000,false,false,6,2015-01-01,2015-06-30,0
2015-07-28,89140,2014-12-31,2,9613000000,0.488,,,,,1359000000,0.512,1257000000,0.452,891000000,,0.139,7.26,,,,,,,,,,,,,,,,,,,,,122763000,false,false,6,2014-01-01,2014-06-30,-1
2015-07-28,89140,2015-12-31,2,17425000000,-0.038,,,,,2500000000,0.119,2287000000,0.096,1513000000,,-0.018,12.32,,,,,,,,,,,,,,,2.80,,,,,,,false,true,12,2015-01-01,2015-12-31,0
2015-07-28,89140,2014-12-31,2,,,,,,,,,,,,,,,,,,,,19539000000,13514000000,0.692,,13514000000,,,,,3.60,,,,125763000,3000000,,false,false,12,2014-01-01,2014-12-31,-1
2015-07-28,89140,2015-12-31,2,,,,,,,,,,,,,,,,,,,,,,,,,,,,,0.00,,,,,,,false,false,12,2015-01-01,2015-12-31,0
2015-10-28,89140,2015-12-31,3,14403000000,-0.071,,,,,2527000000,0.221,2324000000,0.213,1528000000,,0.087,12.45,,,,,,19278000000,14592000000,0.757,,14592000000,,,,,,,,,125763000,3000000,122763000,false,false,9,2015-01-01,2015-09-30,0
2015-10-28,89140,2014-12-31,3,15509000000,0.632,,,,,2069000000,0.607,1916000000,0.559,1406000000,,0.262,11.46,,,,,,,,,,,,,,,,,,,,,122763000,false,false,9,2014-01-01,2014-09-30,-1
2015-10-28,89140,2015-12-31,3,17425000000,-0.038,,,,,2500000000,0.119,2287000000,0.096,1513000000,,-0.018,12.32,,,,,,,,,,,,,,,2.80,,,,,,,false,true,12,2015-01-01,2015-12-31,0
2015-10-28,89140,2014-12-31,3,,,,,,,,,,,,,,,,,,,,19539000000,13514000000,0.692,,13514000000,,,,,3.60,,,,125763000,3000000,,false,false,12,2014-01-01,2014-12-31,-1
2015-10-28,89140,2015-12-31,3,,,,,,,,,,,,,,,,,,,,,,,,,,,,,0.00,,,,,,,false,false,12,2015-01-01,2015-12-31,0
2016-02-12,89140,2015-12-31,,17173000000,-0.052,,,,,2657000000,0.189,2442000000,0.170,1550000000,,0.006,12.63,,0.110,0.126,0.155,,19312000000,14626000000,0.757,119.14,14626000000,3941000000,-1069000000,-1888000000,6415000000,3.90,0.309,,,125763000,3000000,122763000,false,false,12,2015-01-01,2015-12-31,0
2016-02-12,89140,2014-12-31,,18120000000,0.478,,,,,2235000000,0.485,2087000000,0.456,1541000000,,0.144,12.55,,0.119,0.098,0.123,,19539000000,13514000000,0.692,110.09,13514000000,7123000000,146000000,-5429000000,5431000000,3.60,0.287,,,125763000,3000000,122763000,false,false,12,2014-01-01,2014-12-31,-1
2016-02-12,89140,2016-12-31,,8707000000,-0.216,,,,,976000000,-0.554,962000000,-0.515,634000000,,-0.519,5.17,,,,,,,,,,,,,,,,,,,,,,false,true,6,2016-01-01,2016-06-30,1
2016-02-12,89140,2016-12-31,,16806000000,-0.021,,,,,1675000000,-0.369,1650000000,-0.324,1091000000,,-0.296,8.89,,,,,,,,,,,,,,,3.30,0.371,,,,,,false,true,12,2016-01-01,2016-12-31,1
,89140,2016-12-31,,,,,,,,,,,,,,,,,,,,,,,,,,,,,,33.00,,,,,,,false,true,12,2016-01-01,2016-12-31,0
,89140,2015-12-31,,,,,,,,,,,,,,,,,,,,,,,,,,,,,,3.90,,,,,,,false,false,12,2015-01-01,2015-12-31,-1
2016-04-28,89140,2016-12-31,1,4331000000,-0.127,,,,,634000000,-0.171,663000000,-0.136,420000000,,-0.233,3.42,,,,,,20060000000,14567000000,0.726,,14567000000,,,,,,,,,125763000,3000000,122763000,false,false,3,2016-01-01,2016-03-31,0
2016-04-28,89140,2015-12-31,1,4963000000,0.022,,,,,765000000,0.316,767000000,0.394,548000000,,0.201,4.47,,,,,,,,,,,,,,,,,,,,,122763000,false,false,3,2015-01-01,2015-03-31,-1
2016-04-28,89140,2016-12-31,1,8707000000,-0.216,,,,,976000000,-0.554,962000000,-0.515,634000000,,-0.519,5.17,,,,,,,,,,,,,,,,,,,,,,false,true,6,2016-01-01,2016-06-30,0
2016-04-28,89140,2016-12-31,1,16806000000,-0.021,,,,,1675000000,-0.369,1650000000,-0.324,1091000000,,-0.296,88.92,,,,,,,,,,,,,,,33.00,,,,,,,false,true,12,2016-01-01,2016-12-31,0
2016-04-28,89140,2015-12-31,1,,,,,,,,,,,,,,,,,,,,19312000000,14626000000,0.757,,14626000000,,,,,3.90,,,,125763000,3000000,,false,false,12,2015-01-01,2015-12-31,-1
2016-07-29,89140,2016-12-31,2,8850000000,-0.203,,,,,1223000000,-0.441,1244000000,-0.373,788000000,,-0.402,64.27,,,,,,20991000000,14936000000,0.712,,14936000000,,,,,,,,,12576300,300000,12276300,false,false,6,2016-01-01,2016-06-30,0
2016-07-29,89140,2015-12-31,2,11110000000,0.156,,,,,2187000000,0.610,1983000000,0.578,1319000000,,0.480,107.47,,,,,,,,,,,,,,,,,,,,,12276300,false,false,6,2015-01-01,2015-06-30,-1
2016-07-29,89140,2016-12-31,2,16806000000,-0.021,,,,,1675000000,-0.369,1650000000,-0.324,1091000000,,-0.296,88.92,,,,,,,,,,,,,,,39.00,,,,,,,false,true,12,2016-01-01,2016-12-31,0
2016-07-29,89140,2015-12-31,2,,,,,,,,,,,,,,,,,,,,19312000000,14626000000,0.757,,14626000000,,,,,3.90,,,,12576300,300000,,false,false,12,2015-01-01,2015-12-31,-1
2016-07-29,89140,2016-12-31,2,,,,,,,,,,,,,,,,,,,,,,,,,,,,,0.00,,,,,,,false,false,12,2016-01-01,2016-12-31,0
,89140,2016-12-31,,,,,,,,,,,,,,,,,,,,,,,,,,,,,,39.00,,,,,,,false,true,12,2016-01-01,2016-12-31,0
,89140,2016-12-31,,,,,,,,,,,,,,,,,,,,,,,,,,,,,,0.00,,,,,,,false,false,12,2016-01-01,2016-12-31,0
,89140,2015-12-31,,,,,,,,,,,,,,,,,,,,,,,,,,,,,,3.90,,,,,,,false,false,12,2015-01-01,2015-12-31,-1
2016-10-28,89140,2016-12-31,3,12655000000,-0.121,,,,,1546000000,-0.388,1569000000,-0.325,987000000,,-0.354,80.41,,,,,,22694000000,15132000000,0.667,,15132000000,,,,,,,,,12576300,302525,12275618,false,false,9,2016-01-01,2016-09-30,0
2016-10-28,89140,2015-12-31,3,14403000000,-0.071,,,,,2527000000,0.221,2324000000,0.213,1528000000,,0.087,124.54,,,,,,,,,,,,,,,,,,,,,12276300,false,false,9,2015-01-01,2015-09-30,-1
2016-10-28,89140,2016-12-31,3,16806000000,-0.021,,,,,1675000000,-0.369,1650000000,-0.324,1091000000,,-0.296,88.92,,,,,,,,,,,,,,,39.00,,,,,,,false,true,12,2016-01-01,2016-12-31,0
2016-10-28,89140,2015-12-31,3,,,,,,,,,,,,,,,,,,,,19312000000,14626000000,0.757,,14626000000,,,,,3.90,,,,12576300,300000,,false,false,12,2015-01-01,2015-12-31,-1
2016-10-28,89140,2016-12-31,3,,,,,,,,,,,,,,,,,,,,,,,,,,,,,0.00,,,,,,,false,false,12,2016-01-01,2016-12-31,0
2017-02-14,89140,2016-12-31,,16908000000,-0.015,,,,,1935000000,-0.272,1968000000,-0.194,1142000000,,-0.263,93.06,,0.076,0.091,0.114,,23791000000,15283000000,0.642,1245.09,15283000000,-708000000,-1544000000,2999000000,7158000000,39.00,0.419,,,12576300,303975,12274993,false,false,12,2016-01-01,2016-12-31,0
2017-02-14,89140,2015-12-31,,17173000000,-0.052,,,,,2657000000,0.189,2442000000,0.170,1550000000,,0.006,126.32,,0.110,0.126,0.155,,19312000000,14626000000,0.757,1191.43,14626000000,3941000000,-1069000000,-1888000000,6415000000,3.90,0.309,,,12576300,300000,12276300,false,false,12,2015-01-01,2015-12-31,-1
2017-02-14,89140,2017-12-31,,9127000000,0.031,,,,,977000000,-0.201,958000000,-0.230,606000000,,-0.231,49.45,,,,,,,,,,,,,,,,,,,,,,false,true,6,2017-01-01,2017-06-30,1
2017-02-14,89140,2017-12-31,,19447000000,0.150,,,,,2254000000,0.165,2220000000,0.128,1353000000,,0.185,110.31,,,,,,,,,,,,,,,40.00,0.363,,,,,,false,true,12,2017-01-01,2017-12-31,1
2017-04-28,89140,2017-12-31,1,5083000000,0.174,,,,,670000000,0.057,659000000,-0.006,430000000,,0.024,35.06,,,,,,23944000000,15234000000,0.636,,15234000000,,,,,,,,,12576300,305405,12271838,false,false,3,2017-01-01,2017-03-31,0
2017-04-28,89140,2016-12-31,1,4331000000,-0.127,,,,,634000000,-0.171,663000000,-0.136,420000000,,-0.233,34.23,,,,,,,,,,,,,,,,,,,,,12276300,false,false,3,2016-01-01,2016-03-31,-1
2017-04-28,89140,2017-12-31,1,9127000000,0.031,,,,,977000000,-0.201,958000000,-0.230,606000000,,-0.231,49.45,,,,,,,,,,,,,,,,,,,,,,false,true,6,2017-01-01,2017-06-30,0
2017-04-28,89140,2017-12-31,1,19447000000,0.150,,,,,2254000000,0.165,2220000000,0.128,1353000000,,0.185,110.31,,,,,,,,,,,,,,,40.00,,,,,,,false,true,12,2017-01-01,2017-12-31,0
2017-04-28,89140,2016-12-31,1,,,,,,,,,,,,,,,,,,,,23791000000,15283000000,0.642,,15283000000,,,,,39.00,,,,12576300,303975,,false,false,12,2016-01-01,2016-12-31,-1
2017-07-24,89140,2017-12-31,,10394000000,0.139,,,,,1274000000,0.304,1300000000,0.357,857000000,,0.413,69.90,,,,,,,,,,,,,,,,,,,,,,false,true,6,2017-01-01,2017-06-30,0
2017-07-24,89140,2016-12-31,,8850000000,,,,,,1223000000,,1244000000,,788000000,,,64.27,,,,,,,,,,,,,,,,,,,,,,false,false,6,2016-01-01,2016-06-30,-1
2017-07-24,89140,2017-12-31,,19447000000,,,,,,2354000000,0.044,2320000000,0.045,1416000000,,0.047,115.45,,,,,,,,,,,,,,,,,,,,,,false,true,12,2017-01-01,2017-12-31,0
2017-07-24,89140,2016-12-31,,16908000000,,,,,,1935000000,,1968000000,,1142000000,,,93.06,,,,,,,,,,,,,,,,,,,,,,false,false,12,2016-01-01,2016-12-31,-1
2017-07-28,89140,2017-12-31,2,10394000000,0.174,,,,,1274000000,0.042,1300000000,0.045,857000000,,0.087,69.90,,,,,,25260000000,15663000000,0.620,,15663000000,,,,,,,,,12576300,305995,12271182,false,false,6,2017-01-01,2017-06-30,0
2017-07-28,89140,2016-12-31,2,8850000000,-0.203,,,,,1223000000,-0.441,1244000000,-0.373,788000000,,-0.402,64.27,,,,,,,,,,,,,,,,,,,,,12276300,false,false,6,2016-01-01,2016-06-30,-1
2017-07-28,89140,2017-12-31,2,19447000000,0.150,,,,,2354000000,0.216,2320000000,0.178,1416000000,,0.240,115.45,,,,,,,,,,,,,,,40.00,,,,,,,false,true,12,2017-01-01,2017-12-31,0
2017-07-28,89140,2016-12-31,2,,,,,,,,,,,,,,,,,,,,23791000000,15283000000,0.642,,15283000000,,,,,39.00,,,,12576300,303975,,false,false,12,2016-01-01,2016-12-31,-1
2017-07-28,89140,2017-12-31,2,,,,,,,,,,,,,,,,,,,,,,,,,,,,,0.00,,,,,,,false,false,12,2017-01-01,2017-12-31,0
2017-10-27,89140,2017-12-31,3,15350000000,0.213,,,,,1689000000,0.093,1751000000,0.116,1162000000,,0.178,94.76,,,,,,27158000000,15969000000,0.588,,15969000000,,,,,,,,,12576300,307485,12270718,false,false,9,2017-01-01,2017-09-30,0
2017-10-27,89140,2016-12-31,3,12655000000,-0.121,,,,,1546000000,-0.388,1569000000,-0.325,987000000,,-0.354,80.41,,,,,,,,,,,,,,,,,,,,,12275618,false,false,9,2016-01-01,2016-09-30,-1
2017-10-27,89140,2017-12-31,3,19447000000,0.150,,,,,2354000000,0.216,2320000000,0.178,1416000000,,0.240,115.45,,,,,,,,,,,,,,,40.00,,,,,,,false,true,12,2017-01-01,2017-12-31,0
2017-10-27,89140,2016-12-31,3,,,,,,,,,,,,,,,,,,,,23791000000,15283000000,0.642,,15283000000,,,,,39.00,,,,12576300,303975,,false,false,12,2016-01-01,2016-12-31,-1
2017-10-27,89140,2017-12-31,3,,,,,,,,,,,,,,,,,,,,,,,,,,,,,0.00,,,,,,,false,false,12,2017-01-01,2017-12-31,0
2018-02-14,89140,2017-12-31,,21489000000,0.271,,,,,2379000000,0.229,2441000000,0.240,1547000000,,0.354,126.08,,0.098,0.091,0.111,,29904000000,16351000000,0.547,1332.88,16351000000,-2992000000,-1423000000,3854000000,6594000000,40.00,0.317,,,12576300,308555,12270095,false,false,12,2017-01-01,2017-12-31,0
2018-02-14,89140,2016-12-31,,16908000000,-0.015,,,,,1935000000,-0.272,1968000000,-0.194,1142000000,,-0.263,93.06,,0.076,0.091,0.114,,23791000000,15283000000,0.642,1245.09,15283000000,-708000000,-1544000000,2999000000,7158000000,39.00,0.419,,,12576300,303975,12274993,false,false,12,2016-01-01,2016-12-31,-1
2018-02-14,89140,2018-12-31,,13500000000,0.299,,,,,1185000000,-0.070,1130000000,-0.131,765000000,,-0.108,62.36,,,,,,,,,,,,,,,,,,,,,,false,true,6,2018-01-01,2018-06-30,1
2018-02-14,89140,2018-12-31,,30000000000,0.396,,,,,3000000000,0.261,2870000000,0.176,1855000000,,0.199,151.21,,,,,,,,,,,,,,,46.00,0.304,,,,,,false,true,12,2018-01-01,2018-12-31,1
2018-04-27,89140,2018-12-31,1,6498000000,0.278,,,,,629000000,-0.061,623000000,-0.055,424000000,,-0.014,34.60,,,,,,30385000000,16286000000,0.536,,16286000000,,,,,,,,,12576300,309261,12267419,false,false,3,2018-01-01,2018-03-31,0
2018-04-27,89140,2017-12-31,1,5083000000,0.174,,,,,670000000,0.057,659000000,-0.006,430000000,,0.024,35.06,,,,,,,,,,,,,,,,,,,,,12271838,false,false,3,2017-01-01,2017-03-31,-1
2018-04-27,89140,2018-12-31,1,13500000000,0.299,,,,,1185000000,-0.070,1130000000,-0.131,765000000,,-0.108,62.36,,,,,,,,,,,,,,,,,,,,,,false,true,6,2018-01-01,2018-06-30,0
2018-04-27,89140,2018-12-31,1,30000000000,0.396,,,,,3000000000,0.261,2870000000,0.176,1855000000,,0.199,151.21,,,,,,,,,,,,,,,46.00,,,,,,,false,true,12,2018-01-01,2018-12-31,0
2018-04-27,89140,2017-12-31,1,,,,,,,,,,,,,,,,,,,,29904000000,16351000000,0.547,,16351000000,,,,,40.00,,,,12576300,308555,,false,false,12,2017-01-01,2017-12-31,-1
2018-07-27,89140,2018-12-31,2,13943000000,0.342,,,,,1494000000,0.172,1344000000,0.034,910000000,,0.062,74.16,74.02,,,,,33153000000,17479000000,0.527,,17463000000,,,,,,,,,12809500,309771,12284211,false,false,6,2018-01-01,2018-06-30,0
2018-07-27,89140,2017-12-31,2,10394000000,0.174,,,,,1274000000,0.042,1300000000,0.045,857000000,,0.087,69.90,,,,,,,,,,,,,,,,,,,,,12271182,false,false,6,2017-01-01,2017-06-30,-1
2018-07-27,89140,2018-12-31,2,30000000000,0.396,,,,,3000000000,0.261,2870000000,0.176,1855000000,,0.199,151.21,,,,,,,,,,,,,,,46.00,,,,,,,false,true,12,2018-01-01,2018-12-31,0
2018-07-27,89140,2017-12-31,2,,,,,,,,,,,,,,,,,,,,29904000000,16351000000,0.547,,16351000000,,,,,40.00,,,,12576300,308555,,false,false,12,2017-01-01,2017-12-31,-1
2018-07-27,89140,2018-12-31,2,,,,,,,,,,,,,,,,,,,,,,,,,,,,,0.00,,,,,,,false,false,12,2018-01-01,2018-12-31,0
2018-10-26,89140,2018-12-31,3,19793000000,0.289,,,,,1998000000,0.183,1763000000,0.007,1156000000,,-0.005,93.42,93.17,,,,,35768000000,18114000000,0.506,,18100000000,,,,,,,,,12940900,309841,12382915,false,false,9,2018-01-01,2018-09-30,0
2018-10-26,89140,2017-12-31,3,15350000000,0.213,,,,,1689000000,0.093,1751000000,0.116,1162000000,,0.178,94.76,,,,,,,,,,,,,,,,,,,,,12270718,false,false,9,2017-01-01,2017-09-30,-1
2018-10-26,89140,2018-12-31,3,30000000000,0.396,,,,,3000000000,0.261,2870000000,0.176,1855000000,,0.199,151.21,,,,,,,,,,,,,,,46.00,,,,,,,false,true,12,2018-01-01,2018-12-31,0
2018-10-26,89140,2017-12-31,3,,,,,,,,,,,,,,,,,,,,29904000000,16351000000,0.547,,16351000000,,,,,40.00,,,,12576300,308555,,false,false,12,2017-01-01,2017-12-31,-1
2018-10-26,89140,2018-12-31,3,,,,,,,,,,,,,,,,,,,,,,,,,,,,,0.00,,,,,,,false,false,12,2018-01-01,2018-12-31,0
2019-02-14,89140,2018-12-31,,28828000000,0.342,,,,,2782000000,0.169,2536000000,0.039,1810000000,,0.170,145.47,145.46,0.103,0.075,0.097,,37862000000,18749000000,0.495,1484.44,18749000000,-2070000000,-484000000,5634000000,9672000000,46.00,0.316,,,12940900,309931,12445273,false,false,12,2018-01-01,2018-12-31,0
2019-02-14,89140,2017-12-31,,21489000000,0.271,,,,,2379000000,0.229,2441000000,0.240,1547000000,,0.354,126.08,,0.098,0.091,0.111,,29904000000,16351000000,0.547,1332.88,16351000000,-2992000000,-1423000000,3854000000,6594000000,40.00,0.317,,,12576300,308555,12270095,false,false,12,2017-01-01,2017-12-31,-1
2019-02-14,89140,2019-12-31,,13313000000,-0.045,,,,,1407000000,-0.058,1285000000,-0.044,867000000,,-0.048,68.65,,,,,,,,,,,,,,,,,,,,,,false,true,6,2019-01-01,2019-06-30,1
2019-02-14,89140,2019-12-31,,24618000000,-0.146,,,,,2194000000,-0.211,2000000000,-0.212,1111000000,,-0.386,88.00,,,,,,,,,,,,,,,40.00,0.455,,,,,,false,true,12,2019-01-01,2019-12-31,1
2019-02-14,89140,2018-12-31,,28828000000,0.342,,,,,2782000000,0.169,2536000000,0.039,1810000000,,0.170,145.47,145.46,0.103,0.075,0.097,,37862000000,18749000000,0.495,1484.44,18749000000,-2380000000,-484000000,5944000000,9672000000,46.00,0.316,,,12940900,309931,12445273,false,false,12,2018-01-01,2018-12-31,0
2019-02-14,89140,2017-12-31,,21489000000,0.271,,,,,2379000000,0.229,2441000000,0.240,1547000000,,0.354,126.08,,0.098,0.091,0.111,,29904000000,16351000000,0.547,1332.88,16351000000,-2992000000,-1423000000,3854000000,6594000000,40.00,0.317,,,12576300,308555,12270095,false,false,12,2017-01-01,2017-12-31,-1
2019-02-14,89140,2019-12-31,,13313000000,-0.045,,,,,1407000000,-0.058,1285000000,-0.044,867000000,,-0.048,68.65,,,,,,,,,,,,,,,,,,,,,,false,true,6,2019-01-01,2019-06-30,1
2019-02-14,89140,2019-12-31,,24618000000,-0.146,,,,,2194000000,-0.211,2000000000,-0.212,1111000000,,-0.386,88.00,,,,,,,,,,,,,,,40.00,0.455,,,,,,false,true,12,2019-01-01,2019-12-31,1
2019-04-23,89140,2019-12-31,,16613000000,0.248,,,,,1907000000,0.355,1785000000,0.389,1205000000,,0.390,95.45,,,,,,,,,,,,,,,,,,,,,,false,true,6,2019-01-01,2019-06-30,0
2019-04-23,89140,2018-12-31,,13943000000,,,,,,1494000000,,1344000000,,910000000,,,74.16,,,,,,,,,,,,,,,,,,,,,,false,false,6,2018-01-01,2018-06-30,-1
2019-04-23,89140,2019-12-31,,27918000000,0.134,,,,,2694000000,0.228,2500000000,0.250,1450000000,,0.305,114.80,,,,,,,,,,,,,,,,,,,,,,false,true,12,2019-01-01,2019-12-31,0
2019-04-23,89140,2018-12-31,,28828000000,,,,,,2782000000,,2536000000,,1810000000,,,145.47,,,,,,,,,,,,,,,,,,,,,,false,false,12,2018-01-01,2018-12-31,-1
2019-04-26,89140,2019-12-31,1,9634000000,0.483,,,,,1278000000,1.031,1177000000,0.889,801000000,,0.890,63.49,,,,,,41650000000,18973000000,0.456,,18973000000,,,,,,,,,12940900,310031,12630933,false,false,3,2019-01-01,2019-03-31,0
2019-04-26,89140,2018-12-31,1,6498000000,0.278,,,,,629000000,-0.061,623000000,-0.055,424000000,,-0.014,34.60,,,,,,,,,,,,,,,,,,,,,12267419,false,false,3,2018-01-01,2018-03-31,-1
2019-04-26,89140,2019-12-31,1,16613000000,0.191,,,,,1907000000,0.277,1785000000,0.328,1205000000,,0.323,95.45,,,,,,,,,,,,,,,,,,,,,,false,true,6,2019-01-01,2019-06-30,0
2019-04-26,89140,2019-12-31,1,27918000000,-0.032,,,,,2694000000,-0.031,2500000000,-0.015,1450000000,,-0.199,114.80,,,,,,,,,,,,,,,40.00,,,,,,,false,true,12,2019-01-01,2019-12-31,0
2019-04-26,89140,2018-12-31,1,,,,,,,,,,,,,,,,,,,,37862000000,18749000000,0.495,,18749000000,,,,,46.00,,,,12940900,309931,,false,false,12,2018-01-01,2018-12-31,-1
2019-07-25,89140,2019-12-31,,20140000000,0.212,,,,,2630000000,0.379,2470000000,0.383,1680000000,,0.394,133.01,,,,,,,,,,,,,,,,,,,,,,false,true,6,2019-01-01,2019-06-30,0
2019-07-25,89140,2018-12-31,,13943000000,,,,,,1494000000,,1344000000,,910000000,,,74.16,,,,,,,,,,,,,,,,,,,,,,false,false,6,2018-01-01,2018-06-30,-1
2019-07-25,89140,2019-12-31,,29000000000,0.039,,,,,2800000000,0.039,2700000000,0.080,1500000000,,0.034,118.76,,,,,,,,,,,,,,,,,,,,,,false,true,12,2019-01-01,2019-12-31,0
2019-07-25,89140,2018-12-31,,28828000000,,,,,,2782000000,,2536000000,,1810000000,,,145.47,,,,,,,,,,,,,,,,,,,,,,false,false,12,2018-01-01,2018-12-31,-1
2019-07-29,89140,2019-12-31,2,20145000000,0.445,,,,,2634000000,0.763,2472000000,0.839,1686000000,,0.851,133.52,,,,,,41221000000,19856000000,0.482,,19856000000,,,,,,,,,12940900,310110,12630880,false,false,6,2019-01-01,2019-06-30,0
2019-07-29,89140,2018-12-31,2,13943000000,0.342,,,,,1494000000,0.172,1344000000,0.034,910000000,,0.062,74.16,74.02,,,,,,,,,,,,,,,,,,,,12284211,false,false,6,2018-01-01,2018-06-30,-1
2019-07-29,89140,2019-12-31,2,29000000000,0.006,,,,,2800000000,0.006,2700000000,0.064,1500000000,,-0.171,118.76,,,,,,,,,,,,,,,40.00,,,,,,,false,true,12,2019-01-01,2019-12-31,0
2019-07-29,89140,2018-12-31,2,,,,,,,,,,,,,,,,,,,,37862000000,18749000000,0.495,,18749000000,,,,,46.00,,,,12940900,309931,,false,false,12,2018-01-01,2018-12-31,-1
2019-07-29,89140,2019-12-31,2,,,,,,,,,,,,,,,,,,,,,,,,,,,,,0.00,,,,,,,false,false,12,2019-01-01,2019-12-31,0
2019-10-29,89140,2019-12-31,3,25258000000,0.276,,,,,2967000000,0.485,2894000000,0.642,1949000000,,0.685,154.35,,,,,,41347000000,20121000000,0.487,,20121000000,,,,,,,,,12940900,310210,12630827,false,false,9,2019-01-01,2019-09-30,0
2019-10-29,89140,2018-12-31,3,19793000000,0.289,,,,,1998000000,0.183,1763000000,0.007,1156000000,,-0.005,93.42,93.17,,,,,,,,,,,,,,,,,,,,12382915,false,false,9,2018-01-01,2018-09-30,-1
2019-10-29,89140,2019-12-31,3,29000000000,0.006,,,,,2800000000,0.006,2700000000,0.064,1500000000,,-0.171,118.76,,,,,,,,,,,,,,,40.00,,,,,,,false,true,12,2019-01-01,2019-12-31,0
2019-10-29,89140,2018-12-31,3,,,,,,,,,,,,,,,,,,,,37862000000,18749000000,0.495,,18749000000,,,,,46.00,,,,12940900,309931,,false,false,12,2018-01-01,2018-12-31,-1
2019-10-29,89140,2019-12-31,3,,,,,,,,,,,,,,,,,,,,,,,,,,,,,0.00,,,,,,,false,false,12,2019-01-01,2019-12-31,0
2020-02-13,89140,2019-12-31,,29333000000,0.011,,,,,3030000000,0.082,3000000000,0.111,-1753000000,,,-138.81,,,,,,,,,,,,,,,,,,,,,,false,true,12,2019-01-01,2019-12-31,0
2020-02-13,89140,2018-12-31,,28828000000,,,,,,2782000000,,2536000000,,1810000000,,,145.47,,,,,,,,,,,,,,,,,,,,,,false,false,12,2018-01-01,2018-12-31,-1
2020-02-14,89140,2019-12-31,,29333000000,0.018,,,,,3030000000,0.089,3000000000,0.183,-1753000000,,,-138.81,,-0.100,0.074,0.103,,43020000000,16419000000,0.382,1299.96,16419000000,4055000000,-1005000000,-1020000000,11702000000,40.00,,,,12940900,310390,12630778,false,false,12,2019-01-01,2019-12-31,0
2020-02-14,89140,2018-12-31,,28828000000,0.342,,,,,2782000000,0.169,2536000000,0.039,1810000000,,0.170,145.47,145.46,0.103,0.075,0.097,,37862000000,18749000000,0.495,1484.44,18749000000,-2380000000,-484000000,5944000000,9672000000,46.00,0.316,,,12940900,309931,12445273,false,false,12,2018-01-01,2018-12-31,-1
2020-02-14,89140,2020-12-31,,11400000000,-0.434,,,,,960000000,-0.636,910000000,-0.632,650000000,,-0.615,51.46,,,,,,,,,,,,,,,,,,,,,,false,true,6,2020-01-01,2020-06-30,1
2020-02-14,89140,2020-12-31,,24700000000,-0.158,,,,,2300000000,-0.241,2200000000,-0.267,1300000000,,,102.93,,,,,,,,,,,,,,,31.00,0.301,,,,,,false,true,12,2020-01-01,2020-12-31,1
2020-04-28,89140,2020-12-31,1,6523000000,-0.323,,,,,795000000,-0.378,783000000,-0.335,535000000,,-0.332,42.44,,,,,,41843000000,16445000000,0.393,,16445000000,,,,,,,,,12940900,310395,12630469,false,false,3,2020-01-01,2020-03-31,0
2020-04-28,89140,2019-12-31,1,9634000000,0.483,,,,,1278000000,1.031,1177000000,0.889,801000000,,0.890,63.49,,,,,,,,,,,,,,,,,,,,,12630933,false,false,3,2019-01-01,2019-03-31,-1
2020-04-28,89140,2020-12-31,1,11400000000,-0.434,,,,,960000000,-0.636,910000000,-0.632,650000000,,-0.615,51.46,,,,,,,,,,,,,,,,,,,,,,false,true,6,2020-01-01,2020-06-30,0
2020-04-28,89140,2020-12-31,1,24700000000,-0.158,,,,,2300000000,-0.241,2200000000,-0.267,1300000000,,,102.93,,,,,,,,,,,,,,,31.00,,,,,,,false,true,12,2020-01-01,2020-12-31,0
2020-04-28,89140,2019-12-31,1,,,,,,,,,,,,,,,,,,,,43020000000,16419000000,0.382,,16419000000,,,,,40.00,,,,12940900,310390,,false,false,12,2019-01-01,2019-12-31,-1
2020-07-27,89140,2020-12-31,,11700000000,0.026,,,,,1250000000,0.302,1210000000,0.330,830000000,,0.277,65.71,,,,,,,,,,,,,,,,,,,,,,false,true,6,2020-01-01,2020-06-30,0
2020-07-27,89140,2019-12-31,,20145000000,,,,,,2634000000,,2472000000,,1686000000,,,133.52,,,,,,,,,,,,,,,,,,,,,,false,false,6,2019-01-01,2019-06-30,-1
2020-07-29,89140,2020-12-31,2,11791000000,-0.415,,,,,1255000000,-0.523,1217000000,-0.508,830000000,,-0.508,65.73,,,,,,41955000000,16742000000,0.399,,16742000000,,,,,,,,,12940900,310345,12630515,false,false,6,2020-01-01,2020-06-30,0
2020-07-29,89140,2019-12-31,2,20145000000,0.445,,,,,2634000000,0.763,2472000000,0.839,1686000000,,0.851,133.52,,,,,,,,,,,,,,,,,,,,,12630880,false,false,6,2019-01-01,2019-06-30,-1
2020-07-29,89140,2020-12-31,2,24700000000,-0.158,,,,,2300000000,-0.241,2200000000,-0.267,1300000000,,,102.93,,,,,,,,,,,,,,,31.00,,,,,,,false,true,12,2020-01-01,2020-12-31,0
2020-07-29,89140,2019-12-31,2,,,,,,,,,,,,,,,,,,,,43020000000,16419000000,0.382,,16419000000,,,,,40.00,,,,12940900,310390,,false,false,12,2019-01-01,2019-12-31,-1
2020-07-29,89140,2020-12-31,2,,,,,,,,,,,,,,,,,,,,,,,,,,,,,0.00,,,,,,,false,false,12,2020-01-01,2020-12-31,0
2020-10-29,89140,2020-12-31,3,17153000000,-0.321,,,,,1810000000,-0.390,1727000000,-0.403,1586000000,,-0.186,125.62,,,,,,41662000000,17501000000,0.420,,17501000000,,,,,,,,,12940900,310405,12630520,false,false,9,2020-01-01,2020-09-30,0
2020-10-29,89140,2019-12-31,3,25258000000,0.276,,,,,2967000000,0.485,2894000000,0.642,1949000000,,0.685,154.35,,,,,,,,,,,,,,,,,,,,,12630827,false,false,9,2019-01-01,2019-09-30,-1
2020-10-29,89140,2020-12-31,3,22300000000,-0.240,,,,,2300000000,-0.241,2200000000,-0.267,1700000000,,,134.59,,,,,,,,,,,,,,,31.00,,,,,,,false,true,12,2020-01-01,2020-12-31,0
2020-10-29,89140,2019-12-31,3,,,,,,,,,,,,,,,,,,,,43020000000,16419000000,0.382,,16419000000,,,,,40.00,,,,12940900,310390,,false,false,12,2019-01-01,2019-12-31,-1
2020-10-29,89140,2020-12-31,3,,,,,,,,,,,,,,,,,,,,,,,,,,,,,0.00,,,,,,,false,false,12,2020-01-01,2020-12-31,0
2020-10-29,89140,2020-12-31,,22300000000,-0.097,,,,,2300000000,,2200000000,,1700000000,,0.308,134.59,,,,,,,,,,,,,,,,,,,,,,false,true,12,2020-01-01,2020-12-31,0
2020-10-29,89140,2019-12-31,,29333000000,,,,,,3030000000,,3000000000,,-1753000000,,,-138.81,,,,,,,,,,,,,,,,,,,,,,false,false,12,2019-01-01,2019-12-31,-1
2021-02-12,89140,2020-12-31,,22477000000,-0.234,,,,,2275000000,-0.249,2161000000,-0.280,2225000000,,,176.16,,0.129,0.052,0.101,,40702000000,18139000000,0.446,1436.16,18139000000,2546000000,-2228000000,-2240000000,9776000000,31.00,0.176,,,12940900,310445,12630505,false,false,12,2020-01-01,2020-12-31,0
2021-02-12,89140,2019-12-31,,29333000000,0.018,,,,,3030000000,0.089,3000000000,0.183,-1753000000,,,-138.81,,-0.100,0.074,0.103,,43020000000,16419000000,0.382,1299.96,16419000000,4055000000,-1005000000,-1020000000,11702000000,40.00,,,,12940900,310390,12630778,false,false,12,2019-01-01,2019-12-31,-1
2021-02-12,89140,2021-12-31,,10200000000,-0.135,,,,,1250000000,-0.005,1180000000,-0.031,850000000,,0.024,67.30,,,,,,,,,,,,,,,,,,,,,,false,true,6,2021-01-01,2021-06-30,1
2021-02-12,89140,2021-12-31,,19700000000,-0.124,,,,,2500000000,0.098,2400000000,0.110,1400000000,,-0.371,110.84,,,,,,,,,,,,,,,34.00,0.307,,,,,,false,true,12,2021-01-01,2021-12-31,1
2021-04-28,89140,2021-12-31,1,5321000000,-0.184,,,,,781000000,-0.018,773000000,-0.012,724000000,,0.352,57.38,,,,,,40537000000,18472000000,0.456,,18472000000,,,,,,,,,12940900,310485,12630435,false,false,3,2021-01-01,2021-03-31,0
2021-04-28,89140,2020-12-31,1,6523000000,-0.323,,,,,795000000,-0.378,783000000,-0.335,535000000,,-0.332,42.44,,,,,,,,,,,,,,,,,,,,,12630469,false,false,3,2020-01-01,2020-03-31,-1
2021-04-28,89140,2021-12-31,1,10200000000,-0.135,,,,,1250000000,-0.005,1180000000,-0.031,850000000,,0.024,67.30,,,,,,,,,,,,,,,,,,,,,,false,true,6,2021-01-01,2021-06-30,0
2021-04-28,89140,2021-12-31,1,19700000000,-0.124,,,,,2500000000,0.098,2400000000,0.110,1400000000,,-0.371,110.84,,,,,,,,,,,,,,,34.00,,,,,,,false,true,12,2021-01-01,2021-12-31,0
2021-04-28,89140,2020-12-31,1,,,,,,,,,,,,,,,,,,,,40702000000,18139000000,0.446,,18139000000,,,,,31.00,,,,12940900,310445,,false,false,12,2020-01-01,2020-12-31,-1
2021-07-26,89140,2021-12-31,,10750000000,0.054,,,,,1650000000,0.320,1650000000,0.398,1350000000,,0.588,106.82,,,,,,,,,,,,,,,,,,,,,,false,true,6,2021-01-01,2021-06-30,0
2021-07-26,89140,2020-12-31,,11791000000,,,,,,1255000000,,1217000000,,830000000,,,65.73,,,,,,,,,,,,,,,,,,,,,,false,false,6,2020-01-01,2020-06-30,-1
2021-07-26,89140,2021-12-31,,19700000000,0.000,,,,,2700000000,0.080,2600000000,0.083,1750000000,,0.250,138.48,,,,,,,,,,,,,,,41.00,,,,,,,false,true,12,2021-01-01,2021-12-31,0
2021-07-26,89140,2020-12-31,,22477000000,,,,,,2275000000,,2161000000,,2225000000,,,176.16,,,,,,,,,,,,,,,31.00,,,,,,,false,false,12,2020-01-01,2020-12-31,-1
2021-07-28,89140,2021-12-31,2,10753000000,-0.088,,,,,1671000000,0.331,1668000000,0.370,1363000000,,0.643,107.90,,,,,,41186000000,19146000000,0.465,,19146000000,,,,,,,,,12940900,278285,12637651,false,false,6,2021-01-01,2021-06-30,0
2021-07-28,89140,2020-12-31,2,11791000000,-0.415,,,,,1255000000,-0.523,1217000000,-0.508,830000000,,-0.508,65.73,,,,,,,,,,,,,,,,,,,,,12630515,false,false,6,2020-01-01,2020-06-30,-1
2021-07-28,89140,2021-12-31,2,19700000000,-0.124,,,,,2700000000,0.186,2600000000,0.203,1750000000,,-0.214,138.48,,,,,,,,,,,,,,,41.00,,,,,,,false,true,12,2021-01-01,2021-12-31,0
2021-07-28,89140,2020-12-31,2,,,,,,,,,,,,,,,,,,,,40702000000,18139000000,0.446,,18139000000,,,,,31.00,,,,12940900,310445,,false,false,12,2020-01-01,2020-12-31,-1
2021-07-28,89140,2021-12-31,2,,,,,,,,,,,,,,,,,,,,,,,,,,,,,0.00,,,,,,,false,false,12,2021-01-01,2021-12-31,0
2021-10-28,89140,2021-12-31,3,15279000000,-0.109,,,,,2369000000,0.309,2349000000,0.360,1856000000,,0.170,146.80,,,,,,41479000000,19642000000,0.474,,19642000000,,,,,,,,,12940900,278415,12646009,false,false,9,2021-01-01,2021-09-30,0
2021-10-28,89140,2020-12-31,3,17153000000,-0.321,,,,,1810000000,-0.390,1727000000,-0.403,1586000000,,-0.186,125.62,,,,,,,,,,,,,,,,,,,,,12630520,false,false,9,2020-01-01,2020-09-30,-1
2021-10-28,89140,2021-12-31,3,19700000000,-0.124,,,,,2900000000,0.274,2800000000,0.295,2000000000,,-0.101,158.10,,,,,,,,,,,,,,,47.00,,,,,,,false,true,12,2021-01-01,2021-12-31,0
2021-10-28,89140,2020-12-31,3,,,,,,,,,,,,,,,,,,,,40702000000,18139000000,0.446,,18139000000,,,,,31.00,,,,12940900,310445,,false,false,12,2020-01-01,2020-12-31,-1
2021-10-28,89140,2021-12-31,3,,,,,,,,,,,,,,,,,,,,,,,,,,,,,0.00,,,,,,,false,false,12,2021-01-01,2021-12-31,0
2021-10-28,89140,2021-12-31,,19700000000,0.000,,,,,2900000000,0.074,2800000000,0.077,2000000000,,0.143,158.10,,,,,,,,,,,,,,,47.00,,,,,,,false,true,12,2021-01-01,2021-12-31,0
2021-10-28,89140,2020-12-31,,22477000000,,,,,,2275000000,,2161000000,,2225000000,,,176.16,,,,,,,,,,,,,,,31.00,,,,,,,false,false,12,2020-01-01,2020-12-31,-1
2021-10-28,89140,2021-12-31,,,,,,,,,,,,,,,,,,,,,,,,,,,,,,0.00,,,,,,,false,false,12,2021-01-01,2021-12-31,0
2022-02-09,89140,2021-12-31,,20570000000,0.044,,,,,3040000000,0.048,3000000000,0.071,3140000000,,0.570,248.22,,,,,,,,,,,,,,,,,,,,,,false,true,12,2021-01-01,2021-12-31,0
2022-02-09,89140,2020-12-31,,22477000000,,,,,,2275000000,,2161000000,,2225000000,,,176.16,,,,,,,,,,,,,,,,,,,,,,false,false,12,2020-01-01,2020-12-31,-1
2022-02-14,89140,2021-12-31,,20572000000,-0.085,,,,,3044000000,0.338,3009000000,0.392,3171000000,,0.425,250.72,,0.162,0.073,0.148,,42202000000,20963000000,0.497,1655.56,20963000000,5741000000,-1264000000,-825000000,13440000000,47.00,0.187,,,12940900,278595,12650125,false,false,12,2021-01-01,2021-12-31,0
2022-02-14,89140,2020-12-31,,22477000000,-0.234,,,,,2275000000,-0.249,2161000000,-0.280,2225000000,,,176.16,,0.129,0.052,0.101,,40702000000,18139000000,0.446,1436.16,18139000000,2520000000,-2228000000,-2213000000,9776000000,31.00,0.176,,,12940900,310445,12630505,false,false,12,2020-01-01,2020-12-31,-1
2022-02-14,89140,2022-12-31,,10300000000,-0.042,,,,,1600000000,-0.043,1550000000,-0.071,1050000000,,-0.230,82.92,,,,,,,,,,,,,,,,,,,,,,false,true,6,2022-01-01,2022-06-30,1
2022-02-14,89140,2022-12-31,,20600000000,0.001,,,,,3300000000,0.084,3200000000,0.063,2100000000,,-0.338,165.85,,,,,,,,,,,,,,,50.00,0.301,,,,,,false,true,12,2022-01-01,2022-12-31,1
2022-04-27,89140,2022-12-31,1,5145000000,-0.033,,,,,936000000,0.199,948000000,0.227,650000000,,-0.102,51.41,,,,,,41704000000,20819000000,0.499,,20819000000,,,,,,,,,12940900,278645,12662308,false,false,3,2022-01-01,2022-03-31,0
2022-04-27,89140,2021-12-31,1,5321000000,-0.184,,,,,781000000,-0.018,773000000,-0.012,724000000,,0.352,57.38,,,,,,,,,,,,,,,,,,,,,12630435,false,false,3,2021-01-01,2021-03-31,-1
2022-04-27,89140,2022-12-31,1,10300000000,-0.042,,,,,1600000000,-0.043,1550000000,-0.071,1050000000,,-0.230,82.92,,,,,,,,,,,,,,,,,,,,,,false,true,6,2022-01-01,2022-06-30,0
2022-04-27,89140,2022-12-31,1,20600000000,0.001,,,,,3300000000,0.084,3200000000,0.063,2100000000,,-0.338,165.85,,,,,,,,,,,,,,,50.00,,,,,,,false,true,12,2022-01-01,2022-12-31,0
2022-04-27,89140,2021-12-31,1,,,,,,,,,,,,,,,,,,,,42202000000,20963000000,0.497,,20963000000,,,,,47.00,,,,12940900,278595,,false,false,12,2021-01-01,2021-12-31,-1
2022-07-25,89140,2022-12-31,,10600000000,0.029,,,,,1920000000,0.200,1980000000,0.277,1580000000,,0.505,124.74,,,,,,,,,,,,,,,,,,,,,,false,true,6,2022-01-01,2022-06-30,0
2022-07-25,89140,2021-12-31,,10753000000,,,,,,1671000000,,1668000000,,1363000000,,,107.90,,,,,,,,,,,,,,,,,,,,,,false,false,6,2021-01-01,2021-06-30,-1
2022-07-25,89140,2022-12-31,,20600000000,,,,,,3640000000,0.103,3670000000,0.147,2675000000,,0.274,211.20,,,,,,,,,,,,,,,64.00,,,,,,,false,true,12,2022-01-01,2022-12-31,0
2022-07-25,89140,2021-12-31,,20572000000,,,,,,3044000000,,3009000000,,3171000000,,,250.72,,,,,,,,,,,,,,,47.00,,,,,,,false,false,12,2021-01-01,2021-12-31,-1
2022-07-27,89140,2022-12-31,2,10611000000,-0.013,,,,,1926000000,0.152,1984000000,0.190,1592000000,,0.168,125.74,,,,,,43437000000,21781000000,0.501,,21781000000,,,,,,,,,12940900,263019,12665895,false,false,6,2022-01-01,2022-06-30,0
2022-07-27,89140,2021-12-31,2,10753000000,-0.088,,,,,1671000000,0.331,1668000000,0.370,1363000000,,0.643,107.90,,,,,,,,,,,,,,,,,,,,,12637651,false,false,6,2021-01-01,2021-06-30,-1
2022-07-27,89140,2022-12-31,2,20600000000,0.001,,,,,3640000000,0.196,3670000000,0.220,2675000000,,-0.157,211.20,,,,,,,,,,,,,,,64.00,,,,,,,false,true,12,2022-01-01,2022-12-31,0
2022-07-27,89140,2021-12-31,2,,,,,,,,,,,,,,,,,,,,42202000000,20963000000,0.497,,20963000000,,,,,47.00,,,,12940900,278595,,false,false,12,2021-01-01,2021-12-31,-1
2022-07-27,89140,2022-12-31,2,,,,,,,,,,,,,,,,,,,,,,,,,,,,,0.00,,,,,,,false,false,12,2022-01-01,2022-12-31,0
2022-10-27,89140,2022-12-31,3,15831000000,0.036,,,,,2827000000,0.193,2897000000,0.233,2212000000,,0.192,174.59,,,,,,44790000000,22399000000,0.500,,22399000000,,,,,,,,,12940900,263321,12669869,false,false,9,2022-01-01,2022-09-30,0
2022-10-27,89140,2021-12-31,3,15279000000,-0.109,,,,,2369000000,0.309,2349000000,0.360,1856000000,,0.170,146.80,,,,,,,,,,,,,,,,,,,,,12646009,false,false,9,2021-01-01,2021-09-30,-1
2022-10-27,89140,2022-12-31,3,20600000000,0.001,,,,,3640000000,0.196,3670000000,0.220,2675000000,,-0.157,211.20,,,,,,,,,,,,,,,64.00,,,,,,,false,true,12,2022-01-01,2022-12-31,0
2022-10-27,89140,2021-12-31,3,,,,,,,,,,,,,,,,,,,,42202000000,20963000000,0.497,,20963000000,,,,,47.00,,,,12940900,278595,,false,false,12,2021-01-01,2021-12-31,-1
2022-10-27,89140,2022-12-31,3,,,,,,,,,,,,,,,,,,,,,,,,,,,,,0.00,,,,,,,false,false,12,2022-01-01,2022-12-31,0
2023-02-14,89140,2022-12-31,,20878000000,0.015,,,,,3742000000,0.229,3758000000,0.249,2883000000,,-0.091,227.54,,0.131,0.086,0.179,,45643000000,23072000000,0.505,1819.97,23072000000,1605000000,-2258000000,1492000000,14299000000,69.00,0.303,,,12940900,263402,12671795,false,false,12,2022-01-01,2022-12-31,0
2023-02-14,89140,2021-12-31,,20572000000,-0.085,,,,,3044000000,0.338,3009000000,0.392,3171000000,,0.425,250.72,,0.162,0.073,0.148,,42202000000,20963000000,0.497,1655.56,20963000000,5741000000,-1264000000,-825000000,13440000000,47.00,0.187,,,12940900,278595,12650125,false,false,12,2021-01-01,2021-12-31,-1
2023-02-14,89140,2023-12-31,,10775000000,0.015,,,,,2025000000,0.051,1960000000,-0.012,1370000000,,-0.140,108.07,,,,,,,,,,,,,,,,,,,,,,false,true,6,2023-01-01,2023-06-30,1
2023-02-14,89140,2023-12-31,,21800000000,0.044,,,,,4050000000,0.082,3930000000,0.046,2600000000,,-0.098,205.09,,,,,,,,,,,,,,,62.00,0.302,,,,,,false,true,12,2023-01-01,2023-12-31,1
2023-04-27,89140,2023-12-31,1,5088000000,-0.011,,,,,1005000000,0.074,979000000,0.032,695000000,,0.069,54.88,,,,,,44903000000,22893000000,0.510,,22893000000,,,,,,,,,12940900,267859,12677187,false,false,3,2023-01-01,2023-03-31,0
2023-04-27,89140,2022-12-31,1,5145000000,-0.033,,,,,936000000,0.199,948000000,0.227,650000000,,-0.102,51.41,,,,,,,,,,,,,,,,,,,,,12662308,false,false,3,2022-01-01,2022-03-31,-1
2023-04-27,89140,2023-12-31,1,10775000000,0.015,,,,,2025000000,0.051,1960000000,-0.012,1370000000,,-0.140,108.07,,,,,,,,,,,,,,,,,,,,,,false,true,6,2023-01-01,2023-06-30,0
2023-04-27,89140,2023-12-31,1,21800000000,0.044,,,,,4050000000,0.082,3930000000,0.046,2600000000,,-0.098,205.09,,,,,,,,,,,,,,,62.00,,,,,,,false,true,12,2023-01-01,2023-12-31,0
2023-04-27,89140,2022-12-31,1,,,,,,,,,,,,,,,,,,,,45643000000,23072000000,0.505,,23072000000,,,,,69.00,,,,12940900,263402,,false,false,12,2022-01-01,2022-12-31,-1
2023-07-27,89140,2023-12-31,2,11184000000,0.054,,,,,2208000000,0.147,2206000000,0.112,1544000000,,-0.030,121.79,,,,,,46843000000,23741000000,0.507,,23741000000,,,,,,,,,12940900,257085,12677650,false,false,6,2023-01-01,2023-06-30,0
2023-07-27,89140,2022-12-31,2,10611000000,-0.013,,,,,1926000000,0.152,1984000000,0.190,1592000000,,0.168,125.74,,,,,,,,,,,,,,,,,,,,,12665895,false,false,6,2022-01-01,2022-06-30,-1
2023-07-27,89140,2023-12-31,2,21800000000,0.044,,,,,4050000000,0.082,3930000000,0.046,2600000000,,-0.098,205.09,,,,,,,,,,,,,,,62.00,,,,,,,false,true,12,2023-01-01,2023-12-31,0
2023-07-27,89140,2022-12-31,2,,,,,,,,,,,,,,,,,,,,45643000000,23072000000,0.505,,23072000000,,,,,69.00,,,,12940900,263402,,false,false,12,2022-01-01,2022-12-31,-1
2023-07-27,89140,2023-12-31,2,,,,,,,,,,,,,,,,,,,,,,,,,,,,,0.00,,,,,,,false,false,12,2023-01-01,2023-12-31,0
2023-10-26,89140,2023-12-31,3,17096000000,0.080,,,,,3356000000,0.187,3330000000,0.150,2338000000,,0.057,184.43,,,,,,47723000000,24538000000,0.514,,24538000000,,,,,,,10.00,,12940900,257315,12679693,false,false,9,2023-01-01,2023-09-30,0
2023-10-26,89140,2022-12-31,3,15831000000,0.036,,,,,2827000000,0.193,2897000000,0.233,2212000000,,0.192,174.59,,,,,,,,,,,,,,,,,,,,,12669869,false,false,9,2022-01-01,2022-09-30,-1
2023-10-26,89140,2023-12-31,3,21800000000,0.044,,,,,4050000000,0.082,3930000000,0.046,2600000000,,-0.098,205.09,,,,,,,,,,,,,,,72.00,,,,,,,false,true,12,2023-01-01,2023-12-31,0
2023-10-26,89140,2022-12-31,3,,,,,,,,,,,,,,,,,,,,45643000000,23072000000,0.505,,23072000000,,,,,69.00,,,,12940900,263402,,false,false,12,2022-01-01,2022-12-31,-1
2023-10-26,89140,2023-12-31,3,,,,,,,,,,,,,,,,,,,,,,,,,,,,,0.00,,,,,,,false,false,12,2023-01-01,2023-12-31,0
2024-02-14,89140,2023-12-31,,22463000000,0.076,,,,,4155000000,0.111,4058000000,0.080,2821000000,,-0.021,222.50,,0.117,0.085,0.185,,49676000000,25021000000,0.504,1972.72,25021000000,3530000000,-4667000000,1818000000,14995000000,77.00,0.346,10.00,,12940900,257325,12680669,false,false,12,2023-01-01,2023-12-31,0
2024-02-14,89140,2022-12-31,,20878000000,0.015,,,,,3742000000,0.229,3758000000,0.249,2883000000,,-0.091,227.54,,0.131,0.086,0.179,,45643000000,23072000000,0.505,1819.97,23072000000,1605000000,-2258000000,1492000000,14299000000,69.00,0.303,,,12940900,263402,12671795,false,false,12,2022-01-01,2022-12-31,-1
2024-02-14,89140,2024-12-31,,12000000000,0.073,,,,,2360000000,0.069,2300000000,0.043,1580000000,,0.023,124.57,,,,,,,,,,,,,,,,,,,,,,false,true,6,2024-01-01,2024-06-30,1
2024-02-14,89140,2024-12-31,,24400000000,0.086,,,,,4650000000,0.119,4520000000,0.114,3080000000,,0.092,242.83,,,,,,,,,,,,,,,77.00,0.317,,,,,,false,true,12,2024-01-01,2024-12-31,1
2024-04-25,89140,2024-12-31,1,6883000000,0.353,,,,,1405000000,0.397,1342000000,0.371,902000000,,0.298,71.18,,,,,,51072000000,24952000000,0.489,,24952000000,,,,,,,,,12940900,257325,12683575,false,false,3,2024-01-01,2024-03-31,0
2024-04-25,89140,2023-12-31,1,5088000000,-0.011,,,,,1005000000,0.074,979000000,0.032,695000000,,0.069,54.88,,,,,,,,,,,,,,,,,,,,,12677187,false,false,3,2023-01-01,2023-03-31,-1
2024-04-25,89140,2024-12-31,1,12000000000,0.073,,,,,2360000000,0.069,2300000000,0.043,1580000000,,0.023,124.57,,,,,,,,,,,,,,,,,,,,,,false,true,6,2024-01-01,2024-06-30,0
2024-04-25,89140,2024-12-31,1,24400000000,0.086,,,,,4650000000,0.119,4520000000,0.114,3080000000,,0.092,121.42,,,,,,,,,,,,,,,19.00,,,,,,,false,true,12,2024-01-01,2024-12-31,0
2024-04-25,89140,2023-12-31,1,,,,,,,,,,,,,,,,,,,,49676000000,25021000000,0.504,,25021000000,,,,,77.00,,,,12940900,257325,,false,false,12,2023-01-01,2023-12-31,-1
2024-07-30,89140,2024-12-31,2,12910000000,0.154,,,,,2547000000,0.153,2482000000,0.125,1686000000,,0.093,66.48,,,,,,52651000000,25740000000,0.489,,25740000000,,,,,,,,,25881800,491006,25372981,false,false,6,2024-01-01,2024-06-30,0
2024-07-30,89140,2023-12-31,2,11184000000,0.054,,,,,2208000000,0.147,2206000000,0.112,1544000000,,-0.030,60.90,,,,,,,,,,,,,,,,,,,,,25355301,false,false,6,2023-01-01,2023-06-30,-1
2024-07-30,89140,2024-12-31,2,24400000000,0.086,,,,,4650000000,0.119,4520000000,0.114,3080000000,,0.092,121.42,,,,,,,,,,,,,,,19.00,,,,,,,false,true,12,2024-01-01,2024-12-31,0
2024-07-30,89140,2023-12-31,2,,,,,,,,,,,,,,,,,,,,49676000000,25021000000,0.504,,25021000000,,,,,77.00,,,,25881800,514650,,false,false,12,2023-01-01,2023-12-31,-1
2024-07-30,89140,2024-12-31,2,,,,,,,,,,,,,,,,,,,,,,,,,,,,,39.00,,,,,,,false,false,12,2024-01-01,2024-12-31,0
2024-10-29,89140,2024-12-31,3,19296000000,0.129,,,,,3781000000,0.127,3574000000,0.073,2494000000,,0.067,98.30,,,,,,53321000000,26054000000,0.489,,26054000000,,,,,,,10.00,,25881800,491127,25378917,false,false,9,2024-01-01,2024-09-30,0
2024-10-29,89140,2023-12-31,3,17096000000,0.080,,,,,3356000000,0.187,3330000000,0.150,2338000000,,0.057,92.22,,,,,,,,,,,,,,,,,,,,,25359387,false,false,9,2023-01-01,2023-09-30,-1
2024-10-29,89140,2024-12-31,3,24400000000,0.086,,,,,4650000000,0.119,4520000000,0.114,3080000000,,0.092,121.42,,,,,,,,,,,,,,,23.50,,,,,,,false,true,12,2024-01-01,2024-12-31,0
2024-10-29,89140,2023-12-31,3,,,,,,,,,,,,,,,,,,,,49676000000,25021000000,0.504,,25021000000,,,,,77.00,,,,25881800,514650,,false,false,12,2023-01-01,2023-12-31,-1
2024-10-29,89140,2024-12-31,3,,,,,,,,,,,,,,,,,,,,,,,,,,,,,39.00,,,,,,,false,false,12,2024-01-01,2024-12-31,0
2025-02-14,89140,2024-12-31,,24695000000,0.099,,,,,4906000000,0.181,4714000000,0.162,3200000000,,0.135,126.11,,0.124,0.089,0.199,,55919000000,26769000000,0.479,1054.32,26769000000,5746000000,-8181000000,2616000000,15210000000,25.00,0.353,,,25881800,491167,25381861,false,false,12,2024-01-01,2024-12-31,0
2025-02-14,89140,2023-12-31,,22463000000,0.076,,,,,4155000000,0.111,4058000000,0.080,2821000000,,-0.021,111.25,,0.117,0.085,0.185,,49676000000,25021000000,0.504,986.36,25021000000,3530000000,-4667000000,1818000000,14995000000,77.00,0.346,,,25881800,514650,25361339,false,false,12,2023-01-01,2023-12-31,-1
2025-02-14,89140,2025-12-31,,13600000000,0.053,,,,,2710000000,0.064,2600000000,0.047,1800000000,,0.067,70.89,,,,,,,,,,,,,,,,,,,,,,false,true,6,2025-01-01,2025-06-30,1
2025-02-14,89140,2025-12-31,,26000000000,0.053,,,,,5350000000,0.090,5080000000,0.078,3420000000,,0.068,134.70,,,,,,,,,,,,,,,48.00,0.356,,,,,,false,true,12,2025-01-01,2025-12-31,1
2025-04-30,89140,2025-12-31,1,7521000000,0.093,,,,,1563000000,0.113,1495000000,0.114,1112000000,,0.232,43.81,,,,,,56804000000,27210000000,0.479,,27210000000,,,,,,,,,25881800,491247,25390565,false,false,3,2025-01-01,2025-03-31,0
2025-04-30,89140,2024-12-31,1,6883000000,0.353,,,,,1405000000,0.397,1342000000,0.371,902000000,,0.298,35.59,,,,,,,,,,,,,,,,,,,,,25367150,false,false,3,2024-01-01,2024-03-31,-1
2025-04-30,89140,2025-12-31,1,13600000000,0.053,,,,,2710000000,0.064,2600000000,0.047,1800000000,,0.067,70.89,,,,,,,,,,,,,,,,,,,,,,false,true,6,2025-01-01,2025-06-30,0
2025-04-30,89140,2025-12-31,1,26000000000,0.053,,,,,5350000000,0.090,5080000000,0.078,3420000000,,0.068,134.70,,,,,,,,,,,,,,,48.00,,,,,,,false,true,12,2025-01-01,2025-12-31,0
2025-04-30,89140,2024-12-31,1,,,,,,,,,,,,,,,,,,,,55919000000,26769000000,0.479,,26769000000,,,,,25.00,,,,25881800,491167,,false,false,12,2024-01-01,2024-12-31,-1
