filing_date,code,fiscal_year_end,quarterly_period,net_sales,net_sales_change,revenue,revenue_change,operating_revenue,operating_revenue_change,operating_profit,operating_profit_change,ordinary_profit,ordinary_profit_change,net_income,net_income_of_parent,net_income_change,eps,diluted_eps,roe,roa,operating_profit_to_net_sales,operating_profit_to_revenue,total_assets,net_assets,equity_ratio,bps,owner_equity,operating_cash_flow,investing_cash_flow,financing_cash_flow,cash,dividend_per_share,payout_ratio,commemorative_dividend,extra_dividend,number_of_shares,number_of_treqsury_shares,avg_number_of_shares,is_consolidated,is_forecast,duration,period_start,period_end,period_pos
2015-05-12,89200,2015-03-31,,16888000000,,,,,,4305000000,,4203000000,,2536000000,,,132.40,,0.170,0.123,0.255,,36297000000,17016000000,0.448,848.26,16247000000,4492000000,-2930000000,723000000,6386000000,,0.144,,,,,,true,false,12,2014-04-01,2015-03-31,0
2015-05-12,89200,2016-03-31,,9000000000,0.088,,,,,2382000000,0.086,2334000000,0.095,,1295000000,,67.61,,,,,,,,,,,,,,,,,,,,,,true,true,6,2015-04-01,2015-09-30,1
2015-05-12,89200,2016-03-31,,18200000000,0.078,,,,,4800000000,0.115,4700000000,0.118,,2620000000,,136.78,,,,,,,,,,,,,,,,,,,,,,true,true,12,2015-04-01,2016-03-31,1
2015-05-12,89200,2015-03-31,,15837000000,0.040,,,,,3994000000,0.105,3920000000,0.120,2320000000,,0.174,121.13,,,,,,30847000000,15600000000,0.506,814.48,15600000000,,,,,19.00,,,,19157500,3574,19154060,false,false,12,2014-04-01,2015-03-31,0
2015-05-12,89200,2014-03-31,,15226000000,0.147,,,,,3616000000,0.188,3501000000,0.230,1975000000,,0.242,107.29,,,,,,32292000000,13645000000,0.423,712.37,13645000000,,,,,18.00,,,,19157500,3089,18417062,false,false,12,2013-04-01,2014-03-31,-1
2015-05-12,89200,2016-03-31,,7750000000,-0.063,,,,,,,1980000000,-0.071,1164000000,,-0.074,60.77,,,,,,,,,,,,,,,,,,,,,,false,true,6,2015-04-01,2015-09-30,1
2015-05-12,89200,2016-03-31,,15653000000,-0.012,,,,,,,3985000000,0.016,2350000000,,0.013,122.69,,,,,,,,,,,,,,,20.00,,,,,,,false,true,12,2015-04-01,2016-03-31,1
2015-05-12,89200,2014-03-31,,,,,,,,,,,,,,,,,,,,,,,,,,,,,,,0.168,,,,,,true,false,12,2013-04-01,2014-03-31,-1
2015-07-31,89200,2016-03-31,1,4651000000,,,,,,1200000000,,1185000000,,,701000000,,36.63,,,,,,37718000000,17560000000,0.444,874.90,16757000000,,,,,,,,,,,,true,false,3,2015-04-01,2015-06-30,0
2015-07-31,89200,2016-03-31,1,9000000000,0.088,,,,,2382000000,0.086,2334000000,0.095,,1295000000,,67.61,,,,,,,,,,,,,,,,,,,,,,true,true,6,2015-04-01,2015-09-30,0
2015-07-31,89200,2016-03-31,1,18200000000,0.078,,,,,4800000000,0.115,4700000000,0.118,,2620000000,,136.78,,,,,,,,,,,,,,,,,,,,,,true,true,12,2015-04-01,2016-03-31,0
2015-07-31,89200,2015-03-31,1,,,,,,,,,,,,,,,,,,,,36297000000,17016000000,0.448,848.26,16247000000,,,,,,,,,,,,true,false,12,2014-04-01,2015-03-31,-1
2015-07-31,89200,2015-03-31,1,,,,,,,,,,,,,,,,,,,,,,,,,,,,,19.00,,,,19157500,3574,,false,false,12,2014-04-01,2015-03-31,-1
2015-07-31,89200,2016-03-31,1,,,,,,,,,,,,,,,,,,,,,,,,,,,,,20.00,,,,,,,false,true,12,2015-04-01,2016-03-31,0
2015-07-31,89200,2016-03-31,1,,,,,,,,,,,,,,,,,,,,,,,,,,,,,,,,,19157500,3574,19153926,false,false,3,2015-04-01,2015-06-30,0
2015-07-31,89200,2015-03-31,1,,,,,,,,,,,,,,,,,,,,,,,,,,,,,,,,,,,19154196,false,false,3,2014-04-01,2014-06-30,-1
2015-10-30,89200,2016-03-31,2,9438000000,,,,,,2642000000,,2597000000,,,1528000000,,79.80,,,,,,40896000000,18447000000,0.430,918.04,17583000000,,,,,,,,,,,,true,false,6,2015-04-01,2015-09-30,0
2015-10-30,89200,2016-03-31,2,18200000000,0.078,,,,,4800000000,0.115,4700000000,0.118,,2620000000,,136.78,,,,,,,,,,,,,,,,,,,,,,true,true,12,2015-04-01,2016-03-31,0
2015-10-30,89200,2015-03-31,2,,,,,,,,,,,,,,,,,,,,36297000000,17016000000,0.448,848.26,16247000000,,,,,,,,,,,,true,false,12,2014-04-01,2015-03-31,-1
2015-10-30,89200,2015-03-31,2,,,,,,,,,,,,,,,,,,,,,,,,,,,,,19.00,,,,19157500,3574,,false,false,12,2014-04-01,2015-03-31,-1
2015-10-30,89200,2016-03-31,2,,,,,,,,,,,,,,,,,,,,,,,,,,,,,10.00,,,,,,,false,false,12,2015-04-01,2016-03-31,0
2015-10-30,89200,2016-03-31,2,,,,,,,,,,,,,,,,,,,,,,,,,,,,,20.00,,,,,,,false,true,12,2015-04-01,2016-03-31,0
2015-10-30,89200,2016-03-31,2,,,,,,,,,,,,,,,,,,,,,,,,,,,,,,,,,19157500,3852,19153815,false,false,6,2015-04-01,2015-09-30,0
2015-10-30,89200,2015-03-31,2,,,,,,,,,,,,,,,,,,,,,,,,,,,,,,,,,,,19154141,false,false,6,2014-04-01,2014-09-30,-1
2016-01-29,89200,2016-03-31,3,14305000000,0.142,,,,,4135000000,0.237,4077000000,0.249,,2391000000,,124.85,,,,,,40931000000,19177000000,0.446,953.09,18255000000,,,,,,,,,,,,true,false,9,2015-04-01,2015-12-31,0
2016-01-29,89200,2015-03-31,3,12529000000,,,,,,3343000000,,3265000000,,,1912000000,,99.85,,,,,,,,,,,,,,,,,,,,,,true,false,9,2014-04-01,2014-12-31,-1
2016-01-29,89200,2016-03-31,3,19000000000,0.125,,,,,5300000000,0.231,5200000000,0.237,,3100000000,,161.84,,,,,,,,,,,,,,,,,,,,,,true,true,12,2015-04-01,2016-03-31,0
2016-01-29,89200,2015-03-31,3,,,,,,,,,,,,,,,,,,,,36297000000,17016000000,0.448,848.26,16247000000,,,,,,,,,,,,true,false,12,2014-04-01,2015-03-31,-1
2016-01-29,89200,2015-03-31,3,,,,,,,,,,,,,,,,,,,,,,,,,,,,,19.00,,,,19157500,3574,,false,false,12,2014-04-01,2015-03-31,-1
2016-01-29,89200,2016-03-31,3,,,,,,,,,,,,,,,,,,,,,,,,,,,,,10.00,,,,,,,false,false,12,2015-04-01,2016-03-31,0
2016-01-29,89200,2016-03-31,3,,,,,,,,,,,,,,,,,,,,,,,,,,,,,21.00,,,,,,,false,true,12,2015-04-01,2016-03-31,0
2016-01-29,89200,2016-03-31,3,,,,,,,,,,,,,,,,,,,,,,,,,,,,,,,,,19157500,3852,19153759,false,false,9,2015-04-01,2015-12-31,0
2016-01-29,89200,2015-03-31,3,,,,,,,,,,,,,,,,,,,,,,,,,,,,,,,,,,,19154103,false,false,9,2014-04-01,2014-12-31,-1
2016-01-29,89200,2016-03-31,,19000000000,0.044,,,,,5300000000,0.104,5200000000,0.106,,3100000000,,161.84,,,,,,,,,,,,,,,,,,,,,,true,true,12,2015-04-01,2016-03-31,0
2016-01-29,89200,2015-03-31,,16888000000,,,,,,4305000000,,4203000000,,,2536000000,,132.40,,,,,,,,,,,,,,,,,,,,,,true,false,12,2014-04-01,2015-03-31,-1
2016-01-29,89200,2016-03-31,,16200000000,0.035,,,,,,,4300000000,0.079,2550000000,,0.085,133.13,,,,,,,,,,,,,,,21.00,,,,,,,false,true,12,2015-04-01,2016-03-31,0
2016-01-29,89200,2015-03-31,,15837000000,,,,,,,,3920000000,,2320000000,,,121.13,,,,,,,,,,,,,,,19.00,,,,,,,false,false,12,2014-04-01,2015-03-31,-1
2016-01-29,89200,2016-03-31,,,,,,,,,,,,,,,,,,,,,,,,,,,,,,10.00,,,,,,,false,false,12,2015-04-01,2016-03-31,0
2016-05-10,89200,2016-03-31,,19224000000,0.138,,,,,5449000000,0.266,5380000000,0.280,,3156000000,,164.79,,0.179,0.136,0.283,,43110000000,19999000000,0.441,993.03,19020000000,5815000000,-4642000000,1444000000,9003000000,,0.127,,,,,,true,false,12,2015-04-01,2016-03-31,0
2016-05-10,89200,2015-03-31,,16888000000,,,,,,4305000000,,4203000000,,,2536000000,,132.40,,0.170,0.123,0.255,,36297000000,17016000000,0.448,848.26,16247000000,4492000000,-2930000000,723000000,6386000000,,0.144,,,,,,true,false,12,2014-04-01,2015-03-31,-1
2016-05-10,89200,2017-03-31,,10120000000,0.072,,,,,2733000000,0.034,2716000000,0.046,,1600000000,,83.54,,,,,,,,,,,,,,,,,,,,,,true,true,6,2016-04-01,2016-09-30,1
2016-05-10,89200,2017-03-31,,20700000000,0.077,,,,,5760000000,0.057,5720000000,0.063,,3330000000,,173.85,,,,,,,,,,,,,,,,0.127,,,,,,true,true,12,2016-04-01,2017-03-31,1
2016-05-10,89200,2016-03-31,,16336000000,0.032,,,,,4451000000,0.114,4450000000,0.135,2805000000,,0.209,146.48,,,,,,35249000000,18022000000,0.511,940.93,18022000000,,,,,21.00,,,,19157500,3852,19153731,false,false,12,2015-04-01,2016-03-31,0
2016-05-10,89200,2015-03-31,,15837000000,0.040,,,,,3994000000,0.105,3920000000,0.120,2320000000,,0.174,121.13,,,,,,30847000000,15600000000,0.506,814.48,15600000000,,,,,19.00,,,,19157500,3574,19154060,false,false,12,2014-04-01,2015-03-31,-1
2016-05-10,89200,2017-03-31,,8426000000,0.047,,,,,,,2191000000,0.016,1390000000,,0.014,72.57,,,,,,,,,,,,,,,,,,,,,,false,true,6,2016-04-01,2016-09-30,1
2016-05-10,89200,2017-03-31,,17180000000,0.052,,,,,,,4620000000,0.038,2910000000,,0.037,151.92,,,,,,,,,,,,,,,22.00,,,,,,,false,true,12,2016-04-01,2017-03-31,1
2016-07-29,89200,2017-03-31,1,5077000000,0.092,,,,,1315000000,0.095,1317000000,0.111,,776000000,,40.53,,,,,,43481000000,20603000000,0.450,1022.56,19585000000,,,,,,,,,,,,true,false,3,2016-04-01,2016-06-30,0
2016-07-29,89200,2016-03-31,1,4651000000,,,,,,1200000000,,1185000000,,,701000000,,36.63,,,,,,,,,,,,,,,,,,,,,,true,false,3,2015-04-01,2015-06-30,-1
2016-07-29,89200,2017-03-31,1,10120000000,0.072,,,,,2733000000,0.034,2716000000,0.046,,1600000000,,83.54,,,,,,,,,,,,,,,,,,,,,,true,true,6,2016-04-01,2016-09-30,0
2016-07-29,89200,2017-03-31,1,20700000000,0.077,,,,,5760000000,0.057,5720000000,0.063,,3330000000,,173.85,,,,,,,,,,,,,,,,,,,,,,true,true,12,2016-04-01,2017-03-31,0
2016-07-29,89200,2016-03-31,1,,,,,,,,,,,,,,,,,,,,43110000000,19999000000,0.441,993.03,19020000000,,,,,,,,,,,,true,false,12,2015-04-01,2016-03-31,-1
2016-07-29,89200,2016-03-31,1,,,,,,,,,,,,,,,,,,,,,,,,,,,,,21.00,,,,19157500,3852,,false,false,12,2015-04-01,2016-03-31,-1
2016-07-29,89200,2017-03-31,1,,,,,,,,,,,,,,,,,,,,,,,,,,,,,22.00,,,,,,,false,true,12,2016-04-01,2017-03-31,0
2016-07-29,89200,2017-03-31,1,,,,,,,,,,,,,,,,,,,,,,,,,,,,,,,,,19157500,3887,19153637,false,false,3,2016-04-01,2016-06-30,0
2016-07-29,89200,2016-03-31,1,,,,,,,,,,,,,,,,,,,,,,,,,,,,,,,,,,,19153926,false,false,3,2015-04-01,2015-06-30,-1
2016-10-31,89200,2017-03-31,2,10480000000,0.110,,,,,3019000000,0.142,3040000000,0.170,,1800000000,,94.02,,,,,,44707000000,21691000000,0.461,1076.04,20610000000,,,,,,,,,,,,true,false,6,2016-04-01,2016-09-30,0
2016-10-31,89200,2016-03-31,2,9438000000,,,,,,2642000000,,2597000000,,,1528000000,,79.80,,,,,,,,,,,,,,,,,,,,,,true,false,6,2015-04-01,2015-09-30,-1
2016-10-31,89200,2017-03-31,2,20700000000,0.077,,,,,5760000000,0.057,5720000000,0.063,,3330000000,,173.85,,,,,,,,,,,,,,,,,,,,,,true,true,12,2016-04-01,2017-03-31,0
2016-10-31,89200,2016-03-31,2,,,,,,,,,,,,,,,,,,,,43110000000,19999000000,0.441,993.03,19020000000,,,,,,,,,,,,true,false,12,2015-04-01,2016-03-31,-1
2016-10-31,89200,2016-03-31,2,,,,,,,,,,,,,,,,,,,,,,,,,,,,,21.00,,,,19157500,3852,,false,false,12,2015-04-01,2016-03-31,-1
2016-10-31,89200,2017-03-31,2,,,,,,,,,,,,,,,,,,,,,,,,,,,,,11.00,,,,,,,false,false,12,2016-04-01,2017-03-31,0
2016-10-31,89200,2017-03-31,2,,,,,,,,,,,,,,,,,,,,,,,,,,,,,22.00,,,,,,,false,true,12,2016-04-01,2017-03-31,0
2016-10-31,89200,2017-03-31,2,,,,,,,,,,,,,,,,,,,,,,,,,,,,,,,,,19157500,3927,19153619,false,false,6,2016-04-01,2016-09-30,0
2016-10-31,89200,2016-03-31,2,,,,,,,,,,,,,,,,,,,,,,,,,,,,,,,,,,,19153815,false,false,6,2015-04-01,2015-09-30,-1
2017-01-31,89200,2017-03-31,3,15885000000,0.110,,,,,4536000000,0.097,4561000000,0.119,,2732000000,,142.64,,,,,,45701000000,22473000000,0.467,1113.66,21330000000,,,,,,,,,,,,true,false,9,2016-04-01,2016-12-31,0
2017-01-31,89200,2016-03-31,3,14305000000,0.142,,,,,4135000000,0.237,4077000000,0.249,,2391000000,,124.85,,,,,,,,,,,,,,,,,,,,,,true,false,9,2015-04-01,2015-12-31,-1
2017-01-31,89200,2017-03-31,3,21300000000,0.108,,,,,6000000000,0.101,6000000000,0.115,,3500000000,,182.73,,,,,,,,,,,,,,,,,,,,,,true,true,12,2016-04-01,2017-03-31,0
2017-01-31,89200,2016-03-31,3,,,,,,,,,,,,,,,,,,,,43110000000,19999000000,0.441,993.03,19020000000,,,,,,,,,,,,true,false,12,2015-04-01,2016-03-31,-1
2017-01-31,89200,2016-03-31,3,,,,,,,,,,,,,,,,,,,,,,,,,,,,,21.00,,,,19157500,3852,,false,false,12,2015-04-01,2016-03-31,-1
2017-01-31,89200,2017-03-31,3,,,,,,,,,,,,,,,,,,,,,,,,,,,,,11.00,,,,,,,false,false,12,2016-04-01,2017-03-31,0
2017-01-31,89200,2017-03-31,3,,,,,,,,,,,,,,,,,,,,,,,,,,,,,23.00,,,,,,,false,true,12,2016-04-01,2017-03-31,0
2017-01-31,89200,2017-03-31,3,,,,,,,,,,,,,,,,,,,,,,,,,,,,,,,,,19157500,3896,19153604,false,false,9,2016-04-01,2016-12-31,0
2017-01-31,89200,2016-03-31,3,,,,,,,,,,,,,,,,,,,,,,,,,,,,,,,,,,,19153759,false,false,9,2015-04-01,2015-12-31,-1
2017-01-31,89200,2017-03-31,,21300000000,0.029,,,,,6000000000,0.042,6000000000,0.049,,3500000000,,182.73,,,,,,,,,,,,,,,,,,,,,,true,true,12,2016-04-01,2017-03-31,0
2017-01-31,89200,2016-03-31,,19224000000,,,,,,5449000000,,5380000000,,,3156000000,,164.79,,,,,,,,,,,,,,,,,,,,,,true,false,12,2015-04-01,2016-03-31,-1
2017-01-31,89200,2017-03-31,,17800000000,0.036,,,,,,,5000000000,0.082,3150000000,,0.082,164.46,,,,,,,,,,,,,,,23.00,,,,,,,false,true,12,2016-04-01,2017-03-31,0
2017-01-31,89200,2016-03-31,,16336000000,,,,,,,,4450000000,,2805000000,,,146.48,,,,,,,,,,,,,,,21.00,,,,,,,false,false,12,2015-04-01,2016-03-31,-1
2017-01-31,89200,2017-03-31,,,,,,,,,,,,,,,,,,,,,,,,,,,,,,11.00,,,,,,,false,false,12,2016-04-01,2017-03-31,0
2017-05-09,89200,2017-03-31,,21350000000,0.111,,,,,5982000000,0.098,6025000000,0.120,,3726000000,,194.54,,0.180,0.130,0.280,,49621000000,23536000000,0.450,1165.55,22324000000,4856000000,-5069000000,2180000000,10970000000,,0.118,,,,,,true,false,12,2016-04-01,2017-03-31,0
2017-05-09,89200,2016-03-31,,19224000000,0.138,,,,,5449000000,0.266,5380000000,0.280,,3156000000,,164.79,,0.179,0.136,0.283,,43110000000,19999000000,0.441,993.03,19020000000,5815000000,-4642000000,1444000000,9003000000,,0.127,,,,,,true,false,12,2015-04-01,2016-03-31,-1
2017-05-09,89200,2018-03-31,,11550000000,0.102,,,,,3100000000,0.027,3100000000,0.020,,1840000000,,96.06,,,,,,,,,,,,,,,,,,,,,,true,true,6,2017-04-01,2017-09-30,1
2017-05-09,89200,2018-03-31,,23800000000,0.115,,,,,6500000000,0.087,6500000000,0.079,,4000000000,,208.83,,,,,,,,,,,,,,,,0.115,,,,,,true,true,12,2017-04-01,2018-03-31,1
2017-05-09,89200,2017-03-31,,17847000000,0.093,,,,,4989000000,0.121,5071000000,0.139,3337000000,,0.190,174.25,,,,,,39956000000,20938000000,0.524,1093.16,20938000000,,,,,23.00,,,,19157500,3951,19153590,false,false,12,2016-04-01,2017-03-31,0
2017-05-09,89200,2016-03-31,,16336000000,0.032,,,,,4451000000,0.114,4450000000,0.135,2805000000,,0.209,146.48,,,,,,35249000000,18022000000,0.511,940.93,18022000000,,,,,21.00,,,,19157500,3852,19153731,false,false,12,2015-04-01,2016-03-31,-1
2017-05-09,89200,2018-03-31,,9430000000,0.072,,,,,,,2620000000,0.016,1660000000,,0.018,86.66,,,,,,,,,,,,,,,,,,,,,,false,true,6,2017-04-01,2017-09-30,1
2017-05-09,89200,2018-03-31,,19420000000,0.088,,,,,,,5400000000,0.065,3500000000,,0.049,182.73,,,,,,,,,,,,,,,24.00,,,,,,,false,true,12,2017-04-01,2018-03-31,1
,89200,2018-03-31,,,,,,,,,,,,,,,,,,,,,,,,,,,,,,6.00,,,,,,,false,true,12,2017-04-01,2018-03-31,0
,89200,2017-03-31,,,,,,,,,,,,,,,,,,,,,,,,,,,,,,23.00,,,,,,,false,false,12,2016-04-01,2017-03-31,-1
2017-07-28,89200,2018-03-31,1,5658000000,0.114,,,,,1288000000,-0.020,1290000000,-0.020,,749000000,,39.13,,,,,,51670000000,24096000000,0.442,,22843000000,,,,,,,,,,,,true,false,3,2017-04-01,2017-06-30,0
2017-07-28,89200,2017-03-31,1,5077000000,0.092,,,,,1315000000,0.095,1317000000,0.111,,776000000,,40.53,,,,,,,,,,,,,,,,,,,,,,true,false,3,2016-04-01,2016-06-30,-1
2017-07-28,89200,2018-03-31,1,11550000000,0.102,,,,,3100000000,0.027,3100000000,0.020,,1840000000,,96.06,,,,,,,,,,,,,,,,,,,,,,true,true,6,2017-04-01,2017-09-30,0
2017-07-28,89200,2018-03-31,1,23800000000,0.115,,,,,6500000000,0.087,6500000000,0.079,,4000000000,,104.41,,,,,,,,,,,,,,,,,,,,,,true,true,12,2017-04-01,2018-03-31,0
2017-07-28,89200,2017-03-31,1,,,,,,,,,,,,,,,,,,,,49621000000,23536000000,0.450,,22324000000,,,,,,,,,,,,true,false,12,2016-04-01,2017-03-31,-1
2017-07-28,89200,2017-03-31,1,,,,,,,,,,,,,,,,,,,,,,,,,,,,,23.00,,,,19157500,3951,,false,false,12,2016-04-01,2017-03-31,-1
2017-07-28,89200,2018-03-31,1,,,,,,,,,,,,,,,,,,,,,,,,,,,,,6.00,,,,,,,false,true,12,2017-04-01,2018-03-31,0
2017-07-28,89200,2018-03-31,1,,,,,,,,,,,,,,,,,,,,,,,,,,,,,,,,,19157500,4095,19153450,false,false,3,2017-04-01,2017-06-30,0
2017-07-28,89200,2017-03-31,1,,,,,,,,,,,,,,,,,,,,,,,,,,,,,,,,,,,19153637,false,false,3,2016-04-01,2016-06-30,-1
2017-10-31,89200,2018-03-31,2,11693000000,0.116,,,,,3079000000,0.020,3083000000,0.014,,1874000000,,48.92,,,,,,52379000000,25297000000,0.458,,23967000000,,,,,,,,,,,,true,false,6,2017-04-01,2017-09-30,0
2017-10-31,89200,2017-03-31,2,10480000000,0.110,,,,,3019000000,0.142,3040000000,0.170,,1800000000,,47.01,,,,,,,,,,,,,,,,,,,,,,true,false,6,2016-04-01,2016-09-30,-1
2017-10-31,89200,2018-03-31,2,23800000000,0.115,,,,,6500000000,0.087,6500000000,0.079,,4000000000,,104.41,,,,,,,,,,,,,,,,,,,,,,true,true,12,2017-04-01,2018-03-31,0
2017-10-31,89200,2017-03-31,2,,,,,,,,,,,,,,,,,,,,49621000000,23536000000,0.450,,22324000000,,,,,,,,,,,,true,false,12,2016-04-01,2017-03-31,-1
2017-10-31,89200,2017-03-31,2,,,,,,,,,,,,,,,,,,,,,,,,,,,,,23.00,,,,38315000,7902,,false,false,12,2016-04-01,2017-03-31,-1
2017-10-31,89200,2018-03-31,2,,,,,,,,,,,,,,,,,,,,,,,,,,,,,13.00,,,,,,,false,false,12,2017-04-01,2018-03-31,0
2017-10-31,89200,2018-03-31,2,,,,,,,,,,,,,,,,,,,,,,,,,,,,,6.00,,,,,,,false,true,12,2017-04-01,2018-03-31,0
2017-10-31,89200,2018-03-31,2,,,,,,,,,,,,,,,,,,,,,,,,,,,,,,,,,38315000,8410,38306759,false,false,6,2017-04-01,2017-09-30,0
2017-10-31,89200,2017-03-31,2,,,,,,,,,,,,,,,,,,,,,,,,,,,,,,,,,,,38307238,false,false,6,2016-04-01,2016-09-30,-1
2018-01-31,89200,2018-03-31,3,17879000000,0.126,,,,,4933000000,0.087,4973000000,0.090,,2861000000,,74.69,,,,,,53422000000,26999000000,0.470,,25082000000,,,,,,,,,,,,true,false,9,2017-04-01,2017-12-31,0
2018-01-31,89200,2017-03-31,3,15885000000,0.110,,,,,4536000000,0.097,4561000000,0.119,,2732000000,,71.32,,,,,,,,,,,,,,,,,,,,,,true,false,9,2016-04-01,2016-12-31,-1
2018-01-31,89200,2018-03-31,3,23800000000,0.115,,,,,6500000000,0.087,6500000000,0.079,,4000000000,,104.41,,,,,,,,,,,,,,,,,,,,,,true,true,12,2017-04-01,2018-03-31,0
2018-01-31,89200,2017-03-31,3,,,,,,,,,,,,,,,,,,,,49621000000,23536000000,0.450,,22324000000,,,,,,,,,,,,true,false,12,2016-04-01,2017-03-31,-1
2018-01-31,89200,2017-03-31,3,,,,,,,,,,,,,,,,,,,,,,,,,,,,,23.00,,,,38315000,7902,,false,false,12,2016-04-01,2017-03-31,-1
2018-01-31,89200,2018-03-31,3,,,,,,,,,,,,,,,,,,,,,,,,,,,,,13.00,,,,,,,false,false,12,2017-04-01,2018-03-31,0
2018-01-31,89200,2018-03-31,3,,,,,,,,,,,,,,,,,,,,,,,,,,,,,8.00,,,,,,,false,true,12,2017-04-01,2018-03-31,0
2018-01-31,89200,2018-03-31,3,,,,,,,,,,,,,,,,,,,,,,,,,,,,,,,,,38315000,8494,38306700,false,false,9,2017-04-01,2017-12-31,0
2018-01-31,89200,2017-03-31,3,,,,,,,,,,,,,,,,,,,,,,,,,,,,,,,,,,,38307208,false,false,9,2016-04-01,2016-12-31,-1
2018-05-09,89200,2018-03-31,,24138000000,0.131,,,,,6561000000,0.097,6602000000,0.096,,3766000000,,98.32,,0.156,0.122,0.272,,58194000000,28126000000,0.447,679.50,26030000000,6658000000,-7735000000,1401000000,11294000000,,0.147,,,,,,true,false,12,2017-04-01,2018-03-31,0
2018-05-09,89200,2017-03-31,,21350000000,0.111,,,,,5982000000,0.098,6025000000,0.120,,3726000000,,97.27,,0.180,0.130,0.280,,49621000000,23536000000,0.450,582.77,22324000000,4856000000,-5069000000,2180000000,10970000000,,0.118,,,,,,true,false,12,2016-04-01,2017-03-31,-1
2018-05-09,89200,2019-03-31,,13000000000,0.112,,,,,3400000000,0.104,3400000000,0.103,,2050000000,,53.51,,,,,,,,,,,,,,,,,,,,,,true,true,6,2018-04-01,2018-09-30,1
2018-05-09,89200,2019-03-31,,27000000000,0.119,,,,,7240000000,0.103,7300000000,0.106,,4200000000,,109.64,,,,,,,,,,,,,,,,0.128,,,,,,true,true,12,2018-04-01,2019-03-31,1
2018-05-09,89200,2018-03-31,,19735000000,0.106,,,,,5386000000,0.079,5499000000,0.084,3825000000,,0.146,99.86,,,,,,44812000000,24282000000,0.542,633.90,24282000000,,,,,8.00,,,,38315000,8560,38306646,false,false,12,2017-04-01,2018-03-31,0
2018-05-09,89200,2017-03-31,,17847000000,0.093,,,,,4989000000,0.121,5071000000,0.139,3337000000,,0.190,87.12,,,,,,39956000000,20938000000,0.524,546.58,20938000000,,,,,23.00,,,,38315000,7902,38307180,false,false,12,2016-04-01,2017-03-31,-1
2018-05-09,89200,2019-03-31,,10600000000,0.108,,,,,,,2800000000,0.097,1840000000,,0.097,48.03,,,,,,,,,,,,,,,,,,,,,,false,true,6,2018-04-01,2018-09-30,1
2018-05-09,89200,2019-03-31,,21600000000,0.095,,,,,,,6000000000,0.091,3825000000,,0.000,99.85,,,,,,,,,,,,,,,14.00,,,,,,,false,true,12,2018-04-01,2019-03-31,1
2018-07-31,89200,2019-03-31,1,6551000000,0.158,,,,,1685000000,0.308,1723000000,0.336,,1002000000,,26.17,,,,,,59614000000,28872000000,0.448,,26726000000,,,,,,,,,,,,true,false,3,2018-04-01,2018-06-30,0
2018-07-31,89200,2018-03-31,1,5658000000,0.114,,,,,1288000000,-0.020,1290000000,-0.020,,749000000,,19.56,,,,,,,,,,,,,,,,,,,,,,true,false,3,2017-04-01,2017-06-30,-1
2018-07-31,89200,2019-03-31,1,13000000000,0.112,,,,,3400000000,0.104,3400000000,0.103,,2050000000,,53.51,,,,,,,,,,,,,,,,,,,,,,true,true,6,2018-04-01,2018-09-30,0
2018-07-31,89200,2019-03-31,1,27000000000,0.119,,,,,7240000000,0.103,7300000000,0.106,,4200000000,,109.64,,,,,,,,,,,,,,,,,,,,,,true,true,12,2018-04-01,2019-03-31,0
2018-07-31,89200,2018-03-31,1,,,,,,,,,,,,,,,,,,,,58194000000,28126000000,0.447,,26030000000,,,,,,,,,,,,true,false,12,2017-04-01,2018-03-31,-1
2018-07-31,89200,2018-03-31,1,,,,,,,,,,,,,,,,,,,,,,,,,,,,,8.00,,,,38315000,8560,,false,false,12,2017-04-01,2018-03-31,-1
2018-07-31,89200,2019-03-31,1,,,,,,,,,,,,,,,,,,,,,,,,,,,,,14.00,,,,,,,false,true,12,2018-04-01,2019-03-31,0
2018-07-31,89200,2019-03-31,1,,,,,,,,,,,,,,,,,,,,,,,,,,,,,,,,,38315000,8560,38306440,false,false,3,2018-04-01,2018-06-30,0
2018-07-31,89200,2018-03-31,1,,,,,,,,,,,,,,,,,,,,,,,,,,,,,,,,,,,38306900,false,false,3,2017-04-01,2017-06-30,-1
2018-10-31,89200,2019-03-31,2,13313000000,0.139,,,,,3473000000,0.128,3568000000,0.157,,2141000000,,55.90,,,,,,63327000000,30124000000,0.440,,27864000000,,,,,,,,,,,,true,false,6,2018-04-01,2018-09-30,0
2018-10-31,89200,2018-03-31,2,11693000000,0.116,,,,,3079000000,0.020,3083000000,0.014,,1874000000,,48.92,,,,,,,,,,,,,,,,,,,,,,true,false,6,2017-04-01,2017-09-30,-1
2018-10-31,89200,2019-03-31,2,27000000000,0.119,,,,,7240000000,0.103,7300000000,0.106,,4200000000,,109.64,,,,,,,,,,,,,,,,,,,,,,true,true,12,2018-04-01,2019-03-31,0
2018-10-31,89200,2018-03-31,2,,,,,,,,,,,,,,,,,,,,58194000000,28126000000,0.447,,26029000000,,,,,,,,,,,,true,false,12,2017-04-01,2018-03-31,-1
2018-10-31,89200,2018-03-31,2,,,,,,,,,,,,,,,,,,,,,,,,,,,,,8.00,,,,38315000,8560,,false,false,12,2017-04-01,2018-03-31,-1
2018-10-31,89200,2019-03-31,2,,,,,,,,,,,,,,,,,,,,,,,,,,,,,7.00,,,,,,,false,false,12,2018-04-01,2019-03-31,0
2018-10-31,89200,2019-03-31,2,,,,,,,,,,,,,,,,,,,,,,,,,,,,,14.00,,,,,,,false,true,12,2018-04-01,2019-03-31,0
2018-10-31,89200,2019-03-31,2,,,,,,,,,,,,,,,,,,,,,,,,,,,,,,,,,38315000,8560,38306440,false,false,6,2018-04-01,2018-09-30,0
2018-10-31,89200,2018-03-31,2,,,,,,,,,,,,,,,,,,,,,,,,,,,,,,,,,,,38306646,false,false,6,2017-04-01,2017-09-30,-1
2019-01-31,89200,2019-03-31,3,20350000000,0.138,,,,,5414000000,0.098,5522000000,0.110,,3266000000,,85.26,,,,,,63591000000,31109000000,0.452,,28720000000,,,,,,,,,,,,true,false,9,2018-04-01,2018-12-31,0
2019-01-31,89200,2018-03-31,3,17879000000,0.126,,,,,4933000000,0.087,4973000000,0.090,,2861000000,,74.69,,,,,,,,,,,,,,,,,,,,,,true,false,9,2017-04-01,2017-12-31,-1
2019-01-31,89200,2019-03-31,3,27000000000,0.119,,,,,7240000000,0.103,7300000000,0.106,,4200000000,,109.64,,,,,,,,,,,,,,,,,,,,,,true,true,12,2018-04-01,2019-03-31,0
2019-01-31,89200,2018-03-31,3,,,,,,,,,,,,,,,,,,,,58194000000,28126000000,0.447,,26029000000,,,,,,,,,,,,true,false,12,2017-04-01,2018-03-31,-1
2019-01-31,89200,2018-03-31,3,,,,,,,,,,,,,,,,,,,,,,,,,,,,,8.00,,,,38315000,8560,,false,false,12,2017-04-01,2018-03-31,-1
2019-01-31,89200,2019-03-31,3,,,,,,,,,,,,,,,,,,,,,,,,,,,,,7.00,,,,,,,false,false,12,2018-04-01,2019-03-31,0
2019-01-31,89200,2019-03-31,3,,,,,,,,,,,,,,,,,,,,,,,,,,,,,14.00,,,,,,,false,true,12,2018-04-01,2019-03-31,0
2019-01-31,89200,2019-03-31,3,,,,,,,,,,,,,,,,,,,,,,,,,,,,,,,,,38315000,8663,38306415,false,false,9,2018-04-01,2018-12-31,0
2019-01-31,89200,2018-03-31,3,,,,,,,,,,,,,,,,,,,,,,,,,,,,,,,,,,,38306700,false,false,9,2017-04-01,2017-12-31,-1
,89200,2019-03-31,,,,,,,,,,,,,,,,,,,,,,,,,,,,,,15.00,,,,,,,false,true,12,2018-04-01,2019-03-31,0
,89200,2019-03-31,,,,,,,,,,,,,,,,,,,,,,,,,,,,,,7.00,,,,,,,false,false,12,2018-04-01,2019-03-31,0
,89200,2018-03-31,,,,,,,,,,,,,,,,,,,,,,,,,,,,,,8.00,,,,,,,false,false,12,2017-04-01,2018-03-31,-1
2019-05-08,89200,2019-03-31,,27239000000,0.128,,,,,7164000000,0.092,7304000000,0.106,,4023000000,,105.03,,0.145,0.116,0.263,,67726000000,31958000000,0.435,769.47,29475000000,6385000000,-8328000000,4136000000,13488000000,,0.143,,,,,,true,false,12,2018-04-01,2019-03-31,0
2019-05-08,89200,2018-03-31,,24138000000,0.131,,,,,6561000000,0.097,6602000000,0.096,,3766000000,,98.32,,0.156,0.122,0.272,,58194000000,28126000000,0.447,679.50,26029000000,6658000000,-7735000000,1401000000,11294000000,,0.147,,,,,,true,false,12,2017-04-01,2018-03-31,-1
2019-05-08,89200,2020-03-31,,14600000000,0.097,,,,,3860000000,0.111,3890000000,0.090,,2100000000,,54.82,,,,,,,,,,,,,,,,,,,,,,true,true,6,2019-04-01,2019-09-30,1
2019-05-08,89200,2020-03-31,,30000000000,0.101,,,,,7900000000,0.103,8000000000,0.095,,4500000000,,117.47,,,,,,,,,,,,,,,,0.136,,,,,,true,true,12,2019-04-01,2020-03-31,1
2019-05-08,89200,2019-03-31,,21745000000,0.102,,,,,5855000000,0.087,6054000000,0.101,3704000000,,-0.032,96.70,,,,,,50918000000,27411000000,0.538,715.59,27411000000,,,,,15.00,,,,38315000,8683,38306392,false,false,12,2018-04-01,2019-03-31,0
2019-05-08,89200,2018-03-31,,19735000000,0.106,,,,,5386000000,0.079,5499000000,0.084,3825000000,,0.146,99.86,,,,,,44812000000,24282000000,0.542,633.90,24282000000,,,,,8.00,,,,38315000,8560,38306646,false,false,12,2017-04-01,2018-03-31,-1
2019-05-08,89200,2020-03-31,,11380000000,0.061,,,,,,,3160000000,0.058,2020000000,,0.004,52.73,,,,,,,,,,,,,,,,,,,,,,false,true,6,2019-04-01,2019-09-30,1
2019-05-08,89200,2020-03-31,,23400000000,0.076,,,,,,,6450000000,0.065,4100000000,,0.107,107.03,,,,,,,,,,,,,,,16.00,,,,,,,false,true,12,2019-04-01,2020-03-31,1
2019-07-31,89200,2020-03-31,1,7143000000,0.090,,,,,1761000000,0.045,1768000000,0.026,,979000000,,25.57,,,,,,68108000000,32693000000,0.443,,30148000000,,,,,,,,,,,,true,false,3,2019-04-01,2019-06-30,0
2019-07-31,89200,2019-03-31,1,6551000000,0.158,,,,,1685000000,0.308,1723000000,0.336,,1002000000,,26.17,,,,,,,,,,,,,,,,,,,,,,true,false,3,2018-04-01,2018-06-30,-1
2019-07-31,89200,2020-03-31,1,14600000000,0.097,,,,,3860000000,0.111,3890000000,0.090,,2100000000,,54.82,,,,,,,,,,,,,,,,,,,,,,true,true,6,2019-04-01,2019-09-30,0
2019-07-31,89200,2020-03-31,1,30000000000,0.101,,,,,7900000000,0.103,8000000000,0.095,,4500000000,,117.47,,,,,,,,,,,,,,,,,,,,,,true,true,12,2019-04-01,2020-03-31,0
2019-07-31,89200,2019-03-31,1,,,,,,,,,,,,,,,,,,,,67726000000,31958000000,0.435,,29475000000,,,,,,,,,,,,true,false,12,2018-04-01,2019-03-31,-1
2019-07-31,89200,2019-03-31,1,,,,,,,,,,,,,,,,,,,,,,,,,,,,,15.00,,,,38315000,8683,,false,false,12,2018-04-01,2019-03-31,-1
2019-07-31,89200,2020-03-31,1,,,,,,,,,,,,,,,,,,,,,,,,,,,,,16.00,,,,,,,false,true,12,2019-04-01,2020-03-31,0
2019-07-31,89200,2020-03-31,1,,,,,,,,,,,,,,,,,,,,,,,,,,,,,,,,,38315000,8683,38306317,false,false,3,2019-04-01,2019-06-30,0
2019-07-31,89200,2019-03-31,1,,,,,,,,,,,,,,,,,,,,,,,,,,,,,,,,,,,38306440,false,false,3,2018-04-01,2018-06-30,-1
2019-10-31,89200,2020-03-31,2,14230000000,0.069,,,,,3486000000,0.004,3504000000,-0.018,,1999000000,,52.20,,,,,,69519000000,33841000000,0.448,,31169000000,,,,,,,,,,,,true,false,6,2019-04-01,2019-09-30,0
2019-10-31,89200,2019-03-31,2,13313000000,0.139,,,,,3473000000,0.128,3568000000,0.157,,2141000000,,55.90,,,,,,,,,,,,,,,,,,,,,,true,false,6,2018-04-01,2018-09-30,-1
2019-10-31,89200,2020-03-31,2,30000000000,0.101,,,,,7900000000,0.103,8000000000,0.095,,4500000000,,117.47,,,,,,,,,,,,,,,,,,,,,,true,true,12,2019-04-01,2020-03-31,0
2019-10-31,89200,2019-03-31,2,,,,,,,,,,,,,,,,,,,,67726000000,31958000000,0.435,,29475000000,,,,,,,,,,,,true,false,12,2018-04-01,2019-03-31,-1
2019-10-31,89200,2019-03-31,2,,,,,,,,,,,,,,,,,,,,,,,,,,,,,15.00,,,,38315000,8683,,false,false,12,2018-04-01,2019-03-31,-1
2019-10-31,89200,2020-03-31,2,,,,,,,,,,,,,,,,,,,,,,,,,,,,,8.00,,,,,,,false,false,12,2019-04-01,2020-03-31,0
2019-10-31,89200,2020-03-31,2,,,,,,,,,,,,,,,,,,,,,,,,,,,,,16.00,,,,,,,false,true,12,2019-04-01,2020-03-31,0
2019-10-31,89200,2020-03-31,2,,,,,,,,,,,,,,,,,,,,,,,,,,,,,,,,,38315000,8781,38306290,false,false,6,2019-04-01,2019-09-30,0
2019-10-31,89200,2019-03-31,2,,,,,,,,,,,,,,,,,,,,,,,,,,,,,,,,,,,38306440,false,false,6,2018-04-01,2018-09-30,-1
2020-01-31,89200,2020-03-31,3,21439000000,0.054,,,,,5512000000,0.018,5539000000,0.003,,3213000000,,83.89,,,,,,71959000000,34878000000,0.446,,32077000000,,,,,,,,,,,,true,false,9,2019-04-01,2019-12-31,0
2020-01-31,89200,2019-03-31,3,20350000000,0.138,,,,,5414000000,0.098,5522000000,0.110,,3266000000,,85.26,,,,,,,,,,,,,,,,,,,,,,true,false,9,2018-04-01,2018-12-31,-1
2020-01-31,89200,2020-03-31,3,30000000000,0.101,,,,,7900000000,0.103,8000000000,0.095,,4500000000,,117.47,,,,,,,,,,,,,,,,,,,,,,true,true,12,2019-04-01,2020-03-31,0
2020-01-31,89200,2019-03-31,3,,,,,,,,,,,,,,,,,,,,67726000000,31958000000,0.435,,29475000000,,,,,,,,,,,,true,false,12,2018-04-01,2019-03-31,-1
2020-01-31,89200,2019-03-31,3,,,,,,,,,,,,,,,,,,,,,,,,,,,,,15.00,,,,38315000,8683,,false,false,12,2018-04-01,2019-03-31,-1
2020-01-31,89200,2020-03-31,3,,,,,,,,,,,,,,,,,,,,,,,,,,,,,8.00,,,,,,,false,false,12,2019-04-01,2020-03-31,0
2020-01-31,89200,2020-03-31,3,,,,,,,,,,,,,,,,,,,,,,,,,,,,,16.00,,,,,,,false,true,12,2019-04-01,2020-03-31,0
2020-01-31,89200,2020-03-31,3,,,,,,,,,,,,,,,,,,,,,,,,,,,,,,,,,38315000,8781,38306266,false,false,9,2019-04-01,2019-12-31,0
2020-01-31,89200,2019-03-31,3,,,,,,,,,,,,,,,,,,,,,,,,,,,,,,,,,,,38306415,false,false,9,2018-04-01,2018-12-31,-1
2020-03-17,89200,2020-03-31,,34200000000,0.140,,,,,9400000000,0.190,9400000000,0.175,,5500000000,,143.58,,,,,,,,,,,,,,,,,,,,,,true,true,12,2019-04-01,2020-03-31,0
2020-03-17,89200,2019-03-31,,27239000000,,,,,,7164000000,,7304000000,,,4023000000,,105.03,,,,,,,,,,,,,,,,,,,,,,true,false,12,2018-04-01,2019-03-31,-1
2020-03-17,89200,2020-03-31,,27700000000,0.184,,,,,,,8100000000,0.256,5100000000,,0.244,133.13,,,,,,,,,,,,,,,,,,,,,,false,true,12,2019-04-01,2020-03-31,0
2020-03-17,89200,2019-03-31,,21745000000,,,,,,,,6054000000,,3704000000,,,96.70,,,,,,,,,,,,,,,,,,,,,,false,false,12,2018-04-01,2019-03-31,-1
2020-05-11,89200,2020-03-31,,34466000000,0.265,,,,,9682000000,0.351,9580000000,0.312,,5803000000,,151.51,,0.181,0.134,0.281,,75462000000,37528000000,0.459,904.94,34665000000,13963000000,-5559000000,-1883000000,20008000000,,0.099,,,,,,true,false,12,2019-04-01,2020-03-31,0
2020-05-11,89200,2019-03-31,,27239000000,0.128,,,,,7164000000,0.092,7304000000,0.106,,4023000000,,105.03,,0.145,0.116,0.263,,67726000000,31958000000,0.435,769.47,29475000000,6385000000,-8328000000,4136000000,13488000000,,0.143,,,,,,true,false,12,2018-04-01,2019-03-31,-1
2020-05-11,89200,2020-03-31,,28046000000,0.290,,,,,8334000000,0.423,8429000000,0.392,5370000000,,0.450,140.20,,,,,,57036000000,32169000000,0.564,839.79,32169000000,,,,,15.00,,,,38315000,8781,38306254,false,false,12,2019-04-01,2020-03-31,0
2020-05-11,89200,2019-03-31,,21745000000,0.102,,,,,5855000000,0.087,6054000000,0.101,3704000000,,-0.032,96.70,,,,,,50918000000,27411000000,0.538,715.59,27411000000,,,,,15.00,,,,38315000,8683,38306392,false,false,12,2018-04-01,2019-03-31,-1
2020-07-31,89200,2021-03-31,1,2923000000,-0.591,,,,,-74000000,,-85000000,,,-497000000,,-12.98,,,,,,73237000000,36663000000,0.463,,33899000000,,,,,,,,,,,,true,false,3,2020-04-01,2020-06-30,0
2020-07-31,89200,2020-03-31,1,7143000000,0.090,,,,,1761000000,0.045,1768000000,0.026,,979000000,,25.57,,,,,,,,,,,,,,,,,,,,,,true,false,3,2019-04-01,2019-06-30,-1
2020-07-31,89200,2020-03-31,1,,,,,,,,,,,,,,,,,,,,75462000000,37528000000,0.459,,34665000000,,,,,,,,,,,,true,false,12,2019-04-01,2020-03-31,-1
2020-07-31,89200,2020-03-31,1,,,,,,,,,,,,,,,,,,,,,,,,,,,,,15.00,,,,38315000,8781,,false,false,12,2019-04-01,2020-03-31,-1
2020-07-31,89200,2021-03-31,1,,,,,,,,,,,,,,,,,,,,,,,,,,,,,,,,,38315000,8781,38306219,false,false,3,2020-04-01,2020-06-30,0
2020-07-31,89200,2020-03-31,1,,,,,,,,,,,,,,,,,,,,,,,,,,,,,,,,,,,38306317,false,false,3,2019-04-01,2019-06-30,-1
,89200,2021-03-31,,,,,,,,,,,,,,,,,,,,,,,,,,,,,,0.00,,,,,,,false,true,12,2020-04-01,2021-03-31,0
,89200,2020-03-31,,,,,,,,,,,,,,,,,,,,,,,,,,,,,,15.00,,,,,,,false,false,12,2019-04-01,2020-03-31,-1
2020-10-30,89200,2021-03-31,2,7940000000,-0.442,,,,,459000000,-0.868,509000000,-0.855,,-115000000,,-3.01,,,,,,72629000000,37057000000,0.472,,34281000000,,,,,,,,,,,,true,false,6,2020-04-01,2020-09-30,0
2020-10-30,89200,2020-03-31,2,14230000000,0.069,,,,,3486000000,0.004,3504000000,-0.018,,1999000000,,52.20,,,,,,,,,,,,,,,,,,,,,,true,false,6,2019-04-01,2019-09-30,-1
2020-10-30,89200,2021-03-31,2,18000000000,-0.478,,,,,2000000000,-0.793,2000000000,-0.791,,700000000,,18.27,,,,,,,,,,,,,,,,,,,,,,true,true,12,2020-04-01,2021-03-31,0
2020-10-30,89200,2020-03-31,2,,,,,,,,,,,,,,,,,,,,75462000000,37528000000,0.459,,34665000000,,,,,,,,,,,,true,false,12,2019-04-01,2020-03-31,-1
2020-10-30,89200,2020-03-31,2,,,,,,,,,,,,,,,,,,,,,,,,,,,,,15.00,,,,38315000,8781,,false,false,12,2019-04-01,2020-03-31,-1
2020-10-30,89200,2021-03-31,2,,,,,,,,,,,,,,,,,,,,,,,,,,,,,0.00,,,,,,,false,false,12,2020-04-01,2021-03-31,0
2020-10-30,89200,2021-03-31,2,,,,,,,,,,,,,,,,,,,,,,,,,,,,,4.00,,,,,,,false,true,12,2020-04-01,2021-03-31,0
2020-10-30,89200,2021-03-31,2,,,,,,,,,,,,,,,,,,,,,,,,,,,,,,,,,38315000,8781,38306219,false,false,6,2020-04-01,2020-09-30,0
2020-10-30,89200,2020-03-31,2,,,,,,,,,,,,,,,,,,,,,,,,,,,,,,,,,,,38306290,false,false,6,2019-04-01,2019-09-30,-1
2020-10-30,89200,2021-03-31,,18000000000,,,,,,2000000000,,2000000000,,,700000000,,18.27,,,,,,,,,,,,,,,,,,,,,,true,true,12,2020-04-01,2021-03-31,0
2020-10-30,89200,2020-03-31,,34466000000,,,,,,9682000000,,9580000000,,,5803000000,,151.51,,,,,,,,,,,,,,,,,,,,,,true,false,12,2019-04-01,2020-03-31,-1
2020-10-30,89200,2021-03-31,,13150000000,,,,,,,,1850000000,,680000000,,,17.75,,,,,,,,,,,,,,,4.00,,,,,,,false,true,12,2020-04-01,2021-03-31,0
2020-10-30,89200,2020-03-31,,28046000000,,,,,,,,8429000000,,5370000000,,,140.20,,,,,,,,,,,,,,,15.00,,,,,,,false,false,12,2019-04-01,2020-03-31,-1
2020-10-30,89200,2021-03-31,,,,,,,,,,,,,,,,,,,,,,,,,,,,,,0.00,,,,,,,false,false,12,2020-04-01,2021-03-31,0
2021-01-29,89200,2021-03-31,3,13033000000,-0.392,,,,,1042000000,-0.811,1095000000,-0.802,,194000000,,5.06,,,,,,73275000000,37435000000,0.472,,34591000000,,,,,,,,,,,,true,false,9,2020-04-01,2020-12-31,0
2021-01-29,89200,2020-03-31,3,21439000000,0.054,,,,,5512000000,0.018,5539000000,0.003,,3213000000,,83.89,,,,,,,,,,,,,,,,,,,,,,true,false,9,2019-04-01,2019-12-31,-1
2021-01-29,89200,2021-03-31,3,18000000000,-0.478,,,,,2000000000,-0.793,2000000000,-0.791,,700000000,,18.27,,,,,,,,,,,,,,,,,,,,,,true,true,12,2020-04-01,2021-03-31,0
2021-01-29,89200,2020-03-31,3,,,,,,,,,,,,,,,,,,,,75462000000,37528000000,0.459,,34665000000,,,,,,,,,,,,true,false,12,2019-04-01,2020-03-31,-1
2021-01-29,89200,2020-03-31,3,,,,,,,,,,,,,,,,,,,,,,,,,,,,,15.00,,,,38315000,8781,,false,false,12,2019-04-01,2020-03-31,-1
2021-01-29,89200,2021-03-31,3,,,,,,,,,,,,,,,,,,,,,,,,,,,,,0.00,,,,,,,false,false,12,2020-04-01,2021-03-31,0
2021-01-29,89200,2021-03-31,3,,,,,,,,,,,,,,,,,,,,,,,,,,,,,4.00,,,,,,,false,true,12,2020-04-01,2021-03-31,0
2021-01-29,89200,2021-03-31,3,,,,,,,,,,,,,,,,,,,,,,,,,,,,,,,,,38315000,8841,38306212,false,false,9,2020-04-01,2020-12-31,0
2021-01-29,89200,2020-03-31,3,,,,,,,,,,,,,,,,,,,,,,,,,,,,,,,,,,,38306266,false,false,9,2019-04-01,2019-12-31,-1
2021-02-10,89200,2021-03-31,,17500000000,-0.028,,,,,1150000000,-0.425,1200000000,-0.400,,250000000,,6.52,,,,,,,,,,,,,,,,,,,,,,true,true,12,2020-04-01,2021-03-31,0
2021-02-10,89200,2020-03-31,,34466000000,,,,,,9682000000,,9580000000,,,5803000000,,151.51,,,,,,,,,,,,,,,,,,,,,,true,false,12,2019-04-01,2020-03-31,-1
2021-02-10,89200,2021-03-31,,12800000000,-0.027,,,,,,,1100000000,-0.405,250000000,,-0.632,6.52,,,,,,,,,,,,,,,2.00,,,,,,,false,true,12,2020-04-01,2021-03-31,0
2021-02-10,89200,2020-03-31,,28046000000,,,,,,,,8429000000,,5370000000,,,140.20,,,,,,,,,,,,,,,15.00,,,,,,,false,false,12,2019-04-01,2020-03-31,-1
2021-02-10,89200,2021-03-31,,,,,,,,,,,,,,,,,,,,,,,,,,,,,,0.00,,,,,,,false,false,12,2020-04-01,2021-03-31,0
2021-05-07,89200,2021-03-31,,17625000000,-0.489,,,,,1080000000,-0.888,1149000000,-0.880,,217000000,,5.68,,0.006,0.015,0.061,,77100000000,37448000000,0.449,903.77,34620000000,-1448000000,-3927000000,4905000000,19538000000,,0.352,,,,,,true,false,12,2020-04-01,2021-03-31,0
2021-05-07,89200,2020-03-31,,34466000000,0.265,,,,,9682000000,0.351,9580000000,0.312,,5803000000,,151.51,,0.181,0.134,0.281,,75462000000,37528000000,0.459,904.94,34665000000,13963000000,-5559000000,-1883000000,20008000000,,0.099,,,,,,true,false,12,2019-04-01,2020-03-31,-1
2021-05-07,89200,2021-03-31,,12865000000,-0.541,,,,,1076000000,-0.871,1218000000,-0.855,308000000,,-0.943,8.04,,,,,,57415000000,32209000000,0.561,840.83,32209000000,,,,,2.00,,,,38315000,8841,38306199,false,false,12,2020-04-01,2021-03-31,0
2021-05-07,89200,2020-03-31,,28046000000,0.290,,,,,8334000000,0.423,8429000000,0.392,5370000000,,0.450,140.20,,,,,,57036000000,32169000000,0.564,839.79,32169000000,,,,,15.00,,,,38315000,8781,38306254,false,false,12,2019-04-01,2020-03-31,-1
2021-07-30,89200,2022-03-31,1,4757000000,0.627,,,,,308000000,,324000000,,,177000000,,4.63,,,,,,75786000000,37547000000,0.458,,34720000000,,,,,,,,,,,,true,false,3,2021-04-01,2021-06-30,0
2021-07-30,89200,2021-03-31,1,2923000000,-0.591,,,,,-74000000,,-85000000,,,-497000000,,-12.98,,,,,,,,,,,,,,,,,,,,,,true,false,3,2020-04-01,2020-06-30,-1
2021-07-30,89200,2022-03-31,1,9800000000,0.234,,,,,630000000,0.370,630000000,0.237,,330000000,,8.61,,,,,,,,,,,,,,,,,,,,,,true,true,6,2021-04-01,2021-09-30,0
2021-07-30,89200,2022-03-31,1,20500000000,0.163,,,,,2000000000,0.852,2000000000,0.739,,1000000000,,26.10,,,,,,,,,,,,,,,,,,,,,,true,true,12,2021-04-01,2022-03-31,0
2021-07-30,89200,2021-03-31,1,,,,,,,,,,,,,,,,,,,,77100000000,37448000000,0.449,,34620000000,,,,,,,,,,,,true,false,12,2020-04-01,2021-03-31,-1
2021-07-30,89200,2021-03-31,1,,,,,,,,,,,,,,,,,,,,,,,,,,,,,2.00,,,,38315000,8841,,false,false,12,2020-04-01,2021-03-31,-1
2021-07-30,89200,2022-03-31,1,,,,,,,,,,,,,,,,,,,,,,,,,,,,,4.00,,,,,,,false,true,12,2021-04-01,2022-03-31,0
2021-07-30,89200,2022-03-31,1,,,,,,,,,,,,,,,,,,,,,,,,,,,,,,,,,38315000,8886,38306146,false,false,3,2021-04-01,2021-06-30,0
2021-07-30,89200,2021-03-31,1,,,,,,,,,,,,,,,,,,,,,,,,,,,,,,,,,,,38306219,false,false,3,2020-04-01,2020-06-30,-1
2021-07-30,89200,2022-03-31,,9800000000,,,,,,630000000,,630000000,,330000000,,,8.61,,,,,,,,,,,,,,,,,,,,,,true,true,6,2021-04-01,2021-09-30,0
2021-07-30,89200,2021-03-31,,7940000000,,,,,,459000000,,509000000,,-115000000,,,-3.01,,,,,,,,,,,,,,,,,,,,,,true,false,6,2020-04-01,2020-09-30,-1
2021-07-30,89200,2022-03-31,,20500000000,,,,,,2000000000,,2000000000,,,1000000000,,26.10,,,,,,,,,,,,,,,,,,,,,,true,true,12,2021-04-01,2022-03-31,0
2021-07-30,89200,2021-03-31,,17625000000,,,,,,1080000000,,1149000000,,,217000000,,5.68,,,,,,,,,,,,,,,,,,,,,,true,false,12,2020-04-01,2021-03-31,-1
2021-07-30,89200,2022-03-31,,6770000000,,,,,,,,450000000,,240000000,,,6.26,,,,,,,,,,,,,,,,,,,,,,false,true,6,2021-04-01,2021-09-30,0
2021-07-30,89200,2021-03-31,,5883000000,,,,,,,,727000000,,9000000,,,0.23,,,,,,,,,,,,,,,,,,,,,,false,false,6,2020-04-01,2020-09-30,-1
2021-07-30,89200,2022-03-31,,14000000000,,,,,,,,1250000000,,690000000,,,18.01,,,,,,,,,,,,,,,4.00,,,,,,,false,true,12,2021-04-01,2022-03-31,0
2021-07-30,89200,2021-03-31,,12865000000,,,,,,,,1218000000,,308000000,,,8.04,,,,,,,,,,,,,,,2.00,,,,,,,false,false,12,2020-04-01,2021-03-31,-1
2021-10-29,8920,2022-03-31,2,9696000000,0.221,,,,,725000000,0.578,733000000,0.440,,355000000,,9.27,,,,,,74966000000,37762000000,0.466,,34898000000,,,,,,,,,,,,true,false,6,2021-04-01,2021-09-30,0
2021-10-29,8920,2021-03-31,2,7940000000,-0.442,,,,,459000000,-0.868,509000000,-0.855,,-115000000,,-3.01,,,,,,,,,,,,,,,,,,,,,,true,false,6,2020-04-01,2020-09-30,-1
2021-10-29,8920,2022-03-31,2,20500000000,0.163,,,,,2000000000,0.852,2000000000,0.739,,1000000000,,26.10,,,,,,,,,,,,,,,,,,,,,,true,true,12,2021-04-01,2022-03-31,0
2021-10-29,8920,2021-03-31,2,,,,,,,,,,,,,,,,,,,,77100000000,37448000000,0.449,,34620000000,,,,,,,,,,,,true,false,12,2020-04-01,2021-03-31,-1
2021-10-29,8920,2021-03-31,2,,,,,,,,,,,,,,,,,,,,,,,,,,,,,2.00,,,,38315000,8841,,false,false,12,2020-04-01,2021-03-31,-1
2021-10-29,8920,2022-03-31,2,,,,,,,,,,,,,,,,,,,,,,,,,,,,,1.00,,,,,,,false,false,12,2021-04-01,2022-03-31,0
2021-10-29,8920,2022-03-31,2,,,,,,,,,,,,,,,,,,,,,,,,,,,,,4.00,,,,,,,false,true,12,2021-04-01,2022-03-31,0
2021-10-29,8920,2022-03-31,2,,,,,,,,,,,,,,,,,,,,,,,,,,,,,,,,,38315000,8886,38306130,false,false,6,2021-04-01,2021-09-30,0
2021-10-29,8920,2021-03-31,2,,,,,,,,,,,,,,,,,,,,,,,,,,,,,,,,,,,38306219,false,false,6,2020-04-01,2020-09-30,-1
2022-02-03,8920,2022-03-31,3,15206000000,0.167,,,,,1615000000,0.550,1613000000,0.473,,750000000,,19.58,,,,,,74773000000,38248000000,0.471,,35255000000,,,,,,,,,,,,true,false,9,2021-04-01,2021-12-31,0
2022-02-03,8920,2021-03-31,3,13033000000,-0.392,,,,,1042000000,-0.811,1095000000,-0.802,,194000000,,5.06,,,,,,,,,,,,,,,,,,,,,,true,false,9,2020-04-01,2020-12-31,-1
2022-02-03,8920,2022-03-31,3,27300000000,0.549,,,,,4400000000,3.074,4400000000,2.827,,2000000000,,52.21,,,,,,,,,,,,,,,,,,,,,,true,true,12,2021-04-01,2022-03-31,0
2022-02-03,8920,2021-03-31,3,,,,,,,,,,,,,,,,,,,,77100000000,37448000000,0.449,,34620000000,,,,,,,,,,,,true,false,12,2020-04-01,2021-03-31,-1
2022-02-03,8920,2021-03-31,3,,,,,,,,,,,,,,,,,,,,,,,,,,,,,2.00,,,,38315000,8841,,false,false,12,2020-04-01,2021-03-31,-1
2022-02-03,8920,2022-03-31,3,,,,,,,,,,,,,,,,,,,,,,,,,,,,,1.00,,,,,,,false,false,12,2021-04-01,2022-03-31,0
2022-02-03,8920,2022-03-31,3,,,,,,,,,,,,,,,,,,,,,,,,,,,,,6.00,,,,,,,false,true,12,2021-04-01,2022-03-31,0
2022-02-03,8920,2022-03-31,3,,,,,,,,,,,,,,,,,,,,,,,,,,,,,,,,,38315000,8886,38306125,false,false,9,2021-04-01,2021-12-31,0
2022-02-03,8920,2021-03-31,3,,,,,,,,,,,,,,,,,,,,,,,,,,,,,,,,,,,38306212,false,false,9,2020-04-01,2020-12-31,-1
2022-05-10,8920,2022-03-31,,27319000000,0.550,,,,,4485000000,3.153,4546000000,2.954,,2424000000,,63.29,,0.068,0.059,0.164,,77979000000,40202000000,0.473,963.64,36913000000,13162000000,-2638000000,-5014000000,25048000000,,0.095,,,,,,true,false,12,2021-04-01,2022-03-31,0
2022-05-10,8920,2021-03-31,,17625000000,-0.489,,,,,1080000000,-0.888,1149000000,-0.880,,217000000,,5.68,,0.006,0.015,0.061,,77100000000,37448000000,0.449,903.77,34620000000,-1448000000,-3927000000,4905000000,19538000000,,0.352,,,,,,true,false,12,2020-04-01,2021-03-31,-1
2022-05-10,8920,2023-03-31,,9900000000,0.021,,,,,800000000,0.103,800000000,0.091,,370000000,,9.65,,,,,,,,,,,,,,,,,,,,,,true,true,6,2022-04-01,2022-09-30,1
2022-05-10,8920,2023-03-31,,20600000000,-0.246,,,,,2000000000,-0.554,2000000000,-0.560,,900000000,,23.49,,,,,,,,,,,,,,,,0.085,,,,,,true,true,12,2022-04-01,2023-03-31,1
2022-05-10,8920,2022-03-31,,21396000000,0.663,,,,,4013000000,2.729,4093000000,2.360,2446000000,,6.941,63.86,,,,,,58410000000,34540000000,0.591,901.69,34540000000,,,,,6.00,,,,38315000,8924,38306119,false,false,12,2021-04-01,2022-03-31,0
2022-05-10,8920,2021-03-31,,12865000000,-0.541,,,,,1076000000,-0.871,1218000000,-0.855,308000000,,-0.943,8.04,,,,,,57415000000,32209000000,0.561,840.83,32209000000,,,,,2.00,,,,38315000,8841,38306199,false,false,12,2020-04-01,2021-03-31,-1
2022-05-10,8920,2023-03-31,,6500000000,-0.040,,,,,,,380000000,-0.339,200000000,,-0.386,5.22,,,,,,,,,,,,,,,,,,,,,,false,true,6,2022-04-01,2022-09-30,1
2022-05-10,8920,2023-03-31,,13500000000,-0.369,,,,,,,900000000,-0.780,500000000,,-0.796,13.05,,,,,,,,,,,,,,,2.00,,,,,,,false,true,12,2022-04-01,2023-03-31,1
2022-07-29,8920,2023-03-31,1,5239000000,0.101,,,,,568000000,0.841,579000000,0.783,,215000000,,5.62,,,,,,80151000000,40328000000,0.461,,36922000000,,,,,,,,,,,,true,false,3,2022-04-01,2022-06-30,0
2022-07-29,8920,2022-03-31,1,4757000000,0.627,,,,,308000000,,324000000,,,177000000,,4.63,,,,,,,,,,,,,,,,,,,,,,true,false,3,2021-04-01,2021-06-30,-1
2022-07-29,8920,2023-03-31,1,9900000000,0.021,,,,,800000000,0.103,800000000,0.091,,370000000,,9.65,,,,,,,,,,,,,,,,,,,,,,true,true,6,2022-04-01,2022-09-30,0
2022-07-29,8920,2023-03-31,1,20600000000,-0.246,,,,,2000000000,-0.554,2000000000,-0.560,,900000000,,23.49,,,,,,,,,,,,,,,,,,,,,,true,true,12,2022-04-01,2023-03-31,0
2022-07-29,8920,2022-03-31,1,,,,,,,,,,,,,,,,,,,,77979000000,40202000000,0.473,,36913000000,,,,,,,,,,,,true,false,12,2021-04-01,2022-03-31,-1
2022-07-29,8920,2022-03-31,1,,,,,,,,,,,,,,,,,,,,,,,,,,,,,6.00,,,,38315000,8924,,false,false,12,2021-04-01,2022-03-31,-1
2022-07-29,8920,2023-03-31,1,,,,,,,,,,,,,,,,,,,,,,,,,,,,,2.00,,,,,,,false,true,12,2022-04-01,2023-03-31,0
2022-07-29,8920,2023-03-31,1,,,,,,,,,,,,,,,,,,,,,,,,,,,,,,,,,38315000,8924,38306076,false,false,3,2022-04-01,2022-06-30,0
2022-07-29,8920,2022-03-31,1,,,,,,,,,,,,,,,,,,,,,,,,,,,,,,,,,,,38306146,false,false,3,2021-04-01,2021-06-30,-1
2022-10-31,8920,2023-03-31,2,10833000000,0.117,,,,,1488000000,1.052,1501000000,1.048,,470000000,,12.28,,,,,,79373000000,40787000000,0.469,,37196000000,,,,,,,,,,,,true,false,6,2022-04-01,2022-09-30,0
2022-10-31,8920,2022-03-31,2,9696000000,0.221,,,,,725000000,0.578,733000000,0.440,,355000000,,9.27,,,,,,,,,,,,,,,,,,,,,,true,false,6,2021-04-01,2021-09-30,-1
2022-10-31,8920,2023-03-31,2,21500000000,-0.213,,,,,2600000000,-0.420,2600000000,-0.428,,900000000,,23.49,,,,,,,,,,,,,,,,,,,,,,true,true,12,2022-04-01,2023-03-31,0
2022-10-31,8920,2022-03-31,2,,,,,,,,,,,,,,,,,,,,77979000000,40202000000,0.473,,36913000000,,,,,,,,,,,,true,false,12,2021-04-01,2022-03-31,-1
2022-10-31,8920,2022-03-31,2,,,,,,,,,,,,,,,,,,,,,,,,,,,,,6.00,,,,38315000,8924,,false,false,12,2021-04-01,2022-03-31,-1
2022-10-31,8920,2023-03-31,2,,,,,,,,,,,,,,,,,,,,,,,,,,,,,1.00,,,,,,,false,false,12,2022-04-01,2023-03-31,0
2022-10-31,8920,2023-03-31,2,,,,,,,,,,,,,,,,,,,,,,,,,,,,,3.00,,,,,,,false,true,12,2022-04-01,2023-03-31,0
2022-10-31,8920,2023-03-31,2,,,,,,,,,,,,,,,,,,,,,,,,,,,,,,,,,38315000,8924,38306076,false,false,6,2022-04-01,2022-09-30,0
2022-10-31,8920,2022-03-31,2,,,,,,,,,,,,,,,,,,,,,,,,,,,,,,,,,,,38306130,false,false,6,2021-04-01,2021-09-30,-1
2022-10-31,89200,2023-03-31,,21500000000,0.044,,,,,2600000000,0.300,2600000000,0.300,,900000000,,23.49,,,,,,,,,,,,,,,,,,,,,,true,true,12,2022-04-01,2023-03-31,0
2022-10-31,89200,2022-03-31,,27319000000,,,,,,4485000000,,4546000000,,,2424000000,,63.29,,,,,,,,,,,,,,,,,,,,,,true,false,12,2021-04-01,2022-03-31,-1
2022-10-31,89200,2023-03-31,,,,,,,,,,,,,,,,,,,,,,,,,,,,,,3.00,,,,,,,false,true,12,2022-04-01,2023-03-31,0
2022-10-31,89200,2022-03-31,,,,,,,,,,,,,,,,,,,,,,,,,,,,,,6.00,,,,,,,false,false,12,2021-04-01,2022-03-31,-1
2023-01-31,8920,2023-03-31,3,16688000000,0.097,,,,,2581000000,0.597,2572000000,0.594,,762000000,,19.89,,,,,,78917000000,41340000000,0.475,,37448000000,,,,,,,,,,,,true,false,9,2022-04-01,2022-12-31,0
2023-01-31,8920,2022-03-31,3,15206000000,0.167,,,,,1615000000,0.550,1613000000,0.473,,750000000,,19.58,,,,,,,,,,,,,,,,,,,,,,true,false,9,2021-04-01,2021-12-31,-1
2023-01-31,8920,2023-03-31,3,21500000000,-0.213,,,,,2600000000,-0.420,2600000000,-0.428,,900000000,,23.49,,,,,,,,,,,,,,,,,,,,,,true,true,12,2022-04-01,2023-03-31,0
2023-01-31,8920,2022-03-31,3,,,,,,,,,,,,,,,,,,,,77979000000,40202000000,0.473,,36913000000,,,,,,,,,,,,true,false,12,2021-04-01,2022-03-31,-1
2023-01-31,8920,2022-03-31,3,,,,,,,,,,,,,,,,,,,,,,,,,,,,,6.00,,,,38315000,8924,,false,false,12,2021-04-01,2022-03-31,-1
2023-01-31,8920,2023-03-31,3,,,,,,,,,,,,,,,,,,,,,,,,,,,,,1.00,,,,,,,false,false,12,2022-04-01,2023-03-31,0
2023-01-31,8920,2023-03-31,3,,,,,,,,,,,,,,,,,,,,,,,,,,,,,3.00,,,,,,,false,true,12,2022-04-01,2023-03-31,0
2023-01-31,8920,2023-03-31,3,,,,,,,,,,,,,,,,,,,,,,,,,,,,,,,,,38315000,8924,38306076,false,false,9,2022-04-01,2022-12-31,0
2023-01-31,8920,2022-03-31,3,,,,,,,,,,,,,,,,,,,,,,,,,,,,,,,,,,,38306125,false,false,9,2021-04-01,2021-12-31,-1
2023-05-10,8920,2023-03-31,,22506000000,-0.176,,,,,3134000000,-0.301,3135000000,-0.310,,857000000,,22.39,,0.023,0.039,0.139,,83286000000,41672000000,0.451,980.29,37551000000,-12445000000,-2542000000,4912000000,14973000000,,0.134,,,,,,true,false,12,2022-04-01,2023-03-31,0
2023-05-10,8920,2022-03-31,,27319000000,0.550,,,,,4485000000,3.153,4546000000,2.954,,2424000000,,63.29,,0.068,0.059,0.164,,77979000000,40202000000,0.473,963.64,36913000000,13162000000,-2638000000,-5014000000,25048000000,,0.095,,,,,,true,false,12,2021-04-01,2022-03-31,-1
2023-05-10,8920,2024-03-31,,12400000000,0.145,,,,,1560000000,0.048,1560000000,0.039,,500000000,,13.05,,,,,,,,,,,,,,,,,,,,,,true,true,6,2023-04-01,2023-09-30,1
2023-05-10,8920,2024-03-31,,26000000000,0.155,,,,,4000000000,0.276,4000000000,0.276,,1600000000,,41.76,,,,,,,,,,,,,,,,0.096,,,,,,true,true,12,2023-04-01,2024-03-31,1
2023-05-10,8920,2023-03-31,,13628000000,-0.363,,,,,146000000,-0.963,249000000,-0.939,-52000000,,,-1.36,,,,,,62563000000,34258000000,0.548,894.33,34258000000,,,,,3.00,,,,38315000,8924,38306076,false,false,12,2022-04-01,2023-03-31,0
2023-05-10,8920,2022-03-31,,21396000000,0.663,,,,,4013000000,2.729,4093000000,2.360,2446000000,,6.941,63.86,,,,,,58410000000,34540000000,0.591,901.69,34540000000,,,,,6.00,,,,38315000,8924,38306119,false,false,12,2021-04-01,2022-03-31,-1
2023-05-10,8920,2024-03-31,,,,,,,,,,,,,,,,,,,,,,,,,,,,,,4.00,,,,,,,false,true,12,2023-04-01,2024-03-31,1
2023-05-10,89200,2023-03-31,,13628000000,0.009,,,,,,,249000000,-0.723,-52000000,,,-1.36,,,,,,,,,,,,,,,,,,,,,,false,true,12,2022-04-01,2023-03-31,0
2023-05-10,89200,2022-03-31,,21396000000,,,,,,,,4093000000,,2446000000,,,63.86,,,,,,,,,,,,,,,,,,,,,,false,false,12,2021-04-01,2022-03-31,-1
2023-07-28,8920,2024-03-31,1,6212000000,0.186,,,,,962000000,0.694,985000000,0.703,,361000000,,9.44,,,,,,82143000000,42139000000,0.461,,37835000000,,,,,,,,,,,,true,false,3,2023-04-01,2023-06-30,0
2023-07-28,8920,2023-03-31,1,5239000000,0.101,,,,,568000000,0.841,579000000,0.783,,215000000,,5.62,,,,,,,,,,,,,,,,,,,,,,true,false,3,2022-04-01,2022-06-30,-1
2023-07-28,8920,2024-03-31,1,12400000000,0.145,,,,,1560000000,0.048,1560000000,0.039,,500000000,,13.05,,,,,,,,,,,,,,,,,,,,,,true,true,6,2023-04-01,2023-09-30,0
2023-07-28,8920,2024-03-31,1,26000000000,0.155,,,,,4000000000,0.276,4000000000,0.276,,1600000000,,41.76,,,,,,,,,,,,,,,,,,,,,,true,true,12,2023-04-01,2024-03-31,0
2023-07-28,8920,2023-03-31,1,,,,,,,,,,,,,,,,,,,,83286000000,41672000000,0.451,,37551000000,,,,,,,,,,,,true,false,12,2022-04-01,2023-03-31,-1
2023-07-28,8920,2023-03-31,1,,,,,,,,,,,,,,,,,,,,,,,,,,,,,3.00,,,,38315000,8924,,false,false,12,2022-04-01,2023-03-31,-1
2023-07-28,8920,2024-03-31,1,,,,,,,,,,,,,,,,,,,,,,,,,,,,,4.00,,,,,,,false,true,12,2023-04-01,2024-03-31,0
2023-07-28,8920,2024-03-31,1,,,,,,,,,,,,,,,,,,,,,,,,,,,,,,,,,38315000,8972,38306037,false,false,3,2023-04-01,2023-06-30,0
2023-07-28,8920,2023-03-31,1,,,,,,,,,,,,,,,,,,,,,,,,,,,,,,,,,,,38306076,false,false,3,2022-04-01,2022-06-30,-1
2023-10-31,8920,2024-03-31,2,12539000000,0.157,,,,,1939000000,0.303,1989000000,0.325,,700000000,,18.28,,,,,,82719000000,42748000000,0.462,,38184000000,,,,,,,,,,,,true,false,6,2023-04-01,2023-09-30,0
2023-10-31,8920,2023-03-31,2,10833000000,0.117,,,,,1488000000,1.052,1501000000,1.048,,470000000,,12.28,,,,,,,,,,,,,,,,,,,,,,true,false,6,2022-04-01,2022-09-30,-1
2023-10-31,8920,2024-03-31,2,26000000000,0.155,,,,,4000000000,0.276,4000000000,0.276,,1600000000,,41.76,,,,,,,,,,,,,,,,,,,,,,true,true,12,2023-04-01,2024-03-31,0
2023-10-31,8920,2023-03-31,2,,,,,,,,,,,,,,,,,,,,83286000000,41672000000,0.451,,37551000000,,,,,,,,,,,,true,false,12,2022-04-01,2023-03-31,-1
2023-10-31,8920,2023-03-31,2,,,,,,,,,,,,,,,,,,,,,,,,,,,,,3.00,,,,38315000,8924,,false,false,12,2022-04-01,2023-03-31,-1
2023-10-31,8920,2024-03-31,2,,,,,,,,,,,,,,,,,,,,,,,,,,,,,2.00,,,,,,,false,false,12,2023-04-01,2024-03-31,0
2023-10-31,8920,2024-03-31,2,,,,,,,,,,,,,,,,,,,,,,,,,,,,,4.00,,,,,,,false,true,12,2023-04-01,2024-03-31,0
2023-10-31,8920,2024-03-31,2,,,,,,,,,,,,,,,,,,,,,,,,,,,,,,,,,38315000,9043,38306002,false,false,6,2023-04-01,2023-09-30,0
2023-10-31,8920,2023-03-31,2,,,,,,,,,,,,,,,,,,,,,,,,,,,,,,,,,,,38306076,false,false,6,2022-04-01,2022-09-30,-1
2024-01-31,8920,2024-03-31,3,19096000000,0.144,,,,,2955000000,0.145,3076000000,0.196,,1035000000,,27.02,,,,,,82138000000,43316000000,0.468,,38441000000,,,,,,,,,,,,true,false,9,2023-04-01,2023-12-31,0
2024-01-31,8920,2023-03-31,3,16688000000,0.097,,,,,2581000000,0.597,2572000000,0.594,,762000000,,19.89,,,,,,,,,,,,,,,,,,,,,,true,false,9,2022-04-01,2022-12-31,-1
2024-01-31,8920,2024-03-31,3,26000000000,0.155,,,,,4000000000,0.276,4000000000,0.276,,1600000000,,41.76,,,,,,,,,,,,,,,,,,,,,,true,true,12,2023-04-01,2024-03-31,0
2024-01-31,8920,2023-03-31,3,,,,,,,,,,,,,,,,,,,,83286000000,41672000000,0.451,,37551000000,,,,,,,,,,,,true,false,12,2022-04-01,2023-03-31,-1
2024-01-31,8920,2023-03-31,3,,,,,,,,,,,,,,,,,,,,,,,,,,,,,3.00,,,,38315000,8924,,false,false,12,2022-04-01,2023-03-31,-1
2024-01-31,8920,2024-03-31,3,,,,,,,,,,,,,,,,,,,,,,,,,,,,,2.00,,,,,,,false,false,12,2023-04-01,2024-03-31,0
2024-01-31,8920,2024-03-31,3,,,,,,,,,,,,,,,,,,,,,,,,,,,,,4.00,,,,,,,false,true,12,2023-04-01,2024-03-31,0
2024-01-31,8920,2024-03-31,3,,,,,,,,,,,,,,,,,,,,,,,,,,,,,,,,,38315000,9043,38305988,false,false,9,2023-04-01,2023-12-31,0
2024-01-31,8920,2023-03-31,3,,,,,,,,,,,,,,,,,,,,,,,,,,,,,,,,,,,38306076,false,false,9,2022-04-01,2022-12-31,-1
2024-03-27,89200,2024-03-31,,30900000000,0.188,,,,,3900000000,-0.025,4000000000,,,-2800000000,,-73.09,,,,,,,,,,,,,,,,,,,,,,true,true,12,2023-04-01,2024-03-31,0
2024-03-27,89200,2023-03-31,,22506000000,,,,,,3134000000,,3135000000,,,857000000,,22.39,,,,,,,,,,,,,,,,,,,,,,true,false,12,2022-04-01,2023-03-31,-1
2024-05-10,8920,2024-03-31,,30927000000,0.374,,,,,3958000000,0.263,4098000000,0.307,,-2229000000,,-58.20,,,0.052,0.128,,74219000000,40318000000,0.474,918.27,35175000000,10900000000,-3378000000,-7929000000,14564000000,,,,,,,,true,false,12,2023-04-01,2024-03-31,0
2024-05-10,8920,2023-03-31,,22506000000,-0.176,,,,,3134000000,-0.301,3135000000,-0.310,,857000000,,22.39,,0.023,0.039,0.139,,83286000000,41672000000,0.451,980.29,37551000000,-12445000000,-2542000000,4912000000,14973000000,,0.134,,,,,,true,false,12,2022-04-01,2023-03-31,-1
2024-05-10,8920,2025-03-31,,12150000000,-0.031,,,,,1940000000,0.000,1990000000,0.000,,700000000,,18.27,,,,,,,,,,,,,,,,,,,,,,true,true,6,2024-04-01,2024-09-30,1
2024-05-10,8920,2025-03-31,,25000000000,-0.192,,,,,4700000000,0.187,4700000000,0.147,,1700000000,,44.37,,,,,,,,,,,,,,,,0.090,,,,,,true,true,12,2024-04-01,2025-03-31,1
2024-05-10,8920,2024-03-31,,20910000000,0.534,,,,,409000000,1.794,671000000,1.687,-3411000000,,,-89.05,,,,,,52244000000,30693000000,0.587,801.27,30693000000,,,,,4.00,,,,38315000,9093,38305974,false,false,12,2023-04-01,2024-03-31,0
2024-05-10,8920,2023-03-31,,13628000000,-0.363,,,,,146000000,-0.963,249000000,-0.939,-52000000,,,-1.36,,,,,,62563000000,34258000000,0.548,894.33,34258000000,,,,,3.00,,,,38315000,8924,38306076,false,false,12,2022-04-01,2023-03-31,-1
2024-05-10,8920,2025-03-31,,,,,,,,,,,,,,,,,,,,,,,,,,,,,,4.00,,,,,,,false,true,12,2024-04-01,2025-03-31,1
2024-08-09,8920,2025-03-31,1,6141000000,-0.011,,,,,960000000,-0.002,983000000,-0.003,,370000000,,9.67,,,,,,72612000000,40775000000,0.488,,35468000000,,,,,,,,,,,,true,false,3,2024-04-01,2024-06-30,0
2024-08-09,8920,2024-03-31,1,6212000000,0.186,,,,,962000000,0.694,985000000,0.703,,361000000,,9.44,,,,,,,,,,,,,,,,,,,,,,true,false,3,2023-04-01,2023-06-30,-1
2024-08-09,8920,2025-03-31,1,12150000000,-0.031,,,,,1940000000,0.000,1990000000,0.000,,700000000,,18.27,,,,,,,,,,,,,,,,,,,,,,true,true,6,2024-04-01,2024-09-30,0
2024-08-09,8920,2025-03-31,1,25000000000,-0.192,,,,,4700000000,0.187,4700000000,0.147,,1700000000,,44.37,,,,,,,,,,,,,,,,,,,,,,true,true,12,2024-04-01,2025-03-31,0
2024-08-09,8920,2024-03-31,1,,,,,,,,,,,,,,,,,,,,74219000000,40318000000,0.474,,35175000000,,,,,,,,,,,,true,false,12,2023-04-01,2024-03-31,-1
2024-08-09,8920,2024-03-31,1,,,,,,,,,,,,,,,,,,,,,,,,,,,,,4.00,,,,38315000,9093,,false,false,12,2023-04-01,2024-03-31,-1
2024-08-09,8920,2025-03-31,1,,,,,,,,,,,,,,,,,,,,,,,,,,,,,4.00,,,,,,,false,true,12,2024-04-01,2025-03-31,0
2024-08-09,8920,2025-03-31,1,,,,,,,,,,,,,,,,,,,,,,,,,,,,,,,,,38315000,9093,38305907,false,false,3,2024-04-01,2024-06-30,0
2024-08-09,8920,2024-03-31,1,,,,,,,,,,,,,,,,,,,,,,,,,,,,,,,,,,,38306037,false,false,3,2023-04-01,2023-06-30,-1
2024-08-29,89200,2025-03-31,,34000000000,0.360,,,,,5000000000,0.063,5000000000,0.063,,2000000000,,52.35,,,,,,,,,,,,,,,,,,,,,,true,true,12,2024-04-01,2025-03-31,0
2024-08-29,89200,2024-03-31,,30927000000,,,,,,3958000000,,4098000000,,,-2229000000,,-58.20,,,,,,,,,,,,,,,,,,,,,,true,false,12,2023-04-01,2024-03-31,-1
2024-11-08,8920,2025-03-31,2,13888000000,0.108,,,,,2880000000,0.485,2918000000,0.467,,1349000000,,35.23,,,,,,78512000000,42028000000,0.464,,36446000000,,,,,,,,,,,,true,false,6,2024-04-01,2024-09-30,0
2024-11-08,8920,2024-03-31,2,12539000000,0.157,,,,,1939000000,0.303,1989000000,0.325,,700000000,,18.28,,,,,,,,,,,,,,,,,,,,,,true,false,6,2023-04-01,2023-09-30,-1
2024-11-08,8920,2025-03-31,2,34000000000,0.099,,,,,5000000000,0.263,5000000000,0.220,,2000000000,,52.35,,,,,,,,,,,,,,,,,,,,,,true,true,12,2024-04-01,2025-03-31,0
2024-11-08,8920,2024-03-31,2,,,,,,,,,,,,,,,,,,,,74219000000,40318000000,0.474,,35175000000,,,,,,,,,,,,true,false,12,2023-04-01,2024-03-31,-1
2024-11-08,8920,2024-03-31,2,,,,,,,,,,,,,,,,,,,,,,,,,,,,,4.00,,,,38315000,9093,,false,false,12,2023-04-01,2024-03-31,-1
2024-11-08,8920,2025-03-31,2,,,,,,,,,,,,,,,,,,,,,,,,,,,,,2.00,,,,,,,false,false,12,2024-04-01,2025-03-31,0
2024-11-08,8920,2025-03-31,2,,,,,,,,,,,,,,,,,,,,,,,,,,,,,5.00,,,,,,,false,true,12,2024-04-01,2025-03-31,0
2024-11-08,8920,2025-03-31,2,,,,,,,,,,,,,,,,,,,,,,,,,,,,,,,,,38315000,9093,38305907,false,false,6,2024-04-01,2024-09-30,0
2024-11-08,8920,2024-03-31,2,,,,,,,,,,,,,,,,,,,,,,,,,,,,,,,,,,,38306002,false,false,6,2023-04-01,2023-09-30,-1
2025-02-07,8920,2025-03-31,3,29577000000,0.549,,,,,4851000000,0.642,4894000000,0.591,,2294000000,,59.90,,,,,,74036000000,43111000000,0.504,,37344000000,,,,,,,,,,,,true,false,9,2024-04-01,2024-12-31,0
2025-02-07,8920,2024-03-31,3,19096000000,0.144,,,,,2955000000,0.145,3076000000,0.196,,1035000000,,27.02,,,,,,,,,,,,,,,,,,,,,,true,false,9,2023-04-01,2023-12-31,-1
2025-02-07,8920,2025-03-31,3,34000000000,0.099,,,,,5000000000,0.263,5000000000,0.220,,2000000000,,52.35,,,,,,,,,,,,,,,,,,,,,,true,true,12,2024-04-01,2025-03-31,0
2025-02-07,8920,2024-03-31,3,,,,,,,,,,,,,,,,,,,,74219000000,40318000000,0.474,,35175000000,,,,,,,,,,,,true,false,12,2023-04-01,2024-03-31,-1
2025-02-07,8920,2024-03-31,3,,,,,,,,,,,,,,,,,,,,,,,,,,,,,4.00,,,,38315000,9093,,false,false,12,2023-04-01,2024-03-31,-1
2025-02-07,8920,2025-03-31,3,,,,,,,,,,,,,,,,,,,,,,,,,,,,,2.00,,,,,,,false,false,12,2024-04-01,2025-03-31,0
2025-02-07,8920,2025-03-31,3,,,,,,,,,,,,,,,,,,,,,,,,,,,,,5.00,,,,,,,false,true,12,2024-04-01,2025-03-31,0
2025-02-07,8920,2025-03-31,3,,,,,,,,,,,,,,,,,,,,,,,,,,,,,,,,,38315000,9093,38305907,false,false,9,2024-04-01,2024-12-31,0
2025-02-07,8920,2024-03-31,3,,,,,,,,,,,,,,,,,,,,,,,,,,,,,,,,,,,38305988,false,false,9,2023-04-01,2023-12-31,-1
2025-05-02,89200,2025-03-31,,35600000000,0.047,,,,,5900000000,0.180,5900000000,0.180,,1200000000,,31.33,,,,,,,,,,,,,,,,,,,,,,true,true,12,2024-04-01,2025-03-31,0
2025-05-02,89200,2024-03-31,,30927000000,,,,,,3958000000,,4098000000,,,-2229000000,,-58.20,,,,,,,,,,,,,,,,,,,,,,true,false,12,2023-04-01,2024-03-31,-1
2025-05-13,8920,2025-03-31,,35619000000,0.152,,,,,5884000000,0.487,5936000000,0.449,,1228000000,,32.06,,0.034,0.081,0.165,,72177000000,42265000000,0.502,946.18,36244000000,15425000000,-6566000000,-4418000000,19005000000,,0.156,,,,,,true,false,12,2024-04-01,2025-03-31,0
2025-05-13,8920,2024-03-31,,30927000000,0.374,,,,,3958000000,0.263,4098000000,0.307,,-2229000000,,-58.20,,,0.052,0.128,,74219000000,40318000000,0.474,918.27,35175000000,10900000000,-3378000000,-7929000000,14564000000,,,,,,,,true,false,12,2023-04-01,2024-03-31,-1
2025-05-13,8920,2026-03-31,,12680000000,-0.087,,,,,2510000000,-0.129,2500000000,-0.143,,920000000,,24.02,,,,,,,,,,,,,,,,,,,,,,true,true,6,2025-04-01,2025-09-30,1
2025-05-13,8920,2026-03-31,,26790000000,-0.248,,,,,5880000000,-0.001,5880000000,-0.009,,2330000000,,60.83,,,,,,,,,,,,,,,,0.099,,,,,,true,true,12,2025-04-01,2026-03-31,1
2025-05-13,8920,2025-03-31,,24414000000,0.168,,,,,1366000000,2.332,1616000000,1.408,-469000000,,,-12.27,,,,,,46506000000,30070000000,0.647,785.01,30070000000,,,,,5.00,,,,38315000,9093,38305907,false,false,12,2024-04-01,2025-03-31,0
2025-05-13,8920,2024-03-31,,20910000000,0.534,,,,,409000000,1.794,671000000,1.687,-3411000000,,,-89.05,,,,,,52244000000,30693000000,0.587,801.27,30693000000,,,,,4.00,,,,38315000,9093,38305974,false,false,12,2023-04-01,2024-03-31,-1
2025-05-13,8920,2026-03-31,,,,,,,,,,,,,,,,,,,,,,,,,,,,,,6.00,,,,,,,false,true,12,2025-04-01,2026-03-31,1
