filing_date,code,fiscal_year_end,quarterly_period,net_sales,net_sales_change,revenue,revenue_change,operating_revenue,operating_revenue_change,operating_profit,operating_profit_change,ordinary_profit,ordinary_profit_change,net_income,net_income_of_parent,net_income_change,eps,diluted_eps,roe,roa,operating_profit_to_net_sales,operating_profit_to_revenue,total_assets,net_assets,equity_ratio,bps,owner_equity,operating_cash_flow,investing_cash_flow,financing_cash_flow,cash,dividend_per_share,payout_ratio,commemorative_dividend,extra_dividend,number_of_shares,number_of_treqsury_shares,avg_number_of_shares,is_consolidated,is_forecast,duration,period_start,period_end,period_pos
2015-07-30,90010,2016-03-31,1,,,,,143232000000,-0.009,16108000000,0.183,13483000000,-0.009,,7582000000,,7.10,7.08,,,,,1579454000000,404910000000,0.244,,385785000000,,,,,,,,,,,,true,false,3,2015-04-01,2015-06-30,0
2015-07-30,90010,2015-03-31,1,,,,,144550000000,0.003,13619000000,-0.192,13602000000,-0.108,,10876000000,,10.18,10.15,,,,,,,,,,,,,,,,,,,,,true,false,3,2014-04-01,2014-06-30,-1
2015-07-30,90010,2016-03-31,1,,,,,285500000000,0.007,26900000000,0.123,20700000000,-0.010,,11200000000,,10.49,,,,,,,,,,,,,,,,,,,,,,true,true,6,2015-04-01,2015-09-30,0
2015-07-30,90010,2016-03-31,1,,,,,581300000000,-0.003,54400000000,0.023,45600000000,-0.012,,24300000000,,22.76,,,,,,,,,,,,,,,,,,,,,,true,true,12,2015-04-01,2016-03-31,0
2015-07-30,90010,2015-03-31,1,,,,,,,,,,,,,,,,,,,,1596725000000,394826000000,0.235,,376012000000,,,,,,,,,,,,true,false,12,2014-04-01,2015-03-31,-1
2015-07-30,90010,2015-03-31,1,,,,,,,,,,,,,,,,,,,,,,,,,,,,,6.00,,,,1075540607,7836517,,false,false,12,2014-04-01,2015-03-31,-1
2015-07-30,90010,2016-03-31,1,,,,,,,,,,,,,,,,,,,,,,,,,,,,,6.00,,,,,,,false,true,12,2015-04-01,2016-03-31,0
2015-07-30,90010,2016-03-31,1,,,,,,,,,,,,,,,,,,,,,,,,,,,,,,,,,1075540607,7859557,1067691183,false,false,3,2015-04-01,2015-06-30,0
2015-07-30,90010,2015-03-31,1,,,,,,,,,,,,,,,,,,,,,,,,,,,,,,,,,,,1068007640,false,false,3,2014-04-01,2014-06-30,-1
2015-10-30,90010,2016-03-31,2,,,,,285780000000,0.008,31492000000,0.315,26402000000,0.262,,13387000000,,12.54,12.50,,,,,1592793000000,404740000000,0.242,,385229000000,,,,,,,,,,,,true,false,6,2015-04-01,2015-09-30,0
2015-10-30,90010,2015-03-31,2,,,,,283601000000,0.013,23949000000,-0.115,20916000000,-0.171,,15733000000,,14.73,14.69,,,,,,,,,,,,,,,,,,,,,true,false,6,2014-04-01,2014-09-30,-1
2015-10-30,90010,2016-03-31,2,,,,,579400000000,-0.007,58600000000,0.102,49200000000,0.066,,24200000000,,22.67,,,,,,,,,,,,,,,,,,,,,,true,true,12,2015-04-01,2016-03-31,0
2015-10-30,90010,2015-03-31,2,,,,,,,,,,,,,,,,,,,,1596725000000,394826000000,0.235,,376012000000,,,,,,,,,,,,true,false,12,2014-04-01,2015-03-31,-1
2015-10-30,90010,2015-03-31,2,,,,,,,,,,,,,,,,,,,,,,,,,,,,,6.00,,,,1075540607,7836517,,false,false,12,2014-04-01,2015-03-31,-1
2015-10-30,90010,2016-03-31,2,,,,,,,,,,,,,,,,,,,,,,,,,,,,,3.00,,,,,,,false,false,12,2015-04-01,2016-03-31,0
2015-10-30,90010,2016-03-31,2,,,,,,,,,,,,,,,,,,,,,,,,,,,,,6.00,,,,,,,false,true,12,2015-04-01,2016-03-31,0
2015-10-30,90010,2016-03-31,2,,,,,,,,,,,,,,,,,,,,,,,,,,,,,,,,,1075540607,7905060,1067670427,false,false,6,2015-04-01,2015-09-30,0
2015-10-30,90010,2015-03-31,2,,,,,,,,,,,,,,,,,,,,,,,,,,,,,,,,,,,1067970997,false,false,6,2014-04-01,2014-09-30,-1
2016-02-03,90010,2016-03-31,3,,,,,427975000000,-0.011,48619000000,0.215,41885000000,0.192,,20555000000,,19.25,19.20,,,,,1595631000000,408645000000,0.244,,388795000000,,,,,,,,,,,,true,false,9,2015-04-01,2015-12-31,0
2016-02-03,90010,2015-03-31,3,,,,,432726000000,0.005,40021000000,-0.098,35142000000,-0.133,,24965000000,,23.38,23.31,,,,,,,,,,,,,,,,,,,,,true,false,9,2014-04-01,2014-12-31,-1
2016-02-03,90010,2016-03-31,3,,,,,579400000000,-0.007,58600000000,0.102,49200000000,0.066,,24200000000,,22.67,,,,,,,,,,,,,,,,,,,,,,true,true,12,2015-04-01,2016-03-31,0
2016-02-03,90010,2015-03-31,3,,,,,,,,,,,,,,,,,,,,1596725000000,394826000000,0.235,,376012000000,,,,,,,,,,,,true,false,12,2014-04-01,2015-03-31,-1
2016-02-03,90010,2015-03-31,3,,,,,,,,,,,,,,,,,,,,,,,,,,,,,6.00,,,,1075540607,7836517,,false,false,12,2014-04-01,2015-03-31,-1
2016-02-03,90010,2016-03-31,3,,,,,,,,,,,,,,,,,,,,,,,,,,,,,3.00,,,,,,,false,false,12,2015-04-01,2016-03-31,0
2016-02-03,90010,2016-03-31,3,,,,,,,,,,,,,,,,,,,,,,,,,,,,,6.00,,,,,,,false,true,12,2015-04-01,2016-03-31,0
2016-02-03,90010,2016-03-31,3,,,,,,,,,,,,,,,,,,,,,,,,,,,,,,,,,1075540607,7798129,1067669171,false,false,9,2015-04-01,2015-12-31,0
2016-02-03,90010,2015-03-31,3,,,,,,,,,,,,,,,,,,,,,,,,,,,,,,,,,,,1067941795,false,false,9,2014-04-01,2014-12-31,-1
2016-04-28,90010,2016-03-31,,,,,,574334000000,-0.015,64399000000,0.211,56006000000,0.214,,27277000000,,25.54,25.47,0.071,0.035,0.112,,1592475000000,411282000000,0.246,365.43,391189000000,78114000000,-63593000000,-12102000000,32477000000,,0.235,,,,,,true,false,12,2015-04-01,2016-03-31,0
2016-04-28,90010,2015-03-31,,,,,,583268000000,-0.017,53158000000,-0.051,46138000000,-0.112,,30653000000,,28.70,28.62,0.087,0.030,0.091,,1596725000000,394826000000,0.235,352.17,376012000000,94825000000,-142903000000,46830000000,30051000000,,0.209,,,,,,true,false,12,2014-04-01,2015-03-31,-1
2016-04-28,90010,2017-03-31,,,,,,284000000000,-0.006,30400000000,-0.035,26700000000,0.011,,15500000000,,14.48,,,,,,,,,,,,,,,,,,,,,,true,true,6,2016-04-01,2016-09-30,1
2016-04-28,90010,2017-03-31,,,,,,585500000000,0.019,65000000000,0.009,56600000000,0.011,,33700000000,,31.48,,,,,,,,,,,,,,,,0.191,,,,,,true,true,12,2016-04-01,2017-03-31,1
2016-04-28,90010,2016-03-31,,,,,,222617000000,0.004,47334000000,0.265,38641000000,0.288,22361000000,,0.117,20.94,20.88,,,,,1472169000000,329981000000,0.224,308.25,329981000000,,,,,6.00,,,,1075540607,5039652,1067891725,false,false,12,2015-04-01,2016-03-31,0
2016-04-28,90010,2015-03-31,,,,,,221825000000,-0.033,37430000000,0.084,29994000000,0.001,20010000000,,-0.009,18.74,18.68,,,,,1477008000000,318699000000,0.216,298.49,318699000000,,,,,6.00,,,,1075540607,7836517,1067893630,false,false,12,2014-04-01,2015-03-31,-1
2016-04-28,90010,2017-03-31,,,,,,227900000000,0.024,48000000000,0.014,39400000000,0.020,24400000000,,0.091,22.79,,,,,,,,,,,,,,,6.00,,,,,,,false,true,12,2016-04-01,2017-03-31,1
2016-07-28,90010,2017-03-31,1,,,,,139219000000,-0.028,16424000000,0.020,15867000000,0.177,,10643000000,,9.94,9.94,,,,,1563813000000,414840000000,0.252,,394405000000,,,,,,,,,,,,true,false,3,2016-04-01,2016-06-30,0
2016-07-28,90010,2016-03-31,1,,,,,143232000000,-0.009,16108000000,0.183,13483000000,-0.009,,7582000000,,7.10,7.08,,,,,,,,,,,,,,,,,,,,,true,false,3,2015-04-01,2015-06-30,-1
2016-07-28,90010,2017-03-31,1,,,,,284000000000,-0.006,30400000000,-0.035,26700000000,0.011,,15500000000,,14.48,,,,,,,,,,,,,,,,,,,,,,true,true,6,2016-04-01,2016-09-30,0
2016-07-28,90010,2017-03-31,1,,,,,585500000000,0.019,65000000000,0.009,56600000000,0.011,,33700000000,,31.48,,,,,,,,,,,,,,,,,,,,,,true,true,12,2016-04-01,2017-03-31,0
2016-07-28,90010,2016-03-31,1,,,,,,,,,,,,,,,,,,,,1592475000000,411282000000,0.246,,391189000000,,,,,,,,,,,,true,false,12,2015-04-01,2016-03-31,-1
2016-07-28,90010,2016-03-31,1,,,,,,,,,,,,,,,,,,,,,,,,,,,,,6.00,,,,1075540607,5039652,,false,false,12,2015-04-01,2016-03-31,-1
2016-07-28,90010,2017-03-31,1,,,,,,,,,,,,,,,,,,,,,,,,,,,,,6.00,,,,,,,false,true,12,2016-04-01,2017-03-31,0
2016-07-28,90010,2017-03-31,1,,,,,,,,,,,,,,,,,,,,,,,,,,,,,,,,,1075540607,5051325,1070495471,false,false,3,2016-04-01,2016-06-30,0
2016-07-28,90010,2016-03-31,1,,,,,,,,,,,,,,,,,,,,,,,,,,,,,,,,,,,1067691183,false,false,3,2015-04-01,2015-06-30,-1
2016-10-31,90010,2017-03-31,2,,,,,277526000000,-0.029,32006000000,0.016,29346000000,0.112,,17344000000,,16.20,,,,,,1561669000000,422437000000,0.257,,401574000000,,,,,,,,,,,,true,false,6,2016-04-01,2016-09-30,0
2016-10-31,90010,2016-03-31,2,,,,,285780000000,0.008,31492000000,0.315,26402000000,0.262,,13387000000,,12.54,12.50,,,,,,,,,,,,,,,,,,,,,true,false,6,2015-04-01,2015-09-30,-1
2016-10-31,90010,2017-03-31,2,,,,,573300000000,-0.002,65000000000,0.009,57600000000,0.028,,35400000000,,33.07,,,,,,,,,,,,,,,,,,,,,,true,true,12,2016-04-01,2017-03-31,0
2016-10-31,90010,2016-03-31,2,,,,,,,,,,,,,,,,,,,,1592475000000,411282000000,0.246,,391189000000,,,,,,,,,,,,true,false,12,2015-04-01,2016-03-31,-1
2016-10-31,90010,2016-03-31,2,,,,,,,,,,,,,,,,,,,,,,,,,,,,,6.00,,,,1075540607,5039652,,false,false,12,2015-04-01,2016-03-31,-1
2016-10-31,90010,2017-03-31,2,,,,,,,,,,,,,,,,,,,,,,,,,,,,,3.00,,,,,,,false,false,12,2016-04-01,2017-03-31,0
2016-10-31,90010,2017-03-31,2,,,,,,,,,,,,,,,,,,,,,,,,,,,,,6.00,,,,,,,false,true,12,2016-04-01,2017-03-31,0
2016-10-31,90010,2017-03-31,2,,,,,,,,,,,,,,,,,,,,,,,,,,,,,,,,,1075540607,5060967,1070489687,false,false,6,2016-04-01,2016-09-30,0
2016-10-31,90010,2016-03-31,2,,,,,,,,,,,,,,,,,,,,,,,,,,,,,,,,,,,1067670427,false,false,6,2015-04-01,2015-09-30,-1
2017-02-02,90010,2017-03-31,3,,,,,418261000000,-0.023,49815000000,0.025,45754000000,0.092,,27282000000,,25.49,,,,,,1577104000000,436722000000,0.264,,415858000000,,,,,,,,,,,,true,false,9,2016-04-01,2016-12-31,0
2017-02-02,90010,2016-03-31,3,,,,,427975000000,-0.011,48619000000,0.215,41885000000,0.192,,20555000000,,19.25,19.20,,,,,,,,,,,,,,,,,,,,,true,false,9,2015-04-01,2015-12-31,-1
2017-02-02,90010,2017-03-31,3,,,,,573300000000,-0.002,65000000000,0.009,57600000000,0.028,,35400000000,,33.07,,,,,,,,,,,,,,,,,,,,,,true,true,12,2016-04-01,2017-03-31,0
2017-02-02,90010,2016-03-31,3,,,,,,,,,,,,,,,,,,,,1592475000000,411282000000,0.246,,391189000000,,,,,,,,,,,,true,false,12,2015-04-01,2016-03-31,-1
2017-02-02,90010,2016-03-31,3,,,,,,,,,,,,,,,,,,,,,,,,,,,,,6.00,,,,1075540607,5039652,,false,false,12,2015-04-01,2016-03-31,-1
2017-02-02,90010,2017-03-31,3,,,,,,,,,,,,,,,,,,,,,,,,,,,,,3.00,,,,,,,false,false,12,2016-04-01,2017-03-31,0
2017-02-02,90010,2017-03-31,3,,,,,,,,,,,,,,,,,,,,,,,,,,,,,6.00,,,,,,,false,true,12,2016-04-01,2017-03-31,0
2017-02-02,90010,2017-03-31,3,,,,,,,,,,,,,,,,,,,,,,,,,,,,,,,,,1075540607,5112447,1070480747,false,false,9,2016-04-01,2016-12-31,0
2017-02-02,90010,2016-03-31,3,,,,,,,,,,,,,,,,,,,,,,,,,,,,,,,,,,,1067669171,false,false,9,2015-04-01,2015-12-31,-1
2017-04-28,90010,2017-03-31,,,,,,568887000000,-0.009,68335000000,0.061,62128000000,0.109,,36137000000,,33.76,,0.089,0.039,0.120,,1597733000000,442772000000,0.264,394.13,421870000000,87470000000,-55881000000,-29907000000,34118000000,,0.193,,,,,,true,false,12,2016-04-01,2017-03-31,0
2017-04-28,90010,2016-03-31,,,,,,574334000000,-0.015,64399000000,0.211,56006000000,0.214,,27277000000,,25.54,25.47,0.071,0.035,0.112,,1592475000000,411282000000,0.246,365.43,391189000000,78114000000,-63593000000,-12102000000,32477000000,,0.235,,,,,,true,false,12,2015-04-01,2016-03-31,-1
2017-04-28,90010,2018-03-31,,,,,,279400000000,0.007,29500000000,-0.078,26500000000,-0.097,,19600000000,,18.30,,,,,,,,,,,,,,,,,,,,,,true,true,6,2017-04-01,2017-09-30,1
2017-04-28,90010,2018-03-31,,,,,,570700000000,0.003,61300000000,-0.103,55400000000,-0.108,,37100000000,,34.70,,,,,,,,,,,,,,,,0.202,,,,,,true,true,12,2017-04-01,2018-03-31,1
2017-04-28,90010,2017-03-31,,,,,,223761000000,0.005,50597000000,0.069,42546000000,0.101,28771000000,,0.287,26.88,,,,,,1487353000000,355220000000,0.239,331.86,355220000000,,,,,6.50,,,,1075540607,5154147,1070460827,false,false,12,2016-04-01,2017-03-31,0
2017-04-28,90010,2016-03-31,,,,,,222617000000,0.004,47334000000,0.265,38641000000,0.288,22361000000,,0.117,20.94,20.88,,,,,1472169000000,329981000000,0.224,308.25,329981000000,,,,,6.00,,,,1075540607,5039652,1067891725,false,false,12,2015-04-01,2016-03-31,-1
2017-04-28,90010,2018-03-31,,,,,,225800000000,0.009,46800000000,-0.075,40100000000,-0.058,26000000000,,-0.096,24.29,,,,,,,,,,,,,,,7.00,,,,,,,false,true,12,2017-04-01,2018-03-31,1
,90010,2018-03-31,,,,,,,,,,,,,,,,,,,,,,,,,,,,,,17.50,,,,,,,false,true,12,2017-04-01,2018-03-31,0
,90010,2017-03-31,,,,,,,,,,,,,,,,,,,,,,,,,,,,,,6.50,,,,,,,false,false,12,2016-04-01,2017-03-31,-1
2017-07-31,90010,2018-03-31,1,,,,,142401000000,0.023,17753000000,0.081,17116000000,0.079,,11236000000,,10.50,,,,,,1586451000000,454327000000,0.273,,433210000000,,,,,,,,,,,,true,false,3,2017-04-01,2017-06-30,0
2017-07-31,90010,2017-03-31,1,,,,,139219000000,-0.028,16424000000,0.020,15867000000,0.177,,10643000000,,9.94,,,,,,,,,,,,,,,,,,,,,,true,false,3,2016-04-01,2016-06-30,-1
2017-07-31,90010,2018-03-31,1,,,,,279400000000,0.007,29500000000,-0.078,26500000000,-0.097,,19600000000,,18.31,,,,,,,,,,,,,,,,,,,,,,true,true,6,2017-04-01,2017-09-30,0
2017-07-31,90010,2018-03-31,1,,,,,570700000000,0.003,61300000000,-0.103,55400000000,-0.108,,37100000000,,173.29,,,,,,,,,,,,,,,,,,,,,,true,true,12,2017-04-01,2018-03-31,0
2017-07-31,90010,2017-03-31,1,,,,,,,,,,,,,,,,,,,,1597733000000,442772000000,0.264,,421870000000,,,,,,,,,,,,true,false,12,2016-04-01,2017-03-31,-1
2017-07-31,90010,2017-03-31,1,,,,,,,,,,,,,,,,,,,,,,,,,,,,,6.50,,,,1075540607,5154147,,false,false,12,2016-04-01,2017-03-31,-1
2017-07-31,90010,2018-03-31,1,,,,,,,,,,,,,,,,,,,,,,,,,,,,,17.50,,,,,,,false,true,12,2017-04-01,2018-03-31,0
2017-07-31,90010,2018-03-31,1,,,,,,,,,,,,,,,,,,,,,,,,,,,,,,,,,1075540607,5168882,1070379492,false,false,3,2017-04-01,2017-06-30,0
2017-07-31,90010,2017-03-31,1,,,,,,,,,,,,,,,,,,,,,,,,,,,,,,,,,,,1070495471,false,false,3,2016-04-01,2016-06-30,-1
2017-10-31,90010,2018-03-31,2,,,,,282870000000,0.019,34590000000,0.081,32129000000,0.095,,23766000000,,111.02,,,,,,1606305000000,467571000000,0.278,,446127000000,,,,,,,,,,,,true,false,6,2017-04-01,2017-09-30,0
2017-10-31,90010,2017-03-31,2,,,,,277526000000,-0.029,32006000000,0.016,29346000000,0.112,,17344000000,,81.01,,,,,,,,,,,,,,,,,,,,,,true,false,6,2016-04-01,2016-09-30,-1
2017-10-31,90010,2018-03-31,2,,,,,573000000000,0.007,65000000000,-0.049,59000000000,-0.050,,40000000000,,186.85,,,,,,,,,,,,,,,,,,,,,,true,true,12,2017-04-01,2018-03-31,0
2017-10-31,90010,2017-03-31,2,,,,,,,,,,,,,,,,,,,,1597733000000,442772000000,0.264,,421870000000,,,,,,,,,,,,true,false,12,2016-04-01,2017-03-31,-1
2017-10-31,90010,2017-03-31,2,,,,,,,,,,,,,,,,,,,,,,,,,,,,,6.50,,,,215108121,1030829,,false,false,12,2016-04-01,2017-03-31,-1
2017-10-31,90010,2018-03-31,2,,,,,,,,,,,,,,,,,,,,,,,,,,,,,3.50,,,,,,,false,false,12,2017-04-01,2018-03-31,0
2017-10-31,90010,2018-03-31,2,,,,,,,,,,,,,,,,,,,,,,,,,,,,,17.50,,,,,,,false,true,12,2017-04-01,2018-03-31,0
2017-10-31,90010,2018-03-31,2,,,,,,,,,,,,,,,,,,,,,,,,,,,,,,,,,215108121,1037221,214074181,false,false,6,2017-04-01,2017-09-30,0
2017-10-31,90010,2017-03-31,2,,,,,,,,,,,,,,,,,,,,,,,,,,,,,,,,,,,214097937,false,false,6,2016-04-01,2016-09-30,-1
2018-02-02,90010,2018-03-31,3,,,,,424278000000,0.014,51528000000,0.034,48120000000,0.052,,33806000000,,158.08,,,,,,1617656000000,474803000000,0.280,,453057000000,,,,,,,,,,,,true,false,9,2017-04-01,2017-12-31,0
2018-02-02,90010,2017-03-31,3,,,,,418261000000,-0.023,49815000000,0.025,45754000000,0.092,,27282000000,,127.43,,,,,,,,,,,,,,,,,,,,,,true,false,9,2016-04-01,2016-12-31,-1
2018-02-02,90010,2018-03-31,3,,,,,573000000000,0.007,65000000000,-0.049,59000000000,-0.050,,40000000000,,187.50,,,,,,,,,,,,,,,,,,,,,,true,true,12,2017-04-01,2018-03-31,0
2018-02-02,90010,2017-03-31,3,,,,,,,,,,,,,,,,,,,,1597733000000,442772000000,0.264,,421870000000,,,,,,,,,,,,true,false,12,2016-04-01,2017-03-31,-1
2018-02-02,90010,2017-03-31,3,,,,,,,,,,,,,,,,,,,,,,,,,,,,,6.50,,,,215108121,1030829,,false,false,12,2016-04-01,2017-03-31,-1
2018-02-02,90010,2018-03-31,3,,,,,,,,,,,,,,,,,,,,,,,,,,,,,3.50,,,,,,,false,false,12,2017-04-01,2018-03-31,0
2018-02-02,90010,2018-03-31,3,,,,,,,,,,,,,,,,,,,,,,,,,,,,,17.50,,,,,,,false,true,12,2017-04-01,2018-03-31,0
2018-02-02,90010,2018-03-31,3,,,,,,,,,,,,,,,,,,,,,,,,,,,,,,,,,215108121,2442519,213857467,false,false,9,2017-04-01,2017-12-31,0
2018-02-02,90010,2017-03-31,3,,,,,,,,,,,,,,,,,,,,,,,,,,,,,,,,,,,214096149,false,false,9,2016-04-01,2016-12-31,-1
2018-04-27,90010,2018-03-31,,,,,,569519000000,0.001,66645000000,-0.025,62286000000,0.003,,36025000000,,168.87,,0.083,0.039,0.117,,1619264000000,460582000000,0.276,2115.70,446987000000,91967000000,-66951000000,-34111000000,25011000000,,0.207,,,,,,true,false,12,2017-04-01,2018-03-31,0
2018-04-27,90010,2017-03-31,,,,,,568887000000,-0.009,68335000000,0.061,62128000000,0.109,,36137000000,,168.79,,0.089,0.039,0.120,,1597733000000,442772000000,0.264,1970.65,421870000000,87470000000,-55881000000,-29907000000,34118000000,,0.193,,,,,,true,false,12,2016-04-01,2017-03-31,-1
2018-04-27,90010,2019-03-31,,,,,,284300000000,0.005,31700000000,-0.084,29100000000,-0.094,,18200000000,,85.32,,,,,,,,,,,,,,,,,,,,,,true,true,6,2018-04-01,2018-09-30,1
2018-04-27,90010,2019-03-31,,,,,,588300000000,0.033,65300000000,-0.020,60500000000,-0.029,,37500000000,,175.79,,,,,,,,,,,,,,,,0.199,,,,,,true,true,12,2018-04-01,2019-03-31,1
2018-04-27,90010,2018-03-31,,,,,,222356000000,-0.006,50167000000,-0.008,44089000000,0.036,23102000000,,-0.197,108.30,,,,,,1513010000000,364933000000,0.241,1727.32,364933000000,,,,,17.50,,,,212313621,1042198,213326053,false,false,12,2017-04-01,2018-03-31,0
2018-04-27,90010,2017-03-31,,,,,,223761000000,0.005,50597000000,0.069,42546000000,0.101,28771000000,,0.287,134.39,,,,,,1487353000000,355220000000,0.239,1659.31,355220000000,,,,,6.50,,,,215108121,1030829,214092165,false,false,12,2016-04-01,2017-03-31,-1
2018-04-27,90010,2019-03-31,,,,,,233600000000,0.051,50300000000,0.003,44600000000,0.012,27800000000,,0.203,130.32,,,,,,,,,,,,,,,35.00,,,,,,,false,true,12,2018-04-01,2019-03-31,1
2018-07-31,90010,2019-03-31,1,,,,,139510000000,-0.020,17264000000,-0.028,16775000000,-0.020,,9586000000,,45.37,,,,,,1619686000000,470517000000,0.282,,456904000000,,,,,,,,,,,,true,false,3,2018-04-01,2018-06-30,0
2018-07-31,90010,2018-03-31,1,,,,,142401000000,0.023,17753000000,0.081,17116000000,0.079,,11236000000,,52.49,,,,,,,,,,,,,,,,,,,,,,true,false,3,2017-04-01,2017-06-30,-1
2018-07-31,90010,2019-03-31,1,,,,,284300000000,0.005,31700000000,-0.084,29100000000,-0.094,,18200000000,,85.32,,,,,,,,,,,,,,,,,,,,,,true,true,6,2018-04-01,2018-09-30,0
2018-07-31,90010,2019-03-31,1,,,,,588300000000,0.033,65300000000,-0.020,60500000000,-0.029,,37500000000,,175.79,,,,,,,,,,,,,,,,,,,,,,true,true,12,2018-04-01,2019-03-31,0
2018-07-31,90010,2018-03-31,1,,,,,,,,,,,,,,,,,,,,1618274000000,460582000000,0.276,,446987000000,,,,,,,,,,,,true,false,12,2017-04-01,2018-03-31,-1
2018-07-31,90010,2018-03-31,1,,,,,,,,,,,,,,,,,,,,,,,,,,,,,17.50,,,,212313621,1042198,,false,false,12,2017-04-01,2018-03-31,-1
2018-07-31,90010,2019-03-31,1,,,,,,,,,,,,,,,,,,,,,,,,,,,,,35.00,,,,,,,false,true,12,2018-04-01,2019-03-31,0
2018-07-31,90010,2019-03-31,1,,,,,,,,,,,,,,,,,,,,,,,,,,,,,,,,,212313621,1042656,211271163,false,false,3,2018-04-01,2018-06-30,0
2018-07-31,90010,2018-03-31,1,,,,,,,,,,,,,,,,,,,,,,,,,,,,,,,,,,,214075898,false,false,3,2017-04-01,2017-06-30,-1
2018-09-26,90010,2019-03-31,,,,,,278300000000,-0.021,31100000000,-0.019,27600000000,-0.052,,2000000000,,9.47,,,,,,,,,,,,,,,,,,,,,,true,true,6,2018-04-01,2018-09-30,0
2018-09-26,90010,2018-03-31,,,,,,282870000000,,34590000000,,32129000000,,,23766000000,,111.02,,,,,,,,,,,,,,,,,,,,,,true,false,6,2017-04-01,2017-09-30,-1
2018-10-31,90010,2019-03-31,2,,,,,281476000000,-0.005,31719000000,-0.083,29585000000,-0.079,,5102000000,,24.15,,,,,,1617829000000,461401000000,0.278,,450282000000,,,,,,,,,,,,true,false,6,2018-04-01,2018-09-30,0
2018-10-31,90010,2018-03-31,2,,,,,282870000000,0.019,34590000000,0.081,32129000000,0.095,,23766000000,,111.02,,,,,,,,,,,,,,,,,,,,,,true,false,6,2017-04-01,2017-09-30,-1
2018-10-31,90010,2019-03-31,2,,,,,622700000000,0.093,63800000000,-0.043,58600000000,-0.059,,23900000000,,113.12,,,,,,,,,,,,,,,,,,,,,,true,true,12,2018-04-01,2019-03-31,0
2018-10-31,90010,2018-03-31,2,,,,,,,,,,,,,,,,,,,,1618274000000,460582000000,0.276,,446987000000,,,,,,,,,,,,true,false,12,2017-04-01,2018-03-31,-1
2018-10-31,90010,2018-03-31,2,,,,,,,,,,,,,,,,,,,,,,,,,,,,,17.50,,,,212313621,1042198,,false,false,12,2017-04-01,2018-03-31,-1
2018-10-31,90010,2019-03-31,2,,,,,,,,,,,,,,,,,,,,,,,,,,,,,17.50,,,,,,,false,false,12,2018-04-01,2019-03-31,0
2018-10-31,90010,2019-03-31,2,,,,,,,,,,,,,,,,,,,,,,,,,,,,,35.00,,,,,,,false,true,12,2018-04-01,2019-03-31,0
2018-10-31,90010,2019-03-31,2,,,,,,,,,,,,,,,,,,,,,,,,,,,,,,,,,212313621,1043682,211270746,false,false,6,2018-04-01,2018-09-30,0
2018-10-31,90010,2018-03-31,2,,,,,,,,,,,,,,,,,,,,,,,,,,,,,,,,,,,214074181,false,false,6,2017-04-01,2017-09-30,-1
2018-10-31,90010,2019-03-31,,,,,,281476000000,0.011,31719000000,0.020,29585000000,0.072,,5102000000,,24.15,,,,,,,,,,,,,,,,,,,,,,true,true,6,2018-04-01,2018-09-30,0
2018-10-31,90010,2018-03-31,,,,,,282870000000,,34590000000,,32129000000,,,23766000000,,111.02,,,,,,,,,,,,,,,,,,,,,,true,false,6,2017-04-01,2017-09-30,-1
2018-10-31,90010,2019-03-31,,,,,,622700000000,0.058,63800000000,-0.023,58600000000,-0.031,,23900000000,,113.12,,,,,,,,,,,,,,,,,,,,,,true,true,12,2018-04-01,2019-03-31,0
2018-10-31,90010,2018-03-31,,,,,,569519000000,,66645000000,,62286000000,,,36025000000,,168.87,,,,,,,,,,,,,,,,,,,,,,true,false,12,2017-04-01,2018-03-31,-1
2018-10-31,90010,2019-03-31,,,,,,232100000000,-0.006,49300000000,-0.020,43300000000,-0.029,28900000000,,0.040,136.79,,,,,,,,,,,,,,,,,,,,,,false,true,12,2018-04-01,2019-03-31,0
2018-10-31,90010,2018-03-31,,,,,,222356000000,,50167000000,,44089000000,,23102000000,,,108.30,,,,,,,,,,,,,,,,,,,,,,false,false,12,2017-04-01,2018-03-31,-1
2019-02-07,90010,2019-03-31,3,,,,,448301000000,0.057,49764000000,-0.034,46686000000,-0.030,,16082000000,,76.12,,,,,,1621729000000,460427000000,0.278,,450402000000,,,,,,,,,,,,true,false,9,2018-04-01,2018-12-31,0
2019-02-07,90010,2018-03-31,3,,,,,424278000000,0.014,51528000000,0.034,48120000000,0.052,,33806000000,,158.08,,,,,,,,,,,,,,,,,,,,,,true,false,9,2017-04-01,2017-12-31,-1
2019-02-07,90010,2019-03-31,3,,,,,622700000000,0.093,63800000000,-0.043,58600000000,-0.059,,23900000000,,113.13,,,,,,,,,,,,,,,,,,,,,,true,true,12,2018-04-01,2019-03-31,0
2019-02-07,90010,2018-03-31,3,,,,,,,,,,,,,,,,,,,,1618274000000,460582000000,0.276,,446987000000,,,,,,,,,,,,true,false,12,2017-04-01,2018-03-31,-1
2019-02-07,90010,2018-03-31,3,,,,,,,,,,,,,,,,,,,,,,,,,,,,,17.50,,,,212313621,1042198,,false,false,12,2017-04-01,2018-03-31,-1
2019-02-07,90010,2019-03-31,3,,,,,,,,,,,,,,,,,,,,,,,,,,,,,17.50,,,,,,,false,false,12,2018-04-01,2019-03-31,0
2019-02-07,90010,2019-03-31,3,,,,,,,,,,,,,,,,,,,,,,,,,,,,,35.00,,,,,,,false,true,12,2018-04-01,2019-03-31,0
2019-02-07,90010,2019-03-31,3,,,,,,,,,,,,,,,,,,,,,,,,,,,,,,,,,212313621,1044377,211270407,false,false,9,2018-04-01,2018-12-31,0
2019-02-07,90010,2018-03-31,3,,,,,,,,,,,,,,,,,,,,,,,,,,,,,,,,,,,213857467,false,false,9,2017-04-01,2017-12-31,-1
2019-04-26,90010,2019-03-31,,,,,,617543000000,0.084,67295000000,0.010,62972000000,0.011,,28024000000,,132.65,,0.062,0.039,0.109,,1643190000000,469276000000,0.281,2183.82,461359000000,88191000000,-76094000000,-8598000000,28479000000,,0.264,,,,,,true,false,12,2018-04-01,2019-03-31,0
2019-04-26,90010,2018-03-31,,,,,,569519000000,0.001,66645000000,-0.025,62286000000,0.003,,36025000000,,168.87,,0.083,0.039,0.117,,1618274000000,460582000000,0.276,2115.70,446987000000,91967000000,-66951000000,-34111000000,25011000000,,0.207,,,,,,true,false,12,2017-04-01,2018-03-31,-1
2019-04-26,90010,2020-03-31,,,,,,333400000000,0.184,33800000000,0.066,30700000000,0.038,,20300000000,,96.09,,,,,,,,,,,,,,,,,,,,,,true,true,6,2019-04-01,2019-09-30,1
2019-04-26,90010,2020-03-31,,,,,,667300000000,0.081,65000000000,-0.034,59000000000,-0.063,,38000000000,,179.87,,,,,,,,,,,,,,,,0.222,,,,,,true,true,12,2019-04-01,2020-03-31,1
2019-04-26,90010,2019-03-31,,,,,,231907000000,0.043,51547000000,0.027,45684000000,0.036,30850000000,,0.335,146.02,,,,,,1559584000000,383452000000,0.246,1815.05,383452000000,,,,,35.00,,,,212313621,1051082,211268854,false,false,12,2018-04-01,2019-03-31,0
2019-04-26,90010,2018-03-31,,,,,,222356000000,-0.006,50167000000,-0.008,44089000000,0.036,23102000000,,-0.197,108.30,,,,,,1512122000000,364933000000,0.241,1727.32,364933000000,,,,,17.50,,,,212313621,1042198,213326053,false,false,12,2017-04-01,2018-03-31,-1
2019-04-26,90010,2020-03-31,,,,,,237800000000,0.025,50000000000,-0.030,43700000000,-0.043,29300000000,,-0.050,138.69,,,,,,,,,,,,,,,40.00,,,,,,,false,true,12,2019-04-01,2020-03-31,1
2019-07-31,90010,2020-03-31,1,,,,,163067000000,0.169,18512000000,0.072,18019000000,0.074,,11749000000,,55.61,,,,,,1638700000000,473430000000,0.284,,465419000000,,,,,,,,,,,,true,false,3,2019-04-01,2019-06-30,0
2019-07-31,90010,2019-03-31,1,,,,,139510000000,-0.020,17264000000,-0.028,16775000000,-0.020,,9586000000,,45.37,,,,,,,,,,,,,,,,,,,,,,true,false,3,2018-04-01,2018-06-30,-1
2019-07-31,90010,2020-03-31,1,,,,,333400000000,0.184,33800000000,0.066,30700000000,0.038,,20300000000,,96.09,,,,,,,,,,,,,,,,,,,,,,true,true,6,2019-04-01,2019-09-30,0
2019-07-31,90010,2020-03-31,1,,,,,667300000000,0.081,65000000000,-0.034,59000000000,-0.063,,38000000000,,179.87,,,,,,,,,,,,,,,,,,,,,,true,true,12,2019-04-01,2020-03-31,0
2019-07-31,90010,2019-03-31,1,,,,,,,,,,,,,,,,,,,,1643190000000,469276000000,0.281,,461359000000,,,,,,,,,,,,true,false,12,2018-04-01,2019-03-31,-1
2019-07-31,90010,2019-03-31,1,,,,,,,,,,,,,,,,,,,,,,,,,,,,,35.00,,,,212313621,1051082,,false,false,12,2018-04-01,2019-03-31,-1
2019-07-31,90010,2020-03-31,1,,,,,,,,,,,,,,,,,,,,,,,,,,,,,40.00,,,,,,,false,true,12,2019-04-01,2020-03-31,0
2019-07-31,90010,2020-03-31,1,,,,,,,,,,,,,,,,,,,,,,,,,,,,,,,,,212313621,1052787,211261657,false,false,3,2019-04-01,2019-06-30,0
2019-07-31,90010,2019-03-31,1,,,,,,,,,,,,,,,,,,,,,,,,,,,,,,,,,,,211271163,false,false,3,2018-04-01,2018-06-30,-1
2019-10-31,90010,2020-03-31,2,,,,,334963000000,0.190,37173000000,0.172,34867000000,0.179,,22384000000,,105.97,,,,,,1648162000000,485308000000,0.290,,477154000000,,,,,,,,,,,,true,false,6,2019-04-01,2019-09-30,0
2019-10-31,90010,2019-03-31,2,,,,,281476000000,-0.005,31719000000,-0.083,29585000000,-0.079,,5102000000,,24.15,,,,,,,,,,,,,,,,,,,,,,true,false,6,2018-04-01,2018-09-30,-1
2019-10-31,90010,2020-03-31,2,,,,,667900000000,0.082,66600000000,-0.010,60700000000,-0.036,,38300000000,,181.32,,,,,,,,,,,,,,,,,,,,,,true,true,12,2019-04-01,2020-03-31,0
2019-10-31,90010,2019-03-31,2,,,,,,,,,,,,,,,,,,,,1643190000000,469276000000,0.281,,461359000000,,,,,,,,,,,,true,false,12,2018-04-01,2019-03-31,-1
2019-10-31,90010,2019-03-31,2,,,,,,,,,,,,,,,,,,,,,,,,,,,,,35.00,,,,212313621,1051082,,false,false,12,2018-04-01,2019-03-31,-1
2019-10-31,90010,2020-03-31,2,,,,,,,,,,,,,,,,,,,,,,,,,,,,,20.00,,,,,,,false,false,12,2019-04-01,2020-03-31,0
2019-10-31,90010,2020-03-31,2,,,,,,,,,,,,,,,,,,,,,,,,,,,,,40.00,,,,,,,false,true,12,2019-04-01,2020-03-31,0
2019-10-31,90010,2020-03-31,2,,,,,,,,,,,,,,,,,,,,,,,,,,,,,,,,,212313621,1182231,211224275,false,false,6,2019-04-01,2019-09-30,0
2019-10-31,90010,2019-03-31,2,,,,,,,,,,,,,,,,,,,,,,,,,,,,,,,,,,,211270746,false,false,6,2018-04-01,2018-09-30,-1
2020-02-04,90010,2020-03-31,3,,,,,498066000000,0.111,53440000000,0.074,50271000000,0.077,,31570000000,,149.64,,,,,,1658438000000,487230000000,0.289,,478971000000,,,,,,,,,,,,true,false,9,2019-04-01,2019-12-31,0
2020-02-04,90010,2019-03-31,3,,,,,448301000000,0.057,49764000000,-0.034,46686000000,-0.030,,16082000000,,76.12,,,,,,,,,,,,,,,,,,,,,,true,false,9,2018-04-01,2018-12-31,-1
2020-02-04,90010,2020-03-31,3,,,,,667900000000,0.082,66600000000,-0.010,60700000000,-0.036,,38300000000,,181.53,,,,,,,,,,,,,,,,,,,,,,true,true,12,2019-04-01,2020-03-31,0
2020-02-04,90010,2019-03-31,3,,,,,,,,,,,,,,,,,,,,1643190000000,469276000000,0.281,,461359000000,,,,,,,,,,,,true,false,12,2018-04-01,2019-03-31,-1
2020-02-04,90010,2019-03-31,3,,,,,,,,,,,,,,,,,,,,,,,,,,,,,35.00,,,,212313621,1051082,,false,false,12,2018-04-01,2019-03-31,-1
2020-02-04,90010,2020-03-31,3,,,,,,,,,,,,,,,,,,,,,,,,,,,,,20.00,,,,,,,false,false,12,2019-04-01,2020-03-31,0
2020-02-04,90010,2020-03-31,3,,,,,,,,,,,,,,,,,,,,,,,,,,,,,40.00,,,,,,,false,true,12,2019-04-01,2020-03-31,0
2020-02-04,90010,2020-03-31,3,,,,,,,,,,,,,,,,,,,,,,,,,,,,,,,,,212313621,2712322,210978626,false,false,9,2019-04-01,2019-12-31,0
2020-02-04,90010,2019-03-31,3,,,,,,,,,,,,,,,,,,,,,,,,,,,,,,,,,,,211270407,false,false,9,2018-04-01,2018-12-31,-1
2020-04-30,90010,2020-03-31,,,,,,653874000000,0.059,62653000000,-0.069,58414000000,-0.072,,35530000000,,168.84,,0.077,0.035,0.096,,1656092000000,473969000000,0.281,2232.01,465648000000,101136000000,-75621000000,-22577000000,31407000000,,0.237,,,,,,true,false,12,2019-04-01,2020-03-31,0
2020-04-30,90010,2019-03-31,,,,,,617543000000,0.084,67295000000,0.010,62972000000,0.011,,28024000000,,132.65,,0.062,0.039,0.109,,1643190000000,469276000000,0.281,2183.82,461359000000,88191000000,-76094000000,-8598000000,28479000000,,0.264,,,,,,true,false,12,2018-04-01,2019-03-31,-1
2020-04-30,90010,2020-03-31,,,,,,232788000000,0.004,47979000000,-0.069,41980000000,-0.081,27071000000,,-0.122,128.64,,,,,,1560929000000,383618000000,0.246,1838.81,383618000000,,,,,40.00,,,,209815421,1192347,210435180,false,false,12,2019-04-01,2020-03-31,0
2020-04-30,90010,2019-03-31,,,,,,231907000000,0.043,51547000000,0.027,45684000000,0.036,30850000000,,0.335,146.02,,,,,,1559584000000,383452000000,0.246,1815.05,383452000000,,,,,35.00,,,,212313621,1051082,211268854,false,false,12,2018-04-01,2019-03-31,-1
2020-07-30,90010,2021-03-31,1,,,,,102002000000,-0.374,-11956000000,,-12677000000,,,-13292000000,,-63.71,,,,,,1645840000000,458277000000,0.274,,450161000000,,,,,,,,,,,,true,false,3,2020-04-01,2020-06-30,0
2020-07-30,90010,2020-03-31,1,,,,,163067000000,0.169,18512000000,0.072,18019000000,0.074,,11749000000,,55.61,,,,,,,,,,,,,,,,,,,,,,true,false,3,2019-04-01,2019-06-30,-1
2020-07-30,90010,2021-03-31,1,,,,,229800000000,-0.314,-17600000000,,-19900000000,,,-20600000000,,-98.74,,,,,,,,,,,,,,,,,,,,,,true,true,6,2020-04-01,2020-09-30,0
2020-07-30,90010,2021-03-31,1,,,,,535000000000,-0.182,0,-1.000,-1400000000,,,-8200000000,,-39.31,,,,,,,,,,,,,,,,,,,,,,true,true,12,2020-04-01,2021-03-31,0
2020-07-30,90010,2020-03-31,1,,,,,,,,,,,,,,,,,,,,1656092000000,473969000000,0.281,,465648000000,,,,,,,,,,,,true,false,12,2019-04-01,2020-03-31,-1
2020-07-30,90010,2020-03-31,1,,,,,,,,,,,,,,,,,,,,,,,,,,,,,40.00,,,,209815421,1192347,,false,false,12,2019-04-01,2020-03-31,-1
2020-07-30,90010,2021-03-31,1,,,,,,,,,,,,,,,,,,,,,,,,,,,,,10.00,,,,,,,false,true,12,2020-04-01,2021-03-31,0
2020-07-30,90010,2021-03-31,1,,,,,,,,,,,,,,,,,,,,,,,,,,,,,20.00,,,,,,,false,true,12,2020-04-01,2021-03-31,0
2020-07-30,90010,2021-03-31,1,,,,,,,,,,,,,,,,,,,,,,,,,,,,,30.00,,,,,,,false,true,12,2020-04-01,2021-03-31,0
2020-07-30,90010,2021-03-31,1,,,,,,,,,,,,,,,,,,,,,,,,,,,,,,,,,209815421,1193186,208622567,false,false,3,2020-04-01,2020-06-30,0
2020-07-30,90010,2020-03-31,1,,,,,,,,,,,,,,,,,,,,,,,,,,,,,,,,,,,211261657,false,false,3,2019-04-01,2019-06-30,-1
2020-10-30,90010,2021-03-31,2,,,,,229668000000,-0.314,-16618000000,,-16860000000,,,-22437000000,,-107.55,,,,,,1647273000000,447819000000,0.267,,439715000000,,,,,,,,,,,,true,false,6,2020-04-01,2020-09-30,0
2020-10-30,90010,2020-03-31,2,,,,,334963000000,0.190,37173000000,0.172,34867000000,0.179,,22384000000,,105.97,,,,,,,,,,,,,,,,,,,,,,true,false,6,2019-04-01,2019-09-30,-1
2020-10-30,90010,2021-03-31,2,,,,,517600000000,-0.208,-12900000000,,-12000000000,,,-21200000000,,-101.62,,,,,,,,,,,,,,,,,,,,,,true,true,12,2020-04-01,2021-03-31,0
2020-10-30,90010,2020-03-31,2,,,,,,,,,,,,,,,,,,,,1656092000000,473969000000,0.281,,465648000000,,,,,,,,,,,,true,false,12,2019-04-01,2020-03-31,-1
2020-10-30,90010,2020-03-31,2,,,,,,,,,,,,,,,,,,,,,,,,,,,,,40.00,,,,209815421,1192347,,false,false,12,2019-04-01,2020-03-31,-1
2020-10-30,90010,2021-03-31,2,,,,,,,,,,,,,,,,,,,,,,,,,,,,,10.00,,,,,,,false,false,12,2020-04-01,2021-03-31,0
2020-10-30,90010,2021-03-31,2,,,,,,,,,,,,,,,,,,,,,,,,,,,,,20.00,,,,,,,false,true,12,2020-04-01,2021-03-31,0
2020-10-30,90010,2021-03-31,2,,,,,,,,,,,,,,,,,,,,,,,,,,,,,30.00,,,,,,,false,true,12,2020-04-01,2021-03-31,0
2020-10-30,90010,2021-03-31,2,,,,,,,,,,,,,,,,,,,,,,,,,,,,,,,,,209815421,1192158,208622813,false,false,6,2020-04-01,2020-09-30,0
2020-10-30,90010,2020-03-31,2,,,,,,,,,,,,,,,,,,,,,,,,,,,,,,,,,,,211224275,false,false,6,2019-04-01,2019-09-30,-1
2020-10-30,90010,2021-03-31,,,,,,517600000000,-0.033,-12900000000,,-12000000000,,,-21200000000,,-101.62,,,,,,,,,,,,,,,,,,,,,,true,true,12,2020-04-01,2021-03-31,0
2020-10-30,90010,2020-03-31,,,,,,653874000000,,62653000000,,58414000000,,,35530000000,,168.84,,,,,,,,,,,,,,,,,,,,,,true,false,12,2019-04-01,2020-03-31,-1
2020-10-30,90010,2021-03-31,,,,,,171300000000,-0.061,9500000000,-0.463,4800000000,-0.634,-19300000000,,,-92.51,,,,,,,,,,,,,,,,,,,,,,false,true,12,2020-04-01,2021-03-31,0
2020-10-30,90010,2020-03-31,,,,,,232788000000,,47979000000,,41980000000,,27071000000,,,128.64,,,,,,,,,,,,,,,,,,,,,,false,false,12,2019-04-01,2020-03-31,-1
2021-02-02,90010,2021-03-31,3,,,,,362224000000,-0.273,-14767000000,,-13739000000,,,-21938000000,,-105.16,,,,,,1640129000000,448795000000,0.269,,440715000000,,,,,,,,,,,,true,false,9,2020-04-01,2020-12-31,0
2021-02-02,90010,2020-03-31,3,,,,,498066000000,0.111,53440000000,0.074,50271000000,0.077,,31570000000,,149.64,,,,,,,,,,,,,,,,,,,,,,true,false,9,2019-04-01,2019-12-31,-1
2021-02-02,90010,2021-03-31,3,,,,,492200000000,-0.247,-18600000000,,-17100000000,,,-27000000000,,-129.42,,,,,,,,,,,,,,,,,,,,,,true,true,12,2020-04-01,2021-03-31,0
2021-02-02,90010,2020-03-31,3,,,,,,,,,,,,,,,,,,,,1656092000000,473969000000,0.281,,465648000000,,,,,,,,,,,,true,false,12,2019-04-01,2020-03-31,-1
2021-02-02,90010,2020-03-31,3,,,,,,,,,,,,,,,,,,,,,,,,,,,,,40.00,,,,209815421,1192347,,false,false,12,2019-04-01,2020-03-31,-1
2021-02-02,90010,2021-03-31,3,,,,,,,,,,,,,,,,,,,,,,,,,,,,,10.00,,,,,,,false,false,12,2020-04-01,2021-03-31,0
2021-02-02,90010,2021-03-31,3,,,,,,,,,,,,,,,,,,,,,,,,,,,,,20.00,,,,,,,false,true,12,2020-04-01,2021-03-31,0
2021-02-02,90010,2021-03-31,3,,,,,,,,,,,,,,,,,,,,,,,,,,,,,30.00,,,,,,,false,true,12,2020-04-01,2021-03-31,0
2021-02-02,90010,2021-03-31,3,,,,,,,,,,,,,,,,,,,,,,,,,,,,,,,,,209815421,1193093,208622751,false,false,9,2020-04-01,2020-12-31,0
2021-02-02,90010,2020-03-31,3,,,,,,,,,,,,,,,,,,,,,,,,,,,,,,,,,,,210978626,false,false,9,2019-04-01,2019-12-31,-1
2021-02-02,90010,2021-03-31,,,,,,492200000000,-0.049,-18600000000,,-17100000000,,,-27000000000,,-129.42,,,,,,,,,,,,,,,,,,,,,,true,true,12,2020-04-01,2021-03-31,0
2021-02-02,90010,2020-03-31,,,,,,653874000000,,62653000000,,58414000000,,,35530000000,,168.84,,,,,,,,,,,,,,,,,,,,,,true,false,12,2019-04-01,2020-03-31,-1
2021-02-02,90010,2021-03-31,,,,,,166100000000,-0.030,5700000000,-0.400,800000000,-0.833,-21800000000,,,-104.49,,,,,,,,,,,,,,,,,,,,,,false,true,12,2020-04-01,2021-03-31,0
2021-02-02,90010,2020-03-31,,,,,,232788000000,,47979000000,,41980000000,,27071000000,,,128.64,,,,,,,,,,,,,,,,,,,,,,false,false,12,2019-04-01,2020-03-31,-1
2021-04-30,90010,2021-03-31,,,,,,496326000000,-0.241,-13577000000,,-9892000000,,,-24965000000,,-119.67,,-0.055,-0.006,-0.027,,1682497000000,453103000000,0.264,2132.83,444954000000,39504000000,-66283000000,40362000000,44947000000,,,,,,,,true,false,12,2020-04-01,2021-03-31,0
2021-04-30,90010,2020-03-31,,,,,,653874000000,0.059,62653000000,-0.069,58414000000,-0.072,,35530000000,,168.84,,0.077,0.035,0.096,,1656092000000,473969000000,0.281,2232.01,465648000000,101136000000,-75621000000,-22577000000,31407000000,,0.237,,,,,,true,false,12,2019-04-01,2020-03-31,-1
2021-04-30,90010,2022-03-31,,,,,,245600000000,0.069,7500000000,,5400000000,,,-500000000,,-2.40,,,,,,,,,,,,,,,,,,,,,,true,true,6,2021-04-01,2021-09-30,1
2021-04-30,90010,2022-03-31,,,,,,520000000000,0.048,19400000000,,14800000000,,,4900000000,,23.49,,,,,,,,,,,,,,,,0.852,,,,,,true,true,12,2021-04-01,2022-03-31,1
2021-04-30,90010,2021-03-31,,,,,,167696000000,-0.280,7325000000,-0.847,2950000000,-0.930,-21607000000,,,-103.57,,,,,,1571092000000,363007000000,0.231,1740.03,363007000000,,,,,20.00,,,,209815421,1193826,208622534,false,false,12,2020-04-01,2021-03-31,0
2021-04-30,90010,2020-03-31,,,,,,232788000000,0.004,47979000000,-0.069,41980000000,-0.081,27071000000,,-0.122,128.64,,,,,,1560929000000,383618000000,0.246,1838.81,383618000000,,,,,40.00,,,,209815421,1192347,210435180,false,false,12,2019-04-01,2020-03-31,-1
2021-04-30,90010,2022-03-31,,,,,,190500000000,0.136,22200000000,2.030,16800000000,4.694,8200000000,,,39.31,,,,,,,,,,,,,,,20.00,,,,,,,false,true,12,2021-04-01,2022-03-31,1
2021-07-29,90010,2022-03-31,1,,,,,111931000000,0.097,4985000000,,6288000000,,,2782000000,,13.34,,,,,,1658066000000,451727000000,0.268,,443538000000,,,,,,,,,,,,true,false,3,2021-04-01,2021-06-30,0
2021-07-29,90010,2021-03-31,1,,,,,102002000000,-0.374,-11956000000,,-12677000000,,,-13292000000,,-63.71,,,,,,,,,,,,,,,,,,,,,,true,false,3,2020-04-01,2020-06-30,-1
2021-07-29,90010,2022-03-31,1,,,,,245600000000,0.069,7500000000,,5400000000,,,-500000000,,-2.40,,,,,,,,,,,,,,,,,,,,,,true,true,6,2021-04-01,2021-09-30,0
2021-07-29,90010,2022-03-31,1,,,,,520000000000,0.048,19400000000,,14800000000,,,4900000000,,23.49,,,,,,,,,,,,,,,,,,,,,,true,true,12,2021-04-01,2022-03-31,0
2021-07-29,90010,2021-03-31,1,,,,,,,,,,,,,,,,,,,,1682497000000,453103000000,0.264,,444954000000,,,,,,,,,,,,true,false,12,2020-04-01,2021-03-31,-1
2021-07-29,90010,2021-03-31,1,,,,,,,,,,,,,,,,,,,,,,,,,,,,,20.00,,,,209815421,1193826,,false,false,12,2020-04-01,2021-03-31,-1
2021-07-29,90010,2022-03-31,1,,,,,,,,,,,,,,,,,,,,,,,,,,,,,20.00,,,,,,,false,true,12,2021-04-01,2022-03-31,0
2021-07-29,90010,2022-03-31,1,,,,,,,,,,,,,,,,,,,,,,,,,,,,,,,,,209815421,1194136,208621470,false,false,3,2021-04-01,2021-06-30,0
2021-07-29,90010,2021-03-31,1,,,,,,,,,,,,,,,,,,,,,,,,,,,,,,,,,,,208622567,false,false,3,2020-04-01,2020-06-30,-1
2021-10-29,90010,2022-03-31,2,,,,,233831000000,0.018,6678000000,,8620000000,,,1664000000,,7.98,,,,,,1674371000000,453522000000,0.266,,445394000000,,,,,,,,,,,,true,false,6,2021-04-01,2021-09-30,0
2021-10-29,90010,2021-03-31,2,,,,,229668000000,-0.314,-16618000000,,-16860000000,,,-22437000000,,-107.55,,,,,,,,,,,,,,,,,,,,,,true,false,6,2020-04-01,2020-09-30,-1
2021-10-29,90010,2022-03-31,2,,,,,494000000000,-0.005,14200000000,,14800000000,,,4900000000,,23.49,,,,,,,,,,,,,,,,,,,,,,true,true,12,2021-04-01,2022-03-31,0
2021-10-29,90010,2021-03-31,2,,,,,,,,,,,,,,,,,,,,1682497000000,453103000000,0.264,,444954000000,,,,,,,,,,,,true,false,12,2020-04-01,2021-03-31,-1
2021-10-29,90010,2021-03-31,2,,,,,,,,,,,,,,,,,,,,,,,,,,,,,20.00,,,,209815421,1193826,,false,false,12,2020-04-01,2021-03-31,-1
2021-10-29,90010,2022-03-31,2,,,,,,,,,,,,,,,,,,,,,,,,,,,,,10.00,,,,,,,false,false,12,2021-04-01,2022-03-31,0
2021-10-29,90010,2022-03-31,2,,,,,,,,,,,,,,,,,,,,,,,,,,,,,20.00,,,,,,,false,true,12,2021-04-01,2022-03-31,0
2021-10-29,90010,2022-03-31,2,,,,,,,,,,,,,,,,,,,,,,,,,,,,,,,,,209815421,1194020,208621548,false,false,6,2021-04-01,2021-09-30,0
2021-10-29,90010,2021-03-31,2,,,,,,,,,,,,,,,,,,,,,,,,,,,,,,,,,,,208622813,false,false,6,2020-04-01,2020-09-30,-1
2021-10-29,90010,2022-03-31,,,,,,494000000000,-0.050,14200000000,-0.268,14800000000,,,4900000000,,23.49,,,,,,,,,,,,,,,,,,,,,,true,true,12,2021-04-01,2022-03-31,0
2021-10-29,90010,2021-03-31,,,,,,496326000000,,-13577000000,,-9892000000,,,-24965000000,,-119.67,,,,,,,,,,,,,,,,,,,,,,true,false,12,2020-04-01,2021-03-31,-1
2021-10-29,90010,2022-03-31,,,,,,186800000000,-0.019,20200000000,-0.090,15900000000,-0.054,10200000000,,0.244,48.89,,,,,,,,,,,,,,,,,,,,,,false,true,12,2021-04-01,2022-03-31,0
2021-10-29,90010,2021-03-31,,,,,,167696000000,,7325000000,,2950000000,,-21607000000,,,-103.57,,,,,,,,,,,,,,,,,,,,,,false,false,12,2020-04-01,2021-03-31,-1
2022-02-04,90010,2022-03-31,3,,,,,367733000000,0.015,20250000000,,22781000000,,,12162000000,,58.30,,,,,,1678217000000,457093000000,0.268,,450059000000,,,,,,,,,,,,true,false,9,2021-04-01,2021-12-31,0
2022-02-04,90010,2021-03-31,3,,,,,362224000000,-0.273,-14767000000,,-13739000000,,,-21938000000,,-105.16,,,,,,,,,,,,,,,,,,,,,,true,false,9,2020-04-01,2020-12-31,-1
2022-02-04,90010,2022-03-31,3,,,,,503200000000,0.014,20000000000,,21500000000,,,9200000000,,44.10,,,,,,,,,,,,,,,,,,,,,,true,true,12,2021-04-01,2022-03-31,0
2022-02-04,90010,2021-03-31,3,,,,,,,,,,,,,,,,,,,,1682497000000,453103000000,0.264,,444954000000,,,,,,,,,,,,true,false,12,2020-04-01,2021-03-31,-1
2022-02-04,90010,2021-03-31,3,,,,,,,,,,,,,,,,,,,,,,,,,,,,,20.00,,,,209815421,1193826,,false,false,12,2020-04-01,2021-03-31,-1
2022-02-04,90010,2022-03-31,3,,,,,,,,,,,,,,,,,,,,,,,,,,,,,10.00,,,,,,,false,false,12,2021-04-01,2022-03-31,0
2022-02-04,90010,2022-03-31,3,,,,,,,,,,,,,,,,,,,,,,,,,,,,,20.00,,,,,,,false,true,12,2021-04-01,2022-03-31,0
2022-02-04,90010,2022-03-31,3,,,,,,,,,,,,,,,,,,,,,,,,,,,,,,,,,209815421,1194775,208621363,false,false,9,2021-04-01,2021-12-31,0
2022-02-04,90010,2021-03-31,3,,,,,,,,,,,,,,,,,,,,,,,,,,,,,,,,,,,208622751,false,false,9,2020-04-01,2020-12-31,-1
2022-02-04,90010,2022-03-31,,,,,,503200000000,0.019,20000000000,0.408,21500000000,0.453,,9200000000,,44.10,,,,,,,,,,,,,,,,,,,,,,true,true,12,2021-04-01,2022-03-31,0
2022-02-04,90010,2021-03-31,,,,,,496326000000,,-13577000000,,-9892000000,,,-24965000000,,-119.67,,,,,,,,,,,,,,,,,,,,,,true,false,12,2020-04-01,2021-03-31,-1
2022-02-04,90010,2022-03-31,,,,,,188300000000,0.008,21900000000,0.084,17900000000,0.126,14200000000,,0.392,68.07,,,,,,,,,,,,,,,,,,,,,,false,true,12,2021-04-01,2022-03-31,0
2022-02-04,90010,2021-03-31,,,,,,167696000000,,7325000000,,2950000000,,-21607000000,,,-103.57,,,,,,,,,,,,,,,,,,,,,,false,false,12,2020-04-01,2021-03-31,-1
2022-04-28,90010,2022-03-31,,,,,,506023000000,0.020,24732000000,,27406000000,,,13453000000,,64.49,,0.030,0.016,0.049,,1689855000000,459219000000,0.268,2169.34,452567000000,66851000000,-30964000000,-35005000000,45885000000,,0.310,,,,,,true,false,12,2021-04-01,2022-03-31,0
2022-04-28,90010,2021-03-31,,,,,,496326000000,-0.241,-13577000000,,-9892000000,,,-24965000000,,-119.67,,-0.055,-0.006,-0.027,,1682497000000,453103000000,0.264,2132.83,444954000000,39504000000,-66283000000,40362000000,44947000000,,,,,,,,true,false,12,2020-04-01,2021-03-31,-1
2022-04-28,90010,2023-03-31,,,,,,261700000000,0.119,13400000000,1.006,11500000000,0.334,,5300000000,,25.40,,,,,,,,,,,,,,,,,,,,,,true,true,6,2022-04-01,2022-09-30,1
2022-04-28,90010,2023-03-31,,,,,,558000000000,0.103,33000000000,0.334,29000000000,0.058,,18000000000,,86.28,,,,,,,,,,,,,,,,0.290,,,,,,true,true,12,2022-04-01,2023-03-31,1
2022-04-28,90010,2022-03-31,,,,,,188851000000,0.126,23355000000,2.188,19701000000,5.677,16044000000,,,76.91,,,,,,1577048000000,373696000000,0.237,1791.28,373696000000,,,,,20.00,,,,209815421,1195625,208621062,false,false,12,2021-04-01,2022-03-31,0
2022-04-28,90010,2021-03-31,,,,,,167696000000,-0.280,7325000000,-0.847,2950000000,-0.930,-21607000000,,,-103.57,,,,,,1571092000000,363007000000,0.231,1740.03,363007000000,,,,,20.00,,,,209815421,1193826,208622534,false,false,12,2020-04-01,2021-03-31,-1
2022-04-28,90010,2023-03-31,,,,,,202800000000,0.074,26900000000,0.152,22000000000,0.117,18300000000,,0.141,87.72,,,,,,,,,,,,,,,25.00,,,,,,,false,true,12,2022-04-01,2023-03-31,1
2022-08-03,90010,2023-03-31,1,,,,,139026000000,0.242,14328000000,1.874,14364000000,1.284,,9008000000,,43.18,,,,,,1690343000000,468110000000,0.273,,461497000000,,,,,,,,,,,,true,false,3,2022-04-01,2022-06-30,0
2022-08-03,90010,2022-03-31,1,,,,,111931000000,0.097,4985000000,,6288000000,,,2782000000,,13.34,,,,,,,,,,,,,,,,,,,,,,true,false,3,2021-04-01,2021-06-30,-1
2022-08-03,90010,2023-03-31,1,,,,,261700000000,0.119,13400000000,1.006,11500000000,0.334,,5300000000,,25.40,,,,,,,,,,,,,,,,,,,,,,true,true,6,2022-04-01,2022-09-30,0
2022-08-03,90010,2023-03-31,1,,,,,558000000000,0.103,33000000000,0.334,29000000000,0.058,,18000000000,,86.28,,,,,,,,,,,,,,,,,,,,,,true,true,12,2022-04-01,2023-03-31,0
2022-08-03,90010,2022-03-31,1,,,,,,,,,,,,,,,,,,,,1689855000000,459219000000,0.268,,452567000000,,,,,,,,,,,,true,false,12,2021-04-01,2022-03-31,-1
2022-08-03,90010,2022-03-31,1,,,,,,,,,,,,,,,,,,,,,,,,,,,,,20.00,,,,209815421,1195625,,false,false,12,2021-04-01,2022-03-31,-1
2022-08-03,90010,2023-03-31,1,,,,,,,,,,,,,,,,,,,,,,,,,,,,,25.00,,,,,,,false,true,12,2022-04-01,2023-03-31,0
2022-08-03,90010,2023-03-31,1,,,,,,,,,,,,,,,,,,,,,,,,,,,,,,,5.00,,209815421,1196637,208619315,false,false,3,2022-04-01,2022-06-30,0
2022-08-03,90010,2022-03-31,1,,,,,,,,,,,,,,,,,,,,,,,,,,,,,,,,,,,208621470,false,false,3,2021-04-01,2021-06-30,-1
2022-11-02,90010,2023-03-31,2,,,,,285422000000,0.221,24097000000,2.608,23151000000,1.686,,13030000000,,62.46,,,,,,1699286000000,472091000000,0.274,,466228000000,,,,,,,,,,,,true,false,6,2022-04-01,2022-09-30,0
2022-11-02,90010,2022-03-31,2,,,,,233831000000,0.018,6678000000,,8620000000,,,1664000000,,7.98,,,,,,,,,,,,,,,,,,,,,,true,false,6,2021-04-01,2021-09-30,-1
2022-11-02,90010,2023-03-31,2,,,,,592000000000,0.170,41000000000,0.658,38000000000,0.387,,23300000000,,111.68,,,,,,,,,,,,,,,,,,,,,,true,true,12,2022-04-01,2023-03-31,0
2022-11-02,90010,2022-03-31,2,,,,,,,,,,,,,,,,,,,,1689855000000,459219000000,0.268,,452567000000,,,,,,,,,,,,true,false,12,2021-04-01,2022-03-31,-1
2022-11-02,90010,2022-03-31,2,,,,,,,,,,,,,,,,,,,,,,,,,,,,,20.00,,,,209815421,1195625,,false,false,12,2021-04-01,2022-03-31,-1
2022-11-02,90010,2023-03-31,2,,,,,,,,,,,,,,,,,,,,,,,,,,,,,15.00,,,,,,,false,false,12,2022-04-01,2023-03-31,0
2022-11-02,90010,2023-03-31,2,,,,,,,,,,,,,,,,,,,,,,,,,,,,,25.00,,,,,,,false,true,12,2022-04-01,2023-03-31,0
2022-11-02,90010,2023-03-31,2,,,,,,,,,,,,,,,,,,,,,,,,,,,,,,,5.00,,209815421,1180136,208624551,false,false,6,2022-04-01,2022-09-30,0
2022-11-02,90010,2022-03-31,2,,,,,,,,,,,,,,,,,,,,,,,,,,,,,,,,,,,208621548,false,false,6,2021-04-01,2021-09-30,-1
2022-11-02,90010,2023-03-31,,,,,,592000000000,0.061,41000000000,0.242,38000000000,0.310,,23300000000,,111.68,,,,,,,,,,,,,,,,,,,,,,true,true,12,2022-04-01,2023-03-31,0
2022-11-02,90010,2022-03-31,,,,,,506023000000,,24732000000,,27406000000,,,13453000000,,64.49,,,,,,,,,,,,,,,,,,,,,,true,false,12,2021-04-01,2022-03-31,-1
2022-11-02,90010,2023-03-31,,,,,,200000000000,-0.014,22700000000,-0.156,18200000000,-0.173,14800000000,,-0.191,70.94,,,,,,,,,,,,,,,,,,,,,,false,true,12,2022-04-01,2023-03-31,0
2022-11-02,90010,2022-03-31,,,,,,188851000000,,23355000000,,19701000000,,16044000000,,,76.91,,,,,,,,,,,,,,,,,,,,,,false,false,12,2021-04-01,2022-03-31,-1
2023-02-08,90010,2023-03-31,3,,,,,447336000000,0.216,45461000000,1.245,44230000000,0.942,,28273000000,,135.52,,,,,,1694431000000,487137000000,0.284,,481193000000,,,,,,,,,,,,true,false,9,2022-04-01,2022-12-31,0
2023-02-08,90010,2022-03-31,3,,,,,367733000000,0.015,20250000000,,22781000000,,,12162000000,,58.30,,,,,,,,,,,,,,,,,,,,,,true,false,9,2021-04-01,2021-12-31,-1
2023-02-08,90010,2023-03-31,3,,,,,592000000000,0.170,41000000000,0.658,38000000000,0.387,,23300000000,,111.68,,,,,,,,,,,,,,,,,,,,,,true,true,12,2022-04-01,2023-03-31,0
2023-02-08,90010,2022-03-31,3,,,,,,,,,,,,,,,,,,,,1689855000000,459219000000,0.268,,452567000000,,,,,,,,,,,,true,false,12,2021-04-01,2022-03-31,-1
2023-02-08,90010,2022-03-31,3,,,,,,,,,,,,,,,,,,,,,,,,,,,,,20.00,,,,209815421,1195625,,false,false,12,2021-04-01,2022-03-31,-1
2023-02-08,90010,2023-03-31,3,,,,,,,,,,,,,,,,,,,,,,,,,,,,,15.00,,,,,,,false,false,12,2022-04-01,2023-03-31,0
2023-02-08,90010,2023-03-31,3,,,,,,,,,,,,,,,,,,,,,,,,,,,,,25.00,,,,,,,false,true,12,2022-04-01,2023-03-31,0
2023-02-08,90010,2023-03-31,3,,,,,,,,,,,,,,,,,,,,,,,,,,,,,,,5.00,,209815421,1180794,208627650,false,false,9,2022-04-01,2022-12-31,0
2023-02-08,90010,2022-03-31,3,,,,,,,,,,,,,,,,,,,,,,,,,,,,,,,,,,,208621363,false,false,9,2021-04-01,2021-12-31,-1
,90010,2023-03-31,,,,,,,,,,,,,,,,,,,,,,,,,,,,,,30.00,,,,,,,false,true,12,2022-04-01,2023-03-31,0
,90010,2023-03-31,,,,,,,,,,,,,,,,,,,,,,,,,,,,,,15.00,,,,,,,false,false,12,2022-04-01,2023-03-31,0
,90010,2022-03-31,,,,,,,,,,,,,,,,,,,,,,,,,,,,,,20.00,,,,,,,false,false,12,2021-04-01,2022-03-31,-1
2023-02-24,90010,2023-03-31,,,,,,607000000000,0.025,50000000000,0.220,47500000000,0.250,,25000000000,,119.92,,,,,,,,,,,,,,,,,,,,,,true,true,12,2022-04-01,2023-03-31,0
2023-02-24,90010,2022-03-31,,,,,,506023000000,,24732000000,,27406000000,,,13453000000,,64.49,,,,,,,,,,,,,,,,,,,,,,true,false,12,2021-04-01,2022-03-31,-1
2023-02-24,90010,2023-03-31,,,,,,202000000000,0.010,26400000000,0.163,22000000000,0.209,16000000000,,0.081,76.75,,,,,,,,,,,,,,,,,,,,,,false,true,12,2022-04-01,2023-03-31,0
2023-02-24,90010,2022-03-31,,,,,,188851000000,,23355000000,,19701000000,,16044000000,,,76.91,,,,,,,,,,,,,,,,,,,,,,false,false,12,2021-04-01,2022-03-31,-1
2023-04-28,90010,2023-03-31,,,,,,614751000000,0.215,56688000000,1.292,54815000000,1.000,,29179000000,,140.06,,0.063,0.032,0.092,,1738195000000,480575000000,0.273,2296.65,474754000000,101115000000,-52711000000,-25285000000,69074000000,,0.214,,,,,,true,false,12,2022-04-01,2023-03-31,0
2023-04-28,90010,2022-03-31,,,,,,506023000000,0.020,24732000000,,27406000000,,,13453000000,,64.49,,0.030,0.016,0.049,,1689855000000,459219000000,0.268,2169.34,452567000000,66851000000,-30964000000,-35005000000,45885000000,,0.310,,,,,,true,false,12,2021-04-01,2022-03-31,-1
2023-04-28,90010,2024-03-31,,,,,,297000000000,0.041,25000000000,0.037,23000000000,-0.007,,15500000000,,74.40,,,,,,,,,,,,,,,,,,,,,,true,true,6,2023-04-01,2023-09-30,1
2023-04-28,90010,2024-03-31,,,,,,605500000000,-0.015,46500000000,-0.180,42500000000,-0.225,,28500000000,,136.80,,,,,,,,,,,,,,,,0.219,,,,,,true,true,12,2023-04-01,2024-03-31,1
2023-04-28,90010,2023-03-31,,,,,,204585000000,0.083,28653000000,0.227,24562000000,0.247,16407000000,,0.023,78.76,,,,,,1601122000000,383645000000,0.240,1855.90,383645000000,,,,,30.00,,,,209815421,3099118,208334168,false,false,12,2022-04-01,2023-03-31,0
2023-04-28,90010,2022-03-31,,,,,,188851000000,0.126,23355000000,2.188,19701000000,5.677,16044000000,,,76.91,,,,,,1577048000000,373696000000,0.237,1791.28,373696000000,,,,,20.00,,,,209815421,1195625,208621062,false,false,12,2021-04-01,2022-03-31,-1
2023-04-28,90010,2024-03-31,,,,,,,,,,,,,,,,,,,,,,,,,,,,,,30.00,,,,,,,false,true,12,2023-04-01,2024-03-31,1
2023-08-02,90010,2024-03-31,1,,,,,157375000000,0.132,23658000000,0.651,23595000000,0.643,,16289000000,,78.80,,,,,,1697332000000,501187000000,0.292,,495320000000,,,,,,,,,,,,true,false,3,2023-04-01,2023-06-30,0
2023-08-02,90010,2023-03-31,1,,,,,139026000000,0.242,14328000000,1.874,14364000000,1.284,,9008000000,,43.18,,,,,,,,,,,,,,,,,,,,,,true,false,3,2022-04-01,2022-06-30,-1
2023-08-02,90010,2024-03-31,1,,,,,297000000000,0.041,25000000000,0.037,23000000000,-0.007,,15500000000,,74.40,,,,,,,,,,,,,,,,,,,,,,true,true,6,2023-04-01,2023-09-30,0
2023-08-02,90010,2024-03-31,1,,,,,605500000000,-0.015,46500000000,-0.180,42500000000,-0.225,,28500000000,,136.80,,,,,,,,,,,,,,,,,,,,,,true,true,12,2023-04-01,2024-03-31,0
2023-08-02,90010,2023-03-31,1,,,,,,,,,,,,,,,,,,,,1738195000000,480575000000,0.273,,474754000000,,,,,,,,,,,,true,false,12,2022-04-01,2023-03-31,-1
2023-08-02,90010,2023-03-31,1,,,,,,,,,,,,,,,,,,,,,,,,,,,,,30.00,,,,209815421,3099118,,false,false,12,2022-04-01,2023-03-31,-1
2023-08-02,90010,2024-03-31,1,,,,,,,,,,,,,,,,,,,,,,,,,,,,,30.00,,,,,,,false,true,12,2023-04-01,2024-03-31,0
2023-08-02,90010,2024-03-31,1,,,,,,,,,,,,,,,,,,,,,,,,,,,,,,,,,209815421,3100096,206715754,false,false,3,2023-04-01,2023-06-30,0
2023-08-02,90010,2023-03-31,1,,,,,,,,,,,,,,,,,,,,,,,,,,,,,,,,,,,208619315,false,false,3,2022-04-01,2022-06-30,-1
2023-11-02,90010,2024-03-31,2,,,,,308582000000,0.081,39087000000,0.622,38200000000,0.650,,26375000000,,127.59,,,,,,1722616000000,514155000000,0.295,,508221000000,,,,,,,,,,,,true,false,6,2023-04-01,2023-09-30,0
2023-11-02,90010,2023-03-31,2,,,,,285422000000,0.221,24097000000,2.608,23151000000,1.686,,13030000000,,62.46,,,,,,,,,,,,,,,,,,,,,,true,false,6,2022-04-01,2022-09-30,-1
2023-11-02,90010,2024-03-31,2,,,,,626000000000,0.018,65000000000,0.147,62000000000,0.131,,41000000000,,198.34,,,,,,,,,,,,,,,,,,,,,,true,true,12,2023-04-01,2024-03-31,0
2023-11-02,90010,2023-03-31,2,,,,,,,,,,,,,,,,,,,,1738195000000,480575000000,0.273,,474754000000,,,,,,,,,,,,true,false,12,2022-04-01,2023-03-31,-1
2023-11-02,90010,2023-03-31,2,,,,,,,,,,,,,,,,,,,,,,,,,,,,,30.00,,,,209815421,3099118,,false,false,12,2022-04-01,2023-03-31,-1
2023-11-02,90010,2024-03-31,2,,,,,,,,,,,,,,,,,,,,,,,,,,,,,25.00,,,,,,,false,false,12,2023-04-01,2024-03-31,0
2023-11-02,90010,2024-03-31,2,,,,,,,,,,,,,,,,,,,,,,,,,,,,,45.00,,,,,,,false,true,12,2023-04-01,2024-03-31,0
2023-11-02,90010,2024-03-31,2,,,,,,,,,,,,,,,,,,,,,,,,,,,,,,,5.00,,209815421,3096082,206717982,false,false,6,2023-04-01,2023-09-30,0
2023-11-02,90010,2023-03-31,2,,,,,,,,,,,,,,,,,,,,,,,,,,,,,,,,,,,208624551,false,false,6,2022-04-01,2022-09-30,-1
2024-02-07,90010,2024-03-31,3,,,,,466718000000,0.043,61406000000,0.351,60335000000,0.364,,40914000000,,197.92,,,,,,1723847000000,522934000000,0.300,,516948000000,,,,,,,,,,,,true,false,9,2023-04-01,2023-12-31,0
2024-02-07,90010,2023-03-31,3,,,,,447336000000,0.216,45461000000,1.245,44230000000,0.942,,28273000000,,135.52,,,,,,,,,,,,,,,,,,,,,,true,false,9,2022-04-01,2022-12-31,-1
2024-02-07,90010,2024-03-31,3,,,,,632000000000,0.028,70000000000,0.235,67500000000,0.231,,45000000000,,217.69,,,,,,,,,,,,,,,,,,,,,,true,true,12,2023-04-01,2024-03-31,0
2024-02-07,90010,2023-03-31,3,,,,,,,,,,,,,,,,,,,,1738195000000,480575000000,0.273,,474754000000,,,,,,,,,,,,true,false,12,2022-04-01,2023-03-31,-1
2024-02-07,90010,2023-03-31,3,,,,,,,,,,,,,,,,,,,,,,,,,,,,,30.00,,,,209815421,3099118,,false,false,12,2022-04-01,2023-03-31,-1
2024-02-07,90010,2024-03-31,3,,,,,,,,,,,,,,,,,,,,,,,,,,,,,25.00,,,,,,,false,false,12,2023-04-01,2024-03-31,0
2024-02-07,90010,2024-03-31,3,,,,,,,,,,,,,,,,,,,,,,,,,,,,,45.00,,,,,,,false,true,12,2023-04-01,2024-03-31,0
2024-02-07,90010,2024-03-31,3,,,,,,,,,,,,,,,,,,,,,,,,,,,,,,,,,209815421,3099311,206717649,false,false,9,2023-04-01,2023-12-31,0
2024-02-07,90010,2023-03-31,3,,,,,,,,,,,,,,,,,,,,,,,,,,,,,,,,,,,208627650,false,false,9,2022-04-01,2022-12-31,-1
2024-04-30,90010,2024-03-31,,,,,,635964000000,0.035,73883000000,0.303,72033000000,0.314,,48164000000,,232.99,,0.095,0.042,0.116,,1704063000000,541713000000,0.314,2591.47,535693000000,91690000000,-61625000000,-67918000000,31258000000,,0.236,,,,,,true,false,12,2023-04-01,2024-03-31,0
2024-04-30,90010,2023-03-31,,,,,,614751000000,0.215,56688000000,1.292,54815000000,1.000,,29179000000,,140.06,,0.063,0.032,0.092,,1738195000000,480575000000,0.273,2296.65,474754000000,101115000000,-52711000000,-25285000000,69074000000,,0.214,,,,,,true,false,12,2022-04-01,2023-03-31,-1
2024-04-30,90010,2025-03-31,,,,,,639000000000,0.005,62000000000,-0.161,58000000000,-0.195,,43000000000,,208.01,,,,,,,,,,,,,,,,0.240,,,,,,true,true,12,2024-04-01,2025-03-31,1
2024-04-30,90010,2024-03-31,,,,,,227462000000,0.112,42867000000,0.496,39571000000,0.611,29036000000,,0.770,140.47,,,,,,1587714000000,422565000000,0.266,2044.20,422565000000,,,,,55.00,,,,209815421,3101161,206716978,false,false,12,2023-04-01,2024-03-31,0
2024-04-30,90010,2023-03-31,,,,,,204585000000,0.083,28653000000,0.227,24562000000,0.247,16407000000,,0.023,78.76,,,,,,1601122000000,383645000000,0.240,1855.90,383645000000,,,,,30.00,,,,209815421,3099118,208334168,false,false,12,2022-04-01,2023-03-31,-1
2024-04-30,90010,2025-03-31,,,,,,,,,,,,,,,,,,,,,,,,,,,,,,50.00,,,,,,,false,true,12,2024-04-01,2025-03-31,1
2024-08-05,90010,2025-03-31,1,,,,,149914000000,-0.047,21396000000,-0.096,21600000000,-0.085,,14891000000,,72.04,,,,,,1690664000000,552780000000,0.323,,546774000000,,,,,,,,,,,,true,false,3,2024-04-01,2024-06-30,0
2024-08-05,90010,2024-03-31,1,,,,,157375000000,0.132,23658000000,0.651,23595000000,0.643,,16289000000,,78.80,,,,,,,,,,,,,,,,,,,,,,true,false,3,2023-04-01,2023-06-30,-1
2024-08-05,90010,2025-03-31,1,,,,,639000000000,0.005,62000000000,-0.161,58000000000,-0.195,,43000000000,,208.01,,,,,,,,,,,,,,,,,,,,,,true,true,12,2024-04-01,2025-03-31,0
2024-08-05,90010,2024-03-31,1,,,,,,,,,,,,,,,,,,,,1704063000000,541713000000,0.314,,535693000000,,,,,,,,,,,,true,false,12,2023-04-01,2024-03-31,-1
2024-08-05,90010,2024-03-31,1,,,,,,,,,,,,,,,,,,,,,,,,,,,,,55.00,,,,209815421,3101161,,false,false,12,2023-04-01,2024-03-31,-1
2024-08-05,90010,2025-03-31,1,,,,,,,,,,,,,,,,,,,,,,,,,,,,,50.00,,,,,,,false,true,12,2024-04-01,2025-03-31,0
2024-08-05,90010,2025-03-31,1,,,,,,,,,,,,,,,,,,,,,,,,,,,,,,,,,209815421,3096952,206715258,false,false,3,2024-04-01,2024-06-30,0
2024-08-05,90010,2024-03-31,1,,,,,,,,,,,,,,,,,,,,,,,,,,,,,,,,,,,206715754,false,false,3,2023-04-01,2023-06-30,-1
2024-11-06,90010,2025-03-31,2,,,,,301996000000,-0.021,38478000000,-0.016,37374000000,-0.022,,25339000000,,123.18,,,,,,1700399000000,540521000000,0.314,,534423000000,,,,,,,,,,,,true,false,6,2024-04-01,2024-09-30,0
2024-11-06,90010,2024-03-31,2,,,,,308582000000,0.081,39087000000,0.622,38200000000,0.650,,26375000000,,127.59,,,,,,,,,,,,,,,,,,,,,,true,false,6,2023-04-01,2023-09-30,-1
2024-11-06,90010,2025-03-31,2,,,,,639000000000,0.005,68000000000,-0.080,65000000000,-0.098,,48500000000,,235.78,,,,,,,,,,,,,,,,,,,,,,true,true,12,2024-04-01,2025-03-31,0
2024-11-06,90010,2024-03-31,2,,,,,,,,,,,,,,,,,,,,1704063000000,541713000000,0.314,,535693000000,,,,,,,,,,,,true,false,12,2023-04-01,2024-03-31,-1
2024-11-06,90010,2024-03-31,2,,,,,,,,,,,,,,,,,,,,,,,,,,,,,55.00,,,,209815421,3101161,,false,false,12,2023-04-01,2024-03-31,-1
2024-11-06,90010,2025-03-31,2,,,,,,,,,,,,,,,,,,,,,,,,,,,,,27.50,,,,,,,false,false,12,2024-04-01,2025-03-31,0
2024-11-06,90010,2025-03-31,2,,,,,,,,,,,,,,,,,,,,,,,,,,,,,55.00,,,,,,,false,true,12,2024-04-01,2025-03-31,0
2024-11-06,90010,2025-03-31,2,,,,,,,,,,,,,,,,,,,,,,,,,,,,,,,,,201215421,1593576,205703791,false,false,6,2024-04-01,2024-09-30,0
2024-11-06,90010,2024-03-31,2,,,,,,,,,,,,,,,,,,,,,,,,,,,,,,,,,,,206717982,false,false,6,2023-04-01,2023-09-30,-1
2025-02-05,90010,2025-03-31,3,,,,,458477000000,-0.018,60589000000,-0.013,58945000000,-0.023,,41832000000,,205.18,,,,,,1756690000000,556436000000,0.313,,550267000000,,,,,,,,,,,,true,false,9,2024-04-01,2024-12-31,0
2025-02-05,90010,2024-03-31,3,,,,,466718000000,0.043,61406000000,0.351,60335000000,0.364,,40914000000,,197.92,,,,,,,,,,,,,,,,,,,,,,true,false,9,2023-04-01,2023-12-31,-1
2025-02-05,90010,2025-03-31,3,,,,,639000000000,0.005,68000000000,-0.080,65000000000,-0.098,,48500000000,,237.89,,,,,,,,,,,,,,,,,,,,,,true,true,12,2024-04-01,2025-03-31,0
2025-02-05,90010,2024-03-31,3,,,,,,,,,,,,,,,,,,,,1704063000000,541713000000,0.314,,535693000000,,,,,,,,,,,,true,false,12,2023-04-01,2024-03-31,-1
2025-02-05,90010,2024-03-31,3,,,,,,,,,,,,,,,,,,,,,,,,,,,,,55.00,,,,209815421,3101161,,false,false,12,2023-04-01,2024-03-31,-1
2025-02-05,90010,2025-03-31,3,,,,,,,,,,,,,,,,,,,,,,,,,,,,,27.50,,,,,,,false,false,12,2024-04-01,2025-03-31,0
2025-02-05,90010,2025-03-31,3,,,,,,,,,,,,,,,,,,,,,,,,,,,,,55.00,,,,,,,false,true,12,2024-04-01,2025-03-31,0
2025-02-05,90010,2025-03-31,3,,,,,,,,,,,,,,,,,,,,,,,,,,,,,,,,,201215421,1592465,203879145,false,false,9,2024-04-01,2024-12-31,0
2025-02-05,90010,2024-03-31,3,,,,,,,,,,,,,,,,,,,,,,,,,,,,,,,,,,,206717649,false,false,9,2023-04-01,2023-12-31,-1
2025-04-30,90010,2025-03-31,,,,,,631461000000,-0.007,74604000000,0.010,72716000000,0.009,,51330000000,,252.99,,0.094,0.042,0.118,,1753200000000,560753000000,0.316,2777.78,554507000000,90072000000,-86778000000,321000000,34936000000,,0.237,,,,,,true,false,12,2024-04-01,2025-03-31,0
2025-04-30,90010,2024-03-31,,,,,,635964000000,0.035,73883000000,0.303,72033000000,0.314,,48164000000,,232.99,,0.095,0.042,0.116,,1704063000000,541713000000,0.314,2591.47,535693000000,91690000000,-61625000000,-67918000000,31258000000,,0.236,,,,,,true,false,12,2023-04-01,2024-03-31,-1
2025-04-30,90010,2026-03-31,,,,,,640000000000,0.014,68000000000,-0.089,62000000000,-0.147,,50000000000,,246.43,,,,,,,,,,,,,,,,0.264,,,,,,true,true,12,2025-04-01,2026-03-31,1
2025-04-30,90010,2025-03-31,,,,,,235560000000,0.036,43970000000,0.026,39708000000,0.003,31783000000,,0.095,156.65,,,,,,1640769000000,421833000000,0.257,2113.16,421833000000,,,,,60.00,,,,201215421,1593212,202896830,false,false,12,2024-04-01,2025-03-31,0
2025-04-30,90010,2024-03-31,,,,,,227462000000,0.112,42867000000,0.496,39571000000,0.611,29036000000,,0.770,140.47,,,,,,1587714000000,422565000000,0.266,2044.20,422565000000,,,,,55.00,,,,209815421,3101161,206716978,false,false,12,2023-04-01,2024-03-31,-1
2025-04-30,90010,2026-03-31,,,,,,,,,,,,,,,,,,,,,,,,,,,,,,65.00,,,,,,,false,true,12,2025-04-01,2026-03-31,1
2025-08-05,90010,2026-03-31,1,,,,,148613000000,-0.009,19003000000,-0.112,18916000000,-0.124,,13989000000,,70.40,,,,,,1747083000000,565564000000,0.320,,559302000000,,,,,,,,,,,,true,false,3,2025-04-01,2025-06-30,0
2025-08-05,90010,2025-03-31,1,,,,,149914000000,-0.047,21396000000,-0.096,21600000000,-0.085,,14891000000,,72.04,,,,,,,,,,,,,,,,,,,,,,true,false,3,2024-04-01,2024-06-30,-1
2025-08-05,90010,2026-03-31,1,,,,,640000000000,0.014,68000000000,-0.089,62000000000,-0.147,,50000000000,,251.63,,,,,,,,,,,,,,,,,,,,,,true,true,12,2025-04-01,2026-03-31,0
2025-08-05,90010,2025-03-31,1,,,,,,,,,,,,,,,,,,,,1753200000000,560753000000,0.316,,554507000000,,,,,,,,,,,,true,false,12,2024-04-01,2025-03-31,-1
2025-08-05,90010,2025-03-31,1,,,,,,,,,,,,,,,,,,,,,,,,,,,,,60.00,,,,201215421,1593212,,false,false,12,2024-04-01,2025-03-31,-1
2025-08-05,90010,2026-03-31,1,,,,,,,,,,,,,,,,,,,,,,,,,,,,,65.00,,,,,,,false,true,12,2025-04-01,2026-03-31,0
2025-08-05,90010,2026-03-31,1,,,,,,,,,,,,,,,,,,,,,,,,,,,,,,,,,201215421,4123359,198705111,false,false,3,2025-04-01,2025-06-30,0
2025-08-05,90010,2025-03-31,1,,,,,,,,,,,,,,,,,,,,,,,,,,,,,,,,,,,206715258,false,false,3,2024-04-01,2024-06-30,-1
