filing_date,code,fiscal_year_end,quarterly_period,net_sales,net_sales_change,revenue,revenue_change,operating_revenue,operating_revenue_change,operating_profit,operating_profit_change,ordinary_profit,ordinary_profit_change,net_income,net_income_of_parent,net_income_change,eps,diluted_eps,roe,roa,operating_profit_to_net_sales,operating_profit_to_revenue,total_assets,net_assets,equity_ratio,bps,owner_equity,operating_cash_flow,investing_cash_flow,financing_cash_flow,cash,dividend_per_share,payout_ratio,commemorative_dividend,extra_dividend,number_of_shares,number_of_treqsury_shares,avg_number_of_shares,is_consolidated,is_forecast,duration,period_start,period_end,period_pos
2015-07-29,90070,2016-03-31,1,,,,,128110000000,0.004,15668000000,0.015,15154000000,0.001,,10285000000,,14.26,,,,,,1262134000000,320661000000,0.251,,316743000000,,,,,,,,,,,,true,false,3,2015-04-01,2015-06-30,0
2015-07-29,90070,2015-03-31,1,,,,,127558000000,0.002,15441000000,0.056,15131000000,0.106,,11302000000,,15.67,,,,,,,,,,,,,,,,,,,,,,true,false,3,2014-04-01,2014-06-30,-1
2015-07-29,90070,2016-03-31,1,,,,,262300000000,0.040,27000000000,-0.007,24200000000,-0.031,,14100000000,,19.55,,,,,,,,,,,,,,,,,,,,,,true,true,6,2015-04-01,2015-09-30,0
2015-07-29,90070,2016-03-31,1,,,,,537700000000,0.037,51000000000,0.023,44500000000,0.009,,27200000000,,37.72,,,,,,,,,,,,,,,,,,,,,,true,true,12,2015-04-01,2016-03-31,0
2015-07-29,90070,2015-03-31,1,,,,,,,,,,,,,,,,,,,,1253849000000,308209000000,0.243,,304532000000,,,,,,,,,,,,true,false,12,2014-04-01,2015-03-31,-1
2015-07-29,90070,2015-03-31,1,,,,,,,,,,,,,,,,,,,,,,,,,,,,,8.50,,,,736995435,15911225,,false,false,12,2014-04-01,2015-03-31,-1
2015-07-29,90070,2016-03-31,1,,,,,,,,,,,,,,,,,,,,,,,,,,,,,9.00,,,,,,,false,true,12,2015-04-01,2016-03-31,0
2015-07-29,90070,2016-03-31,1,,,,,,,,,,,,,,,,,,,,,,,,,,,,,,,,,736995435,15925291,721078702,false,false,3,2015-04-01,2015-06-30,0
2015-07-29,90070,2015-03-31,1,,,,,,,,,,,,,,,,,,,,,,,,,,,,,,,,,,,721288614,false,false,3,2014-04-01,2014-06-30,-1
2015-10-29,90070,2016-03-31,2,,,,,256763000000,0.018,28821000000,0.060,26701000000,0.070,,17571000000,,24.37,,,,,,1250480000000,322708000000,0.255,,318653000000,,,,,,,,,,,,true,false,6,2015-04-01,2015-09-30,0
2015-10-29,90070,2015-03-31,2,,,,,252244000000,-0.023,27191000000,-0.002,24962000000,0.031,,18022000000,,24.99,,,,,,,,,,,,,,,,,,,,,,true,false,6,2014-04-01,2014-09-30,-1
2015-10-29,90070,2016-03-31,2,,,,,528400000000,0.019,50000000000,0.003,43900000000,-0.004,,27200000000,,37.72,,,,,,,,,,,,,,,,,,,,,,true,true,12,2015-04-01,2016-03-31,0
2015-10-29,90070,2015-03-31,2,,,,,,,,,,,,,,,,,,,,1253849000000,308209000000,0.243,,304532000000,,,,,,,,,,,,true,false,12,2014-04-01,2015-03-31,-1
2015-10-29,90070,2015-03-31,2,,,,,,,,,,,,,,,,,,,,,,,,,,,,,8.50,,,,736995435,15911225,,false,false,12,2014-04-01,2015-03-31,-1
2015-10-29,90070,2016-03-31,2,,,,,,,,,,,,,,,,,,,,,,,,,,,,,4.50,,,,,,,false,false,12,2015-04-01,2016-03-31,0
2015-10-29,90070,2016-03-31,2,,,,,,,,,,,,,,,,,,,,,,,,,,,,,9.00,,,,,,,false,true,12,2015-04-01,2016-03-31,0
2015-10-29,90070,2016-03-31,2,,,,,,,,,,,,,,,,,,,,,,,,,,,,,,,,,736995435,15978021,721065746,false,false,6,2015-04-01,2015-09-30,0
2015-10-29,90070,2015-03-31,2,,,,,,,,,,,,,,,,,,,,,,,,,,,,,,,,,,,721251618,false,false,6,2014-04-01,2014-09-30,-1
2016-02-10,90070,2016-03-31,3,,,,,386533000000,0.019,42519000000,0.055,39223000000,0.062,,26279000000,,36.45,,,,,,1267391000000,331316000000,0.258,,327125000000,,,,,,,,,,,,true,false,9,2015-04-01,2015-12-31,0
2016-02-10,90070,2015-03-31,3,,,,,379333000000,-0.021,40301000000,-0.025,36945000000,0.005,,26464000000,,36.69,,,,,,,,,,,,,,,,,,,,,,true,false,9,2014-04-01,2014-12-31,-1
2016-02-10,90070,2016-03-31,3,,,,,530000000000,0.022,51200000000,0.027,45400000000,0.030,,27200000000,,37.72,,,,,,,,,,,,,,,,,,,,,,true,true,12,2015-04-01,2016-03-31,0
2016-02-10,90070,2015-03-31,3,,,,,,,,,,,,,,,,,,,,1253849000000,308209000000,0.243,,304532000000,,,,,,,,,,,,true,false,12,2014-04-01,2015-03-31,-1
2016-02-10,90070,2015-03-31,3,,,,,,,,,,,,,,,,,,,,,,,,,,,,,8.50,,,,736995435,15911225,,false,false,12,2014-04-01,2015-03-31,-1
2016-02-10,90070,2016-03-31,3,,,,,,,,,,,,,,,,,,,,,,,,,,,,,4.50,,,,,,,false,false,12,2015-04-01,2016-03-31,0
2016-02-10,90070,2016-03-31,3,,,,,,,,,,,,,,,,,,,,,,,,,,,,,9.00,,,,,,,false,true,12,2015-04-01,2016-03-31,0
2016-02-10,90070,2016-03-31,3,,,,,,,,,,,,,,,,,,,,,,,,,,,,,,,,,736995435,16011176,721046739,false,false,9,2015-04-01,2015-12-31,0
2016-02-10,90070,2015-03-31,3,,,,,,,,,,,,,,,,,,,,,,,,,,,,,,,,,,,721215834,false,false,9,2014-04-01,2014-12-31,-1
2016-04-28,90070,2016-03-31,,,,,,529812000000,0.021,52934000000,0.062,45695000000,0.036,,27497000000,,38.14,,0.089,0.036,0.100,,1257332000000,317023000000,0.249,433.93,312848000000,78702000000,-49276000000,-21473000000,27326000000,,0.236,,,,,,true,false,12,2015-04-01,2016-03-31,0
2016-04-28,90070,2015-03-31,,,,,,518715000000,-0.009,49858000000,0.010,44098000000,0.048,,30147000000,,41.80,,0.106,0.035,0.096,,1253849000000,308209000000,0.243,422.33,304532000000,71126000000,-43194000000,-38997000000,19371000000,,0.203,,,,,,true,false,12,2014-04-01,2015-03-31,-1
2016-04-28,90070,2017-03-31,,,,,,257700000000,0.004,26500000000,-0.081,24100000000,-0.097,,16200000000,,22.47,,,,,,,,,,,,,,,,,,,,,,true,true,6,2016-04-01,2016-09-30,1
2016-04-28,90070,2017-03-31,,,,,,537900000000,0.015,49000000000,-0.074,43400000000,-0.050,,28400000000,,39.39,,,,,,,,,,,,,,,,0.241,,,,,,true,true,12,2016-04-01,2017-03-31,1
2016-04-28,90070,2016-03-31,,,,,,164757000000,0.015,42293000000,0.101,34131000000,0.048,21289000000,,-0.050,29.37,,,,,,1101992000000,271951000000,0.247,375.19,271951000000,,,,,9.00,,,,736995435,16022555,721030248,false,false,12,2015-04-01,2016-03-31,0
2016-04-28,90070,2015-03-31,,,,,,162329000000,-0.004,38417000000,-0.016,32558000000,0.046,22410000000,,0.116,30.91,,,,,,1092585000000,260495000000,0.238,359.33,260495000000,,,,,8.50,,,,736995435,15911225,721188431,false,false,12,2014-04-01,2015-03-31,-1
2016-04-28,90070,2017-03-31,,,,,,167100000000,0.014,39500000000,-0.066,35100000000,0.028,24000000000,,0.127,33.11,,,,,,,,,,,,,,,9.50,,,,,,,false,true,12,2016-04-01,2017-03-31,1
,90070,2017-03-31,,,,,,,,,,,,,,,,,,,,,,,,,,,,,,10.00,,,,,,,false,true,12,2016-04-01,2017-03-31,0
,90070,2016-03-31,,,,,,,,,,,,,,,,,,,,,,,,,,,,,,9.00,,,,,,,false,false,12,2015-04-01,2016-03-31,-1
2016-07-29,90070,2017-03-31,1,,,,,126376000000,-0.014,15104000000,-0.036,15713000000,0.037,,10933000000,,15.16,,,,,,1253350000000,319004000000,0.251,,314723000000,,,,,,,,,,,,true,false,3,2016-04-01,2016-06-30,0
2016-07-29,90070,2016-03-31,1,,,,,128110000000,0.004,15668000000,0.015,15154000000,0.001,,10285000000,,14.26,,,,,,,,,,,,,,,,,,,,,,true,false,3,2015-04-01,2015-06-30,-1
2016-07-29,90070,2017-03-31,1,,,,,257700000000,0.004,26500000000,-0.081,24100000000,-0.097,,16200000000,,22.47,,,,,,,,,,,,,,,,,,,,,,true,true,6,2016-04-01,2016-09-30,0
2016-07-29,90070,2017-03-31,1,,,,,537900000000,0.015,49000000000,-0.074,43400000000,-0.050,,28400000000,,78.78,,,,,,,,,,,,,,,,,,,,,,true,true,12,2016-04-01,2017-03-31,0
2016-07-29,90070,2016-03-31,1,,,,,,,,,,,,,,,,,,,,1257332000000,317023000000,0.249,,312848000000,,,,,,,,,,,,true,false,12,2015-04-01,2016-03-31,-1
2016-07-29,90070,2016-03-31,1,,,,,,,,,,,,,,,,,,,,,,,,,,,,,9.00,,,,736995435,16022555,,false,false,12,2015-04-01,2016-03-31,-1
2016-07-29,90070,2017-03-31,1,,,,,,,,,,,,,,,,,,,,,,,,,,,,,10.00,,,,,,,false,true,12,2016-04-01,2017-03-31,0
2016-07-29,90070,2017-03-31,1,,,,,,,,,,,,,,,,,,,,,,,,,,,,,,,,,736995435,16027135,720971691,false,false,3,2016-04-01,2016-06-30,0
2016-07-29,90070,2016-03-31,1,,,,,,,,,,,,,,,,,,,,,,,,,,,,,,,,,,,721078702,false,false,3,2015-04-01,2015-06-30,-1
2016-10-31,90070,2017-03-31,2,,,,,252146000000,-0.018,27558000000,-0.044,26340000000,-0.014,,17828000000,,49.46,,,,,,1249592000000,325941000000,0.257,,321506000000,,,,,,,,,,,,true,false,6,2016-04-01,2016-09-30,0
2016-10-31,90070,2016-03-31,2,,,,,256763000000,0.018,28821000000,0.060,26701000000,0.070,,17571000000,,48.74,,,,,,,,,,,,,,,,,,,,,,true,false,6,2015-04-01,2015-09-30,-1
2016-10-31,90070,2017-03-31,2,,,,,523900000000,-0.011,47500000000,-0.103,42900000000,-0.061,,27400000000,,76.01,,,,,,,,,,,,,,,,,,,,,,true,true,12,2016-04-01,2017-03-31,0
2016-10-31,90070,2016-03-31,2,,,,,,,,,,,,,,,,,,,,1257332000000,317023000000,0.249,,312848000000,,,,,,,,,,,,true,false,12,2015-04-01,2016-03-31,-1
2016-10-31,90070,2016-03-31,2,,,,,,,,,,,,,,,,,,,,,,,,,,,,,9.00,,,,368497717,8011277,,false,false,12,2015-04-01,2016-03-31,-1
2016-10-31,90070,2017-03-31,2,,,,,,,,,,,,,,,,,,,,,,,,,,,,,4.50,,,,,,,false,false,12,2016-04-01,2017-03-31,0
2016-10-31,90070,2017-03-31,2,,,,,,,,,,,,,,,,,,,,,,,,,,,,,10.00,,,,,,,false,true,12,2016-04-01,2017-03-31,0
2016-10-31,90070,2017-03-31,2,,,,,,,,,,,,,,,,,,,,,,,,,,,,,,,,,368497717,8022290,360482590,false,false,6,2016-04-01,2016-09-30,0
2016-10-31,90070,2016-03-31,2,,,,,,,,,,,,,,,,,,,,,,,,,,,,,,,,,,,360532872,false,false,6,2015-04-01,2015-09-30,-1
2017-02-10,90070,2017-03-31,3,,,,,382051000000,-0.012,42131000000,-0.009,39959000000,0.019,,26619000000,,73.85,,,,,,1271681000000,340158000000,0.264,,335610000000,,,,,,,,,,,,true,false,9,2016-04-01,2016-12-31,0
2017-02-10,90070,2016-03-31,3,,,,,386533000000,0.019,42519000000,0.055,39223000000,0.062,,26279000000,,72.89,,,,,,,,,,,,,,,,,,,,,,true,false,9,2015-04-01,2015-12-31,-1
2017-02-10,90070,2017-03-31,3,,,,,525200000000,-0.009,49100000000,-0.072,45200000000,-0.011,,27400000000,,76.01,,,,,,,,,,,,,,,,,,,,,,true,true,12,2016-04-01,2017-03-31,0
2017-02-10,90070,2016-03-31,3,,,,,,,,,,,,,,,,,,,,1257332000000,317023000000,0.249,,312848000000,,,,,,,,,,,,true,false,12,2015-04-01,2016-03-31,-1
2017-02-10,90070,2016-03-31,3,,,,,,,,,,,,,,,,,,,,,,,,,,,,,9.00,,,,368497717,8011277,,false,false,12,2015-04-01,2016-03-31,-1
2017-02-10,90070,2017-03-31,3,,,,,,,,,,,,,,,,,,,,,,,,,,,,,4.50,,,,,,,false,false,12,2016-04-01,2017-03-31,0
2017-02-10,90070,2017-03-31,3,,,,,,,,,,,,,,,,,,,,,,,,,,,,,10.00,,,,,,,false,true,12,2016-04-01,2017-03-31,0
2017-02-10,90070,2017-03-31,3,,,,,,,,,,,,,,,,,,,,,,,,,,,,,,,,,368497717,8028795,360479008,false,false,9,2016-04-01,2016-12-31,0
2017-02-10,90070,2016-03-31,3,,,,,,,,,,,,,,,,,,,,,,,,,,,,,,,,,,,360523369,false,false,9,2015-04-01,2015-12-31,-1
2017-04-28,90070,2017-03-31,,,,,,523031000000,-0.013,49946000000,-0.056,46638000000,0.021,,26067000000,,72.31,,0.081,0.037,0.095,,1270102000000,338703000000,0.263,927.30,334262000000,79494000000,-67053000000,-20473000000,19293000000,,0.263,,,,,,true,false,12,2016-04-01,2017-03-31,0
2017-04-28,90070,2016-03-31,,,,,,529812000000,0.021,52934000000,0.062,45695000000,0.036,,27497000000,,76.27,,0.089,0.036,0.100,,1257332000000,317023000000,0.249,867.85,312848000000,78702000000,-49276000000,-21473000000,27326000000,,0.236,,,,,,true,false,12,2015-04-01,2016-03-31,-1
2017-04-28,90070,2018-03-31,,,,,,255100000000,0.012,27600000000,0.002,25900000000,-0.017,,16600000000,,46.05,,,,,,,,,,,,,,,,,,,,,,true,true,6,2017-04-01,2017-09-30,1
2017-04-28,90070,2018-03-31,,,,,,525100000000,0.004,50200000000,0.005,45500000000,-0.024,,29000000000,,80.45,,,,,,,,,,,,,,,,0.249,,,,,,true,true,12,2017-04-01,2018-03-31,1
2017-04-28,90070,2017-03-31,,,,,,166445000000,0.010,39824000000,-0.058,36163000000,0.060,22516000000,,0.058,62.13,,,,,,1107877000000,286890000000,0.259,791.63,286890000000,,,,,10.00,,,,368497717,8030530,360476364,false,false,12,2016-04-01,2017-03-31,0
2017-04-28,90070,2016-03-31,,,,,,164757000000,0.015,42293000000,0.101,34131000000,0.048,21289000000,,-0.050,58.74,,,,,,1101992000000,271951000000,0.247,750.37,271951000000,,,,,9.00,,,,368497717,8011277,360515124,false,false,12,2015-04-01,2016-03-31,-1
2017-04-28,90070,2018-03-31,,,,,,168700000000,0.014,41800000000,0.050,37800000000,0.045,25600000000,,0.137,70.64,,,,,,,,,,,,,,,20.00,,,,,,,false,true,12,2017-04-01,2018-03-31,1
2017-07-28,90070,2018-03-31,1,,,,,126483000000,0.001,16077000000,0.064,16117000000,0.026,,10552000000,,29.27,,,,,,1290341000000,349088000000,0.267,,344390000000,,,,,,,,,,,,true,false,3,2017-04-01,2017-06-30,0
2017-07-28,90070,2017-03-31,1,,,,,126376000000,-0.014,15104000000,-0.036,15713000000,0.037,,10933000000,,30.33,,,,,,,,,,,,,,,,,,,,,,true,false,3,2016-04-01,2016-06-30,-1
2017-07-28,90070,2018-03-31,1,,,,,255100000000,0.012,27600000000,0.002,25900000000,-0.017,,16600000000,,46.05,,,,,,,,,,,,,,,,,,,,,,true,true,6,2017-04-01,2017-09-30,0
2017-07-28,90070,2018-03-31,1,,,,,525100000000,0.004,50200000000,0.005,45500000000,-0.024,,29000000000,,80.45,,,,,,,,,,,,,,,,,,,,,,true,true,12,2017-04-01,2018-03-31,0
2017-07-28,90070,2017-03-31,1,,,,,,,,,,,,,,,,,,,,1270102000000,338703000000,0.263,,334262000000,,,,,,,,,,,,true,false,12,2016-04-01,2017-03-31,-1
2017-07-28,90070,2017-03-31,1,,,,,,,,,,,,,,,,,,,,,,,,,,,,,10.00,,,,368497717,8030530,,false,false,12,2016-04-01,2017-03-31,-1
2017-07-28,90070,2018-03-31,1,,,,,,,,,,,,,,,,,,,,,,,,,,,,,20.00,,,,,,,false,true,12,2017-04-01,2018-03-31,0
2017-07-28,90070,2018-03-31,1,,,,,,,,,,,,,,,,,,,,,,,,,,,,,,,,,368497717,8031569,360466670,false,false,3,2017-04-01,2017-06-30,0
2017-07-28,90070,2017-03-31,1,,,,,,,,,,,,,,,,,,,,,,,,,,,,,,,,,,,360485845,false,false,3,2016-04-01,2016-06-30,-1
2017-10-31,90070,2018-03-31,2,,,,,254704000000,0.010,30278000000,0.099,29035000000,0.102,,19205000000,,53.28,,,,,,1284475000000,356840000000,0.274,,352018000000,,,,,,,,,,,,true,false,6,2017-04-01,2017-09-30,0
2017-10-31,90070,2017-03-31,2,,,,,252146000000,-0.018,27558000000,-0.044,26340000000,-0.014,,17828000000,,49.46,,,,,,,,,,,,,,,,,,,,,,true,false,6,2016-04-01,2016-09-30,-1
2017-10-31,90070,2018-03-31,2,,,,,525100000000,0.004,51000000000,0.021,46600000000,-0.001,,30000000000,,83.23,,,,,,,,,,,,,,,,,,,,,,true,true,12,2017-04-01,2018-03-31,0
2017-10-31,90070,2017-03-31,2,,,,,,,,,,,,,,,,,,,,1270102000000,338703000000,0.263,,334262000000,,,,,,,,,,,,true,false,12,2016-04-01,2017-03-31,-1
2017-10-31,90070,2017-03-31,2,,,,,,,,,,,,,,,,,,,,,,,,,,,,,10.00,,,,368497717,8030530,,false,false,12,2016-04-01,2017-03-31,-1
2017-10-31,90070,2018-03-31,2,,,,,,,,,,,,,,,,,,,,,,,,,,,,,10.00,,,,,,,false,false,12,2017-04-01,2018-03-31,0
2017-10-31,90070,2018-03-31,2,,,,,,,,,,,,,,,,,,,,,,,,,,,,,20.00,,,,,,,false,true,12,2017-04-01,2018-03-31,0
2017-10-31,90070,2018-03-31,2,,,,,,,,,,,,,,,,,,,,,,,,,,,,,,,,,368497717,8035232,360465533,false,false,6,2017-04-01,2017-09-30,0
2017-10-31,90070,2017-03-31,2,,,,,,,,,,,,,,,,,,,,,,,,,,,,,,,,,,,360482590,false,false,6,2016-04-01,2016-09-30,-1
2018-02-09,90070,2018-03-31,3,,,,,383027000000,0.003,45097000000,0.070,43440000000,0.087,,29507000000,,81.86,,,,,,1309495000000,368179000000,0.277,,363281000000,,,,,,,,,,,,true,false,9,2017-04-01,2017-12-31,0
2018-02-09,90070,2017-03-31,3,,,,,382051000000,-0.012,42131000000,-0.009,39959000000,0.019,,26619000000,,73.85,,,,,,,,,,,,,,,,,,,,,,true,false,9,2016-04-01,2016-12-31,-1
2018-02-09,90070,2018-03-31,3,,,,,527600000000,0.009,51000000000,0.021,46600000000,-0.001,,30000000000,,83.23,,,,,,,,,,,,,,,,,,,,,,true,true,12,2017-04-01,2018-03-31,0
2018-02-09,90070,2017-03-31,3,,,,,,,,,,,,,,,,,,,,1270102000000,338703000000,0.263,,334262000000,,,,,,,,,,,,true,false,12,2016-04-01,2017-03-31,-1
2018-02-09,90070,2017-03-31,3,,,,,,,,,,,,,,,,,,,,,,,,,,,,,10.00,,,,368497717,8030530,,false,false,12,2016-04-01,2017-03-31,-1
2018-02-09,90070,2018-03-31,3,,,,,,,,,,,,,,,,,,,,,,,,,,,,,10.00,,,,,,,false,false,12,2017-04-01,2018-03-31,0
2018-02-09,90070,2018-03-31,3,,,,,,,,,,,,,,,,,,,,,,,,,,,,,20.00,,,,,,,false,true,12,2017-04-01,2018-03-31,0
2018-02-09,90070,2018-03-31,3,,,,,,,,,,,,,,,,,,,,,,,,,,,,,,,,,368497717,8038464,360464266,false,false,9,2017-04-01,2017-12-31,0
2018-02-09,90070,2017-03-31,3,,,,,,,,,,,,,,,,,,,,,,,,,,,,,,,,,,,360479008,false,false,9,2016-04-01,2016-12-31,-1
2018-04-27,90070,2018-03-31,,,,,,524660000000,0.003,51464000000,0.030,47891000000,0.027,,29328000000,,81.36,,0.084,0.037,0.098,,1297334000000,366466000000,0.277,998.68,359979000000,85394000000,-52681000000,-8099000000,43907000000,,0.246,,,,,,true,false,12,2017-04-01,2018-03-31,0
2018-04-27,90070,2017-03-31,,,,,,523031000000,-0.013,49946000000,-0.056,46638000000,0.021,,26067000000,,72.31,,0.081,0.037,0.095,,1270102000000,338703000000,0.263,927.30,334262000000,79494000000,-67053000000,-20473000000,19293000000,,0.263,,,,,,true,false,12,2016-04-01,2017-03-31,-1
2018-04-27,90070,2019-03-31,,,,,,262300000000,0.030,27900000000,-0.079,26500000000,-0.087,,17900000000,,49.66,,,,,,,,,,,,,,,,,,,,,,true,true,6,2018-04-01,2018-09-30,1
2018-04-27,90070,2019-03-31,,,,,,528600000000,0.008,52000000000,0.010,48700000000,0.017,,31000000000,,86.00,,,,,,,,,,,,,,,,0.244,,,,,,true,true,12,2018-04-01,2019-03-31,1
2018-04-27,90070,2018-03-31,,,,,,169556000000,0.019,40359000000,0.013,36788000000,0.017,25834000000,,0.147,71.29,,,,,,1131724000000,307462000000,0.272,848.43,307462000000,,,,,20.00,,,,368497717,8041486,360462693,false,false,12,2017-04-01,2018-03-31,0
2018-04-27,90070,2017-03-31,,,,,,166445000000,0.010,39824000000,-0.058,36163000000,0.060,22516000000,,0.058,62.13,,,,,,1107877000000,286890000000,0.259,791.63,286890000000,,,,,10.00,,,,368497717,8030530,360476364,false,false,12,2016-04-01,2017-03-31,-1
2018-04-27,90070,2019-03-31,,,,,,174800000000,0.031,44500000000,0.103,41200000000,0.120,28000000000,,0.084,77.26,,,,,,,,,,,,,,,21.00,,,,,,,false,true,12,2018-04-01,2019-03-31,1
2018-07-27,90070,2019-03-31,1,,,,,131034000000,0.036,16776000000,0.043,17217000000,0.068,,12112000000,,33.60,,,,,,1280646000000,376603000000,0.289,,369895000000,,,,,,,,,,,,true,false,3,2018-04-01,2018-06-30,0
2018-07-27,90070,2018-03-31,1,,,,,126483000000,0.001,16077000000,0.064,16117000000,0.026,,10552000000,,29.27,,,,,,,,,,,,,,,,,,,,,,true,false,3,2017-04-01,2017-06-30,-1
2018-07-27,90070,2019-03-31,1,,,,,262300000000,0.030,27900000000,-0.079,26500000000,-0.087,,17900000000,,49.66,,,,,,,,,,,,,,,,,,,,,,true,true,6,2018-04-01,2018-09-30,0
2018-07-27,90070,2019-03-31,1,,,,,528600000000,0.008,52000000000,0.010,48700000000,0.017,,31000000000,,86.00,,,,,,,,,,,,,,,,,,,,,,true,true,12,2018-04-01,2019-03-31,0
2018-07-27,90070,2018-03-31,1,,,,,,,,,,,,,,,,,,,,1294498000000,366577000000,0.278,,360090000000,,,,,,,,,,,,true,false,12,2017-04-01,2018-03-31,-1
2018-07-27,90070,2018-03-31,1,,,,,,,,,,,,,,,,,,,,,,,,,,,,,20.00,,,,368497717,8041486,,false,false,12,2017-04-01,2018-03-31,-1
2018-07-27,90070,2019-03-31,1,,,,,,,,,,,,,,,,,,,,,,,,,,,,,21.00,,,,,,,false,true,12,2018-04-01,2019-03-31,0
2018-07-27,90070,2019-03-31,1,,,,,,,,,,,,,,,,,,,,,,,,,,,,,,,,,368497717,8042746,360455676,false,false,3,2018-04-01,2018-06-30,0
2018-07-27,90070,2018-03-31,1,,,,,,,,,,,,,,,,,,,,,,,,,,,,,,,,,,,360466670,false,false,3,2017-04-01,2017-06-30,-1
2018-10-31,90070,2019-03-31,2,,,,,257307000000,0.010,29450000000,-0.027,28749000000,-0.010,,19123000000,,53.06,,,,,,1282420000000,386530000000,0.296,,379684000000,,,,,,,,,,,,true,false,6,2018-04-01,2018-09-30,0
2018-10-31,90070,2018-03-31,2,,,,,254704000000,0.010,30278000000,0.099,29035000000,0.102,,19205000000,,53.28,,,,,,,,,,,,,,,,,,,,,,true,false,6,2017-04-01,2017-09-30,-1
2018-10-31,90070,2019-03-31,2,,,,,528600000000,0.008,52000000000,0.010,48700000000,0.017,,31000000000,,86.00,,,,,,,,,,,,,,,,,,,,,,true,true,12,2018-04-01,2019-03-31,0
2018-10-31,90070,2018-03-31,2,,,,,,,,,,,,,,,,,,,,1294498000000,366577000000,0.278,,360090000000,,,,,,,,,,,,true,false,12,2017-04-01,2018-03-31,-1
2018-10-31,90070,2018-03-31,2,,,,,,,,,,,,,,,,,,,,,,,,,,,,,20.00,,,,368497717,8041486,,false,false,12,2017-04-01,2018-03-31,-1
2018-10-31,90070,2019-03-31,2,,,,,,,,,,,,,,,,,,,,,,,,,,,,,10.00,,,,,,,false,false,12,2018-04-01,2019-03-31,0
2018-10-31,90070,2019-03-31,2,,,,,,,,,,,,,,,,,,,,,,,,,,,,,21.00,,,,,,,false,true,12,2018-04-01,2019-03-31,0
2018-10-31,90070,2019-03-31,2,,,,,,,,,,,,,,,,,,,,,,,,,,,,,,,,,368497717,8221423,360417004,false,false,6,2018-04-01,2018-09-30,0
2018-10-31,90070,2018-03-31,2,,,,,,,,,,,,,,,,,,,,,,,,,,,,,,,,,,,360465533,false,false,6,2017-04-01,2017-09-30,-1
2019-02-08,90070,2019-03-31,3,,,,,388731000000,0.015,43966000000,-0.025,42674000000,-0.018,,27976000000,,77.63,,,,,,1285424000000,383052000000,0.293,,376151000000,,,,,,,,,,,,true,false,9,2018-04-01,2018-12-31,0
2019-02-08,90070,2018-03-31,3,,,,,383027000000,0.003,45097000000,0.070,43440000000,0.087,,29507000000,,81.86,,,,,,,,,,,,,,,,,,,,,,true,false,9,2017-04-01,2017-12-31,-1
2019-02-08,90070,2019-03-31,3,,,,,530000000000,0.010,52000000000,0.010,48700000000,0.017,,31000000000,,86.03,,,,,,,,,,,,,,,,,,,,,,true,true,12,2018-04-01,2019-03-31,0
2019-02-08,90070,2018-03-31,3,,,,,,,,,,,,,,,,,,,,1294498000000,366577000000,0.278,,360090000000,,,,,,,,,,,,true,false,12,2017-04-01,2018-03-31,-1
2019-02-08,90070,2018-03-31,3,,,,,,,,,,,,,,,,,,,,,,,,,,,,,20.00,,,,368497717,8041486,,false,false,12,2017-04-01,2018-03-31,-1
2019-02-08,90070,2019-03-31,3,,,,,,,,,,,,,,,,,,,,,,,,,,,,,10.00,,,,,,,false,false,12,2018-04-01,2019-03-31,0
2019-02-08,90070,2019-03-31,3,,,,,,,,,,,,,,,,,,,,,,,,,,,,,21.00,,,,,,,false,true,12,2018-04-01,2019-03-31,0
2019-02-08,90070,2019-03-31,3,,,,,,,,,,,,,,,,,,,,,,,,,,,,,,,,,368497717,8223366,360359868,false,false,9,2018-04-01,2018-12-31,0
2019-02-08,90070,2018-03-31,3,,,,,,,,,,,,,,,,,,,,,,,,,,,,,,,,,,,360464266,false,false,9,2017-04-01,2017-12-31,-1
2019-04-26,90070,2019-03-31,,,,,,526675000000,0.004,52089000000,0.012,49687000000,0.037,,32468000000,,90.11,,0.087,0.038,0.099,,1312433000000,389180000000,0.291,1061.37,382383000000,72733000000,-80094000000,-15083000000,21636000000,,0.233,,,,,,true,false,12,2018-04-01,2019-03-31,0
2019-04-26,90070,2018-03-31,,,,,,524660000000,0.003,51464000000,0.030,47891000000,0.027,,29328000000,,81.36,,0.084,0.037,0.098,,1294498000000,366577000000,0.278,998.98,360090000000,85394000000,-52681000000,-8099000000,43907000000,,0.246,,,,,,true,false,12,2017-04-01,2018-03-31,-1
2019-04-26,90070,2020-03-31,,,,,,263300000000,0.023,26200000000,-0.110,25000000000,-0.130,,16500000000,,45.80,,,,,,,,,,,,,,,,,,,,,,true,true,6,2019-04-01,2019-09-30,1
2019-04-26,90070,2020-03-31,,,,,,557800000000,0.059,52500000000,0.008,49400000000,-0.006,,33000000000,,91.60,,,,,,,,,,,,,,,,0.240,,,,,,true,true,12,2019-04-01,2020-03-31,1
2019-04-26,90070,2019-03-31,,,,,,173901000000,0.026,41397000000,0.026,38962000000,0.059,25983000000,,0.006,71.72,,,,,,1130260000000,324046000000,0.287,894.62,324046000000,,,,,21.00,,,,368497717,8225319,360338635,false,false,12,2018-04-01,2019-03-31,0
2019-04-26,90070,2018-03-31,,,,,,169556000000,0.019,40359000000,0.013,36788000000,0.017,25834000000,,0.147,71.29,,,,,,1129254000000,307557000000,0.272,848.69,307557000000,,,,,20.00,,,,368497717,8041486,360462693,false,false,12,2017-04-01,2018-03-31,-1
2019-04-26,90070,2020-03-31,,,,,,175300000000,0.008,41100000000,-0.007,39000000000,0.001,26900000000,,0.035,74.26,,,,,,,,,,,,,,,22.00,,,,,,,false,true,12,2019-04-01,2020-03-31,1
2019-07-30,90070,2020-03-31,1,,,,,129150000000,-0.014,13766000000,-0.179,14011000000,-0.186,,9015000000,,25.03,,,,,,1334507000000,390937000000,0.288,,383998000000,,,,,,,,,,,,true,false,3,2019-04-01,2019-06-30,0
2019-07-30,90070,2019-03-31,1,,,,,131034000000,0.036,16776000000,0.043,17217000000,0.068,,12112000000,,33.60,,,,,,,,,,,,,,,,,,,,,,true,false,3,2018-04-01,2018-06-30,-1
2019-07-30,90070,2020-03-31,1,,,,,263300000000,0.023,26200000000,-0.110,25000000000,-0.130,,16500000000,,45.80,,,,,,,,,,,,,,,,,,,,,,true,true,6,2019-04-01,2019-09-30,0
2019-07-30,90070,2020-03-31,1,,,,,557800000000,0.059,52500000000,0.008,49400000000,-0.006,,33000000000,,91.60,,,,,,,,,,,,,,,,,,,,,,true,true,12,2019-04-01,2020-03-31,0
2019-07-30,90070,2019-03-31,1,,,,,,,,,,,,,,,,,,,,1312433000000,389180000000,0.291,,382383000000,,,,,,,,,,,,true,false,12,2018-04-01,2019-03-31,-1
2019-07-30,90070,2019-03-31,1,,,,,,,,,,,,,,,,,,,,,,,,,,,,,21.00,,,,368497717,8225319,,false,false,12,2018-04-01,2019-03-31,-1
2019-07-30,90070,2020-03-31,1,,,,,,,,,,,,,,,,,,,,,,,,,,,,,22.00,,,,,,,false,true,12,2019-04-01,2020-03-31,0
2019-07-30,90070,2020-03-31,1,,,,,,,,,,,,,,,,,,,,,,,,,,,,,,,,,368497717,8226072,360272250,false,false,3,2019-04-01,2019-06-30,0
2019-07-30,90070,2019-03-31,1,,,,,,,,,,,,,,,,,,,,,,,,,,,,,,,,,,,360455676,false,false,3,2018-04-01,2018-06-30,-1
2019-10-31,90070,2020-03-31,2,,,,,261766000000,0.017,25657000000,-0.129,24907000000,-0.134,,16598000000,,46.07,,,,,,1334004000000,399165000000,0.294,,392171000000,,,,,,,,,,,,true,false,6,2019-04-01,2019-09-30,0
2019-10-31,90070,2019-03-31,2,,,,,257307000000,0.010,29450000000,-0.027,28749000000,-0.010,,19123000000,,53.06,,,,,,,,,,,,,,,,,,,,,,true,false,6,2018-04-01,2018-09-30,-1
2019-10-31,90070,2020-03-31,2,,,,,547800000000,0.040,50000000000,-0.040,47800000000,-0.038,,32500000000,,89.81,,,,,,,,,,,,,,,,,,,,,,true,true,12,2019-04-01,2020-03-31,0
2019-10-31,90070,2019-03-31,2,,,,,,,,,,,,,,,,,,,,1312433000000,389180000000,0.291,,382383000000,,,,,,,,,,,,true,false,12,2018-04-01,2019-03-31,-1
2019-10-31,90070,2019-03-31,2,,,,,,,,,,,,,,,,,,,,,,,,,,,,,21.00,,,,368497717,8225319,,false,false,12,2018-04-01,2019-03-31,-1
2019-10-31,90070,2020-03-31,2,,,,,,,,,,,,,,,,,,,,,,,,,,,,,11.00,,,,,,,false,false,12,2019-04-01,2020-03-31,0
2019-10-31,90070,2020-03-31,2,,,,,,,,,,,,,,,,,,,,,,,,,,,,,22.00,,,,,,,false,true,12,2019-04-01,2020-03-31,0
2019-10-31,90070,2020-03-31,2,,,,,,,,,,,,,,,,,,,,,,,,,,,,,,,,,368497717,8228693,360271296,false,false,6,2019-04-01,2019-09-30,0
2019-10-31,90070,2019-03-31,2,,,,,,,,,,,,,,,,,,,,,,,,,,,,,,,,,,,360417004,false,false,6,2018-04-01,2018-09-30,-1
2020-02-07,90070,2020-03-31,3,,,,,393219000000,0.012,36383000000,-0.172,35197000000,-0.175,,21628000000,,59.87,,,,,,1357847000000,403072000000,0.294,,399823000000,,,,,,,,,,,,true,false,9,2019-04-01,2019-12-31,0
2020-02-07,90070,2019-03-31,3,,,,,388731000000,0.015,43966000000,-0.025,42674000000,-0.018,,27976000000,,77.63,,,,,,,,,,,,,,,,,,,,,,true,false,9,2018-04-01,2018-12-31,-1
2020-02-07,90070,2020-03-31,3,,,,,544800000000,0.034,47000000000,-0.098,44600000000,-0.102,,28000000000,,77.41,,,,,,,,,,,,,,,,,,,,,,true,true,12,2019-04-01,2020-03-31,0
2020-02-07,90070,2019-03-31,3,,,,,,,,,,,,,,,,,,,,1312433000000,389180000000,0.291,,382383000000,,,,,,,,,,,,true,false,12,2018-04-01,2019-03-31,-1
2020-02-07,90070,2019-03-31,3,,,,,,,,,,,,,,,,,,,,,,,,,,,,,21.00,,,,368497717,8225319,,false,false,12,2018-04-01,2019-03-31,-1
2020-02-07,90070,2020-03-31,3,,,,,,,,,,,,,,,,,,,,,,,,,,,,,11.00,,,,,,,false,false,12,2019-04-01,2020-03-31,0
2020-02-07,90070,2020-03-31,3,,,,,,,,,,,,,,,,,,,,,,,,,,,,,22.00,,,,,,,false,true,12,2019-04-01,2020-03-31,0
2020-02-07,90070,2020-03-31,3,,,,,,,,,,,,,,,,,,,,,,,,,,,,,,,,,368497717,5334117,361238916,false,false,9,2019-04-01,2019-12-31,0
2020-02-07,90070,2019-03-31,3,,,,,,,,,,,,,,,,,,,,,,,,,,,,,,,,,,,360359868,false,false,9,2018-04-01,2018-12-31,-1
2020-05-14,90070,2020-03-31,,,,,,534132000000,0.014,41103000000,-0.211,38299000000,-0.229,,19923000000,,55.08,,0.052,0.029,0.077,,1328303000000,390183000000,0.291,1066.01,387134000000,74897000000,-85454000000,17171000000,28464000000,,0.381,,,,,,true,false,12,2019-04-01,2020-03-31,0
2020-05-14,90070,2019-03-31,,,,,,526675000000,0.004,52089000000,0.012,49687000000,0.037,,32468000000,,90.11,,0.087,0.038,0.099,,1312433000000,389180000000,0.291,1061.37,382383000000,72733000000,-80094000000,-15083000000,21636000000,,0.233,,,,,,true,false,12,2018-04-01,2019-03-31,-1
2020-05-14,90070,2020-03-31,,,,,,172081000000,-0.010,35895000000,-0.133,33228000000,-0.147,21313000000,,-0.180,58.59,,,,,,1153593000000,336654000000,0.292,921.37,336654000000,,,,,21.00,,,,368497717,5335352,361717333,false,false,12,2019-04-01,2020-03-31,0
2020-05-14,90070,2019-03-31,,,,,,173901000000,0.026,41397000000,0.026,38962000000,0.059,25983000000,,0.006,71.72,,,,,,1130260000000,324046000000,0.287,894.62,324046000000,,,,,21.00,,,,368497717,8225319,360338635,false,false,12,2018-04-01,2019-03-31,-1
2020-07-31,90070,2021-03-31,1,,,,,70366000000,-0.455,-14482000000,,-15664000000,,,-16319000000,,-44.94,,,,,,1363029000000,371068000000,0.270,,368285000000,,,,,,,,,,,,true,false,3,2020-04-01,2020-06-30,0
2020-07-31,90070,2020-03-31,1,,,,,129150000000,-0.014,13766000000,-0.179,14011000000,-0.186,,9015000000,,25.03,,,,,,,,,,,,,,,,,,,,,,true,false,3,2019-04-01,2019-06-30,-1
2020-07-31,90070,2021-03-31,1,,,,,168700000000,-0.356,-25800000000,,-28900000000,,,-25500000000,,-70.22,,,,,,,,,,,,,,,,,,,,,,true,true,6,2020-04-01,2020-09-30,0
2020-07-31,90070,2021-03-31,1,,,,,400600000000,-0.250,-28400000000,,-33100000000,,,-32100000000,,-88.39,,,,,,,,,,,,,,,,,,,,,,true,true,12,2020-04-01,2021-03-31,0
2020-07-31,90070,2020-03-31,1,,,,,,,,,,,,,,,,,,,,1328303000000,390183000000,0.291,,387134000000,,,,,,,,,,,,true,false,12,2019-04-01,2020-03-31,-1
2020-07-31,90070,2020-03-31,1,,,,,,,,,,,,,,,,,,,,,,,,,,,,,21.00,,,,368497717,5335352,,false,false,12,2019-04-01,2020-03-31,-1
2020-07-31,90070,2021-03-31,1,,,,,,,,,,,,,,,,,,,,,,,,,,,,,,,,,368497717,5336355,363162134,false,false,3,2020-04-01,2020-06-30,0
2020-07-31,90070,2020-03-31,1,,,,,,,,,,,,,,,,,,,,,,,,,,,,,,,,,,,360272250,false,false,3,2019-04-01,2019-06-30,-1
2020-07-31,90070,2021-03-31,,,,,,168700000000,,-25800000000,,-28900000000,,,-25500000000,,-70.22,,,,,,,,,,,,,,,,,,,,,,true,true,6,2020-04-01,2020-09-30,0
2020-07-31,90070,2020-03-31,,,,,,261766000000,,25657000000,,24907000000,,,16598000000,,46.07,,,,,,,,,,,,,,,,,,,,,,true,false,6,2019-04-01,2019-09-30,-1
2020-07-31,90070,2021-03-31,,,,,,400600000000,,-28400000000,,-33100000000,,,-32100000000,,-88.39,,,,,,,,,,,,,,,,,,,,,,true,true,12,2020-04-01,2021-03-31,0
2020-07-31,90070,2020-03-31,,,,,,534132000000,,41103000000,,38299000000,,,19923000000,,55.08,,,,,,,,,,,,,,,,,,,,,,true,false,12,2019-04-01,2020-03-31,-1
2020-07-31,90070,2021-03-31,,,,,,123400000000,,2200000000,,-1100000000,,-1400000000,,,-3.83,,,,,,,,,,,,,,,,,,,,,,false,true,12,2020-04-01,2021-03-31,0
2020-07-31,90070,2020-03-31,,,,,,172081000000,,35895000000,,33228000000,,21313000000,,,58.59,,,,,,,,,,,,,,,,,,,,,,false,false,12,2019-04-01,2020-03-31,-1
2020-10-30,90070,2021-03-31,2,,,,,167645000000,-0.360,-19193000000,,-22049000000,,,-21280000000,,-58.60,,,,,,1411640000000,365969000000,0.257,,363265000000,,,,,,,,,,,,true,false,6,2020-04-01,2020-09-30,0
2020-10-30,90070,2020-03-31,2,,,,,261766000000,0.017,25657000000,-0.129,24907000000,-0.134,,16598000000,,46.07,,,,,,,,,,,,,,,,,,,,,,true,false,6,2019-04-01,2019-09-30,-1
2020-10-30,90070,2021-03-31,2,,,,,390600000000,-0.269,-28400000000,,-33100000000,,,-32100000000,,-88.39,,,,,,,,,,,,,,,,,,,,,,true,true,12,2020-04-01,2021-03-31,0
2020-10-30,90070,2020-03-31,2,,,,,,,,,,,,,,,,,,,,1328303000000,390183000000,0.291,,387134000000,,,,,,,,,,,,true,false,12,2019-04-01,2020-03-31,-1
2020-10-30,90070,2020-03-31,2,,,,,,,,,,,,,,,,,,,,,,,,,,,,,21.00,,,,368497717,5335352,,false,false,12,2019-04-01,2020-03-31,-1
2020-10-30,90070,2021-03-31,2,,,,,,,,,,,,,,,,,,,,,,,,,,,,,0.00,,,,,,,false,false,12,2020-04-01,2021-03-31,0
2020-10-30,90070,2021-03-31,2,,,,,,,,,,,,,,,,,,,,,,,,,,,,,10.00,,,,,,,false,true,12,2020-04-01,2021-03-31,0
2020-10-30,90070,2021-03-31,2,,,,,,,,,,,,,,,,,,,,,,,,,,,,,,,,,368497717,5325403,363164233,false,false,6,2020-04-01,2020-09-30,0
2020-10-30,90070,2020-03-31,2,,,,,,,,,,,,,,,,,,,,,,,,,,,,,,,,,,,360271296,false,false,6,2019-04-01,2019-09-30,-1
2020-10-30,90070,2021-03-31,,,,,,390600000000,-0.025,-28400000000,,-33100000000,,,-32100000000,,-88.39,,,,,,,,,,,,,,,,,,,,,,true,true,12,2020-04-01,2021-03-31,0
2020-10-30,90070,2020-03-31,,,,,,534132000000,,41103000000,,38299000000,,,19923000000,,55.08,,,,,,,,,,,,,,,,,,,,,,true,false,12,2019-04-01,2020-03-31,-1
2020-10-30,90070,2021-03-31,,,,,,121800000000,-0.013,2100000000,-0.045,-900000000,,-1100000000,,,-3.01,,,,,,,,,,,,,,,10.00,,,,,,,false,true,12,2020-04-01,2021-03-31,0
2020-10-30,90070,2020-03-31,,,,,,172081000000,,35895000000,,33228000000,,21313000000,,,58.59,,,,,,,,,,,,,,,21.00,,,,,,,false,false,12,2019-04-01,2020-03-31,-1
2020-10-30,90070,2021-03-31,,,,,,,,,,,,,,,,,,,,,,,,,,,,,,0.00,,,,,,,false,false,12,2020-04-01,2021-03-31,0
2021-02-10,90070,2021-03-31,3,,,,,273302000000,-0.305,-17678000000,,-22156000000,,,-19010000000,,-52.35,,,,,,1402785000000,366140000000,0.259,,363458000000,,,,,,,,,,,,true,false,9,2020-04-01,2020-12-31,0
2021-02-10,90070,2020-03-31,3,,,,,393219000000,0.012,36383000000,-0.172,35197000000,-0.175,,21628000000,,59.87,,,,,,,,,,,,,,,,,,,,,,true,false,9,2019-04-01,2019-12-31,-1
2021-02-10,90070,2021-03-31,3,,,,,383100000000,-0.283,-32000000000,,-38500000000,,,-34300000000,,-94.45,,,,,,,,,,,,,,,,,,,,,,true,true,12,2020-04-01,2021-03-31,0
2021-02-10,90070,2020-03-31,3,,,,,,,,,,,,,,,,,,,,1328303000000,390183000000,0.291,,387134000000,,,,,,,,,,,,true,false,12,2019-04-01,2020-03-31,-1
2021-02-10,90070,2020-03-31,3,,,,,,,,,,,,,,,,,,,,,,,,,,,,,21.00,,,,368497717,5335352,,false,false,12,2019-04-01,2020-03-31,-1
2021-02-10,90070,2021-03-31,3,,,,,,,,,,,,,,,,,,,,,,,,,,,,,0.00,,,,,,,false,false,12,2020-04-01,2021-03-31,0
2021-02-10,90070,2021-03-31,3,,,,,,,,,,,,,,,,,,,,,,,,,,,,,10.00,,,,,,,false,true,12,2020-04-01,2021-03-31,0
2021-02-10,90070,2021-03-31,3,,,,,,,,,,,,,,,,,,,,,,,,,,,,,,,,,368497717,5326651,363166807,false,false,9,2020-04-01,2020-12-31,0
2021-02-10,90070,2020-03-31,3,,,,,,,,,,,,,,,,,,,,,,,,,,,,,,,,,,,361238916,false,false,9,2019-04-01,2019-12-31,-1
2021-02-10,90070,2021-03-31,,,,,,383100000000,-0.019,-32000000000,,-38500000000,,,-34300000000,,-94.45,,,,,,,,,,,,,,,,,,,,,,true,true,12,2020-04-01,2021-03-31,0
2021-02-10,90070,2020-03-31,,,,,,534132000000,,41103000000,,38299000000,,,19923000000,,55.08,,,,,,,,,,,,,,,,,,,,,,true,false,12,2019-04-01,2020-03-31,-1
2021-02-10,90070,2021-03-31,,,,,,116900000000,-0.040,-2100000000,,-5100000000,,-1600000000,,,-4.38,,,,,,,,,,,,,,,,,,,,,,false,true,12,2020-04-01,2021-03-31,0
2021-02-10,90070,2020-03-31,,,,,,172081000000,,35895000000,,33228000000,,21313000000,,,58.59,,,,,,,,,,,,,,,,,,,,,,false,false,12,2019-04-01,2020-03-31,-1
2021-03-26,90070,2021-03-31,,,,,,384100000000,0.003,-28900000000,,-35800000000,,,-42600000000,,-117.30,,,,,,,,,,,,,,,,,,,,,,true,true,12,2020-04-01,2021-03-31,0
2021-03-26,90070,2020-03-31,,,,,,534132000000,,41103000000,,38299000000,,,19923000000,,55.08,,,,,,,,,,,,,,,,,,,,,,true,false,12,2019-04-01,2020-03-31,-1
2021-03-26,90070,2021-03-31,,,,,,114500000000,-0.021,-4500000000,,-16800000000,,-22600000000,,,-61.85,,,,,,,,,,,,,,,,,,,,,,false,true,12,2020-04-01,2021-03-31,0
2021-03-26,90070,2020-03-31,,,,,,172081000000,,35895000000,,33228000000,,21313000000,,,58.59,,,,,,,,,,,,,,,,,,,,,,false,false,12,2019-04-01,2020-03-31,-1
2021-04-28,90070,2021-03-31,,,,,,385978000000,-0.277,-24190000000,,-31223000000,,,-39804000000,,-109.60,,-0.108,-0.024,-0.063,,1326996000000,352456000000,0.264,963.40,349878000000,27178000000,-43582000000,37207000000,49267000000,,,,,,,,true,false,12,2020-04-01,2021-03-31,0
2021-04-28,90070,2020-03-31,,,,,,534132000000,0.014,41103000000,-0.211,38299000000,-0.229,,19923000000,,55.08,,0.052,0.029,0.077,,1328303000000,390183000000,0.291,1066.01,387134000000,74897000000,-85454000000,17171000000,28464000000,,0.381,,,,,,true,false,12,2019-04-01,2020-03-31,-1
2021-04-28,90070,2022-03-31,,,,,,191900000000,,9800000000,,8500000000,,,7500000000,,20.65,,,,,,,,,,,,,,,,,,,,,,true,true,6,2021-04-01,2021-09-30,1
2021-04-28,90070,2022-03-31,,,,,,395200000000,,19500000000,,17200000000,,,13500000000,,37.17,,,,,,,,,,,,,,,,0.269,,,,,,true,true,12,2021-04-01,2022-03-31,1
2021-04-28,90070,2021-03-31,,,,,,114366000000,-0.335,-3224000000,,-14664000000,,-19702000000,,,-53.92,,,,,,1149616000000,314816000000,0.274,861.58,314816000000,,,,,10.00,,,,368497717,5327705,363167785,false,false,12,2020-04-01,2021-03-31,0
2021-04-28,90070,2020-03-31,,,,,,172081000000,-0.010,35895000000,-0.133,33228000000,-0.147,21313000000,,-0.180,58.59,,,,,,1153593000000,336654000000,0.292,921.37,336654000000,,,,,21.00,,,,368497717,5335352,361717333,false,false,12,2019-04-01,2020-03-31,-1
2021-04-28,90070,2022-03-31,,,,,,,,,,,,,,,,,,,,,,,,,,,,,,10.00,,,,,,,false,true,12,2021-04-01,2022-03-31,1
2021-07-30,9007,2022-03-31,1,,,,,88355000000,,3120000000,,3634000000,,,7341000000,,20.22,,,,,,1301332000000,350509000000,0.267,,347913000000,,,,,,,,,,,,true,false,3,2021-04-01,2021-06-30,0
2021-07-30,9007,2021-03-31,1,,,,,70366000000,-0.455,-14482000000,,-15664000000,,,-16319000000,,-44.94,,,,,,,,,,,,,,,,,,,,,,true,false,3,2020-04-01,2020-06-30,-1
2021-07-30,9007,2022-03-31,1,,,,,178300000000,,2300000000,,1800000000,,,6800000000,,18.72,,,,,,,,,,,,,,,,,,,,,,true,true,6,2021-04-01,2021-09-30,0
2021-07-30,9007,2022-03-31,1,,,,,381600000000,,12000000000,,10500000000,,,13500000000,,37.17,,,,,,,,,,,,,,,,,,,,,,true,true,12,2021-04-01,2022-03-31,0
2021-07-30,9007,2021-03-31,1,,,,,,,,,,,,,,,,,,,,1326996000000,352456000000,0.264,,349878000000,,,,,,,,,,,,true,false,12,2020-04-01,2021-03-31,-1
2021-07-30,9007,2021-03-31,1,,,,,,,,,,,,,,,,,,,,,,,,,,,,,10.00,,,,368497717,5327705,,false,false,12,2020-04-01,2021-03-31,-1
2021-07-30,9007,2022-03-31,1,,,,,,,,,,,,,,,,,,,,,,,,,,,,,10.00,,,,,,,false,true,12,2021-04-01,2022-03-31,0
2021-07-30,9007,2022-03-31,1,,,,,,,,,,,,,,,,,,,,,,,,,,,,,,,,,368497717,5328415,363169726,false,false,3,2021-04-01,2021-06-30,0
2021-07-30,9007,2021-03-31,1,,,,,,,,,,,,,,,,,,,,,,,,,,,,,,,,,,,363162134,false,false,3,2020-04-01,2020-06-30,-1
2021-07-30,90070,2022-03-31,,,,,,178300000000,-0.071,2300000000,-0.765,1800000000,-0.788,,6800000000,,18.72,,,,,,,,,,,,,,,,,,,,,,true,true,6,2021-04-01,2021-09-30,0
2021-07-30,90070,2021-03-31,,,,,,167645000000,,-19193000000,,-22049000000,,,-21280000000,,-58.60,,,,,,,,,,,,,,,,,,,,,,true,false,6,2020-04-01,2020-09-30,-1
2021-07-30,90070,2022-03-31,,,,,,381600000000,-0.034,12000000000,-0.385,10500000000,-0.390,,13500000000,,37.17,,,,,,,,,,,,,,,,,,,,,,true,true,12,2021-04-01,2022-03-31,0
2021-07-30,90070,2021-03-31,,,,,,385978000000,,-24190000000,,-31223000000,,,-39804000000,,-109.60,,,,,,,,,,,,,,,,,,,,,,true,false,12,2020-04-01,2021-03-31,-1
2021-10-29,9007,2022-03-31,2,,,,,174777000000,,2808000000,,2547000000,,,7986000000,,21.99,,,,,,1277621000000,350480000000,0.272,,347884000000,,,,,,,,,,,,true,false,6,2021-04-01,2021-09-30,0
2021-10-29,9007,2021-03-31,2,,,,,167645000000,-0.360,-19193000000,,-22049000000,,,-21280000000,,-58.60,,,,,,,,,,,,,,,,,,,,,,true,false,6,2020-04-01,2020-09-30,-1
2021-10-29,9007,2022-03-31,2,,,,,364400000000,,3500000000,,2000000000,,,10000000000,,27.53,,,,,,,,,,,,,,,,,,,,,,true,true,12,2021-04-01,2022-03-31,0
2021-10-29,9007,2021-03-31,2,,,,,,,,,,,,,,,,,,,,1326996000000,352456000000,0.264,,349878000000,,,,,,,,,,,,true,false,12,2020-04-01,2021-03-31,-1
2021-10-29,9007,2021-03-31,2,,,,,,,,,,,,,,,,,,,,,,,,,,,,,10.00,,,,368497717,5327705,,false,false,12,2020-04-01,2021-03-31,-1
2021-10-29,9007,2022-03-31,2,,,,,,,,,,,,,,,,,,,,,,,,,,,,,0.00,,,,,,,false,false,12,2021-04-01,2022-03-31,0
2021-10-29,9007,2022-03-31,2,,,,,,,,,,,,,,,,,,,,,,,,,,,,,10.00,,,,,,,false,true,12,2021-04-01,2022-03-31,0
2021-10-29,9007,2022-03-31,2,,,,,,,,,,,,,,,,,,,,,,,,,,,,,,,,,368497717,5312738,363173012,false,false,6,2021-04-01,2021-09-30,0
2021-10-29,9007,2021-03-31,2,,,,,,,,,,,,,,,,,,,,,,,,,,,,,,,,,,,363164233,false,false,6,2020-04-01,2020-09-30,-1
2021-10-29,90070,2022-03-31,,,,,,364400000000,-0.045,3500000000,-0.708,2000000000,-0.810,,10000000000,,27.53,,,,,,,,,,,,,,,,,,,,,,true,true,12,2021-04-01,2022-03-31,0
2021-10-29,90070,2021-03-31,,,,,,385978000000,,-24190000000,,-31223000000,,,-39804000000,,-109.60,,,,,,,,,,,,,,,,,,,,,,true,false,12,2020-04-01,2021-03-31,-1
2022-02-09,9007,2022-03-31,3,,,,,267732000000,,9137000000,,8144000000,,,15985000000,,44.02,,,,,,1294909000000,353424000000,0.271,,350828000000,,,,,,,,,,,,true,false,9,2021-04-01,2021-12-31,0
2022-02-09,9007,2021-03-31,3,,,,,273302000000,-0.305,-17678000000,,-22156000000,,,-19010000000,,-52.35,,,,,,,,,,,,,,,,,,,,,,true,false,9,2020-04-01,2020-12-31,-1
2022-02-09,9007,2022-03-31,3,,,,,365400000000,,5400000000,,4300000000,,,10000000000,,27.53,,,,,,,,,,,,,,,,,,,,,,true,true,12,2021-04-01,2022-03-31,0
2022-02-09,9007,2021-03-31,3,,,,,,,,,,,,,,,,,,,,1326996000000,352456000000,0.264,,349878000000,,,,,,,,,,,,true,false,12,2020-04-01,2021-03-31,-1
2022-02-09,9007,2021-03-31,3,,,,,,,,,,,,,,,,,,,,,,,,,,,,,10.00,,,,368497717,5327705,,false,false,12,2020-04-01,2021-03-31,-1
2022-02-09,9007,2022-03-31,3,,,,,,,,,,,,,,,,,,,,,,,,,,,,,0.00,,,,,,,false,false,12,2021-04-01,2022-03-31,0
2022-02-09,9007,2022-03-31,3,,,,,,,,,,,,,,,,,,,,,,,,,,,,,10.00,,,,,,,false,true,12,2021-04-01,2022-03-31,0
2022-02-09,9007,2022-03-31,3,,,,,,,,,,,,,,,,,,,,,,,,,,,,,,,,,368497717,5313634,363176872,false,false,9,2021-04-01,2021-12-31,0
2022-02-09,9007,2021-03-31,3,,,,,,,,,,,,,,,,,,,,,,,,,,,,,,,,,,,363166807,false,false,9,2020-04-01,2020-12-31,-1
2022-04-28,9007,2022-03-31,,,,,,358753000000,,6152000000,,4699000000,,,12116000000,,33.36,,0.035,0.004,0.017,,1285230000000,349257000000,0.270,954.58,346862000000,48617000000,-45515000000,-30573000000,21852000000,,0.300,,,,,,true,false,12,2021-04-01,2022-03-31,0
2022-04-28,9007,2021-03-31,,,,,,385978000000,-0.277,-24190000000,,-31223000000,,,-39804000000,,-109.60,,-0.108,-0.024,-0.063,,1326996000000,352456000000,0.264,963.40,349878000000,27178000000,-43582000000,37207000000,49267000000,,,,,,,,true,false,12,2020-04-01,2021-03-31,-1
2022-04-28,9007,2023-03-31,,,,,,195500000000,0.119,14800000000,4.269,14000000000,4.496,,7600000000,,20.92,,,,,,,,,,,,,,,,,,,,,,true,true,6,2022-04-01,2022-09-30,1
2022-04-28,9007,2023-03-31,,,,,,401100000000,0.118,24600000000,2.998,22300000000,3.745,,10000000000,,27.52,,,,,,,,,,,,,,,,0.363,,,,,,true,true,12,2022-04-01,2023-03-31,1
2022-04-28,9007,2022-03-31,,,,,,131365000000,,14170000000,,6523000000,,13576000000,,,37.16,,,,,,1108060000000,313381000000,0.283,857.62,313381000000,,,,,10.00,,,,368497717,5132551,363208463,false,false,12,2021-04-01,2022-03-31,0
2022-04-28,9007,2021-03-31,,,,,,114366000000,-0.335,-3224000000,,-14664000000,,-19702000000,,,-53.92,,,,,,1149616000000,314816000000,0.274,861.58,314816000000,,,,,10.00,,,,368497717,5327705,363167785,false,false,12,2020-04-01,2021-03-31,-1
2022-04-28,9007,2023-03-31,,,,,,,,,,,,,,,,,,,,,,,,,,,,,,10.00,,,,,,,false,true,12,2022-04-01,2023-03-31,1
2022-07-29,9007,2023-03-31,1,,,,,91469000000,0.035,7252000000,1.324,8665000000,1.384,,5593000000,,15.39,,,,,,1298933000000,351285000000,0.269,,348869000000,,,,,,,,,,,,true,false,3,2022-04-01,2022-06-30,0
2022-07-29,9007,2022-03-31,1,,,,,88355000000,,3120000000,,3634000000,,,7341000000,,20.22,,,,,,,,,,,,,,,,,,,,,,true,false,3,2021-04-01,2021-06-30,-1
2022-07-29,9007,2023-03-31,1,,,,,195500000000,0.119,14800000000,4.269,14000000000,4.496,,7600000000,,20.92,,,,,,,,,,,,,,,,,,,,,,true,true,6,2022-04-01,2022-09-30,0
2022-07-29,9007,2023-03-31,1,,,,,401100000000,0.118,24600000000,2.998,22300000000,3.745,,10000000000,,27.52,,,,,,,,,,,,,,,,,,,,,,true,true,12,2022-04-01,2023-03-31,0
2022-07-29,9007,2022-03-31,1,,,,,,,,,,,,,,,,,,,,1285230000000,349257000000,0.270,,346862000000,,,,,,,,,,,,true,false,12,2021-04-01,2022-03-31,-1
2022-07-29,9007,2022-03-31,1,,,,,,,,,,,,,,,,,,,,,,,,,,,,,10.00,,,,368497717,5132551,,false,false,12,2021-04-01,2022-03-31,-1
2022-07-29,9007,2023-03-31,1,,,,,,,,,,,,,,,,,,,,,,,,,,,,,10.00,,,,,,,false,true,12,2022-04-01,2023-03-31,0
2022-07-29,9007,2023-03-31,1,,,,,,,,,,,,,,,,,,,,,,,,,,,,,,,,,368497717,5133336,363364930,false,false,3,2022-04-01,2022-06-30,0
2022-07-29,9007,2022-03-31,1,,,,,,,,,,,,,,,,,,,,,,,,,,,,,,,,,,,363169726,false,false,3,2021-04-01,2021-06-30,-1
2022-10-28,9007,2023-03-31,2,,,,,189984000000,0.087,14512000000,4.167,14736000000,4.785,,10086000000,,27.76,,,,,,1282434000000,355297000000,0.275,,352850000000,,,,,,,,,,,,true,false,6,2022-04-01,2022-09-30,0
2022-10-28,9007,2022-03-31,2,,,,,174777000000,,2808000000,,2547000000,,,7986000000,,21.99,,,,,,,,,,,,,,,,,,,,,,true,false,6,2021-04-01,2021-09-30,-1
2022-10-28,9007,2023-03-31,2,,,,,391400000000,0.091,19600000000,2.186,18300000000,2.894,,10000000000,,27.52,,,,,,,,,,,,,,,,,,,,,,true,true,12,2022-04-01,2023-03-31,0
2022-10-28,9007,2022-03-31,2,,,,,,,,,,,,,,,,,,,,1285230000000,349257000000,0.270,,346862000000,,,,,,,,,,,,true,false,12,2021-04-01,2022-03-31,-1
2022-10-28,9007,2022-03-31,2,,,,,,,,,,,,,,,,,,,,,,,,,,,,,10.00,,,,368497717,5132551,,false,false,12,2021-04-01,2022-03-31,-1
2022-10-28,9007,2023-03-31,2,,,,,,,,,,,,,,,,,,,,,,,,,,,,,0.00,,,,,,,false,false,12,2022-04-01,2023-03-31,0
2022-10-28,9007,2023-03-31,2,,,,,,,,,,,,,,,,,,,,,,,,,,,,,10.00,,,,,,,false,true,12,2022-04-01,2023-03-31,0
2022-10-28,9007,2023-03-31,2,,,,,,,,,,,,,,,,,,,,,,,,,,,,,,,,,368497717,5117529,363368162,false,false,6,2022-04-01,2022-09-30,0
2022-10-28,9007,2022-03-31,2,,,,,,,,,,,,,,,,,,,,,,,,,,,,,,,,,,,363173012,false,false,6,2021-04-01,2021-09-30,-1
2023-02-08,9007,2023-03-31,3,,,,,295648000000,0.104,23842000000,1.609,23828000000,1.926,,10967000000,,30.18,,,,,,1284183000000,357821000000,0.277,,355380000000,,,,,,,,,,,,true,false,9,2022-04-01,2022-12-31,0
2023-02-08,9007,2022-03-31,3,,,,,267732000000,,9137000000,,8144000000,,,15985000000,,44.02,,,,,,,,,,,,,,,,,,,,,,true,false,9,2021-04-01,2021-12-31,-1
2023-02-08,9007,2023-03-31,3,,,,,391400000000,0.091,21600000000,2.511,19000000000,3.043,,11500000000,,31.65,,,,,,,,,,,,,,,,,,,,,,true,true,12,2022-04-01,2023-03-31,0
2023-02-08,9007,2022-03-31,3,,,,,,,,,,,,,,,,,,,,1285230000000,349257000000,0.270,,346862000000,,,,,,,,,,,,true,false,12,2021-04-01,2022-03-31,-1
2023-02-08,9007,2022-03-31,3,,,,,,,,,,,,,,,,,,,,,,,,,,,,,10.00,,,,368497717,5132551,,false,false,12,2021-04-01,2022-03-31,-1
2023-02-08,9007,2023-03-31,3,,,,,,,,,,,,,,,,,,,,,,,,,,,,,0.00,,,,,,,false,false,12,2022-04-01,2023-03-31,0
2023-02-08,9007,2023-03-31,3,,,,,,,,,,,,,,,,,,,,,,,,,,,,,10.00,,,,,,,false,true,12,2022-04-01,2023-03-31,0
2023-02-08,9007,2023-03-31,3,,,,,,,,,,,,,,,,,,,,,,,,,,,,,,,,,368497717,5117940,363372159,false,false,9,2022-04-01,2022-12-31,0
2023-02-08,9007,2022-03-31,3,,,,,,,,,,,,,,,,,,,,,,,,,,,,,,,,,,,363176872,false,false,9,2021-04-01,2021-12-31,-1
2023-03-23,90070,2023-03-31,,,,,,391400000000,0.000,21600000000,0.000,19000000000,0.000,,36400000000,,100.17,,,,,,,,,,,,,,,,,,,,,,true,true,12,2022-04-01,2023-03-31,0
2023-03-23,90070,2022-03-31,,,,,,358753000000,,6152000000,,4699000000,,,12116000000,,33.36,,,,,,,,,,,,,,,,,,,,,,true,false,12,2021-04-01,2022-03-31,-1
2023-03-23,90070,2023-03-31,,,,,,,,,,,,,,,,,,,,,,,,,,,,,,21.00,,,,,,,false,true,12,2022-04-01,2023-03-31,0
2023-03-23,90070,2023-03-31,,,,,,,,,,,,,,,,,,,,,,,,,,,,,,0.00,,,,,,,false,false,12,2022-04-01,2023-03-31,0
2023-03-23,90070,2022-03-31,,,,,,,,,,,,,,,,,,,,,,,,,,,,,,10.00,,,,,,,false,false,12,2021-04-01,2022-03-31,-1
2023-04-28,9007,2023-03-31,,,,,,395159000000,0.101,26601000000,3.324,25119000000,4.345,,40736000000,,112.11,,0.111,0.020,0.067,,1279976000000,388490000000,0.303,1066.07,387387000000,62928000000,34712000000,-51056000000,67474000000,,0.187,,,,,,true,false,12,2022-04-01,2023-03-31,0
2023-04-28,9007,2022-03-31,,,,,,358753000000,,6152000000,,4699000000,,,12116000000,,33.36,,0.035,0.004,0.017,,1285230000000,349257000000,0.270,954.58,346862000000,48617000000,-45515000000,-30573000000,21852000000,,0.300,,,,,,true,false,12,2021-04-01,2022-03-31,-1
2023-04-28,9007,2024-03-31,,,,,,187900000000,-0.011,16700000000,0.151,15900000000,0.079,,53000000000,,145.85,,,,,,,,,,,,,,,,,,,,,,true,true,6,2023-04-01,2023-09-30,1
2023-04-28,9007,2024-03-31,,,,,,400000000000,0.012,35000000000,0.316,32700000000,0.302,,62800000000,,172.82,,,,,,,,,,,,,,,,0.127,,,,,,true,true,12,2023-04-01,2024-03-31,1
2023-04-28,9007,2023-03-31,,,,,,144058000000,0.097,19899000000,0.404,16899000000,1.590,28089000000,,1.069,76.87,,,,,,1096840000000,338974000000,0.309,927.63,338974000000,,,,,21.00,,,,368497717,5118555,363374015,false,false,12,2022-04-01,2023-03-31,0
2023-04-28,9007,2022-03-31,,,,,,131365000000,,14170000000,,6523000000,,13576000000,,,37.16,,,,,,1108060000000,313381000000,0.283,857.62,313381000000,,,,,10.00,,,,368497717,5132551,363208463,false,false,12,2021-04-01,2022-03-31,-1
2023-04-28,9007,2024-03-31,,,,,,,,,,,,,,,,,,,,,,,,,,,,,,22.00,,,,,,,false,true,12,2023-04-01,2024-03-31,1
2023-07-28,9007,2024-03-31,1,,,,,100527000000,0.099,14620000000,1.016,15392000000,0.776,,10855000000,,29.87,,,,,,1344095000000,394513000000,0.293,,393379000000,,,,,,,,,,,,true,false,3,2023-04-01,2023-06-30,0
2023-07-28,9007,2023-03-31,1,,,,,91469000000,0.035,7252000000,1.324,8665000000,1.384,,5593000000,,15.39,,,,,,,,,,,,,,,,,,,,,,true,false,3,2022-04-01,2022-06-30,-1
2023-07-28,9007,2024-03-31,1,,,,,187900000000,-0.011,16700000000,0.151,15900000000,0.079,,53000000000,,145.85,,,,,,,,,,,,,,,,,,,,,,true,true,6,2023-04-01,2023-09-30,0
2023-07-28,9007,2024-03-31,1,,,,,400000000000,0.012,35000000000,0.316,32700000000,0.302,,62800000000,,172.82,,,,,,,,,,,,,,,,,,,,,,true,true,12,2023-04-01,2024-03-31,0
2023-07-28,9007,2023-03-31,1,,,,,,,,,,,,,,,,,,,,1279976000000,388490000000,0.303,,387387000000,,,,,,,,,,,,true,false,12,2022-04-01,2023-03-31,-1
2023-07-28,9007,2023-03-31,1,,,,,,,,,,,,,,,,,,,,,,,,,,,,,21.00,,,,368497717,5118555,,false,false,12,2022-04-01,2023-03-31,-1
2023-07-28,9007,2024-03-31,1,,,,,,,,,,,,,,,,,,,,,,,,,,,,,22.00,,,,,,,false,true,12,2023-04-01,2024-03-31,0
2023-07-28,9007,2024-03-31,1,,,,,,,,,,,,,,,,,,,,,,,,,,,,,,,,,368497717,5119048,363379046,false,false,3,2023-04-01,2023-06-30,0
2023-07-28,9007,2023-03-31,1,,,,,,,,,,,,,,,,,,,,,,,,,,,,,,,,,,,363364930,false,false,3,2022-04-01,2022-06-30,-1
2023-09-21,90070,2024-03-31,,,,,,194800000000,0.037,24700000000,0.479,24500000000,0.541,,25100000000,,69.07,,,,,,,,,,,,,,,,,,,,,,true,true,6,2023-04-01,2023-09-30,0
2023-09-21,90070,2023-03-31,,,,,,189984000000,,14512000000,,14736000000,,,10086000000,,27.76,,,,,,,,,,,,,,,,,,,,,,true,false,6,2022-04-01,2022-09-30,-1
2023-10-31,9007,2024-03-31,2,,,,,196254000000,0.033,26601000000,0.833,27041000000,0.835,,26124000000,,71.89,,,,,,1293013000000,413624000000,0.319,,412474000000,,,,,,,,,,,,true,false,6,2023-04-01,2023-09-30,0
2023-10-31,9007,2023-03-31,2,,,,,189984000000,0.087,14512000000,4.167,14736000000,4.785,,10086000000,,27.76,,,,,,,,,,,,,,,,,,,,,,true,false,6,2022-04-01,2022-09-30,-1
2023-10-31,9007,2024-03-31,2,,,,,409500000000,0.036,45000000000,0.692,44000000000,0.752,,71000000000,,195.39,,,,,,,,,,,,,,,,,,,,,,true,true,12,2023-04-01,2024-03-31,0
2023-10-31,9007,2023-03-31,2,,,,,,,,,,,,,,,,,,,,1279976000000,388490000000,0.303,,387387000000,,,,,,,,,,,,true,false,12,2022-04-01,2023-03-31,-1
2023-10-31,9007,2023-03-31,2,,,,,,,,,,,,,,,,,,,,,,,,,,,,,21.00,,,,368497717,5118555,,false,false,12,2022-04-01,2023-03-31,-1
2023-10-31,9007,2024-03-31,2,,,,,,,,,,,,,,,,,,,,,,,,,,,,,11.00,,,,,,,false,false,12,2023-04-01,2024-03-31,0
2023-10-31,9007,2024-03-31,2,,,,,,,,,,,,,,,,,,,,,,,,,,,,,22.00,,,,,,,false,true,12,2023-04-01,2024-03-31,0
2023-10-31,9007,2024-03-31,2,,,,,,,,,,,,,,,,,,,,,,,,,,,,,,,,,368497717,5120336,363378652,false,false,6,2023-04-01,2023-09-30,0
2023-10-31,9007,2023-03-31,2,,,,,,,,,,,,,,,,,,,,,,,,,,,,,,,,,,,363368162,false,false,6,2022-04-01,2022-09-30,-1
2024-02-08,9007,2024-03-31,3,,,,,293633000000,-0.007,40423000000,0.695,40578000000,0.703,,31110000000,,85.65,,,,,,1276476000000,400264000000,0.313,,399414000000,,,,,,,,,,,,true,false,9,2023-04-01,2023-12-31,0
2024-02-08,9007,2023-03-31,3,,,,,295648000000,0.104,23842000000,1.609,23828000000,1.926,,10967000000,,30.18,,,,,,,,,,,,,,,,,,,,,,true,false,9,2022-04-01,2022-12-31,-1
2024-02-08,9007,2024-03-31,3,,,,,412000000000,0.043,47000000000,0.767,46000000000,0.831,,73000000000,,201.72,,,,,,,,,,,,,,,,,,,,,,true,true,12,2023-04-01,2024-03-31,0
2024-02-08,9007,2023-03-31,3,,,,,,,,,,,,,,,,,,,,1279976000000,388490000000,0.303,,387387000000,,,,,,,,,,,,true,false,12,2022-04-01,2023-03-31,-1
2024-02-08,9007,2023-03-31,3,,,,,,,,,,,,,,,,,,,,,,,,,,,,,21.00,,,,368497717,5118555,,false,false,12,2022-04-01,2023-03-31,-1
2024-02-08,9007,2024-03-31,3,,,,,,,,,,,,,,,,,,,,,,,,,,,,,11.00,,,,,,,false,false,12,2023-04-01,2024-03-31,0
2024-02-08,9007,2024-03-31,3,,,,,,,,,,,,,,,,,,,,,,,,,,,,,22.00,,,,,,,false,true,12,2023-04-01,2024-03-31,0
2024-02-08,9007,2024-03-31,3,,,,,,,,,,,,,,,,,,,,,,,,,,,,,,,,,368497717,10674051,363236755,false,false,9,2023-04-01,2023-12-31,0
2024-02-08,9007,2023-03-31,3,,,,,,,,,,,,,,,,,,,,,,,,,,,,,,,,,,,363372159,false,false,9,2022-04-01,2022-12-31,-1
2024-05-14,9007,2024-03-31,,,,,,409837000000,0.037,50766000000,0.908,50670000000,1.017,,81524000000,,225.28,,0.193,0.039,0.124,,1301567000000,460109000000,0.353,1283.47,459252000000,71626000000,23435000000,-102079000000,60532000000,,0.132,,,,,,true,false,12,2023-04-01,2024-03-31,0
2024-05-14,9007,2023-03-31,,,,,,395159000000,0.101,26601000000,3.324,25119000000,4.345,,40736000000,,112.11,,0.111,0.020,0.067,,1279976000000,388490000000,0.303,1066.07,387387000000,62928000000,34712000000,-51056000000,67474000000,,0.187,,,,,,true,false,12,2022-04-01,2023-03-31,-1
2024-05-14,9007,2025-03-31,,,,,,208800000000,0.064,24000000000,-0.098,24800000000,-0.083,,29000000000,,81.05,,,,,,,,,,,,,,,,,,,,,,true,true,6,2024-04-01,2024-09-30,1
2024-05-14,9007,2025-03-31,,,,,,424000000000,0.035,42000000000,-0.173,41000000000,-0.191,,38000000000,,106.20,,,,,,,,,,,,,,,,0.284,,,,,,true,true,12,2024-04-01,2025-03-31,1
2024-05-14,9007,2024-03-31,,,,,,154545000000,0.073,31602000000,0.588,36555000000,1.163,70797000000,,1.520,194.53,,,,,,1109048000000,393314000000,0.355,1092.95,393314000000,,,,,30.00,,,,368497717,10675357,361890803,false,false,12,2023-04-01,2024-03-31,0
2024-05-14,9007,2023-03-31,,,,,,144058000000,0.097,19899000000,0.404,16899000000,1.590,28089000000,,1.069,76.87,,,,,,1096840000000,338974000000,0.309,927.63,338974000000,,,,,21.00,,,,368497717,5118555,363374015,false,false,12,2022-04-01,2023-03-31,-1
2024-05-14,9007,2025-03-31,,,,,,,,,,,,,,,,,,,,,,,,,,,,,,30.00,,,,,,,false,true,12,2024-04-01,2025-03-31,1
2024-08-09,9007,2025-03-31,1,,,,,109596000000,0.090,16798000000,0.149,18407000000,0.196,,25124000000,,70.22,,,,,,1246603000000,479624000000,0.384,,478716000000,,,,,,,,,,,,true,false,3,2024-04-01,2024-06-30,0
2024-08-09,9007,2024-03-31,1,,,,,100527000000,0.099,14620000000,1.016,15392000000,0.776,,10855000000,,29.87,,,,,,,,,,,,,,,,,,,,,,true,false,3,2023-04-01,2023-06-30,-1
2024-08-09,9007,2025-03-31,1,,,,,208800000000,0.064,24000000000,-0.098,24800000000,-0.083,,29000000000,,81.05,,,,,,,,,,,,,,,,,,,,,,true,true,6,2024-04-01,2024-09-30,0
2024-08-09,9007,2025-03-31,1,,,,,424000000000,0.035,42000000000,-0.173,41000000000,-0.191,,38000000000,,106.20,,,,,,,,,,,,,,,,,,,,,,true,true,12,2024-04-01,2025-03-31,0
2024-08-09,9007,2024-03-31,1,,,,,,,,,,,,,,,,,,,,1301578000000,460176000000,0.353,,459319000000,,,,,,,,,,,,true,false,12,2023-04-01,2024-03-31,-1
2024-08-09,9007,2024-03-31,1,,,,,,,,,,,,,,,,,,,,,,,,,,,,,30.00,,,,368497717,10675357,,false,false,12,2023-04-01,2024-03-31,-1
2024-08-09,9007,2025-03-31,1,,,,,,,,,,,,,,,,,,,,,,,,,,,,,30.00,,,,,,,false,true,12,2024-04-01,2025-03-31,0
2024-08-09,9007,2025-03-31,1,,,,,,,,,,,,,,,,,,,,,,,,,,,,,,,,,368497717,10929508,357820187,false,false,3,2024-04-01,2024-06-30,0
2024-08-09,9007,2024-03-31,1,,,,,,,,,,,,,,,,,,,,,,,,,,,,,,,,,,,363379046,false,false,3,2023-04-01,2023-06-30,-1
2024-11-13,9007,2025-03-31,2,,,,,209744000000,0.069,29037000000,0.092,29770000000,0.101,,32980000000,,92.34,,,,,,1297707000000,474056000000,0.365,,473106000000,,,,,,,,,,,,true,false,6,2024-04-01,2024-09-30,0
2024-11-13,9007,2024-03-31,2,,,,,196254000000,0.033,26601000000,0.833,27041000000,0.835,,26124000000,,71.89,,,,,,,,,,,,,,,,,,,,,,true,false,6,2023-04-01,2023-09-30,-1
2024-11-13,9007,2025-03-31,2,,,,,424000000000,0.035,48000000000,-0.055,46700000000,-0.078,,42400000000,,120.84,,,,,,,,,,,,,,,,,,,,,,true,true,12,2024-04-01,2025-03-31,0
2024-11-13,9007,2024-03-31,2,,,,,,,,,,,,,,,,,,,,1301578000000,460176000000,0.353,,459319000000,,,,,,,,,,,,true,false,12,2023-04-01,2024-03-31,-1
2024-11-13,9007,2024-03-31,2,,,,,,,,,,,,,,,,,,,,,,,,,,,,,30.00,,,,368497717,10675357,,false,false,12,2023-04-01,2024-03-31,-1
2024-11-13,9007,2025-03-31,2,,,,,,,,,,,,,,,,,,,,,,,,,,,,,15.00,,,,,,,false,false,12,2024-04-01,2025-03-31,0
2024-11-13,9007,2025-03-31,2,,,,,,,,,,,,,,,,,,,,,,,,,,,,,30.00,,,,,,,false,true,12,2024-04-01,2025-03-31,0
2024-11-13,9007,2025-03-31,2,,,,,,,,,,,,,,,,,,,,,,,,,,,,,,,,,368497717,17017476,357162353,false,false,6,2024-04-01,2024-09-30,0
2024-11-13,9007,2024-03-31,2,,,,,,,,,,,,,,,,,,,,,,,,,,,,,,,,,,,363378652,false,false,6,2023-04-01,2023-09-30,-1
2025-02-13,9007,2025-03-31,3,,,,,312470000000,0.064,44675000000,0.105,45032000000,0.110,,43486000000,,122.66,,,,,,1307734000000,472704000000,0.361,,471715000000,,,,,,,,,,,,true,false,9,2024-04-01,2024-12-31,0
2025-02-13,9007,2024-03-31,3,,,,,293633000000,-0.007,40423000000,0.695,40578000000,0.703,,31110000000,,85.65,,,,,,,,,,,,,,,,,,,,,,true,false,9,2023-04-01,2023-12-31,-1
2025-02-13,9007,2025-03-31,3,,,,,424000000000,0.035,51000000000,0.005,50000000000,-0.013,,44000000000,,124.92,,,,,,,,,,,,,,,,,,,,,,true,true,12,2024-04-01,2025-03-31,0
2025-02-13,9007,2024-03-31,3,,,,,,,,,,,,,,,,,,,,1301578000000,460176000000,0.353,,459319000000,,,,,,,,,,,,true,false,12,2023-04-01,2024-03-31,-1
2025-02-13,9007,2024-03-31,3,,,,,,,,,,,,,,,,,,,,,,,,,,,,,30.00,,,,368497717,10675357,,false,false,12,2023-04-01,2024-03-31,-1
2025-02-13,9007,2025-03-31,3,,,,,,,,,,,,,,,,,,,,,,,,,,,,,15.00,,,,,,,false,false,12,2024-04-01,2025-03-31,0
2025-02-13,9007,2025-03-31,3,,,,,,,,,,,,,,,,,,,,,,,,,,,,,30.00,,,,,,,false,true,12,2024-04-01,2025-03-31,0
2025-02-13,9007,2025-03-31,3,,,,,,,,,,,,,,,,,,,,,,,,,,,,,,,,,368497717,23280476,354530813,false,false,9,2024-04-01,2024-12-31,0
2025-02-13,9007,2024-03-31,3,,,,,,,,,,,,,,,,,,,,,,,,,,,,,,,,,,,363236755,false,false,9,2023-04-01,2023-12-31,-1
2025-05-13,9007,2025-03-31,,,,,,422700000000,0.031,51431000000,0.013,50474000000,-0.004,,51958000000,,147.51,,0.111,0.039,0.122,,1299991000000,479263000000,0.368,1385.44,478276000000,55877000000,-74495000000,-7040000000,34952000000,,0.268,,,,,,true,false,12,2024-04-01,2025-03-31,0
2025-05-13,9007,2024-03-31,,,,,,409837000000,0.037,50766000000,0.908,50670000000,1.017,,81524000000,,225.28,,0.193,0.039,0.124,,1301578000000,460176000000,0.353,1283.65,459319000000,71626000000,23435000000,-102079000000,60532000000,,0.132,,,,,,true,false,12,2023-04-01,2024-03-31,-1
2025-05-13,9007,2026-03-31,,,,,,200000000000,-0.046,27000000000,-0.070,27000000000,-0.093,,21000000000,,60.83,,,,,,,,,,,,,,,,,,,,,,true,true,6,2025-04-01,2025-09-30,1
2025-05-13,9007,2026-03-31,,,,,,425000000000,0.005,53000000000,0.030,51000000000,0.010,,35000000000,,101.39,,,,,,,,,,,,,,,,0.493,,,,,,true,true,12,2025-04-01,2026-03-31,1
2025-05-13,9007,2025-03-31,,,,,,158757000000,0.027,33586000000,0.063,34572000000,-0.054,41594000000,,-0.412,117.41,,,,,,1086582000000,397856000000,0.366,1145.70,397856000000,,,,,40.00,,,,368497717,23281182,352234247,false,false,12,2024-04-01,2025-03-31,0
2025-05-13,9007,2024-03-31,,,,,,154545000000,0.073,31602000000,0.588,36555000000,1.163,70797000000,,1.520,194.53,,,,,,1109048000000,393314000000,0.355,1092.95,393314000000,,,,,30.00,,,,368497717,10675357,361890803,false,false,12,2023-04-01,2024-03-31,-1
2025-05-13,9007,2026-03-31,,,,,,,,,,,,,,,,,,,,,,,,,,,,,,50.00,,,,,,,false,true,12,2025-04-01,2026-03-31,1
