filing_date,code,fiscal_year_end,quarterly_period,net_sales,net_sales_change,revenue,revenue_change,operating_revenue,operating_revenue_change,operating_profit,operating_profit_change,ordinary_profit,ordinary_profit_change,net_income,net_income_of_parent,net_income_change,eps,diluted_eps,roe,roa,operating_profit_to_net_sales,operating_profit_to_revenue,total_assets,net_assets,equity_ratio,bps,owner_equity,operating_cash_flow,investing_cash_flow,financing_cash_flow,cash,dividend_per_share,payout_ratio,commemorative_dividend,extra_dividend,number_of_shares,number_of_treqsury_shares,avg_number_of_shares,is_consolidated,is_forecast,duration,period_start,period_end,period_pos
2015-07-31,90090,2016-03-31,1,60499000000,0.008,,,,,7974000000,0.242,11134000000,0.157,,8324000000,,24.59,,,,,,778871000000,275587000000,0.345,,268495000000,,,,,,,,,,,,true,false,3,2015-04-01,2015-06-30,0
2015-07-31,90090,2015-03-31,1,60033000000,0.003,,,,,6422000000,-0.088,9623000000,-0.021,,6962000000,,20.56,,,,,,,,,,,,,,,,,,,,,,true,false,3,2014-04-01,2014-06-30,-1
2015-07-31,90090,2016-03-31,1,122900000000,0.013,,,,,13000000000,0.049,19700000000,0.028,,14800000000,,43.71,,,,,,,,,,,,,,,,,,,,,,true,true,6,2015-04-01,2015-09-30,0
2015-07-31,90090,2016-03-31,1,247000000000,-0.008,,,,,23700000000,-0.025,37300000000,0.003,,27100000000,,80.04,,,,,,,,,,,,,,,,,,,,,,true,true,12,2015-04-01,2016-03-31,0
2015-07-31,90090,2015-03-31,1,,,,,,,,,,,,,,,,,,,,782257000000,267622000000,0.334,,260918000000,,,,,,,,,,,,true,false,12,2014-04-01,2015-03-31,-1
2015-07-31,90090,2015-03-31,1,,,,,,,,,,,,,,,,,,,,,,,,,,,,,6.00,,,,344822371,6242116,,false,false,12,2014-04-01,2015-03-31,-1
2015-07-31,90090,2016-03-31,1,,,,,,,,,,,,,,,,,,,,,,,,,,,,,6.00,,,,,,,false,true,12,2015-04-01,2016-03-31,0
2015-07-31,90090,2016-03-31,1,,,,,,,,,,,,,,,,,,,,,,,,,,,,,,,,,344822371,6242638,338580114,false,false,3,2015-04-01,2015-06-30,0
2015-07-31,90090,2015-03-31,1,,,,,,,,,,,,,,,,,,,,,,,,,,,,,,,,,,,338580306,false,false,3,2014-04-01,2014-06-30,-1
2015-10-30,90090,2016-03-31,2,125616000000,0.036,,,,,16596000000,0.340,23845000000,0.244,,17818000000,,52.63,,,,,,758129000000,284672000000,0.365,,277077000000,,,,,,,,,,,,true,false,6,2015-04-01,2015-09-30,0
2015-10-30,90090,2015-03-31,2,121264000000,0.013,,,,,12387000000,-0.061,19162000000,-0.034,,14401000000,,42.53,,,,,,,,,,,,,,,,,,,,,,true,false,6,2014-04-01,2014-09-30,-1
2015-10-30,90090,2016-03-31,2,249900000000,0.004,,,,,26800000000,0.102,40800000000,0.098,,29400000000,,86.83,,,,,,,,,,,,,,,,,,,,,,true,true,12,2015-04-01,2016-03-31,0
2015-10-30,90090,2015-03-31,2,,,,,,,,,,,,,,,,,,,,782257000000,267622000000,0.334,,260918000000,,,,,,,,,,,,true,false,12,2014-04-01,2015-03-31,-1
2015-10-30,90090,2015-03-31,2,,,,,,,,,,,,,,,,,,,,,,,,,,,,,6.00,,,,344822371,6242116,,false,false,12,2014-04-01,2015-03-31,-1
2015-10-30,90090,2016-03-31,2,,,,,,,,,,,,,,,,,,,,,,,,,,,,,3.00,,,,,,,false,false,12,2015-04-01,2016-03-31,0
2015-10-30,90090,2016-03-31,2,,,,,,,,,,,,,,,,,,,,,,,,,,,,,6.00,,,,,,,false,true,12,2015-04-01,2016-03-31,0
2015-10-30,90090,2016-03-31,2,,,,,,,,,,,,,,,,,,,,,,,,,,,,,,,,,344822371,6242946,338579818,false,false,6,2015-04-01,2015-09-30,0
2015-10-30,90090,2015-03-31,2,,,,,,,,,,,,,,,,,,,,,,,,,,,,,,,,,,,338580330,false,false,6,2014-04-01,2014-09-30,-1
2016-01-29,90090,2016-03-31,3,187595000000,0.034,,,,,25960000000,0.338,38895000000,0.253,,28863000000,,85.25,,,,,,768793000000,295970000000,0.374,,287801000000,,,,,,,,,,,,true,false,9,2015-04-01,2015-12-31,0
2016-01-29,90090,2015-03-31,3,181340000000,0.013,,,,,19398000000,-0.022,31037000000,-0.017,,23324000000,,68.89,,,,,,,,,,,,,,,,,,,,,,true,false,9,2014-04-01,2014-12-31,-1
2016-01-29,90090,2016-03-31,3,249900000000,0.004,,,,,26800000000,0.102,40800000000,0.098,,29400000000,,86.83,,,,,,,,,,,,,,,,,,,,,,true,true,12,2015-04-01,2016-03-31,0
2016-01-29,90090,2015-03-31,3,,,,,,,,,,,,,,,,,,,,782257000000,267622000000,0.334,,260918000000,,,,,,,,,,,,true,false,12,2014-04-01,2015-03-31,-1
2016-01-29,90090,2015-03-31,3,,,,,,,,,,,,,,,,,,,,,,,,,,,,,6.00,,,,344822371,6242116,,false,false,12,2014-04-01,2015-03-31,-1
2016-01-29,90090,2016-03-31,3,,,,,,,,,,,,,,,,,,,,,,,,,,,,,3.00,,,,,,,false,false,12,2015-04-01,2016-03-31,0
2016-01-29,90090,2016-03-31,3,,,,,,,,,,,,,,,,,,,,,,,,,,,,,6.00,,,,,,,false,true,12,2015-04-01,2016-03-31,0
2016-01-29,90090,2016-03-31,3,,,,,,,,,,,,,,,,,,,,,,,,,,,,,,,,,344822371,6243942,338579420,false,false,9,2015-04-01,2015-12-31,0
2016-01-29,90090,2015-03-31,3,,,,,,,,,,,,,,,,,,,,,,,,,,,,,,,,,,,338580535,false,false,9,2014-04-01,2014-12-31,-1
,90090,2016-03-31,,,,,,,,,,,,,,,,,,,,,,,,,,,,,,6.50,,,,,,,false,true,12,2015-04-01,2016-03-31,0
,90090,2016-03-31,,,,,,,,,,,,,,,,,,,,,,,,,,,,,,3.00,,,,,,,false,false,12,2015-04-01,2016-03-31,0
,90090,2015-03-31,,,,,,,,,,,,,,,,,,,,,,,,,,,,,,6.00,,,,,,,false,false,12,2014-04-01,2015-03-31,-1
2016-04-28,90090,2016-03-31,,251204000000,0.009,,,,,28234000000,0.161,42572000000,0.145,,30997000000,,91.55,,0.113,0.054,0.112,,781280000000,296374000000,0.368,850.15,287843000000,45759000000,-19372000000,-19922000000,31471000000,,0.071,,,,,,true,false,12,2015-04-01,2016-03-31,0
2016-04-28,90090,2015-03-31,,249016000000,0.016,,,,,24313000000,0.003,37169000000,0.005,,25683000000,,75.86,,0.103,0.048,0.098,,782257000000,267622000000,0.334,770.62,260918000000,48223000000,-27606000000,-22294000000,25007000000,,0.079,,,,,,true,false,12,2014-04-01,2015-03-31,-1
2016-04-28,90090,2017-03-31,,120700000000,-0.039,,,,,14400000000,-0.132,21400000000,-0.103,,16400000000,,48.44,,,,,,,,,,,,,,,,,,,,,,true,true,6,2016-04-01,2016-09-30,1
2016-04-28,90090,2017-03-31,,247000000000,-0.017,,,,,27000000000,-0.044,42600000000,0.001,,31800000000,,93.92,,,,,,,,,,,,,,,,0.069,,,,,,true,true,12,2016-04-01,2017-03-31,1
2016-04-28,90090,2016-03-31,,79618000000,0.038,,,,,14047000000,0.190,15683000000,0.207,10732000000,,0.266,31.24,,,,,,519113000000,137674000000,0.265,400.69,137674000000,,,,,6.50,,,,344822371,6243942,338579192,false,false,12,2015-04-01,2016-03-31,0
2016-04-28,90090,2015-03-31,,76673000000,-0.000,,,,,11801000000,0.004,12995000000,0.073,8478000000,,-0.058,24.68,,,,,,531532000000,129536000000,0.244,377.00,129536000000,,,,,6.00,,,,344822371,6242116,338580551,false,false,12,2014-04-01,2015-03-31,-1
2016-04-28,90090,2017-03-31,,75300000000,-0.054,,,,,14100000000,0.004,16300000000,0.039,11800000000,,0.099,34.34,,,,,,,,,,,,,,,6.50,,,,,,,false,true,12,2016-04-01,2017-03-31,1
,90090,2017-03-31,,,,,,,,,,,,,,,,,,,,,,,,,,,,,,7.00,,,,,,,false,true,12,2016-04-01,2017-03-31,0
,90090,2016-03-31,,,,,,,,,,,,,,,,,,,,,,,,,,,,,,6.50,,,,,,,false,false,12,2015-04-01,2016-03-31,-1
2016-07-29,90090,2017-03-31,1,61165000000,0.011,,,,,8960000000,0.124,12529000000,0.125,,9201000000,,27.18,,,,,,777852000000,303967000000,0.379,,295101000000,,,,,,,,,,,,true,false,3,2016-04-01,2016-06-30,0
2016-07-29,90090,2016-03-31,1,60499000000,0.008,,,,,7974000000,0.242,11134000000,0.157,,8324000000,,24.59,,,,,,,,,,,,,,,,,,,,,,true,false,3,2015-04-01,2015-06-30,-1
2016-07-29,90090,2017-03-31,1,120700000000,-0.039,,,,,14400000000,-0.132,21400000000,-0.103,,16400000000,,48.44,,,,,,,,,,,,,,,,,,,,,,true,true,6,2016-04-01,2016-09-30,0
2016-07-29,90090,2017-03-31,1,247000000000,-0.017,,,,,27000000000,-0.044,42600000000,0.001,,31800000000,,187.84,,,,,,,,,,,,,,,,,,,,,,true,true,12,2016-04-01,2017-03-31,0
2016-07-29,90090,2016-03-31,1,,,,,,,,,,,,,,,,,,,,781280000000,296374000000,0.368,,287843000000,,,,,,,,,,,,true,false,12,2015-04-01,2016-03-31,-1
2016-07-29,90090,2016-03-31,1,,,,,,,,,,,,,,,,,,,,,,,,,,,,,6.50,,,,344822371,6243942,,false,false,12,2015-04-01,2016-03-31,-1
2016-07-29,90090,2017-03-31,1,,,,,,,,,,,,,,,,,,,,,,,,,,,,,7.00,,,,,,,false,true,12,2016-04-01,2017-03-31,0
2016-07-29,90090,2017-03-31,1,,,,,,,,,,,,,,,,,,,,,,,,,,,,,,,,,344822371,6266672,338566939,false,false,3,2016-04-01,2016-06-30,0
2016-07-29,90090,2016-03-31,1,,,,,,,,,,,,,,,,,,,,,,,,,,,,,,,,,,,338580114,false,false,3,2015-04-01,2015-06-30,-1
2016-10-31,90090,2017-03-31,2,121580000000,-0.032,,,,,17253000000,0.040,25263000000,0.059,,19005000000,,112.27,,,,,,781867000000,314419000000,0.390,,305038000000,,,,,,,,,,,,true,false,6,2016-04-01,2016-09-30,0
2016-10-31,90090,2016-03-31,2,125616000000,0.036,,,,,16596000000,0.340,23845000000,0.244,,17818000000,,105.26,,,,,,,,,,,,,,,,,,,,,,true,false,6,2015-04-01,2015-09-30,-1
2016-10-31,90090,2017-03-31,2,246400000000,-0.019,,,,,28200000000,-0.001,43800000000,0.029,,32700000000,,193.17,,,,,,,,,,,,,,,,,,,,,,true,true,12,2016-04-01,2017-03-31,0
2016-10-31,90090,2016-03-31,2,,,,,,,,,,,,,,,,,,,,781280000000,296374000000,0.368,,287843000000,,,,,,,,,,,,true,false,12,2015-04-01,2016-03-31,-1
2016-10-31,90090,2016-03-31,2,,,,,,,,,,,,,,,,,,,,,,,,,,,,,6.50,,,,172411185,3121970,,false,false,12,2015-04-01,2016-03-31,-1
2016-10-31,90090,2017-03-31,2,,,,,,,,,,,,,,,,,,,,,,,,,,,,,3.00,,,,,,,false,false,12,2016-04-01,2017-03-31,0
2016-10-31,90090,2017-03-31,2,,,,,,,,,,,,,,,,,,,,,,,,,,,,,7.00,,,,,,,false,true,12,2016-04-01,2017-03-31,0
2016-10-31,90090,2017-03-31,2,,,,,,,,,,,,,,,,,,,,,,,,,,,,,,,,,172411185,3133335,169281061,false,false,6,2016-04-01,2016-09-30,0
2016-10-31,90090,2016-03-31,2,,,,,,,,,,,,,,,,,,,,,,,,,,,,,,,,,,,169289910,false,false,6,2015-04-01,2015-09-30,-1
2017-01-31,90090,2017-03-31,3,181570000000,-0.032,,,,,25843000000,-0.005,39560000000,0.017,,30189000000,,178.34,,,,,,788764000000,327120000000,0.402,,317204000000,,,,,,,,,,,,true,false,9,2016-04-01,2016-12-31,0
2017-01-31,90090,2016-03-31,3,187595000000,0.034,,,,,25960000000,0.338,38895000000,0.253,,28863000000,,170.50,,,,,,,,,,,,,,,,,,,,,,true,false,9,2015-04-01,2015-12-31,-1
2017-01-31,90090,2017-03-31,3,246400000000,-0.019,,,,,28200000000,-0.001,43800000000,0.029,,32700000000,,193.17,,,,,,,,,,,,,,,,,,,,,,true,true,12,2016-04-01,2017-03-31,0
2017-01-31,90090,2016-03-31,3,,,,,,,,,,,,,,,,,,,,781280000000,296374000000,0.368,,287843000000,,,,,,,,,,,,true,false,12,2015-04-01,2016-03-31,-1
2017-01-31,90090,2016-03-31,3,,,,,,,,,,,,,,,,,,,,,,,,,,,,,6.50,,,,172411185,3121970,,false,false,12,2015-04-01,2016-03-31,-1
2017-01-31,90090,2017-03-31,3,,,,,,,,,,,,,,,,,,,,,,,,,,,,,3.00,,,,,,,false,false,12,2016-04-01,2017-03-31,0
2017-01-31,90090,2017-03-31,3,,,,,,,,,,,,,,,,,,,,,,,,,,,,,7.00,,,,,,,false,true,12,2016-04-01,2017-03-31,0
2017-01-31,90090,2017-03-31,3,,,,,,,,,,,,,,,,,,,,,,,,,,,,,,,,,172411185,3131018,169280208,false,false,9,2016-04-01,2016-12-31,0
2017-01-31,90090,2016-03-31,3,,,,,,,,,,,,,,,,,,,,,,,,,,,,,,,,,,,169289711,false,false,9,2015-04-01,2015-12-31,-1
2017-04-28,90090,2017-03-31,,245837000000,-0.021,,,,,30048000000,0.064,47064000000,0.106,,35711000000,,210.96,,0.117,0.060,0.122,,795447000000,332344000000,0.405,1902.57,322067000000,45133000000,-21535000000,-31787000000,23294000000,,0.066,,,,,,true,false,12,2016-04-01,2017-03-31,0
2017-04-28,90090,2016-03-31,,251204000000,0.009,,,,,28234000000,0.161,42572000000,0.145,,30997000000,,183.10,,0.113,0.054,0.112,,781280000000,296374000000,0.368,1700.30,287843000000,45759000000,-19372000000,-19922000000,31471000000,,0.071,,,,,,true,false,12,2015-04-01,2016-03-31,-1
2017-04-28,90090,2018-03-31,,123800000000,0.018,,,,,16000000000,-0.073,23200000000,-0.082,,17100000000,,101.02,,,,,,,,,,,,,,,,,,,,,,true,true,6,2017-04-01,2017-09-30,1
2017-04-28,90090,2018-03-31,,257900000000,0.049,,,,,29500000000,-0.018,44300000000,-0.059,,32000000000,,189.04,,,,,,,,,,,,,,,,0.074,,,,,,true,true,12,2017-04-01,2018-03-31,1
2017-04-28,90090,2017-03-31,,76850000000,-0.035,,,,,16109000000,0.147,18546000000,0.183,13812000000,,0.287,80.42,,,,,,511715000000,149537000000,0.292,870.68,149537000000,,,,,8.00,,,,172411185,3131018,169280199,false,false,12,2016-04-01,2017-03-31,0
2017-04-28,90090,2016-03-31,,79618000000,0.038,,,,,14047000000,0.190,15683000000,0.207,10732000000,,0.266,62.47,,,,,,519113000000,137674000000,0.265,801.37,137674000000,,,,,6.50,,,,172411185,3121970,169289596,false,false,12,2015-04-01,2016-03-31,-1
2017-04-28,90090,2018-03-31,,80300000000,0.045,,,,,16900000000,0.049,20000000000,0.078,14000000000,,0.014,81.51,,,,,,,,,,,,,,,14.00,,,,,,,false,true,12,2017-04-01,2018-03-31,1
2017-07-31,90090,2018-03-31,1,62970000000,0.029,,,,,9595000000,0.071,13975000000,0.115,,9902000000,,58.50,,,,,,798584000000,342259000000,0.415,,331597000000,,,,,,,,,,,,true,false,3,2017-04-01,2017-06-30,0
2017-07-31,90090,2017-03-31,1,61165000000,0.011,,,,,8960000000,0.124,12529000000,0.125,,9201000000,,54.36,,,,,,,,,,,,,,,,,,,,,,true,false,3,2016-04-01,2016-06-30,-1
2017-07-31,90090,2018-03-31,1,123800000000,0.018,,,,,16000000000,-0.073,23200000000,-0.082,,17100000000,,101.02,,,,,,,,,,,,,,,,,,,,,,true,true,6,2017-04-01,2017-09-30,0
2017-07-31,90090,2018-03-31,1,257900000000,0.049,,,,,29500000000,-0.018,44300000000,-0.059,,32000000000,,189.04,,,,,,,,,,,,,,,,,,,,,,true,true,12,2017-04-01,2018-03-31,0
2017-07-31,90090,2017-03-31,1,,,,,,,,,,,,,,,,,,,,795447000000,332344000000,0.405,,322067000000,,,,,,,,,,,,true,false,12,2016-04-01,2017-03-31,-1
2017-07-31,90090,2017-03-31,1,,,,,,,,,,,,,,,,,,,,,,,,,,,,,8.00,,,,172411185,3131018,,false,false,12,2016-04-01,2017-03-31,-1
2017-07-31,90090,2018-03-31,1,,,,,,,,,,,,,,,,,,,,,,,,,,,,,14.00,,,,,,,false,true,12,2017-04-01,2018-03-31,0
2017-07-31,90090,2018-03-31,1,,,,,,,,,,,,,,,,,,,,,,,,,,,,,,,,,172411185,3142133,169277388,false,false,3,2017-04-01,2017-06-30,0
2017-07-31,90090,2017-03-31,1,,,,,,,,,,,,,,,,,,,,,,,,,,,,,,,,,,,169283470,false,false,3,2016-04-01,2016-06-30,-1
2017-10-31,90090,2018-03-31,2,125759000000,0.034,,,,,17955000000,0.041,26925000000,0.066,,19752000000,,116.69,,,,,,801242000000,352271000000,0.426,,341172000000,,,,,,,,,,,,true,false,6,2017-04-01,2017-09-30,0
2017-10-31,90090,2017-03-31,2,121580000000,-0.032,,,,,17253000000,0.040,25263000000,0.059,,19005000000,,112.27,,,,,,,,,,,,,,,,,,,,,,true,false,6,2016-04-01,2016-09-30,-1
2017-10-31,90090,2018-03-31,2,259000000000,0.054,,,,,30500000000,0.015,45000000000,-0.044,,32000000000,,189.05,,,,,,,,,,,,,,,,,,,,,,true,true,12,2017-04-01,2018-03-31,0
2017-10-31,90090,2017-03-31,2,,,,,,,,,,,,,,,,,,,,795447000000,332344000000,0.405,,322067000000,,,,,,,,,,,,true,false,12,2016-04-01,2017-03-31,-1
2017-10-31,90090,2017-03-31,2,,,,,,,,,,,,,,,,,,,,,,,,,,,,,8.00,,,,172411185,3131018,,false,false,12,2016-04-01,2017-03-31,-1
2017-10-31,90090,2018-03-31,2,,,,,,,,,,,,,,,,,,,,,,,,,,,,,7.00,,,,,,,false,false,12,2017-04-01,2018-03-31,0
2017-10-31,90090,2018-03-31,2,,,,,,,,,,,,,,,,,,,,,,,,,,,,,14.00,,,,,,,false,true,12,2017-04-01,2018-03-31,0
2017-10-31,90090,2018-03-31,2,,,,,,,,,,,,,,,,,,,,,,,,,,,,,,,,,172411185,3142133,169273816,false,false,6,2017-04-01,2017-09-30,0
2017-10-31,90090,2017-03-31,2,,,,,,,,,,,,,,,,,,,,,,,,,,,,,,,,,,,169281061,false,false,6,2016-04-01,2016-09-30,-1
2018-01-31,90090,2018-03-31,3,187330000000,0.032,,,,,26366000000,0.020,41082000000,0.038,,30868000000,,182.36,,,,,,811194000000,363302000000,0.434,,351680000000,,,,,,,,,,,,true,false,9,2017-04-01,2017-12-31,0
2018-01-31,90090,2017-03-31,3,181570000000,-0.032,,,,,25843000000,-0.005,39560000000,0.017,,30189000000,,178.34,,,,,,,,,,,,,,,,,,,,,,true,false,9,2016-04-01,2016-12-31,-1
2018-01-31,90090,2018-03-31,3,259000000000,0.054,,,,,30500000000,0.015,45000000000,-0.044,,32000000000,,189.05,,,,,,,,,,,,,,,,,,,,,,true,true,12,2017-04-01,2018-03-31,0
2018-01-31,90090,2017-03-31,3,,,,,,,,,,,,,,,,,,,,795447000000,332344000000,0.405,,322067000000,,,,,,,,,,,,true,false,12,2016-04-01,2017-03-31,-1
2018-01-31,90090,2017-03-31,3,,,,,,,,,,,,,,,,,,,,,,,,,,,,,8.00,,,,172411185,3131018,,false,false,12,2016-04-01,2017-03-31,-1
2018-01-31,90090,2018-03-31,3,,,,,,,,,,,,,,,,,,,,,,,,,,,,,7.00,,,,,,,false,false,12,2017-04-01,2018-03-31,0
2018-01-31,90090,2018-03-31,3,,,,,,,,,,,,,,,,,,,,,,,,,,,,,14.00,,,,,,,false,true,12,2017-04-01,2018-03-31,0
2018-01-31,90090,2018-03-31,3,,,,,,,,,,,,,,,,,,,,,,,,,,,,,,,,,172411185,3141548,169272445,false,false,9,2017-04-01,2017-12-31,0
2018-01-31,90090,2017-03-31,3,,,,,,,,,,,,,,,,,,,,,,,,,,,,,,,,,,,169280208,false,false,9,2016-04-01,2016-12-31,-1
2018-04-27,90090,2018-03-31,,255028000000,0.037,,,,,30085000000,0.001,47145000000,0.002,,34811000000,,205.66,,0.103,0.059,0.118,,794728000000,366423000000,0.446,2094.61,354554000000,47952000000,-27023000000,-19878000000,24417000000,,0.073,,,,,,true,false,12,2017-04-01,2018-03-31,0
2018-04-27,90090,2017-03-31,,245837000000,-0.021,,,,,30048000000,0.064,47064000000,0.106,,35711000000,,210.96,,0.117,0.060,0.122,,795447000000,332344000000,0.405,1902.57,322067000000,45133000000,-21535000000,-31787000000,23294000000,,0.066,,,,,,true,false,12,2016-04-01,2017-03-31,-1
2018-04-27,90090,2019-03-31,,130400000000,0.037,,,,,16700000000,-0.070,24500000000,-0.090,,18500000000,,109.29,,,,,,,,,,,,,,,,,,,,,,true,true,6,2018-04-01,2018-09-30,1
2018-04-27,90090,2019-03-31,,265200000000,0.040,,,,,31000000000,0.030,47300000000,0.003,,34600000000,,204.41,,,,,,,,,,,,,,,,0.073,,,,,,true,true,12,2018-04-01,2019-03-31,1
2018-04-27,90090,2018-03-31,,81712000000,0.063,,,,,17472000000,0.085,21178000000,0.142,15154000000,,0.097,88.24,,,,,,493792000000,161787000000,0.328,942.00,161787000000,,,,,15.00,,,,172411185,3141539,169271798,false,false,12,2017-04-01,2018-03-31,0
2018-04-27,90090,2017-03-31,,76850000000,-0.035,,,,,16109000000,0.147,18546000000,0.183,13812000000,,0.287,80.42,,,,,,511715000000,149537000000,0.292,870.68,149537000000,,,,,8.00,,,,172411185,3131018,169280199,false,false,12,2016-04-01,2017-03-31,-1
2018-04-27,90090,2019-03-31,,84300000000,0.032,,,,,18400000000,0.053,22000000000,0.039,15600000000,,0.029,90.83,,,,,,,,,,,,,,,15.00,,,,,,,false,true,12,2018-04-01,2019-03-31,1
2018-07-31,90090,2019-03-31,1,63947000000,0.016,,,,,9547000000,-0.005,14180000000,0.015,,10750000000,,63.51,,,,,,814855000000,376765000000,0.447,,364477000000,,,,,,,,,,,,true,false,3,2018-04-01,2018-06-30,0
2018-07-31,90090,2018-03-31,1,62970000000,0.029,,,,,9595000000,0.071,13975000000,0.115,,9902000000,,58.50,,,,,,,,,,,,,,,,,,,,,,true,false,3,2017-04-01,2017-06-30,-1
2018-07-31,90090,2019-03-31,1,130400000000,0.037,,,,,16700000000,-0.070,24500000000,-0.090,,18500000000,,109.29,,,,,,,,,,,,,,,,,,,,,,true,true,6,2018-04-01,2018-09-30,0
2018-07-31,90090,2019-03-31,1,265200000000,0.040,,,,,31000000000,0.030,47300000000,0.003,,34600000000,,204.41,,,,,,,,,,,,,,,,,,,,,,true,true,12,2018-04-01,2019-03-31,0
2018-07-31,90090,2018-03-31,1,,,,,,,,,,,,,,,,,,,,794712000000,366423000000,0.446,,354554000000,,,,,,,,,,,,true,false,12,2017-04-01,2018-03-31,-1
2018-07-31,90090,2018-03-31,1,,,,,,,,,,,,,,,,,,,,,,,,,,,,,15.00,,,,172411185,3141539,,false,false,12,2017-04-01,2018-03-31,-1
2018-07-31,90090,2019-03-31,1,,,,,,,,,,,,,,,,,,,,,,,,,,,,,15.00,,,,,,,false,true,12,2018-04-01,2019-03-31,0
2018-07-31,90090,2019-03-31,1,,,,,,,,,,,,,,,,,,,,,,,,,,,,,,,,,172411185,3141616,169269588,false,false,3,2018-04-01,2018-06-30,0
2018-07-31,90090,2018-03-31,1,,,,,,,,,,,,,,,,,,,,,,,,,,,,,,,,,,,169277388,false,false,3,2017-04-01,2017-06-30,-1
2018-10-31,90090,2019-03-31,2,129916000000,0.033,,,,,17746000000,-0.012,26890000000,-0.001,,20520000000,,121.23,,,,,,820893000000,387525000000,0.457,,374847000000,,,,,,,,,,,,true,false,6,2018-04-01,2018-09-30,0
2018-10-31,90090,2018-03-31,2,125759000000,0.034,,,,,17955000000,0.041,26925000000,0.066,,19752000000,,116.69,,,,,,,,,,,,,,,,,,,,,,true,false,6,2017-04-01,2017-09-30,-1
2018-10-31,90090,2019-03-31,2,264200000000,0.036,,,,,30700000000,0.020,47300000000,0.003,,34600000000,,204.41,,,,,,,,,,,,,,,,,,,,,,true,true,12,2018-04-01,2019-03-31,0
2018-10-31,90090,2018-03-31,2,,,,,,,,,,,,,,,,,,,,794712000000,366423000000,0.446,,354554000000,,,,,,,,,,,,true,false,12,2017-04-01,2018-03-31,-1
2018-10-31,90090,2018-03-31,2,,,,,,,,,,,,,,,,,,,,,,,,,,,,,15.00,,,,172411185,3141539,,false,false,12,2017-04-01,2018-03-31,-1
2018-10-31,90090,2019-03-31,2,,,,,,,,,,,,,,,,,,,,,,,,,,,,,7.50,,,,,,,false,false,12,2018-04-01,2019-03-31,0
2018-10-31,90090,2019-03-31,2,,,,,,,,,,,,,,,,,,,,,,,,,,,,,15.00,,,,,,,false,true,12,2018-04-01,2019-03-31,0
2018-10-31,90090,2019-03-31,2,,,,,,,,,,,,,,,,,,,,,,,,,,,,,,,,,172411185,3141626,169269577,false,false,6,2018-04-01,2018-09-30,0
2018-10-31,90090,2018-03-31,2,,,,,,,,,,,,,,,,,,,,,,,,,,,,,,,,,,,169273816,false,false,6,2017-04-01,2017-09-30,-1
2019-01-31,90090,2019-03-31,3,194558000000,0.039,,,,,27009000000,0.024,42766000000,0.041,,32813000000,,193.85,,,,,,831125000000,397595000000,0.463,,384573000000,,,,,,,,,,,,true,false,9,2018-04-01,2018-12-31,0
2019-01-31,90090,2018-03-31,3,187330000000,0.032,,,,,26366000000,0.020,41082000000,0.038,,30868000000,,182.36,,,,,,,,,,,,,,,,,,,,,,true,false,9,2017-04-01,2017-12-31,-1
2019-01-31,90090,2019-03-31,3,264200000000,0.036,,,,,30700000000,0.020,47300000000,0.003,,34600000000,,204.41,,,,,,,,,,,,,,,,,,,,,,true,true,12,2018-04-01,2019-03-31,0
2019-01-31,90090,2018-03-31,3,,,,,,,,,,,,,,,,,,,,794712000000,366423000000,0.446,,354554000000,,,,,,,,,,,,true,false,12,2017-04-01,2018-03-31,-1
2019-01-31,90090,2018-03-31,3,,,,,,,,,,,,,,,,,,,,,,,,,,,,,15.00,,,,172411185,3141539,,false,false,12,2017-04-01,2018-03-31,-1
2019-01-31,90090,2019-03-31,3,,,,,,,,,,,,,,,,,,,,,,,,,,,,,7.50,,,,,,,false,false,12,2018-04-01,2019-03-31,0
2019-01-31,90090,2019-03-31,3,,,,,,,,,,,,,,,,,,,,,,,,,,,,,15.00,,,,,,,false,true,12,2018-04-01,2019-03-31,0
2019-01-31,90090,2019-03-31,3,,,,,,,,,,,,,,,,,,,,,,,,,,,,,,,,,172411185,3141626,169269572,false,false,9,2018-04-01,2018-12-31,0
2019-01-31,90090,2018-03-31,3,,,,,,,,,,,,,,,,,,,,,,,,,,,,,,,,,,,169272445,false,false,9,2017-04-01,2017-12-31,-1
2019-04-26,90090,2019-03-31,,261553000000,0.026,,,,,31608000000,0.051,50720000000,0.076,,38642000000,,228.29,,0.104,0.062,0.121,,853025000000,402901000000,0.457,2300.86,389464000000,45851000000,-53430000000,7246000000,25018000000,,0.074,,,,,,true,false,12,2018-04-01,2019-03-31,0
2019-04-26,90090,2018-03-31,,255028000000,0.037,,,,,30085000000,0.001,47145000000,0.002,,34811000000,,205.66,,0.103,0.059,0.118,,794712000000,366423000000,0.446,2094.61,354554000000,47952000000,-27023000000,-19878000000,24417000000,,0.073,,,,,,true,false,12,2017-04-01,2018-03-31,-1
2019-04-26,90090,2020-03-31,,138300000000,0.065,,,,,17800000000,0.003,24800000000,-0.078,,17900000000,,105.75,,,,,,,,,,,,,,,,,,,,,,true,true,6,2019-04-01,2019-09-30,1
2019-04-26,90090,2020-03-31,,280300000000,0.072,,,,,32300000000,0.022,45500000000,-0.103,,32700000000,,193.18,,,,,,,,,,,,,,,,0.088,,,,,,true,true,12,2019-04-01,2020-03-31,1
2019-04-26,90090,2019-03-31,,85374000000,0.045,,,,,19685000000,0.127,24120000000,0.139,17929000000,,0.183,104.40,,,,,,539244000000,183862000000,0.341,1070.53,183862000000,,,,,17.00,,,,172411185,3141685,169269562,false,false,12,2018-04-01,2019-03-31,0
2019-04-26,90090,2018-03-31,,81712000000,0.063,,,,,17472000000,0.085,21178000000,0.142,15154000000,,0.097,88.24,,,,,,500322000000,168316000000,0.336,980.02,168316000000,,,,,15.00,,,,172411185,3141539,169271798,false,false,12,2017-04-01,2018-03-31,-1
2019-04-26,90090,2020-03-31,,88600000000,0.038,,,,,20500000000,0.041,24200000000,0.003,17500000000,,-0.024,101.89,,,,,,,,,,,,,,,17.00,,,,,,,false,true,12,2019-04-01,2020-03-31,1
2019-07-31,90090,2020-03-31,1,70367000000,0.100,,,,,10386000000,0.088,15377000000,0.084,,11415000000,,67.44,,,,,,855846000000,412725000000,0.466,,398916000000,,,,,,,,,,,,true,false,3,2019-04-01,2019-06-30,0
2019-07-31,90090,2019-03-31,1,63947000000,0.016,,,,,9547000000,-0.005,14180000000,0.015,,10750000000,,63.51,,,,,,,,,,,,,,,,,,,,,,true,false,3,2018-04-01,2018-06-30,-1
2019-07-31,90090,2020-03-31,1,138300000000,0.065,,,,,17800000000,0.003,24800000000,-0.078,,17900000000,,105.75,,,,,,,,,,,,,,,,,,,,,,true,true,6,2019-04-01,2019-09-30,0
2019-07-31,90090,2020-03-31,1,280300000000,0.072,,,,,32300000000,0.022,45500000000,-0.103,,32700000000,,193.18,,,,,,,,,,,,,,,,,,,,,,true,true,12,2019-04-01,2020-03-31,0
2019-07-31,90090,2019-03-31,1,,,,,,,,,,,,,,,,,,,,853025000000,402901000000,0.457,,389464000000,,,,,,,,,,,,true,false,12,2018-04-01,2019-03-31,-1
2019-07-31,90090,2019-03-31,1,,,,,,,,,,,,,,,,,,,,,,,,,,,,,17.00,,,,172411185,3141685,,false,false,12,2018-04-01,2019-03-31,-1
2019-07-31,90090,2020-03-31,1,,,,,,,,,,,,,,,,,,,,,,,,,,,,,17.00,,,,,,,false,true,12,2019-04-01,2020-03-31,0
2019-07-31,90090,2020-03-31,1,,,,,,,,,,,,,,,,,,,,,,,,,,,,,,,,,172411185,3141685,169269500,false,false,3,2019-04-01,2019-06-30,0
2019-07-31,90090,2019-03-31,1,,,,,,,,,,,,,,,,,,,,,,,,,,,,,,,,,,,169269588,false,false,3,2018-04-01,2018-06-30,-1
2019-10-31,90090,2020-03-31,2,138007000000,0.062,,,,,19117000000,0.077,28431000000,0.057,,21176000000,,125.10,,,,,,868934000000,423541000000,0.471,,409302000000,,,,,,,,,,,,true,false,6,2019-04-01,2019-09-30,0
2019-10-31,90090,2019-03-31,2,129916000000,0.033,,,,,17746000000,-0.012,26890000000,-0.001,,20520000000,,121.23,,,,,,,,,,,,,,,,,,,,,,true,false,6,2018-04-01,2018-09-30,-1
2019-10-31,90090,2020-03-31,2,285400000000,0.091,,,,,32300000000,0.022,48900000000,-0.036,,37700000000,,222.90,,,,,,,,,,,,,,,,,,,,,,true,true,12,2019-04-01,2020-03-31,0
2019-10-31,90090,2019-03-31,2,,,,,,,,,,,,,,,,,,,,853025000000,402901000000,0.457,,389464000000,,,,,,,,,,,,true,false,12,2018-04-01,2019-03-31,-1
2019-10-31,90090,2019-03-31,2,,,,,,,,,,,,,,,,,,,,,,,,,,,,,17.00,,,,172411185,3141685,,false,false,12,2018-04-01,2019-03-31,-1
2019-10-31,90090,2020-03-31,2,,,,,,,,,,,,,,,,,,,,,,,,,,,,,8.50,,,,,,,false,false,12,2019-04-01,2020-03-31,0
2019-10-31,90090,2020-03-31,2,,,,,,,,,,,,,,,,,,,,,,,,,,,,,17.00,,,,,,,false,true,12,2019-04-01,2020-03-31,0
2019-10-31,90090,2020-03-31,2,,,,,,,,,,,,,,,,,,,,,,,,,,,,,,,,,172411185,3141719,169269491,false,false,6,2019-04-01,2019-09-30,0
2019-10-31,90090,2019-03-31,2,,,,,,,,,,,,,,,,,,,,,,,,,,,,,,,,,,,169269577,false,false,6,2018-04-01,2018-09-30,-1
2020-01-31,90090,2020-03-31,3,208363000000,0.071,,,,,28360000000,0.050,43897000000,0.026,,33581000000,,198.49,,,,,,899942000000,435490000000,0.465,,418555000000,,,,,,,,,,,,true,false,9,2019-04-01,2019-12-31,0
2020-01-31,90090,2019-03-31,3,194558000000,0.039,,,,,27009000000,0.024,42766000000,0.041,,32813000000,,193.85,,,,,,,,,,,,,,,,,,,,,,true,false,9,2018-04-01,2018-12-31,-1
2020-01-31,90090,2020-03-31,3,285400000000,0.091,,,,,32300000000,0.022,48900000000,-0.036,,37700000000,,222.90,,,,,,,,,,,,,,,,,,,,,,true,true,12,2019-04-01,2020-03-31,0
2020-01-31,90090,2019-03-31,3,,,,,,,,,,,,,,,,,,,,853025000000,402901000000,0.457,,389464000000,,,,,,,,,,,,true,false,12,2018-04-01,2019-03-31,-1
2020-01-31,90090,2019-03-31,3,,,,,,,,,,,,,,,,,,,,,,,,,,,,,17.00,,,,172411185,3141685,,false,false,12,2018-04-01,2019-03-31,-1
2020-01-31,90090,2020-03-31,3,,,,,,,,,,,,,,,,,,,,,,,,,,,,,8.50,,,,,,,false,false,12,2019-04-01,2020-03-31,0
2020-01-31,90090,2020-03-31,3,,,,,,,,,,,,,,,,,,,,,,,,,,,,,17.00,,,,,,,false,true,12,2019-04-01,2020-03-31,0
2020-01-31,90090,2020-03-31,3,,,,,,,,,,,,,,,,,,,,,,,,,,,,,,,,,172411185,3427924,169183622,false,false,9,2019-04-01,2019-12-31,0
2020-01-31,90090,2019-03-31,3,,,,,,,,,,,,,,,,,,,,,,,,,,,,,,,,,,,169269572,false,false,9,2018-04-01,2018-12-31,-1
2020-04-30,90090,2020-03-31,,274796000000,0.051,,,,,28320000000,-0.104,41705000000,-0.178,,30110000000,,178.07,,0.075,0.047,0.103,,905716000000,428664000000,0.454,2436.36,411030000000,51487000000,-48076000000,-4411000000,26675000000,,0.095,,,,,,true,false,12,2019-04-01,2020-03-31,0
2020-04-30,90090,2019-03-31,,261553000000,0.026,,,,,31608000000,0.051,50720000000,0.076,,38642000000,,228.29,,0.104,0.062,0.121,,853025000000,402901000000,0.457,2300.86,389464000000,45851000000,-53430000000,7246000000,25018000000,,0.074,,,,,,true,false,12,2018-04-01,2019-03-31,-1
2020-04-30,90090,2020-03-31,,85980000000,0.007,,,,,18232000000,-0.074,21565000000,-0.106,14815000000,,-0.174,86.31,,,,,,558935000000,192410000000,0.344,1124.35,192410000000,,,,,17.00,,,,172411185,3704399,169095288,false,false,12,2019-04-01,2020-03-31,0
2020-04-30,90090,2019-03-31,,85374000000,0.045,,,,,19685000000,0.127,24120000000,0.139,17929000000,,0.183,104.40,,,,,,539244000000,183862000000,0.341,1070.53,183862000000,,,,,17.00,,,,172411185,3141685,169269562,false,false,12,2018-04-01,2019-03-31,-1
2020-07-31,90090,2021-03-31,1,,,,,46449000000,-0.340,-8285000000,,-15562000000,,,-13965000000,,-82.78,,,,,,902000000000,412809000000,0.439,,395614000000,,,,,,,,,,,,true,false,3,2020-04-01,2020-06-30,0
2020-07-31,90090,2020-03-31,1,,,,,70367000000,0.100,10386000000,0.088,15377000000,0.084,,11415000000,,67.44,,,,,,,,,,,,,,,,,,,,,,true,false,3,2019-04-01,2019-06-30,-1
2020-07-31,90090,2020-03-31,1,,,,,,,,,,,,,,,,,,,,905716000000,428664000000,0.454,,411030000000,,,,,,,,,,,,true,false,12,2019-04-01,2020-03-31,-1
2020-07-31,90090,2020-03-31,1,,,,,,,,,,,,,,,,,,,,,,,,,,,,,17.00,,,,172411185,3704399,,false,false,12,2019-04-01,2020-03-31,-1
2020-07-31,90090,2021-03-31,1,,,,,,,,,,,,,,,,,,,,,,,,,,,,,,,,,172411185,3704406,168706783,false,false,3,2020-04-01,2020-06-30,0
2020-07-31,90090,2020-03-31,1,,,,,,,,,,,,,,,,,,,,,,,,,,,,,,,,,,,169269500,false,false,3,2019-04-01,2019-06-30,-1
2020-10-30,90090,2021-03-31,2,,,,,99501000000,-0.279,-12015000000,,-19928000000,,,-18278000000,,-108.38,,,,,,902711000000,408413000000,0.433,,390521000000,,,,,,,,,,,,true,false,6,2020-04-01,2020-09-30,0
2020-10-30,90090,2020-03-31,2,,,,,138007000000,0.062,19117000000,0.077,28431000000,0.057,,21176000000,,125.10,,,,,,,,,,,,,,,,,,,,,,true,false,6,2019-04-01,2019-09-30,-1
2020-10-30,90090,2021-03-31,2,,,,,219100000000,-0.203,-13700000000,,-26700000000,,,-26200000000,,-155.40,,,,,,,,,,,,,,,,,,,,,,true,true,12,2020-04-01,2021-03-31,0
2020-10-30,90090,2020-03-31,2,,,,,,,,,,,,,,,,,,,,905716000000,428664000000,0.454,,411030000000,,,,,,,,,,,,true,false,12,2019-04-01,2020-03-31,-1
2020-10-30,90090,2020-03-31,2,,,,,,,,,,,,,,,,,,,,,,,,,,,,,17.00,,,,172411185,3704399,,false,false,12,2019-04-01,2020-03-31,-1
2020-10-30,90090,2021-03-31,2,,,,,,,,,,,,,,,,,,,,,,,,,,,,,8.50,,,,,,,false,false,12,2020-04-01,2021-03-31,0
2020-10-30,90090,2021-03-31,2,,,,,,,,,,,,,,,,,,,,,,,,,,,,,17.00,,,,,,,false,true,12,2020-04-01,2021-03-31,0
2020-10-30,90090,2021-03-31,2,,,,,,,,,,,,,,,,,,,,,,,,,,,,,,,,,172411185,3877519,168657320,false,false,6,2020-04-01,2020-09-30,0
2020-10-30,90090,2020-03-31,2,,,,,,,,,,,,,,,,,,,,,,,,,,,,,,,,,,,169269491,false,false,6,2019-04-01,2019-09-30,-1
2020-10-30,90090,2021-03-31,,,,,,219100000000,,-13700000000,,-26700000000,,,-26200000000,,-155.40,,,,,,,,,,,,,,,,,,,,,,true,true,12,2020-04-01,2021-03-31,0
2020-10-30,90090,2020-03-31,,,,,,274796000000,,28320000000,,41705000000,,,30110000000,,178.07,,,,,,,,,,,,,,,,,,,,,,true,false,12,2019-04-01,2020-03-31,-1
2020-10-30,90090,2021-03-31,,,,,,61100000000,,-2600000000,,100000000,,800000000,,,4.68,,,,,,,,,,,,,,,,,,,,,,false,true,12,2020-04-01,2021-03-31,0
2020-10-30,90090,2020-03-31,,,,,,85980000000,,18232000000,,21565000000,,14815000000,,,86.31,,,,,,,,,,,,,,,,,,,,,,false,false,12,2019-04-01,2020-03-31,-1
2021-01-29,90090,2021-03-31,3,,,,,155342000000,-0.254,-11943000000,,-20189000000,,,-19314000000,,-114.55,,,,,,897443000000,406838000000,0.433,,388649000000,,,,,,,,,,,,true,false,9,2020-04-01,2020-12-31,0
2021-01-29,90090,2020-03-31,3,,,,,208363000000,0.071,28360000000,0.050,43897000000,0.026,,33581000000,,198.49,,,,,,,,,,,,,,,,,,,,,,true,false,9,2019-04-01,2019-12-31,-1
2021-01-29,90090,2021-03-31,3,,,,,219100000000,-0.203,-13700000000,,-26700000000,,,-26200000000,,-155.40,,,,,,,,,,,,,,,,,,,,,,true,true,12,2020-04-01,2021-03-31,0
2021-01-29,90090,2020-03-31,3,,,,,,,,,,,,,,,,,,,,905716000000,428664000000,0.454,,411030000000,,,,,,,,,,,,true,false,12,2019-04-01,2020-03-31,-1
2021-01-29,90090,2020-03-31,3,,,,,,,,,,,,,,,,,,,,,,,,,,,,,17.00,,,,172411185,3704399,,false,false,12,2019-04-01,2020-03-31,-1
2021-01-29,90090,2021-03-31,3,,,,,,,,,,,,,,,,,,,,,,,,,,,,,8.50,,,,,,,false,false,12,2020-04-01,2021-03-31,0
2021-01-29,90090,2021-03-31,3,,,,,,,,,,,,,,,,,,,,,,,,,,,,,17.00,,,,,,,false,true,12,2020-04-01,2021-03-31,0
2021-01-29,90090,2021-03-31,3,,,,,,,,,,,,,,,,,,,,,,,,,,,,,,,,,172411185,3877519,168620224,false,false,9,2020-04-01,2020-12-31,0
2021-01-29,90090,2020-03-31,3,,,,,,,,,,,,,,,,,,,,,,,,,,,,,,,,,,,169183622,false,false,9,2019-04-01,2019-12-31,-1
2021-04-30,90090,2021-03-31,,,,,,207761000000,-0.244,-18056000000,,-32165000000,,,-30289000000,,-179.65,,-0.077,-0.036,,,900698000000,396044000000,0.420,2246.67,378638000000,9282000000,-28678000000,21498000000,28900000000,,,,,,,,true,false,12,2020-04-01,2021-03-31,0
2021-04-30,90090,2020-03-31,,,,,,274796000000,0.051,28320000000,-0.104,41705000000,-0.178,,30110000000,,178.07,,0.075,0.047,,,905716000000,428664000000,0.454,2436.36,411030000000,51487000000,-48076000000,-4411000000,26675000000,,0.095,,,,,,true,false,12,2019-04-01,2020-03-31,-1
2021-04-30,90090,2021-03-31,,,,,,55774000000,-0.351,-6175000000,,-4007000000,,-1962000000,,,-11.48,,,,,,572970000000,186993000000,0.326,1094.78,186993000000,,,,,17.00,,,,172411185,3877555,168600241,false,false,12,2020-04-01,2021-03-31,0
2021-04-30,90090,2020-03-31,,,,,,85980000000,0.007,18232000000,-0.074,21565000000,-0.106,14815000000,,-0.174,86.31,,,,,,558935000000,192410000000,0.344,1124.35,192410000000,,,,,17.00,,,,172411185,3704399,169095288,false,false,12,2019-04-01,2020-03-31,-1
2021-07-30,90090,2022-03-31,1,,,,,51918000000,0.118,-1444000000,,-2645000000,,,-3441000000,,-20.42,,,,,,890924000000,389890000000,0.418,,372489000000,,,,,,,,,,,,true,false,3,2021-04-01,2021-06-30,0
2021-07-30,90090,2021-03-31,1,,,,,46449000000,-0.340,-8285000000,,-15562000000,,,-13965000000,,-82.78,,,,,,,,,,,,,,,,,,,,,,true,false,3,2020-04-01,2020-06-30,-1
2021-07-30,90090,2021-03-31,1,,,,,,,,,,,,,,,,,,,,900698000000,396044000000,0.420,,378638000000,,,,,,,,,,,,true,false,12,2020-04-01,2021-03-31,-1
2021-07-30,90090,2021-03-31,1,,,,,,,,,,,,,,,,,,,,,,,,,,,,,17.00,,,,172411185,3877555,,false,false,12,2020-04-01,2021-03-31,-1
2021-07-30,90090,2022-03-31,1,,,,,,,,,,,,,,,,,,,,,,,,,,,,,,,,,172411185,3877594,168533620,false,false,3,2021-04-01,2021-06-30,0
2021-07-30,90090,2021-03-31,1,,,,,,,,,,,,,,,,,,,,,,,,,,,,,,,,,,,168706783,false,false,3,2020-04-01,2020-06-30,-1
2021-10-29,90090,2022-03-31,2,,,,,104156000000,0.047,-3727000000,,-6801000000,,,-7786000000,,-46.20,,,,,,886639000000,386200000000,0.416,,368680000000,,,,,,,,,,,,true,false,6,2021-04-01,2021-09-30,0
2021-10-29,90090,2021-03-31,2,,,,,99501000000,-0.279,-12015000000,,-19928000000,,,-18278000000,,-108.38,,,,,,,,,,,,,,,,,,,,,,true,false,6,2020-04-01,2020-09-30,-1
2021-10-29,90090,2022-03-31,2,,,,,229200000000,0.103,2400000000,,-2200000000,,,-5300000000,,-31.45,,,,,,,,,,,,,,,,,,,,,,true,true,12,2021-04-01,2022-03-31,0
2021-10-29,90090,2021-03-31,2,,,,,,,,,,,,,,,,,,,,900698000000,396044000000,0.420,,378638000000,,,,,,,,,,,,true,false,12,2020-04-01,2021-03-31,-1
2021-10-29,90090,2021-03-31,2,,,,,,,,,,,,,,,,,,,,,,,,,,,,,17.00,,,,172411185,3877555,,false,false,12,2020-04-01,2021-03-31,-1
2021-10-29,90090,2022-03-31,2,,,,,,,,,,,,,,,,,,,,,,,,,,,,,8.50,,,,,,,false,false,12,2021-04-01,2022-03-31,0
2021-10-29,90090,2022-03-31,2,,,,,,,,,,,,,,,,,,,,,,,,,,,,,17.00,,,,,,,false,true,12,2021-04-01,2022-03-31,0
2021-10-29,90090,2022-03-31,2,,,,,,,,,,,,,,,,,,,,,,,,,,,,,,,,,172411185,3877594,168533608,false,false,6,2021-04-01,2021-09-30,0
2021-10-29,90090,2021-03-31,2,,,,,,,,,,,,,,,,,,,,,,,,,,,,,,,,,,,168657320,false,false,6,2020-04-01,2020-09-30,-1
2021-10-29,90090,2022-03-31,,,,,,229200000000,,2400000000,,-2200000000,,,-5300000000,,-31.45,,,,,,,,,,,,,,,,,,,,,,true,true,12,2021-04-01,2022-03-31,0
2021-10-29,90090,2021-03-31,,,,,,207761000000,,-18056000000,,-32165000000,,,-30289000000,,-179.65,,,,,,,,,,,,,,,,,,,,,,true,false,12,2020-04-01,2021-03-31,-1
2021-10-29,90090,2022-03-31,,,,,,68100000000,,2200000000,,3900000000,,3300000000,,,19.32,,,,,,,,,,,,,,,,,,,,,,false,true,12,2021-04-01,2022-03-31,0
2021-10-29,90090,2021-03-31,,,,,,55774000000,,-6175000000,,-4007000000,,-1962000000,,,-11.48,,,,,,,,,,,,,,,,,,,,,,false,false,12,2020-04-01,2021-03-31,-1
2022-01-31,90090,2022-03-31,3,,,,,160290000000,0.032,-2192000000,,-2258000000,,,-4438000000,,-26.33,,,,,,897959000000,387199000000,0.411,,369335000000,,,,,,,,,,,,true,false,9,2021-04-01,2021-12-31,0
2022-01-31,90090,2021-03-31,3,,,,,155342000000,-0.254,-11943000000,,-20189000000,,,-19314000000,,-114.55,,,,,,,,,,,,,,,,,,,,,,true,false,9,2020-04-01,2020-12-31,-1
2022-01-31,90090,2022-03-31,3,,,,,229200000000,0.103,2400000000,,-2200000000,,,-5300000000,,-31.45,,,,,,,,,,,,,,,,,,,,,,true,true,12,2021-04-01,2022-03-31,0
2022-01-31,90090,2021-03-31,3,,,,,,,,,,,,,,,,,,,,900698000000,396044000000,0.420,,378638000000,,,,,,,,,,,,true,false,12,2020-04-01,2021-03-31,-1
2022-01-31,90090,2021-03-31,3,,,,,,,,,,,,,,,,,,,,,,,,,,,,,17.00,,,,172411185,3877555,,false,false,12,2020-04-01,2021-03-31,-1
2022-01-31,90090,2022-03-31,3,,,,,,,,,,,,,,,,,,,,,,,,,,,,,8.50,,,,,,,false,false,12,2021-04-01,2022-03-31,0
2022-01-31,90090,2022-03-31,3,,,,,,,,,,,,,,,,,,,,,,,,,,,,,17.00,,,,,,,false,true,12,2021-04-01,2022-03-31,0
2022-01-31,90090,2022-03-31,3,,,,,,,,,,,,,,,,,,,,,,,,,,,,,,,,,172411185,3877009,168533661,false,false,9,2021-04-01,2021-12-31,0
2022-01-31,90090,2021-03-31,3,,,,,,,,,,,,,,,,,,,,,,,,,,,,,,,,,,,168620224,false,false,9,2020-04-01,2020-12-31,-1
2022-04-27,90090,2022-03-31,,,,,,214200000000,-0.065,-5200000000,,-3200000000,,,-4400000000,,-26.11,,,,,,,,,,,,,,,,,,,,,,true,true,12,2021-04-01,2022-03-31,0
2022-04-27,90090,2021-03-31,,,,,,207761000000,,-18056000000,,-32165000000,,,-30289000000,,-179.65,,,,,,,,,,,,,,,,,,,,,,true,false,12,2020-04-01,2021-03-31,-1
2022-04-27,90090,2022-03-31,,,,,,62700000000,-0.079,-2400000000,,-1800000000,,-1500000000,,,-8.78,,,,,,,,,,,,,,,,,,,,,,false,true,12,2021-04-01,2022-03-31,0
2022-04-27,90090,2021-03-31,,,,,,55774000000,,-6175000000,,-4007000000,,-1962000000,,,-11.48,,,,,,,,,,,,,,,,,,,,,,false,false,12,2020-04-01,2021-03-31,-1
2022-04-28,90090,2022-03-31,,,,,,214157000000,0.031,-5201000000,,-3191000000,,,-4438000000,,-26.33,,-0.012,-0.004,,,900346000000,387705000000,0.411,2194.00,369764000000,28831000000,-33764000000,1236000000,25277000000,,,,,,,,true,false,12,2021-04-01,2022-03-31,0
2022-04-28,90090,2021-03-31,,,,,,207761000000,-0.244,-18056000000,,-32165000000,,,-30289000000,,-179.65,,-0.077,-0.036,,,900698000000,396044000000,0.420,2246.67,378638000000,9282000000,-28678000000,21498000000,28900000000,,,,,,,,true,false,12,2020-04-01,2021-03-31,-1
2022-04-28,90090,2023-03-31,,,,,,272200000000,0.271,21500000000,,27700000000,,,18700000000,,110.96,,,,,,,,,,,,,,,,0.153,,,,,,true,true,12,2022-04-01,2023-03-31,1
2022-04-28,90090,2022-03-31,,,,,,62699000000,0.124,-2422000000,,-1790000000,,-1485000000,,,-8.70,,,,,,581813000000,181467000000,0.312,1062.42,181467000000,,,,,17.00,,,,172411185,3877009,168533780,false,false,12,2021-04-01,2022-03-31,0
2022-04-28,90090,2021-03-31,,,,,,55774000000,-0.351,-6175000000,,-4007000000,,-1962000000,,,-11.48,,,,,,572970000000,186993000000,0.326,1094.78,186993000000,,,,,17.00,,,,172411185,3877555,168600241,false,false,12,2020-04-01,2021-03-31,-1
2022-04-28,90090,2023-03-31,,,,,,,,,,,,,,,,,,,,,,,,,,,,,,17.00,,,,,,,false,true,12,2022-04-01,2023-03-31,1
2022-07-29,90090,2023-03-31,1,,,,,59756000000,0.151,3203000000,,5948000000,,,4382000000,,26.35,,,,,,903606000000,375256000000,0.395,,357074000000,,,,,,,,,,,,true,false,3,2022-04-01,2022-06-30,0
2022-07-29,90090,2022-03-31,1,,,,,51918000000,0.118,-1444000000,,-2645000000,,,-3441000000,,-20.42,,,,,,,,,,,,,,,,,,,,,,true,false,3,2021-04-01,2021-06-30,-1
2022-07-29,90090,2023-03-31,1,,,,,272200000000,0.271,21500000000,,27700000000,,,18700000000,,110.96,,,,,,,,,,,,,,,,,,,,,,true,true,12,2022-04-01,2023-03-31,0
2022-07-29,90090,2022-03-31,1,,,,,,,,,,,,,,,,,,,,900346000000,387705000000,0.411,,369764000000,,,,,,,,,,,,true,false,12,2021-04-01,2022-03-31,-1
2022-07-29,90090,2022-03-31,1,,,,,,,,,,,,,,,,,,,,,,,,,,,,,17.00,,,,172411185,3877009,,false,false,12,2021-04-01,2022-03-31,-1
2022-07-29,90090,2023-03-31,1,,,,,,,,,,,,,,,,,,,,,,,,,,,,,17.00,,,,,,,false,true,12,2022-04-01,2023-03-31,0
2022-07-29,90090,2023-03-31,1,,,,,,,,,,,,,,,,,,,,,,,,,,,,,,,,,172411185,8877093,166338510,false,false,3,2022-04-01,2022-06-30,0
2022-07-29,90090,2022-03-31,1,,,,,,,,,,,,,,,,,,,,,,,,,,,,,,,,,,,168533620,false,false,3,2021-04-01,2021-06-30,-1
2022-10-31,90090,2023-03-31,2,,,,,119031000000,0.143,4401000000,,10329000000,,,15597000000,,94.13,,,,,,950277000000,399846000000,0.404,,384336000000,,,,,,,,,,,,true,false,6,2022-04-01,2022-09-30,0
2022-10-31,90090,2022-03-31,2,,,,,104156000000,0.047,-3727000000,,-6801000000,,,-7786000000,,-46.20,,,,,,,,,,,,,,,,,,,,,,true,false,6,2021-04-01,2021-09-30,-1
2022-10-31,90090,2023-03-31,2,,,,,272200000000,0.271,21500000000,,27700000000,,,18700000000,,110.96,,,,,,,,,,,,,,,,,,,,,,true,true,12,2022-04-01,2023-03-31,0
2022-10-31,90090,2022-03-31,2,,,,,,,,,,,,,,,,,,,,900346000000,387705000000,0.411,,369764000000,,,,,,,,,,,,true,false,12,2021-04-01,2022-03-31,-1
2022-10-31,90090,2022-03-31,2,,,,,,,,,,,,,,,,,,,,,,,,,,,,,17.00,,,,172411185,3877009,,false,false,12,2021-04-01,2022-03-31,-1
2022-10-31,90090,2023-03-31,2,,,,,,,,,,,,,,,,,,,,,,,,,,,,,8.50,,,,,,,false,false,12,2022-04-01,2023-03-31,0
2022-10-31,90090,2023-03-31,2,,,,,,,,,,,,,,,,,,,,,,,,,,,,,17.00,,,,,,,false,true,12,2022-04-01,2023-03-31,0
2022-10-31,90090,2023-03-31,2,,,,,,,,,,,,,,,,,,,,,,,,,,,,,,,,,172411185,4927976,165700763,false,false,6,2022-04-01,2022-09-30,0
2022-10-31,90090,2022-03-31,2,,,,,,,,,,,,,,,,,,,,,,,,,,,,,,,,,,,168533608,false,false,6,2021-04-01,2021-09-30,-1
2022-11-25,90090,2023-03-31,,,,,,263000000000,-0.034,11900000000,-0.447,23900000000,-0.137,,25700000000,,154.33,,,,,,,,,,,,,,,,,,,,,,true,true,12,2022-04-01,2023-03-31,0
2022-11-25,90090,2022-03-31,,,,,,214157000000,,-5201000000,,-3191000000,,,-4438000000,,-26.33,,,,,,,,,,,,,,,,,,,,,,true,false,12,2021-04-01,2022-03-31,-1
2023-01-31,90090,2023-03-31,3,,,,,185718000000,0.159,8480000000,,20322000000,,,23017000000,,138.46,,,,,,953484000000,407075000000,0.410,,391226000000,,,,,,,,,,,,true,false,9,2022-04-01,2022-12-31,0
2023-01-31,90090,2022-03-31,3,,,,,160290000000,0.032,-2192000000,,-2258000000,,,-4438000000,,-26.33,,,,,,,,,,,,,,,,,,,,,,true,false,9,2021-04-01,2021-12-31,-1
2023-01-31,90090,2023-03-31,3,,,,,263000000000,0.228,11900000000,,23900000000,,,25700000000,,154.33,,,,,,,,,,,,,,,,,,,,,,true,true,12,2022-04-01,2023-03-31,0
2023-01-31,90090,2022-03-31,3,,,,,,,,,,,,,,,,,,,,900346000000,387705000000,0.411,,369764000000,,,,,,,,,,,,true,false,12,2021-04-01,2022-03-31,-1
2023-01-31,90090,2022-03-31,3,,,,,,,,,,,,,,,,,,,,,,,,,,,,,17.00,,,,172411185,3877009,,false,false,12,2021-04-01,2022-03-31,-1
2023-01-31,90090,2023-03-31,3,,,,,,,,,,,,,,,,,,,,,,,,,,,,,8.50,,,,,,,false,false,12,2022-04-01,2023-03-31,0
2023-01-31,90090,2023-03-31,3,,,,,,,,,,,,,,,,,,,,,,,,,,,,,17.00,,,,,,,false,true,12,2022-04-01,2023-03-31,0
2023-01-31,90090,2023-03-31,3,,,,,,,,,,,,,,,,,,,,,,,,,,,,,,,,,172411185,4928254,166235421,false,false,9,2022-04-01,2022-12-31,0
2023-01-31,90090,2022-03-31,3,,,,,,,,,,,,,,,,,,,,,,,,,,,,,,,,,,,168533661,false,false,9,2021-04-01,2021-12-31,-1
2023-04-28,90090,2023-03-31,,,,,,252338000000,0.178,10228000000,,26764000000,,,26929000000,,161.72,,0.070,0.029,,,965573000000,410945000000,0.409,2357.93,394912000000,47238000000,-29505000000,-20916000000,34410000000,,0.124,,,,,,true,false,12,2022-04-01,2023-03-31,0
2023-04-28,90090,2022-03-31,,,,,,214157000000,0.031,-5201000000,,-3191000000,,,-4438000000,,-26.33,,-0.012,-0.004,,,900346000000,387705000000,0.411,2194.00,369764000000,28831000000,-33764000000,1236000000,25277000000,,,,,,,,true,false,12,2021-04-01,2022-03-31,-1
2023-04-28,90090,2024-03-31,,,,,,308800000000,0.224,24800000000,1.425,42200000000,0.577,,33300000000,,198.83,,,,,,,,,,,,,,,,0.101,,,,,,true,true,12,2023-04-01,2024-03-31,1
2023-04-28,90090,2023-03-31,,,,,,72773000000,0.161,5075000000,,4293000000,,2575000000,,,15.30,,,,,,605633000000,176421000000,0.291,1044.36,176421000000,,,,,20.00,,,,172411185,4928374,166523301,false,false,12,2022-04-01,2023-03-31,0
2023-04-28,90090,2022-03-31,,,,,,62699000000,0.124,-2422000000,,-1790000000,,-1485000000,,,-8.70,,,,,,581813000000,181467000000,0.312,1062.42,181467000000,,,,,17.00,,,,172411185,3877009,168533780,false,false,12,2021-04-01,2022-03-31,-1
2023-04-28,90090,2024-03-31,,,,,,,,,,,,,,,,,,,,,,,,,,,,,,20.00,,,,,,,false,true,12,2023-04-01,2024-03-31,1
2023-07-31,90090,2024-03-31,1,,,,,72466000000,0.213,7653000000,1.389,13831000000,1.325,,10622000000,,63.43,,,,,,984702000000,421402000000,0.411,,405044000000,,,,,,,,,,,,true,false,3,2023-04-01,2023-06-30,0
2023-07-31,90090,2023-03-31,1,,,,,59756000000,0.151,3203000000,,5948000000,,,4382000000,,26.35,,,,,,,,,,,,,,,,,,,,,,true,false,3,2022-04-01,2022-06-30,-1
2023-07-31,90090,2024-03-31,1,,,,,308800000000,0.224,24800000000,1.425,42200000000,0.577,,33300000000,,198.83,,,,,,,,,,,,,,,,,,,,,,true,true,12,2023-04-01,2024-03-31,0
2023-07-31,90090,2023-03-31,1,,,,,,,,,,,,,,,,,,,,965573000000,410945000000,0.409,,394912000000,,,,,,,,,,,,true,false,12,2022-04-01,2023-03-31,-1
2023-07-31,90090,2023-03-31,1,,,,,,,,,,,,,,,,,,,,,,,,,,,,,20.00,,,,172411185,4928374,,false,false,12,2022-04-01,2023-03-31,-1
2023-07-31,90090,2024-03-31,1,,,,,,,,,,,,,,,,,,,,,,,,,,,,,20.00,,,,,,,false,true,12,2023-04-01,2024-03-31,0
2023-07-31,90090,2024-03-31,1,,,,,,,,,,,,,,,,,,,,,,,,,,,,,,,,,172411185,4928816,167482560,false,false,3,2023-04-01,2023-06-30,0
2023-07-31,90090,2023-03-31,1,,,,,,,,,,,,,,,,,,,,,,,,,,,,,,,,,,,166338510,false,false,3,2022-04-01,2022-06-30,-1
2023-10-31,90090,2024-03-31,2,,,,,147949000000,0.243,15250000000,2.465,27148000000,1.628,,21092000000,,125.94,,,,,,989540000000,432826000000,0.421,,416101000000,,,,,,,,,,,,true,false,6,2023-04-01,2023-09-30,0
2023-10-31,90090,2023-03-31,2,,,,,119031000000,0.143,4401000000,,10329000000,,,15597000000,,94.13,,,,,,,,,,,,,,,,,,,,,,true,false,6,2022-04-01,2022-09-30,-1
2023-10-31,90090,2024-03-31,2,,,,,300000000000,0.189,25000000000,1.444,47200000000,0.764,,37800000000,,225.70,,,,,,,,,,,,,,,,,,,,,,true,true,12,2023-04-01,2024-03-31,0
2023-10-31,90090,2023-03-31,2,,,,,,,,,,,,,,,,,,,,965573000000,410945000000,0.409,,394912000000,,,,,,,,,,,,true,false,12,2022-04-01,2023-03-31,-1
2023-10-31,90090,2023-03-31,2,,,,,,,,,,,,,,,,,,,,,,,,,,,,,20.00,,,,172411185,4928374,,false,false,12,2022-04-01,2023-03-31,-1
2023-10-31,90090,2024-03-31,2,,,,,,,,,,,,,,,,,,,,,,,,,,,,,13.00,,,,,,,false,false,12,2023-04-01,2024-03-31,0
2023-10-31,90090,2024-03-31,2,,,,,,,,,,,,,,,,,,,,,,,,,,,,,26.00,,,,,,,false,true,12,2023-04-01,2024-03-31,0
2023-10-31,90090,2024-03-31,2,,,,,,,,,,,,,,,,,,,,,,,,,,,,,,,,,172411185,4928902,167482454,false,false,6,2023-04-01,2023-09-30,0
2023-10-31,90090,2023-03-31,2,,,,,,,,,,,,,,,,,,,,,,,,,,,,,,,,,,,165700763,false,false,6,2022-04-01,2022-09-30,-1
2024-01-31,90090,2024-03-31,3,,,,,222614000000,0.199,23867000000,1.814,45590000000,1.243,,35989000000,,214.89,,,,,,1004042000000,445956000000,0.427,,428734000000,,,,,,,,,,,,true,false,9,2023-04-01,2023-12-31,0
2024-01-31,90090,2023-03-31,3,,,,,185718000000,0.159,8480000000,,20322000000,,,23017000000,,138.46,,,,,,,,,,,,,,,,,,,,,,true,false,9,2022-04-01,2022-12-31,-1
2024-01-31,90090,2024-03-31,3,,,,,300000000000,0.189,25000000000,1.444,47200000000,0.764,,37800000000,,225.70,,,,,,,,,,,,,,,,,,,,,,true,true,12,2023-04-01,2024-03-31,0
2024-01-31,90090,2023-03-31,3,,,,,,,,,,,,,,,,,,,,965573000000,410945000000,0.409,,394912000000,,,,,,,,,,,,true,false,12,2022-04-01,2023-03-31,-1
2024-01-31,90090,2023-03-31,3,,,,,,,,,,,,,,,,,,,,,,,,,,,,,20.00,,,,172411185,4928374,,false,false,12,2022-04-01,2023-03-31,-1
2024-01-31,90090,2024-03-31,3,,,,,,,,,,,,,,,,,,,,,,,,,,,,,13.00,,,,,,,false,false,12,2023-04-01,2024-03-31,0
2024-01-31,90090,2024-03-31,3,,,,,,,,,,,,,,,,,,,,,,,,,,,,,26.00,,,,,,,false,true,12,2023-04-01,2024-03-31,0
2024-01-31,90090,2024-03-31,3,,,,,,,,,,,,,,,,,,,,,,,,,,,,,,,,,172411185,4929226,167482347,false,false,9,2023-04-01,2023-12-31,0
2024-01-31,90090,2023-03-31,3,,,,,,,,,,,,,,,,,,,,,,,,,,,,,,,,,,,166235421,false,false,9,2022-04-01,2022-12-31,-1
2024-03-08,90090,2024-03-31,,,,,,300000000000,0.000,24000000000,-0.040,46200000000,-0.021,,83900000000,,502.09,,,,,,,,,,,,,,,,,,,,,,true,true,12,2023-04-01,2024-03-31,0
2024-03-08,90090,2023-03-31,,,,,,252338000000,,10228000000,,26764000000,,,26929000000,,161.72,,,,,,,,,,,,,,,,,,,,,,true,false,12,2022-04-01,2023-03-31,-1
2024-03-08,90090,2024-03-31,,,,,,,,,,,,,,,,,,,,,,,,,,,,,,34.00,,,,,,,false,true,12,2023-04-01,2024-03-31,0
2024-03-08,90090,2024-03-31,,,,,,,,,,,,,,,,,,,,,,,,,,,,,,13.00,,,,,,,false,false,12,2023-04-01,2024-03-31,0
2024-03-08,90090,2023-03-31,,,,,,,,,,,,,,,,,,,,,,,,,,,,,,20.00,,,,,,,false,false,12,2022-04-01,2023-03-31,-1
2024-04-26,90090,2024-03-31,,,,,,296509000000,0.175,25241000000,1.468,51591000000,0.928,,87657000000,,524.57,,0.207,0.051,,,1064202000000,469157000000,0.424,2778.53,451622000000,60045000000,28137000000,-40264000000,82328000000,,0.074,,,,,,true,false,12,2023-04-01,2024-03-31,0
2024-04-26,90090,2023-03-31,,,,,,252338000000,0.178,10228000000,,26764000000,,,26929000000,,161.72,,0.070,0.029,,,965573000000,410945000000,0.409,2357.93,394912000000,47238000000,-29505000000,-20916000000,34410000000,,0.124,,,,,,true,false,12,2022-04-01,2023-03-31,-1
2024-04-26,90090,2025-03-31,,,,,,337600000000,0.139,33700000000,0.335,58100000000,0.126,,47000000000,,289.16,,,,,,,,,,,,,,,,0.124,,,,,,true,true,12,2024-04-01,2025-03-31,1
2024-04-26,90090,2024-03-31,,,,,,88646000000,0.218,12072000000,1.379,17052000000,2.972,67711000000,,,401.74,,,,,,676638000000,210376000000,0.311,1283.35,210376000000,,,,,39.00,,,,172411185,9870953,167102107,false,false,12,2023-04-01,2024-03-31,0
2024-04-26,90090,2023-03-31,,,,,,72773000000,0.161,5075000000,,4293000000,,2575000000,,,15.30,,,,,,605633000000,176421000000,0.291,1044.36,176421000000,,,,,20.00,,,,172411185,4928374,166523301,false,false,12,2022-04-01,2023-03-31,-1
2024-04-26,90090,2025-03-31,,,,,,,,,,,,,,,,,,,,,,,,,,,,,,36.00,,,,,,,false,true,12,2024-04-01,2025-03-31,1
2024-07-31,90090,2025-03-31,1,,,,,80297000000,0.108,12584000000,0.644,17755000000,0.284,,13317000000,,81.96,,,,,,1016940000000,478310000000,0.453,,460325000000,,,,,,,,,,,,true,false,3,2024-04-01,2024-06-30,0
2024-07-31,90090,2024-03-31,1,,,,,72466000000,0.213,7653000000,1.389,13831000000,1.325,,10622000000,,63.43,,,,,,,,,,,,,,,,,,,,,,true,false,3,2023-04-01,2023-06-30,-1
2024-07-31,90090,2025-03-31,1,,,,,337600000000,0.139,33700000000,0.335,58100000000,0.126,,47000000000,,289.16,,,,,,,,,,,,,,,,,,,,,,true,true,12,2024-04-01,2025-03-31,0
2024-07-31,90090,2024-03-31,1,,,,,,,,,,,,,,,,,,,,1064202000000,469157000000,0.424,,451622000000,,,,,,,,,,,,true,false,12,2023-04-01,2024-03-31,-1
2024-07-31,90090,2024-03-31,1,,,,,,,,,,,,,,,,,,,,,,,,,,,,,39.00,,,,172411185,9870953,,false,false,12,2023-04-01,2024-03-31,-1
2024-07-31,90090,2025-03-31,1,,,,,,,,,,,,,,,,,,,,,,,,,,,,,36.00,,,,,,,false,true,12,2024-04-01,2025-03-31,0
2024-07-31,90090,2025-03-31,1,,,,,,,,,,,,,,,,,,,,,,,,,,,,,,,,,172411185,10030497,162500360,false,false,3,2024-04-01,2024-06-30,0
2024-07-31,90090,2024-03-31,1,,,,,,,,,,,,,,,,,,,,,,,,,,,,,,,,,,,167482560,false,false,3,2023-04-01,2023-06-30,-1
2024-10-31,90090,2025-03-31,2,,,,,158033000000,0.068,22079000000,0.448,31518000000,0.161,,21496000000,,132.26,,,,,,1028165000000,485993000000,0.458,,471272000000,,,,,,,,,,,,true,false,6,2024-04-01,2024-09-30,0
2024-10-31,90090,2024-03-31,2,,,,,147949000000,0.243,15250000000,2.465,27148000000,1.628,,21092000000,,125.94,,,,,,,,,,,,,,,,,,,,,,true,false,6,2023-04-01,2023-09-30,-1
2024-10-31,90090,2025-03-31,2,,,,,337600000000,0.139,33700000000,0.335,58100000000,0.126,,47000000000,,96.39,,,,,,,,,,,,,,,,,,,,,,true,true,12,2024-04-01,2025-03-31,0
2024-10-31,90090,2024-03-31,2,,,,,,,,,,,,,,,,,,,,1064202000000,469157000000,0.424,,451622000000,,,,,,,,,,,,true,false,12,2023-04-01,2024-03-31,-1
2024-10-31,90090,2024-03-31,2,,,,,,,,,,,,,,,,,,,,,,,,,,,,,39.00,,,,172411185,9870953,,false,false,12,2023-04-01,2024-03-31,-1
2024-10-31,90090,2025-03-31,2,,,,,,,,,,,,,,,,,,,,,,,,,,,,,18.00,,,,,,,false,false,12,2024-04-01,2025-03-31,0
2024-10-31,90090,2025-03-31,2,,,,,,,,,,,,,,,,,,,,,,,,,,,,,6.00,,,,,,,false,true,12,2024-04-01,2025-03-31,0
2024-10-31,90090,2025-03-31,2,,,,,,,,,,,,,,,,,,,,,,,,,,,,,,,,,172411185,9485568,162526895,false,false,6,2024-04-01,2024-09-30,0
2024-10-31,90090,2024-03-31,2,,,,,,,,,,,,,,,,,,,,,,,,,,,,,,,,,,,167482454,false,false,6,2023-04-01,2023-09-30,-1
2024-11-29,90090,2025-03-31,,,,,,337600000000,0.000,33700000000,0.000,58100000000,0.000,,66100000000,,135.41,,,,,,,,,,,,,,,,,,,,,,true,true,12,2024-04-01,2025-03-31,0
2024-11-29,90090,2024-03-31,,,,,,296509000000,,25241000000,,51591000000,,,87657000000,,174.86,,,,,,,,,,,,,,,,,,,,,,true,false,12,2023-04-01,2024-03-31,-1
2024-11-29,90090,2025-03-31,,,,,,,,,,,,,,,,,,,,,,,,,,,,,,11.00,,,,,,,false,true,12,2024-04-01,2025-03-31,0
2024-11-29,90090,2025-03-31,,,,,,,,,,,,,,,,,,,,,,,,,,,,,,18.00,,,,,,,false,false,12,2024-04-01,2025-03-31,0
2024-11-29,90090,2024-03-31,,,,,,,,,,,,,,,,,,,,,,,,,,,,,,39.00,,,,,,,false,false,12,2023-04-01,2024-03-31,-1
2025-01-31,90090,2025-03-31,3,,,,,238187000000,0.070,32882000000,0.378,52704000000,0.156,,60680000000,,124.36,,,,,,1067210000000,523189000000,0.476,,507918000000,,,,,,,,,,,,true,false,9,2024-04-01,2024-12-31,0
2025-01-31,90090,2024-03-31,3,,,,,222614000000,0.199,23867000000,1.814,45590000000,1.243,,35989000000,,71.63,,,,,,,,,,,,,,,,,,,,,,true,false,9,2023-04-01,2023-12-31,-1
2025-01-31,90090,2025-03-31,3,,,,,337600000000,0.139,33700000000,0.335,58100000000,0.126,,66100000000,,135.41,,,,,,,,,,,,,,,,,,,,,,true,true,12,2024-04-01,2025-03-31,0
2025-01-31,90090,2024-03-31,3,,,,,,,,,,,,,,,,,,,,1064202000000,469157000000,0.424,,451622000000,,,,,,,,,,,,true,false,12,2023-04-01,2024-03-31,-1
2025-01-31,90090,2024-03-31,3,,,,,,,,,,,,,,,,,,,,,,,,,,,,,39.00,,,,517233555,29612859,,false,false,12,2023-04-01,2024-03-31,-1
2025-01-31,90090,2025-03-31,3,,,,,,,,,,,,,,,,,,,,,,,,,,,,,18.00,,,,,,,false,false,12,2024-04-01,2025-03-31,0
2025-01-31,90090,2025-03-31,3,,,,,,,,,,,,,,,,,,,,,,,,,,,,,11.00,,,,,,,false,true,12,2024-04-01,2025-03-31,0
2025-01-31,90090,2025-03-31,3,,,,,,,,,,,,,,,,,,,,,,,,,,,,,,,,,517233555,28304469,487954737,false,false,9,2024-04-01,2024-12-31,0
2025-01-31,90090,2024-03-31,3,,,,,,,,,,,,,,,,,,,,,,,,,,,,,,,,,,,502447042,false,false,9,2023-04-01,2023-12-31,-1
2025-05-09,90090,2025-03-31,,,,,,319314000000,0.077,36008000000,0.427,61755000000,0.197,,69961000000,,143.46,,0.146,0.057,,,1094120000000,524658000000,0.465,1055.48,508984000000,41149000000,-9245000000,-62869000000,51369000000,,0.146,,,,,,true,false,12,2024-04-01,2025-03-31,0
2025-05-09,90090,2024-03-31,,,,,,296509000000,0.175,25241000000,1.468,51591000000,0.928,,87657000000,,174.86,,0.207,0.051,,,1064202000000,469157000000,0.424,926.18,451622000000,60045000000,28137000000,-40264000000,82328000000,,0.074,,,,,,true,false,12,2023-04-01,2024-03-31,-1
2025-05-09,90090,2025-03-31,,,,,,99257000000,0.120,19280000000,0.597,27361000000,0.605,69405000000,,0.025,141.14,,,,,,718213000000,262362000000,0.365,539.62,262362000000,,,,,15.00,,,,517233555,35002743,487664331,false,false,12,2024-04-01,2025-03-31,0
2025-05-09,90090,2024-03-31,,,,,,88646000000,0.218,12072000000,1.379,17052000000,2.972,67711000000,,,133.91,,,,,,676638000000,210376000000,0.311,427.78,210376000000,,,,,39.00,,,,517233555,29612859,501306320,false,false,12,2023-04-01,2024-03-31,-1
2025-05-21,90090,2026-03-31,,,,,,331600000000,,31100000000,,51800000000,,,42500000000,,88.13,,,,,,,,,,,,,,,,,,,,,,true,true,12,2025-04-01,2026-03-31,0
2025-05-21,90090,2025-03-31,,,,,,319314000000,,36008000000,,61755000000,,,69961000000,,143.46,,,,,,,,,,,,,,,,,,,,,,true,false,12,2024-04-01,2025-03-31,-1
2025-05-21,90090,2026-03-31,,,,,,,,,,,,,,,,,,,,,,,,,,,,,,18.00,,,,,,,false,true,12,2025-04-01,2026-03-31,0
2025-05-21,90090,2025-03-31,,,,,,,,,,,,,,,,,,,,,,,,,,,,,,15.00,,,,,,,false,false,12,2024-04-01,2025-03-31,-1
2025-07-31,90090,2026-03-31,1,,,,,83334000000,0.038,10101000000,-0.197,15679000000,-0.117,,12714000000,,26.37,,,,,,1094567000000,533909000000,0.473,,517344000000,,,,,,,,,,,,true,false,3,2025-04-01,2025-06-30,0
2025-07-31,90090,2025-03-31,1,,,,,80297000000,0.108,12584000000,0.644,17755000000,0.284,,13317000000,,27.32,,,,,,,,,,,,,,,,,,,,,,true,false,3,2024-04-01,2024-06-30,-1
2025-07-31,90090,2026-03-31,1,,,,,331600000000,0.038,31100000000,-0.136,51800000000,-0.161,,42500000000,,88.13,,,,,,,,,,,,,,,,,,,,,,true,true,12,2025-04-01,2026-03-31,0
2025-07-31,90090,2025-03-31,1,,,,,,,,,,,,,,,,,,,,1094120000000,524658000000,0.465,,508984000000,,,,,,,,,,,,true,false,12,2024-04-01,2025-03-31,-1
2025-07-31,90090,2025-03-31,1,,,,,,,,,,,,,,,,,,,,,,,,,,,,,15.00,,,,517233555,35002743,,false,false,12,2024-04-01,2025-03-31,-1
2025-07-31,90090,2026-03-31,1,,,,,,,,,,,,,,,,,,,,,,,,,,,,,18.00,,,,,,,false,true,12,2025-04-01,2026-03-31,0
2025-07-31,90090,2026-03-31,1,,,,,,,,,,,,,,,,,,,,,,,,,,,,,,,,,517233555,35002829,482230769,false,false,3,2025-04-01,2025-06-30,0
2025-07-31,90090,2025-03-31,1,,,,,,,,,,,,,,,,,,,,,,,,,,,,,,,,,,,487501080,false,false,3,2024-04-01,2024-06-30,-1
