filing_date,code,fiscal_year_end,quarterly_period,net_sales,net_sales_change,revenue,revenue_change,operating_revenue,operating_revenue_change,operating_profit,operating_profit_change,ordinary_profit,ordinary_profit_change,net_income,net_income_of_parent,net_income_change,eps,diluted_eps,roe,roa,operating_profit_to_net_sales,operating_profit_to_revenue,total_assets,net_assets,equity_ratio,bps,owner_equity,operating_cash_flow,investing_cash_flow,financing_cash_flow,cash,dividend_per_share,payout_ratio,commemorative_dividend,extra_dividend,number_of_shares,number_of_treqsury_shares,avg_number_of_shares,is_consolidated,is_forecast,duration,period_start,period_end,period_pos
2015-07-29,90200,2016-03-31,1,687907000000,0.045,,,,,136913000000,0.127,120572000000,0.167,,79232000000,,201.92,,,,,,7374087000000,2360610000000,0.317,,2341051000000,,,,,,,,,,,,true,false,3,2015-04-01,2015-06-30,0
2015-07-29,90200,2015-03-31,1,658038000000,0.006,,,,,121503000000,-0.059,103344000000,-0.050,,66449000000,,168.78,,,,,,,,,,,,,,,,,,,,,,true,false,3,2014-04-01,2014-06-30,-1
2015-07-29,90200,2016-03-31,1,1387000000000,0.023,,,,,267000000000,0.035,232000000000,0.050,,151000000000,,385.36,,,,,,,,,,,,,,,,,,,,,,true,true,6,2015-04-01,2015-09-30,0
2015-07-29,90200,2016-03-31,1,2800000000000,0.016,,,,,445000000000,0.041,382000000000,0.055,,238000000000,,607.38,,,,,,,,,,,,,,,,,,,,,,true,true,12,2015-04-01,2016-03-31,0
2015-07-29,90200,2015-03-31,1,,,,,,,,,,,,,,,,,,,,7605690000000,2304976000000,0.301,,2285658000000,,,,,,,,,,,,true,false,12,2014-04-01,2015-03-31,-1
2015-07-29,90200,2015-03-31,1,,,,,,,,,,,,,,,,,,,,,,,,,,,,,120.00,,,,393500000,652972,,false,false,12,2014-04-01,2015-03-31,-1
2015-07-29,90200,2016-03-31,1,,,,,,,,,,,,,,,,,,,,,,,,,,,,,130.00,,,,,,,false,true,12,2015-04-01,2016-03-31,0
2015-07-29,90200,2016-03-31,1,,,,,,,,,,,,,,,,,,,,,,,,,,,,,,,,,393500000,1653561,392387753,false,false,3,2015-04-01,2015-06-30,0
2015-07-29,90200,2015-03-31,1,,,,,,,,,,,,,,,,,,,,,,,,,,,,,,,,,,,393699766,false,false,3,2014-04-01,2014-06-30,-1
2015-10-28,90200,2016-03-31,2,1421299000000,0.048,,,,,292321000000,0.133,257597000000,0.166,,167361000000,,426.82,,,,,,7473186000000,2424378000000,0.322,,2404505000000,,,,,,,,,,,,true,false,6,2015-04-01,2015-09-30,0
2015-10-28,90200,2015-03-31,2,1356211000000,0.008,,,,,257895000000,-0.007,220993000000,0.017,,136019000000,,345.86,,,,,,,,,,,,,,,,,,,,,,true,false,6,2014-04-01,2014-09-30,-1
2015-10-28,90200,2016-03-31,2,2841000000000,0.031,,,,,463000000000,0.083,402000000000,0.111,,253000000000,,645.66,,,,,,,,,,,,,,,,,,,,,,true,true,12,2015-04-01,2016-03-31,0
2015-10-28,90200,2015-03-31,2,,,,,,,,,,,,,,,,,,,,7605690000000,2304976000000,0.301,,2285658000000,,,,,,,,,,,,true,false,12,2014-04-01,2015-03-31,-1
2015-10-28,90200,2015-03-31,2,,,,,,,,,,,,,,,,,,,,,,,,,,,,,120.00,,,,393500000,652972,,false,false,12,2014-04-01,2015-03-31,-1
2015-10-28,90200,2016-03-31,2,,,,,,,,,,,,,,,,,,,,,,,,,,,,,65.00,,,,,,,false,false,12,2015-04-01,2016-03-31,0
2015-10-28,90200,2016-03-31,2,,,,,,,,,,,,,,,,,,,,,,,,,,,,,130.00,,,,,,,false,true,12,2015-04-01,2016-03-31,0
2015-10-28,90200,2016-03-31,2,,,,,,,,,,,,,,,,,,,,,,,,,,,,,,,,,392500000,654693,392115384,false,false,6,2015-04-01,2015-09-30,0
2015-10-28,90200,2015-03-31,2,,,,,,,,,,,,,,,,,,,,,,,,,,,,,,,,,,,393282598,false,false,6,2014-04-01,2014-09-30,-1
2016-01-29,90200,2016-03-31,3,2149595000000,0.041,,,,,434729000000,0.125,385732000000,0.160,,248192000000,,633.10,,,,,,7588554000000,2489191000000,0.325,,2468878000000,,,,,,,,,,,,true,false,9,2015-04-01,2015-12-31,0
2016-01-29,90200,2015-03-31,3,2065523000000,0.017,,,,,386429000000,0.026,332442000000,0.056,,195873000000,,498.23,,,,,,,,,,,,,,,,,,,,,,true,false,9,2014-04-01,2014-12-31,-1
2016-01-29,90200,2016-03-31,3,2841000000000,0.031,,,,,463000000000,0.083,402000000000,0.111,,253000000000,,645.66,,,,,,,,,,,,,,,,,,,,,,true,true,12,2015-04-01,2016-03-31,0
2016-01-29,90200,2015-03-31,3,,,,,,,,,,,,,,,,,,,,7605690000000,2304976000000,0.301,,2285658000000,,,,,,,,,,,,true,false,12,2014-04-01,2015-03-31,-1
2016-01-29,90200,2015-03-31,3,,,,,,,,,,,,,,,,,,,,,,,,,,,,,120.00,,,,393500000,652972,,false,false,12,2014-04-01,2015-03-31,-1
2016-01-29,90200,2016-03-31,3,,,,,,,,,,,,,,,,,,,,,,,,,,,,,65.00,,,,,,,false,false,12,2015-04-01,2016-03-31,0
2016-01-29,90200,2016-03-31,3,,,,,,,,,,,,,,,,,,,,,,,,,,,,,130.00,,,,,,,false,true,12,2015-04-01,2016-03-31,0
2016-01-29,90200,2016-03-31,3,,,,,,,,,,,,,,,,,,,,,,,,,,,,,,,,,392500000,655563,392024900,false,false,9,2015-04-01,2015-12-31,0
2016-01-29,90200,2015-03-31,3,,,,,,,,,,,,,,,,,,,,,,,,,,,,,,,,,,,393138844,false,false,9,2014-04-01,2014-12-31,-1
2016-04-27,90200,2016-03-31,,2867199000000,0.040,,,,,487821000000,0.141,428902000000,0.185,,245309000000,,625.82,,0.104,0.056,0.170,,7789762000000,2462537000000,0.314,6232.40,2442128000000,673109000000,-499575000000,-110265000000,307809000000,,0.208,,,,,,true,false,12,2015-04-01,2016-03-31,0
2016-04-27,90200,2015-03-31,,2756165000000,0.020,,,,,427521000000,0.051,361977000000,0.089,,180397000000,,458.95,,0.081,0.048,0.155,,7605690000000,2304976000000,0.301,5818.19,2285658000000,622762000000,-476844000000,-86636000000,245170000000,,0.261,,,,,,true,false,12,2014-04-01,2015-03-31,-1
2016-04-27,90200,2017-03-31,,1432000000000,0.008,,,,,272000000000,-0.070,238000000000,-0.076,,158000000000,,403.22,,,,,,,,,,,,,,,,,,,,,,true,true,6,2016-04-01,2016-09-30,1
2016-04-27,90200,2017-03-31,,2878000000000,0.004,,,,,450000000000,-0.078,393000000000,-0.084,,266000000000,,678.84,,,,,,,,,,,,,,,,0.192,,,,,,true,true,12,2016-04-01,2017-03-31,1
2016-04-27,90200,2016-03-31,,2057342000000,0.046,,,,,409994000000,0.163,359483000000,0.192,209031000000,,0.330,532.82,,,,,,7270274000000,2027645000000,0.279,5170.23,2027645000000,,,,,130.00,,,,392500000,655903,391979983,false,false,12,2015-04-01,2016-03-31,0
2016-04-27,90200,2015-03-31,,1966042000000,0.017,,,,,352677000000,0.076,301571000000,0.143,157126000000,,-0.075,399.42,,,,,,7100479000000,1903633000000,0.268,4841.64,1903633000000,,,,,120.00,,,,393500000,652972,393066943,false,false,12,2014-04-01,2015-03-31,-1
2016-04-27,90200,2017-03-31,,1039000000000,0.001,,,,,238000000000,-0.073,214000000000,-0.079,148000000000,,-0.064,377.38,,,,,,,,,,,,,,,,,,,,,,false,true,6,2016-04-01,2016-09-30,1
2016-04-27,90200,2017-03-31,,2060000000000,0.001,,,,,373000000000,-0.090,323000000000,-0.101,229000000000,,0.096,583.92,,,,,,,,,,,,,,,130.00,,,,,,,false,true,12,2016-04-01,2017-03-31,1
2016-07-29,90200,2017-03-31,1,698021000000,0.015,,,,,132874000000,-0.030,117075000000,-0.029,,79967000000,,204.60,,,,,,7462456000000,2473611000000,0.329,,2452886000000,,,,,,,,,,,,true,false,3,2016-04-01,2016-06-30,0
2016-07-29,90200,2016-03-31,1,687907000000,0.045,,,,,136913000000,0.127,120572000000,0.167,,79232000000,,201.92,,,,,,,,,,,,,,,,,,,,,,true,false,3,2015-04-01,2015-06-30,-1
2016-07-29,90200,2017-03-31,1,1432000000000,0.008,,,,,272000000000,-0.070,238000000000,-0.076,,158000000000,,406.43,,,,,,,,,,,,,,,,,,,,,,true,true,6,2016-04-01,2016-09-30,0
2016-07-29,90200,2017-03-31,1,2878000000000,0.004,,,,,450000000000,-0.078,393000000000,-0.084,,266000000000,,684.24,,,,,,,,,,,,,,,,,,,,,,true,true,12,2016-04-01,2017-03-31,0
2016-07-29,90200,2016-03-31,1,,,,,,,,,,,,,,,,,,,,7789762000000,2462537000000,0.314,,2442128000000,,,,,,,,,,,,true,false,12,2015-04-01,2016-03-31,-1
2016-07-29,90200,2016-03-31,1,,,,,,,,,,,,,,,,,,,,,,,,,,,,,130.00,,,,392500000,655903,,false,false,12,2015-04-01,2016-03-31,-1
2016-07-29,90200,2017-03-31,1,,,,,,,,,,,,,,,,,,,,,,,,,,,,,130.00,,,,,,,false,true,12,2016-04-01,2017-03-31,0
2016-07-29,90200,2017-03-31,1,,,,,,,,,,,,,,,,,,,,,,,,,,,,,,,,,392500000,3748363,390842004,false,false,3,2016-04-01,2016-06-30,0
2016-07-29,90200,2016-03-31,1,,,,,,,,,,,,,,,,,,,,,,,,,,,,,,,,,,,392387753,false,false,3,2015-04-01,2015-06-30,-1
2016-10-28,90200,2017-03-31,2,1435158000000,0.010,,,,,277644000000,-0.050,244957000000,-0.049,,164787000000,,422.76,,,,,,7593856000000,2564320000000,0.335,,2543079000000,,,,,,,,,,,,true,false,6,2016-04-01,2016-09-30,0
2016-10-28,90200,2016-03-31,2,1421299000000,0.048,,,,,292321000000,0.133,257597000000,0.166,,167361000000,,426.82,,,,,,,,,,,,,,,,,,,,,,true,false,6,2015-04-01,2015-09-30,-1
2016-10-28,90200,2017-03-31,2,2878000000000,0.004,,,,,450000000000,-0.078,393000000000,-0.084,,266000000000,,684.24,,,,,,,,,,,,,,,,,,,,,,true,true,12,2016-04-01,2017-03-31,0
2016-10-28,90200,2016-03-31,2,,,,,,,,,,,,,,,,,,,,7789762000000,2462537000000,0.314,,2442128000000,,,,,,,,,,,,true,false,12,2015-04-01,2016-03-31,-1
2016-10-28,90200,2016-03-31,2,,,,,,,,,,,,,,,,,,,,,,,,,,,,,130.00,,,,392500000,655903,,false,false,12,2015-04-01,2016-03-31,-1
2016-10-28,90200,2017-03-31,2,,,,,,,,,,,,,,,,,,,,,,,,,,,,,65.00,,,,,,,false,false,12,2016-04-01,2017-03-31,0
2016-10-28,90200,2017-03-31,2,,,,,,,,,,,,,,,,,,,,,,,,,,,,,130.00,,,,,,,false,true,12,2016-04-01,2017-03-31,0
2016-10-28,90200,2017-03-31,2,,,,,,,,,,,,,,,,,,,,,,,,,,,,,,,,,389407900,656713,389790994,false,false,6,2016-04-01,2016-09-30,0
2016-10-28,90200,2016-03-31,2,,,,,,,,,,,,,,,,,,,,,,,,,,,,,,,,,,,392115384,false,false,6,2015-04-01,2015-09-30,-1
2017-01-30,90200,2017-03-31,3,2161339000000,0.005,,,,,415630000000,-0.044,368829000000,-0.044,,253120000000,,649.96,,,,,,7713888000000,2653610000000,0.341,,2631853000000,,,,,,,,,,,,true,false,9,2016-04-01,2016-12-31,0
2017-01-30,90200,2016-03-31,3,2149595000000,0.041,,,,,434729000000,0.125,385732000000,0.160,,248192000000,,633.10,,,,,,,,,,,,,,,,,,,,,,true,false,9,2015-04-01,2015-12-31,-1
2017-01-30,90200,2017-03-31,3,2878000000000,0.004,,,,,450000000000,-0.078,393000000000,-0.084,,266000000000,,684.24,,,,,,,,,,,,,,,,,,,,,,true,true,12,2016-04-01,2017-03-31,0
2017-01-30,90200,2016-03-31,3,,,,,,,,,,,,,,,,,,,,7789762000000,2462537000000,0.314,,2442128000000,,,,,,,,,,,,true,false,12,2015-04-01,2016-03-31,-1
2017-01-30,90200,2016-03-31,3,,,,,,,,,,,,,,,,,,,,,,,,,,,,,130.00,,,,392500000,655903,,false,false,12,2015-04-01,2016-03-31,-1
2017-01-30,90200,2017-03-31,3,,,,,,,,,,,,,,,,,,,,,,,,,,,,,65.00,,,,,,,false,false,12,2016-04-01,2017-03-31,0
2017-01-30,90200,2017-03-31,3,,,,,,,,,,,,,,,,,,,,,,,,,,,,,130.00,,,,,,,false,true,12,2016-04-01,2017-03-31,0
2017-01-30,90200,2017-03-31,3,,,,,,,,,,,,,,,,,,,,,,,,,,,,,,,,,389407900,657278,389443056,false,false,9,2016-04-01,2016-12-31,0
2017-01-30,90200,2016-03-31,3,,,,,,,,,,,,,,,,,,,,,,,,,,,,,,,,,,,392024900,false,false,9,2015-04-01,2015-12-31,-1
2017-04-28,90200,2017-03-31,,2880802000000,0.005,,,,,466309000000,-0.044,412311000000,-0.039,,277925000000,,713.96,,0.109,0.053,0.162,,7911114000000,2675353000000,0.335,6825.51,2653419000000,652906000000,-557538000000,-116280000000,287125000000,,0.182,,,,,,true,false,12,2016-04-01,2017-03-31,0
2017-04-28,90200,2016-03-31,,2867199000000,0.040,,,,,487821000000,0.141,428902000000,0.185,,245309000000,,625.82,,0.104,0.056,0.170,,7789762000000,2462537000000,0.314,6232.40,2442128000000,673109000000,-499575000000,-110265000000,307809000000,,0.208,,,,,,true,false,12,2015-04-01,2016-03-31,-1
2017-04-28,90200,2018-03-31,,1454000000000,0.013,,,,,281000000000,0.012,250000000000,0.021,,173000000000,,445.02,,,,,,,,,,,,,,,,,,,,,,true,true,6,2017-04-01,2017-09-30,1
2017-04-28,90200,2018-03-31,,2930000000000,0.017,,,,,472000000000,0.012,424000000000,0.028,,286000000000,,735.69,,,,,,,,,,,,,,,,0.190,,,,,,true,true,12,2017-04-01,2018-03-31,1
2017-04-28,90200,2017-03-31,,2068807000000,0.006,,,,,388608000000,-0.052,341615000000,-0.050,243347000000,,0.164,624.60,,,,,,7379373000000,2199992000000,0.298,5654.30,2199992000000,,,,,130.00,,,,389407900,657657,389272266,false,false,12,2016-04-01,2017-03-31,0
2017-04-28,90200,2016-03-31,,2057342000000,0.046,,,,,409994000000,0.163,359483000000,0.192,209031000000,,0.330,532.82,,,,,,7270274000000,2027645000000,0.279,5170.23,2027645000000,,,,,130.00,,,,392500000,655903,391979983,false,false,12,2015-04-01,2016-03-31,-1
2017-04-28,90200,2018-03-31,,1047000000000,0.005,,,,,249000000000,0.027,229000000000,0.047,165000000000,,0.079,424.07,,,,,,,,,,,,,,,,,,,,,,false,true,6,2017-04-01,2017-09-30,1
2017-04-28,90200,2018-03-31,,2079000000000,0.005,,,,,393000000000,0.011,351000000000,0.027,247000000000,,0.015,634.83,,,,,,,,,,,,,,,140.00,,,,,,,false,true,12,2017-04-01,2018-03-31,1
2017-07-28,90200,2018-03-31,1,711892000000,0.020,,,,,138601000000,0.043,127120000000,0.086,,86271000000,,222.53,,,,,,7684462000000,2714354000000,0.350,,2691057000000,,,,,,,,,,,,true,false,3,2017-04-01,2017-06-30,0
2017-07-28,90200,2017-03-31,1,698021000000,0.015,,,,,132874000000,-0.030,117075000000,-0.029,,79967000000,,204.60,,,,,,,,,,,,,,,,,,,,,,true,false,3,2016-04-01,2016-06-30,-1
2017-07-28,90200,2018-03-31,1,1454000000000,0.013,,,,,281000000000,0.012,250000000000,0.021,,173000000000,,448.49,,,,,,,,,,,,,,,,,,,,,,true,true,6,2017-04-01,2017-09-30,0
2017-07-28,90200,2018-03-31,1,2930000000000,0.017,,,,,472000000000,0.012,424000000000,0.028,,286000000000,,741.44,,,,,,,,,,,,,,,,,,,,,,true,true,12,2017-04-01,2018-03-31,0
2017-07-28,90200,2017-03-31,1,,,,,,,,,,,,,,,,,,,,7911114000000,2675353000000,0.335,,2653419000000,,,,,,,,,,,,true,false,12,2016-04-01,2017-03-31,-1
2017-07-28,90200,2017-03-31,1,,,,,,,,,,,,,,,,,,,,,,,,,,,,,130.00,,,,389407900,657657,,false,false,12,2016-04-01,2017-03-31,-1
2017-07-28,90200,2018-03-31,1,,,,,,,,,,,,,,,,,,,,,,,,,,,,,140.00,,,,,,,false,true,12,2017-04-01,2018-03-31,0
2017-07-28,90200,2018-03-31,1,,,,,,,,,,,,,,,,,,,,,,,,,,,,,,,,,389407900,3673024,387689472,false,false,3,2017-04-01,2017-06-30,0
2017-07-28,90200,2017-03-31,1,,,,,,,,,,,,,,,,,,,,,,,,,,,,,,,,,,,390842004,false,false,3,2016-04-01,2016-06-30,-1
2017-10-27,90200,2018-03-31,2,1464820000000,0.021,,,,,292343000000,0.053,265699000000,0.085,,178595000000,,462.23,,,,,,7857031000000,2802621000000,0.354,,2778678000000,,,,,,,,,,,,true,false,6,2017-04-01,2017-09-30,0
2017-10-27,90200,2017-03-31,2,1435158000000,0.010,,,,,277644000000,-0.050,244957000000,-0.049,,164787000000,,422.76,,,,,,,,,,,,,,,,,,,,,,true,false,6,2016-04-01,2016-09-30,-1
2017-10-27,90200,2018-03-31,2,2930000000000,0.017,,,,,472000000000,0.012,424000000000,0.028,,286000000000,,742.86,,,,,,,,,,,,,,,,,,,,,,true,true,12,2017-04-01,2018-03-31,0
2017-10-27,90200,2017-03-31,2,,,,,,,,,,,,,,,,,,,,7911114000000,2675353000000,0.335,,2653419000000,,,,,,,,,,,,true,false,12,2016-04-01,2017-03-31,-1
2017-10-27,90200,2017-03-31,2,,,,,,,,,,,,,,,,,,,,,,,,,,,,,130.00,,,,389407900,657657,,false,false,12,2016-04-01,2017-03-31,-1
2017-10-27,90200,2018-03-31,2,,,,,,,,,,,,,,,,,,,,,,,,,,,,,70.00,,,,,,,false,false,12,2017-04-01,2018-03-31,0
2017-10-27,90200,2018-03-31,2,,,,,,,,,,,,,,,,,,,,,,,,,,,,,140.00,,,,,,,false,true,12,2017-04-01,2018-03-31,0
2017-10-27,90200,2018-03-31,2,,,,,,,,,,,,,,,,,,,,,,,,,,,,,,,,,385655500,658683,386377431,false,false,6,2017-04-01,2017-09-30,0
2017-10-27,90200,2017-03-31,2,,,,,,,,,,,,,,,,,,,,,,,,,,,,,,,,,,,389790994,false,false,6,2016-04-01,2016-09-30,-1
2018-01-30,90200,2018-03-31,3,2207016000000,0.021,,,,,437710000000,0.053,399662000000,0.084,,268842000000,,696.64,,,,,,7923614000000,2878767000000,0.360,,2854046000000,,,,,,,,,,,,true,false,9,2017-04-01,2017-12-31,0
2018-01-30,90200,2017-03-31,3,2161339000000,0.005,,,,,415630000000,-0.044,368829000000,-0.044,,253120000000,,649.96,,,,,,,,,,,,,,,,,,,,,,true,false,9,2016-04-01,2016-12-31,-1
2018-01-30,90200,2018-03-31,3,2930000000000,0.017,,,,,472000000000,0.012,424000000000,0.028,,286000000000,,742.86,,,,,,,,,,,,,,,,,,,,,,true,true,12,2017-04-01,2018-03-31,0
2018-01-30,90200,2017-03-31,3,,,,,,,,,,,,,,,,,,,,7911114000000,2675353000000,0.335,,2653419000000,,,,,,,,,,,,true,false,12,2016-04-01,2017-03-31,-1
2018-01-30,90200,2017-03-31,3,,,,,,,,,,,,,,,,,,,,,,,,,,,,,130.00,,,,389407900,657657,,false,false,12,2016-04-01,2017-03-31,-1
2018-01-30,90200,2018-03-31,3,,,,,,,,,,,,,,,,,,,,,,,,,,,,,70.00,,,,,,,false,false,12,2017-04-01,2018-03-31,0
2018-01-30,90200,2018-03-31,3,,,,,,,,,,,,,,,,,,,,,,,,,,,,,140.00,,,,,,,false,true,12,2017-04-01,2018-03-31,0
2018-01-30,90200,2018-03-31,3,,,,,,,,,,,,,,,,,,,,,,,,,,,,,,,,,385655500,659441,385915403,false,false,9,2017-04-01,2017-12-31,0
2018-01-30,90200,2017-03-31,3,,,,,,,,,,,,,,,,,,,,,,,,,,,,,,,,,,,389443056,false,false,9,2016-04-01,2016-12-31,-1
2018-04-27,90200,2018-03-31,,2950156000000,0.024,,,,,481295000000,0.032,439969000000,0.067,,288957000000,,749.20,,0.105,0.055,0.163,,8147676000000,2884552000000,0.351,7426.92,2859330000000,704194000000,-541857000000,-135100000000,314934000000,,0.187,,,,,,true,false,12,2017-04-01,2018-03-31,0
2018-04-27,90200,2017-03-31,,2880802000000,0.005,,,,,466309000000,-0.044,412311000000,-0.039,,277925000000,,713.96,,0.109,0.053,0.162,,7911114000000,2675353000000,0.335,6825.51,2653419000000,652906000000,-557538000000,-116280000000,287125000000,,0.182,,,,,,true,false,12,2016-04-01,2017-03-31,-1
2018-04-27,90200,2019-03-31,,1483000000000,0.012,,,,,287000000000,-0.018,259000000000,-0.025,,169000000000,,438.97,,,,,,,,,,,,,,,,,,,,,,true,true,6,2018-04-01,2018-09-30,1
2018-04-27,90200,2019-03-31,,2994000000000,0.015,,,,,482000000000,0.001,440000000000,0.000,,289000000000,,750.66,,,,,,,,,,,,,,,,0.200,,,,,,true,true,12,2018-04-01,2019-03-31,1
2018-04-27,90200,2018-03-31,,2093264000000,0.012,,,,,395131000000,0.017,358943000000,0.051,247085000000,,0.015,640.08,,,,,,7548002000000,2362982000000,0.313,6132.39,2362982000000,,,,,140.00,,,,385655500,659915,385688648,false,false,12,2017-04-01,2018-03-31,0
2018-04-27,90200,2017-03-31,,2068807000000,0.006,,,,,388608000000,-0.052,341615000000,-0.050,243347000000,,0.164,624.60,,,,,,7379373000000,2199992000000,0.298,5654.30,2199992000000,,,,,130.00,,,,389407900,657657,389272266,false,false,12,2016-04-01,2017-03-31,-1
2018-04-27,90200,2019-03-31,,1063000000000,0.007,,,,,246000000000,-0.036,228000000000,-0.046,157000000000,,-0.068,407.44,,,,,,,,,,,,,,,,,,,,,,false,true,6,2018-04-01,2018-09-30,1
2018-04-27,90200,2019-03-31,,2107000000000,0.007,,,,,387000000000,-0.021,349000000000,-0.028,240000000000,,-0.029,622.85,,,,,,,,,,,,,,,150.00,,,,,,,false,true,12,2018-04-01,2019-03-31,1
2018-07-27,90200,2019-03-31,1,726359000000,0.020,,,,,138691000000,0.001,124407000000,-0.021,,78182000000,,203.80,,,,,,7873213000000,2913738000000,0.367,,2888044000000,,,,,,,,,,,,true,false,3,2018-04-01,2018-06-30,0
2018-07-27,90200,2018-03-31,1,711892000000,0.020,,,,,138601000000,0.043,127120000000,0.086,,86271000000,,222.53,,,,,,,,,,,,,,,,,,,,,,true,false,3,2017-04-01,2017-06-30,-1
2018-07-27,90200,2019-03-31,1,1483000000000,0.012,,,,,287000000000,-0.018,259000000000,-0.025,,169000000000,,442.99,,,,,,,,,,,,,,,,,,,,,,true,true,6,2018-04-01,2018-09-30,0
2018-07-27,90200,2019-03-31,1,2994000000000,0.015,,,,,482000000000,0.001,440000000000,0.000,,289000000000,,757.55,,,,,,,,,,,,,,,,,,,,,,true,true,12,2018-04-01,2019-03-31,0
2018-07-27,90200,2018-03-31,1,,,,,,,,,,,,,,,,,,,,8147676000000,2884552000000,0.351,,2859330000000,,,,,,,,,,,,true,false,12,2017-04-01,2018-03-31,-1
2018-07-27,90200,2018-03-31,1,,,,,,,,,,,,,,,,,,,,,,,,,,,,,140.00,,,,385655500,659915,,false,false,12,2017-04-01,2018-03-31,-1
2018-07-27,90200,2019-03-31,1,,,,,,,,,,,,,,,,,,,,,,,,,,,,,150.00,,,,,,,false,true,12,2018-04-01,2019-03-31,0
2018-07-27,90200,2019-03-31,1,,,,,,,,,,,,,,,,,,,,,,,,,,,,,,,,,385655500,4160389,383624997,false,false,3,2018-04-01,2018-06-30,0
2018-07-27,90200,2018-03-31,1,,,,,,,,,,,,,,,,,,,,,,,,,,,,,,,,,,,387689472,false,false,3,2017-04-01,2017-06-30,-1
2018-10-29,90200,2019-03-31,2,1486993000000,0.015,,,,,292226000000,-0.000,266474000000,0.003,,178903000000,,467.85,,,,,,8054346000000,3017345000000,0.371,,2991135000000,,,,,,,,,,,,true,false,6,2018-04-01,2018-09-30,0
2018-10-29,90200,2018-03-31,2,1464820000000,0.021,,,,,292343000000,0.053,265699000000,0.085,,178595000000,,462.23,,,,,,,,,,,,,,,,,,,,,,true,false,6,2017-04-01,2017-09-30,-1
2018-10-29,90200,2019-03-31,2,2994000000000,0.015,,,,,482000000000,0.001,440000000000,0.000,,289000000000,,758.21,,,,,,,,,,,,,,,,,,,,,,true,true,12,2018-04-01,2019-03-31,0
2018-10-29,90200,2018-03-31,2,,,,,,,,,,,,,,,,,,,,8147676000000,2884552000000,0.351,,2859330000000,,,,,,,,,,,,true,false,12,2017-04-01,2018-03-31,-1
2018-10-29,90200,2018-03-31,2,,,,,,,,,,,,,,,,,,,,,,,,,,,,,140.00,,,,385655500,659915,,false,false,12,2017-04-01,2018-03-31,-1
2018-10-29,90200,2019-03-31,2,,,,,,,,,,,,,,,,,,,,,,,,,,,,,75.00,,,,,,,false,false,12,2018-04-01,2019-03-31,0
2018-10-29,90200,2019-03-31,2,,,,,,,,,,,,,,,,,,,,,,,,,,,,,150.00,,,,,,,false,true,12,2018-04-01,2019-03-31,0
2018-10-29,90200,2019-03-31,2,,,,,,,,,,,,,,,,,,,,,,,,,,,,,,,,,381822200,660762,382394737,false,false,6,2018-04-01,2018-09-30,0
2018-10-29,90200,2018-03-31,2,,,,,,,,,,,,,,,,,,,,,,,,,,,,,,,,,,,386377431,false,false,6,2017-04-01,2017-09-30,-1
2019-01-30,90200,2019-03-31,3,2253172000000,0.021,,,,,440520000000,0.006,404422000000,0.012,,272790000000,,714.14,,,,,,8123401000000,3061033000000,0.374,,3034128000000,,,,,,,,,,,,true,false,9,2018-04-01,2018-12-31,0
2019-01-30,90200,2018-03-31,3,2207016000000,0.021,,,,,437710000000,0.053,399662000000,0.084,,268842000000,,696.64,,,,,,,,,,,,,,,,,,,,,,true,false,9,2017-04-01,2017-12-31,-1
2019-01-30,90200,2019-03-31,3,2994000000000,0.015,,,,,482000000000,0.001,440000000000,0.000,,289000000000,,758.21,,,,,,,,,,,,,,,,,,,,,,true,true,12,2018-04-01,2019-03-31,0
2019-01-30,90200,2018-03-31,3,,,,,,,,,,,,,,,,,,,,8147676000000,2884552000000,0.351,,2859330000000,,,,,,,,,,,,true,false,12,2017-04-01,2018-03-31,-1
2019-01-30,90200,2018-03-31,3,,,,,,,,,,,,,,,,,,,,,,,,,,,,,140.00,,,,385655500,659915,,false,false,12,2017-04-01,2018-03-31,-1
2019-01-30,90200,2019-03-31,3,,,,,,,,,,,,,,,,,,,,,,,,,,,,,75.00,,,,,,,false,false,12,2018-04-01,2019-03-31,0
2019-01-30,90200,2019-03-31,3,,,,,,,,,,,,,,,,,,,,,,,,,,,,,150.00,,,,,,,false,true,12,2018-04-01,2019-03-31,0
2019-01-30,90200,2019-03-31,3,,,,,,,,,,,,,,,,,,,,,,,,,,,,,,,,,381822200,661192,381982075,false,false,9,2018-04-01,2018-12-31,0
2019-01-30,90200,2018-03-31,3,,,,,,,,,,,,,,,,,,,,,,,,,,,,,,,,,,,385915403,false,false,9,2017-04-01,2017-12-31,-1
2019-04-25,90200,2019-03-31,,3002043000000,0.018,,,,,484860000000,0.007,443267000000,0.007,,295216000000,,773.26,,0.100,0.054,0.162,,8359676000000,3094378000000,0.367,8046.93,3067173000000,663801000000,-594425000000,-120693000000,263739000000,,0.194,,,,,,true,false,12,2018-04-01,2019-03-31,0
2019-04-25,90200,2018-03-31,,2950156000000,0.024,,,,,481295000000,0.032,439969000000,0.067,,288957000000,,749.20,,0.105,0.055,0.163,,8147676000000,2884552000000,0.351,7426.92,2859330000000,704194000000,-541857000000,-135100000000,314934000000,,0.187,,,,,,true,false,12,2017-04-01,2018-03-31,-1
2019-04-25,90200,2020-03-31,,1517000000000,0.020,,,,,288000000000,-0.014,263000000000,-0.013,,184000000000,,482.74,,,,,,,,,,,,,,,,,,,,,,true,true,6,2019-04-01,2019-09-30,1
2019-04-25,90200,2020-03-31,,3070000000000,0.023,,,,,488000000000,0.006,446000000000,0.006,,301000000000,,789.69,,,,,,,,,,,,,,,,0.209,,,,,,true,true,12,2019-04-01,2020-03-31,1
2019-04-25,90200,2019-03-31,,2113362000000,0.010,,,,,391877000000,-0.008,354852000000,-0.011,251165000000,,0.017,657.31,,,,,,7688566000000,2513699000000,0.327,6589.10,2513699000000,,,,,150.00,,,,381822200,661645,381779554,false,false,12,2018-04-01,2019-03-31,0
2019-04-25,90200,2018-03-31,,2093264000000,0.012,,,,,395131000000,0.017,358943000000,0.051,247085000000,,0.015,640.08,,,,,,7548002000000,2362982000000,0.313,6132.39,2362982000000,,,,,140.00,,,,385655500,659915,385688648,false,false,12,2017-04-01,2018-03-31,-1
2019-04-25,90200,2020-03-31,,1074000000000,0.010,,,,,242000000000,-0.025,227000000000,-0.020,161000000000,,-0.025,422.03,,,,,,,,,,,,,,,,,,,,,,false,true,6,2019-04-01,2019-09-30,1
2019-04-25,90200,2020-03-31,,2141000000000,0.013,,,,,389000000000,-0.007,353000000000,-0.005,250000000000,,-0.005,655.32,,,,,,,,,,,,,,,165.00,,,,,,,false,true,12,2019-04-01,2020-03-31,1
2019-07-30,90200,2020-03-31,1,742382000000,0.022,,,,,144633000000,0.043,132741000000,0.067,,91575000000,,240.79,,,,,,8146837000000,3125553000000,0.380,,3098101000000,,,,,,,,,,,,true,false,3,2019-04-01,2019-06-30,0
2019-07-30,90200,2019-03-31,1,726359000000,0.020,,,,,138691000000,0.001,124407000000,-0.021,,78182000000,,203.80,,,,,,,,,,,,,,,,,,,,,,true,false,3,2018-04-01,2018-06-30,-1
2019-07-30,90200,2020-03-31,1,1517000000000,0.020,,,,,288000000000,-0.014,263000000000,-0.013,,184000000000,,486.11,,,,,,,,,,,,,,,,,,,,,,true,true,6,2019-04-01,2019-09-30,0
2019-07-30,90200,2020-03-31,1,3070000000000,0.023,,,,,488000000000,0.006,446000000000,0.006,,301000000000,,795.21,,,,,,,,,,,,,,,,,,,,,,true,true,12,2019-04-01,2020-03-31,0
2019-07-30,90200,2019-03-31,1,,,,,,,,,,,,,,,,,,,,8359676000000,3094378000000,0.367,,3067173000000,,,,,,,,,,,,true,false,12,2018-04-01,2019-03-31,-1
2019-07-30,90200,2019-03-31,1,,,,,,,,,,,,,,,,,,,,,,,,,,,,,150.00,,,,381822200,661645,,false,false,12,2018-04-01,2019-03-31,-1
2019-07-30,90200,2020-03-31,1,,,,,,,,,,,,,,,,,,,,,,,,,,,,,165.00,,,,,,,false,true,12,2019-04-01,2020-03-31,0
2019-07-30,90200,2020-03-31,1,,,,,,,,,,,,,,,,,,,,,,,,,,,,,,,,,381822200,3306615,380305262,false,false,3,2019-04-01,2019-06-30,0
2019-07-30,90200,2019-03-31,1,,,,,,,,,,,,,,,,,,,,,,,,,,,,,,,,,,,383624997,false,false,3,2018-04-01,2018-06-30,-1
2019-10-28,90200,2020-03-31,2,1518893000000,0.021,,,,,296568000000,0.015,271962000000,0.021,,188534000000,,497.67,,,,,,8288142000000,3216369000000,0.385,,3188580000000,,,,,,,,,,,,true,false,6,2019-04-01,2019-09-30,0
2019-10-28,90200,2019-03-31,2,1486993000000,0.015,,,,,292226000000,-0.000,266474000000,0.003,,178903000000,,467.85,,,,,,,,,,,,,,,,,,,,,,true,false,6,2018-04-01,2018-09-30,-1
2019-10-28,90200,2020-03-31,2,3070000000000,0.023,,,,,488000000000,0.006,446000000000,0.006,,301000000000,,797.84,,,,,,,,,,,,,,,,,,,,,,true,true,12,2019-04-01,2020-03-31,0
2019-10-28,90200,2019-03-31,2,,,,,,,,,,,,,,,,,,,,8359676000000,3094378000000,0.367,,3067173000000,,,,,,,,,,,,true,false,12,2018-04-01,2019-03-31,-1
2019-10-28,90200,2019-03-31,2,,,,,,,,,,,,,,,,,,,,,,,,,,,,,150.00,,,,381822200,661645,,false,false,12,2018-04-01,2019-03-31,-1
2019-10-28,90200,2020-03-31,2,,,,,,,,,,,,,,,,,,,,,,,,,,,,,82.50,,,,,,,false,false,12,2019-04-01,2020-03-31,0
2019-10-28,90200,2020-03-31,2,,,,,,,,,,,,,,,,,,,,,,,,,,,,,165.00,,,,,,,false,true,12,2019-04-01,2020-03-31,0
2019-10-28,90200,2020-03-31,2,,,,,,,,,,,,,,,,,,,,,,,,,,,,,,,,,377932400,662909,378838797,false,false,6,2019-04-01,2019-09-30,0
2019-10-28,90200,2019-03-31,2,,,,,,,,,,,,,,,,,,,,,,,,,,,,,,,,,,,382394737,false,false,6,2018-04-01,2018-09-30,-1
2020-01-30,90200,2020-03-31,3,2266645000000,0.006,,,,,427200000000,-0.030,392577000000,-0.029,,251512000000,,664.87,,,,,,8386525000000,3258144000000,0.385,,3229950000000,,,,,,,,,,,,true,false,9,2019-04-01,2019-12-31,0
2020-01-30,90200,2019-03-31,3,2253172000000,0.021,,,,,440520000000,0.006,404422000000,0.012,,272790000000,,714.14,,,,,,,,,,,,,,,,,,,,,,true,false,9,2018-04-01,2018-12-31,-1
2020-01-30,90200,2020-03-31,3,3041000000000,0.013,,,,,459000000000,-0.053,418000000000,-0.057,,265000000000,,702.47,,,,,,,,,,,,,,,,,,,,,,true,true,12,2019-04-01,2020-03-31,0
2020-01-30,90200,2019-03-31,3,,,,,,,,,,,,,,,,,,,,8359676000000,3094378000000,0.367,,3067173000000,,,,,,,,,,,,true,false,12,2018-04-01,2019-03-31,-1
2020-01-30,90200,2019-03-31,3,,,,,,,,,,,,,,,,,,,,,,,,,,,,,150.00,,,,381822200,661645,,false,false,12,2018-04-01,2019-03-31,-1
2020-01-30,90200,2020-03-31,3,,,,,,,,,,,,,,,,,,,,,,,,,,,,,82.50,,,,,,,false,false,12,2019-04-01,2020-03-31,0
2020-01-30,90200,2020-03-31,3,,,,,,,,,,,,,,,,,,,,,,,,,,,,,165.00,,,,,,,false,true,12,2019-04-01,2020-03-31,0
2020-01-30,90200,2020-03-31,3,,,,,,,,,,,,,,,,,,,,,,,,,,,,,,,,,377932400,690968,378286022,false,false,9,2019-04-01,2019-12-31,0
2020-01-30,90200,2019-03-31,3,,,,,,,,,,,,,,,,,,,,,,,,,,,,,,,,,,,381982075,false,false,9,2018-04-01,2018-12-31,-1
2020-04-28,90200,2020-03-31,,2946639000000,-0.018,,,,,380841000000,-0.215,339525000000,-0.234,,198428000000,,524.91,,0.064,0.040,0.129,,8537059000000,3173427000000,0.369,8340.01,3146196000000,548692000000,-701601000000,43409000000,153794000000,,0.314,,,,,,true,false,12,2019-04-01,2020-03-31,0
2020-04-28,90200,2019-03-31,,3002043000000,0.018,,,,,484860000000,0.007,443267000000,0.007,,295216000000,,773.26,,0.100,0.054,0.162,,8359676000000,3094378000000,0.367,8046.93,3067173000000,663801000000,-594425000000,-120693000000,263739000000,,0.194,,,,,,true,false,12,2018-04-01,2019-03-31,-1
2020-04-28,90200,2020-03-31,,2061078000000,-0.025,,,,,294077000000,-0.250,260136000000,-0.267,159053000000,,-0.367,420.35,,,,,,7840416000000,2551346000000,0.325,6756.71,2551346000000,,,,,165.00,,,,377932400,691228,378026258,false,false,12,2019-04-01,2020-03-31,0
2020-04-28,90200,2019-03-31,,2113362000000,0.010,,,,,391877000000,-0.008,354852000000,-0.011,251165000000,,0.017,657.31,,,,,,7688566000000,2513699000000,0.327,6589.10,2513699000000,,,,,150.00,,,,381822200,661645,381779554,false,false,12,2018-04-01,2019-03-31,-1
2020-07-30,90200,2021-03-31,1,332946000000,-0.552,,,,,-178306000000,,-197506000000,,,-155377000000,,-411.88,,,,,,8672127000000,2985807000000,0.341,,2959577000000,,,,,,,,,,,,true,false,3,2020-04-01,2020-06-30,0
2020-07-30,90200,2020-03-31,1,742382000000,0.022,,,,,144633000000,0.043,132741000000,0.067,,91575000000,,240.79,,,,,,,,,,,,,,,,,,,,,,true,false,3,2019-04-01,2019-06-30,-1
2020-07-30,90200,2020-03-31,1,,,,,,,,,,,,,,,,,,,,8537059000000,3173427000000,0.369,,3146196000000,,,,,,,,,,,,true,false,12,2019-04-01,2020-03-31,-1
2020-07-30,90200,2020-03-31,1,,,,,,,,,,,,,,,,,,,,,,,,,,,,,165.00,,,,377932400,691228,,false,false,12,2019-04-01,2020-03-31,-1
2020-07-30,90200,2021-03-31,1,,,,,,,,,,,,,,,,,,,,,,,,,,,,,,,,,377932400,691308,377241147,false,false,3,2020-04-01,2020-06-30,0
2020-07-30,90200,2020-03-31,1,,,,,,,,,,,,,,,,,,,,,,,,,,,,,,,,,,,380305262,false,false,3,2019-04-01,2019-06-30,-1
2020-09-16,90200,2021-03-31,,783000000000,,,,,,-326000000000,,-353000000000,,,-282000000000,,-747.53,,,,,,,,,,,,,,,,,,,,,,true,true,6,2020-04-01,2020-09-30,0
2020-09-16,90200,2020-03-31,,1518893000000,,,,,,296568000000,,271962000000,,,188534000000,,497.67,,,,,,,,,,,,,,,,,,,,,,true,false,6,2019-04-01,2019-09-30,-1
2020-09-16,90200,2021-03-31,,1930000000000,,,,,,-500000000000,,-549000000000,,,-418000000000,,-1108.04,,,,,,,,,,,,,,,,,,,,,,true,true,12,2020-04-01,2021-03-31,0
2020-09-16,90200,2020-03-31,,2946639000000,,,,,,380841000000,,339525000000,,,198428000000,,524.91,,,,,,,,,,,,,,,,,,,,,,true,false,12,2019-04-01,2020-03-31,-1
2020-09-16,90200,2021-03-31,,532000000000,,,,,,-270000000000,,-286000000000,,-210000000000,,,-556.14,,,,,,,,,,,,,,,,,,,,,,false,true,6,2020-04-01,2020-09-30,0
2020-09-16,90200,2020-03-31,,1076637000000,,,,,,249110000000,,236420000000,,171072000000,,,451.17,,,,,,,,,,,,,,,,,,,,,,false,false,6,2019-04-01,2019-09-30,-1
2020-09-16,90200,2021-03-31,,1251000000000,,,,,,-463000000000,,-501000000000,,-364000000000,,,-963.98,,,,,,,,,,,,,,,100.00,,,,,,,false,true,12,2020-04-01,2021-03-31,0
2020-09-16,90200,2020-03-31,,2061078000000,,,,,,294077000000,,260136000000,,159053000000,,,420.35,,,,,,,,,,,,,,,165.00,,,,,,,false,false,12,2019-04-01,2020-03-31,-1
2020-10-28,90200,2021-03-31,2,787297000000,-0.482,,,,,-295288000000,,-335543000000,,,-264379000000,,-700.82,,,,,,8781015000000,2873349000000,0.324,,2847403000000,,,,,,,,,,,,true,false,6,2020-04-01,2020-09-30,0
2020-10-28,90200,2020-03-31,2,1518893000000,0.021,,,,,296568000000,0.015,271962000000,0.021,,188534000000,,497.67,,,,,,,,,,,,,,,,,,,,,,true,false,6,2019-04-01,2019-09-30,-1
2020-10-28,90200,2021-03-31,2,1930000000000,-0.345,,,,,-500000000000,,-549000000000,,,-418000000000,,-1108.05,,,,,,,,,,,,,,,,,,,,,,true,true,12,2020-04-01,2021-03-31,0
2020-10-28,90200,2020-03-31,2,,,,,,,,,,,,,,,,,,,,8537059000000,3173427000000,0.369,,3146196000000,,,,,,,,,,,,true,false,12,2019-04-01,2020-03-31,-1
2020-10-28,90200,2020-03-31,2,,,,,,,,,,,,,,,,,,,,,,,,,,,,,165.00,,,,377932400,691228,,false,false,12,2019-04-01,2020-03-31,-1
2020-10-28,90200,2021-03-31,2,,,,,,,,,,,,,,,,,,,,,,,,,,,,,50.00,,,,,,,false,false,12,2020-04-01,2021-03-31,0
2020-10-28,90200,2021-03-31,2,,,,,,,,,,,,,,,,,,,,,,,,,,,,,100.00,,,,,,,false,true,12,2020-04-01,2021-03-31,0
2020-10-28,90200,2021-03-31,2,,,,,,,,,,,,,,,,,,,,,,,,,,,,,,,,,377932400,691847,377240999,false,false,6,2020-04-01,2020-09-30,0
2020-10-28,90200,2020-03-31,2,,,,,,,,,,,,,,,,,,,,,,,,,,,,,,,,,,,378838797,false,false,6,2019-04-01,2019-09-30,-1
2021-01-29,90200,2021-03-31,3,1306265000000,-0.424,,,,,-323083000000,,-373016000000,,,-294590000000,,-780.91,,,,,,8908037000000,2832639000000,0.315,,2806673000000,,,,,,,,,,,,true,false,9,2020-04-01,2020-12-31,0
2021-01-29,90200,2020-03-31,3,2266645000000,0.006,,,,,427200000000,-0.030,392577000000,-0.029,,251512000000,,664.87,,,,,,,,,,,,,,,,,,,,,,true,false,9,2019-04-01,2019-12-31,-1
2021-01-29,90200,2021-03-31,3,1773000000000,-0.398,,,,,-535000000000,,-596000000000,,,-450000000000,,-1192.87,,,,,,,,,,,,,,,,,,,,,,true,true,12,2020-04-01,2021-03-31,0
2021-01-29,90200,2020-03-31,3,,,,,,,,,,,,,,,,,,,,8537059000000,3173427000000,0.369,,3146196000000,,,,,,,,,,,,true,false,12,2019-04-01,2020-03-31,-1
2021-01-29,90200,2020-03-31,3,,,,,,,,,,,,,,,,,,,,,,,,,,,,,165.00,,,,377932400,691228,,false,false,12,2019-04-01,2020-03-31,-1
2021-01-29,90200,2021-03-31,3,,,,,,,,,,,,,,,,,,,,,,,,,,,,,50.00,,,,,,,false,false,12,2020-04-01,2021-03-31,0
2021-01-29,90200,2021-03-31,3,,,,,,,,,,,,,,,,,,,,,,,,,,,,,100.00,,,,,,,false,true,12,2020-04-01,2021-03-31,0
2021-01-29,90200,2021-03-31,3,,,,,,,,,,,,,,,,,,,,,,,,,,,,,,,,,377932400,692206,377240810,false,false,9,2020-04-01,2020-12-31,0
2021-01-29,90200,2020-03-31,3,,,,,,,,,,,,,,,,,,,,,,,,,,,,,,,,,,,378286022,false,false,9,2019-04-01,2019-12-31,-1
2021-04-28,90200,2021-03-31,,1764584000000,-0.401,,,,,-520358000000,,-579798000000,,,-577900000000,,-1531.91,,-0.203,-0.066,-0.295,,8916420000000,2557361000000,0.284,6719.93,2535027000000,-189968000000,-749397000000,983385000000,197960000000,,,,,,,,true,false,12,2020-04-01,2021-03-31,0
2021-04-28,90200,2020-03-31,,2946639000000,-0.018,,,,,380841000000,-0.215,339525000000,-0.234,,198428000000,,524.91,,0.064,0.040,0.129,,8537059000000,3173427000000,0.369,8340.01,3146196000000,548692000000,-701601000000,43409000000,153794000000,,0.314,,,,,,true,false,12,2019-04-01,2020-03-31,-1
2021-04-28,90200,2022-03-31,,1083000000000,0.376,,,,,1000000000,,-28000000000,,,-52000000000,,-137.84,,,,,,,,,,,,,,,,,,,,,,true,true,6,2021-04-01,2021-09-30,1
2021-04-28,90200,2022-03-31,,2326000000000,0.318,,,,,74000000000,,25000000000,,,36000000000,,95.43,,,,,,,,,,,,,,,,1.048,,,,,,true,true,12,2021-04-01,2022-03-31,1
2021-04-28,90200,2021-03-31,,1184145000000,-0.425,,,,,-478535000000,,-517715000000,,-506631000000,,,-1341.71,,,,,,8172474000000,2014228000000,0.246,5334.28,2014228000000,,,,,100.00,,,,377932400,692286,377240648,false,false,12,2020-04-01,2021-03-31,0
2021-04-28,90200,2020-03-31,,2061078000000,-0.025,,,,,294077000000,-0.250,260136000000,-0.267,159053000000,,-0.367,420.35,,,,,,7840416000000,2551346000000,0.325,6756.71,2551346000000,,,,,165.00,,,,377932400,691228,378026258,false,false,12,2019-04-01,2020-03-31,-1
2021-04-28,90200,2022-03-31,,775000000000,0.433,,,,,-5000000000,,-18000000000,,-34000000000,,,-90.04,,,,,,,,,,,,,,,,,,,,,,false,true,6,2021-04-01,2021-09-30,1
2021-04-28,90200,2022-03-31,,1677000000000,0.416,,,,,37000000000,,0,,25000000000,,,66.21,,,,,,,,,,,,,,,100.00,,,,,,,false,true,12,2021-04-01,2022-03-31,1
2021-07-30,90200,2022-03-31,1,433398000000,0.302,,,,,-55255000000,,-65412000000,,,-76958000000,,-204.00,,,,,,8904322000000,2457089000000,0.273,,2434522000000,,,,,,,,,,,,true,false,3,2021-04-01,2021-06-30,0
2021-07-30,90200,2021-03-31,1,332946000000,-0.552,,,,,-178306000000,,-197506000000,,,-155377000000,,-411.88,,,,,,,,,,,,,,,,,,,,,,true,false,3,2020-04-01,2020-06-30,-1
2021-07-30,90200,2022-03-31,1,1083000000000,0.376,,,,,1000000000,,-28000000000,,,-52000000000,,-137.84,,,,,,,,,,,,,,,,,,,,,,true,true,6,2021-04-01,2021-09-30,0
2021-07-30,90200,2022-03-31,1,2326000000000,0.318,,,,,74000000000,,25000000000,,,36000000000,,95.43,,,,,,,,,,,,,,,,,,,,,,true,true,12,2021-04-01,2022-03-31,0
2021-07-30,90200,2021-03-31,1,,,,,,,,,,,,,,,,,,,,8916420000000,2557361000000,0.284,,2535027000000,,,,,,,,,,,,true,false,12,2020-04-01,2021-03-31,-1
2021-07-30,90200,2021-03-31,1,,,,,,,,,,,,,,,,,,,,,,,,,,,,,100.00,,,,377932400,692286,,false,false,12,2020-04-01,2021-03-31,-1
2021-07-30,90200,2022-03-31,1,,,,,,,,,,,,,,,,,,,,,,,,,,,,,100.00,,,,,,,false,true,12,2021-04-01,2022-03-31,0
2021-07-30,90200,2022-03-31,1,,,,,,,,,,,,,,,,,,,,,,,,,,,,,,,,,377932400,692376,377240121,false,false,3,2021-04-01,2021-06-30,0
2021-07-30,90200,2021-03-31,1,,,,,,,,,,,,,,,,,,,,,,,,,,,,,,,,,,,377241147,false,false,3,2020-04-01,2020-06-30,-1
2021-10-28,90200,2022-03-31,2,877840000000,0.115,,,,,-115891000000,,-136275000000,,,-145209000000,,-384.93,,,,,,8836149000000,2397609000000,0.269,,2374792000000,,,,,,,,,,,,true,false,6,2021-04-01,2021-09-30,0
2021-10-28,90200,2021-03-31,2,787297000000,-0.482,,,,,-295288000000,,-335543000000,,,-264379000000,,-700.82,,,,,,,,,,,,,,,,,,,,,,true,false,6,2020-04-01,2020-09-30,-1
2021-10-28,90200,2022-03-31,2,2057000000000,0.166,,,,,-115000000000,,-160000000000,,,-160000000000,,-424.13,,,,,,,,,,,,,,,,,,,,,,true,true,12,2021-04-01,2022-03-31,0
2021-10-28,90200,2021-03-31,2,,,,,,,,,,,,,,,,,,,,8916420000000,2557361000000,0.284,,2535027000000,,,,,,,,,,,,true,false,12,2020-04-01,2021-03-31,-1
2021-10-28,90200,2021-03-31,2,,,,,,,,,,,,,,,,,,,,,,,,,,,,,100.00,,,,377932400,692286,,false,false,12,2020-04-01,2021-03-31,-1
2021-10-28,90200,2022-03-31,2,,,,,,,,,,,,,,,,,,,,,,,,,,,,,50.00,,,,,,,false,false,12,2021-04-01,2022-03-31,0
2021-10-28,90200,2022-03-31,2,,,,,,,,,,,,,,,,,,,,,,,,,,,,,100.00,,,,,,,false,true,12,2021-04-01,2022-03-31,0
2021-10-28,90200,2022-03-31,2,,,,,,,,,,,,,,,,,,,,,,,,,,,,,,,,,377932400,692976,377239934,false,false,6,2021-04-01,2021-09-30,0
2021-10-28,90200,2021-03-31,2,,,,,,,,,,,,,,,,,,,,,,,,,,,,,,,,,,,377240999,false,false,6,2020-04-01,2020-09-30,-1
2021-10-28,90200,2022-03-31,,2057000000000,-0.116,,,,,-115000000000,,-160000000000,,,-160000000000,,-424.13,,,,,,,,,,,,,,,,,,,,,,true,true,12,2021-04-01,2022-03-31,0
2021-10-28,90200,2021-03-31,,1764584000000,,,,,,-520358000000,,-579798000000,,,-577900000000,,-1531.91,,,,,,,,,,,,,,,,,,,,,,true,false,12,2020-04-01,2021-03-31,-1
2021-10-28,90200,2022-03-31,,1491000000000,-0.111,,,,,-123000000000,,-155000000000,,-152000000000,,,-402.54,,,,,,,,,,,,,,,,,,,,,,false,true,12,2021-04-01,2022-03-31,0
2021-10-28,90200,2021-03-31,,1184145000000,,,,,,-478535000000,,-517715000000,,-506631000000,,,-1341.71,,,,,,,,,,,,,,,,,,,,,,false,false,12,2020-04-01,2021-03-31,-1
2022-01-31,90200,2022-03-31,3,1482794000000,0.135,,,,,-42535000000,,-66040000000,,,-83751000000,,-222.01,,,,,,9008562000000,2428596000000,0.267,,2405525000000,,,,,,,,,,,,true,false,9,2021-04-01,2021-12-31,0
2022-01-31,90200,2021-03-31,3,1306265000000,-0.424,,,,,-323083000000,,-373016000000,,,-294590000000,,-780.91,,,,,,,,,,,,,,,,,,,,,,true,false,9,2020-04-01,2020-12-31,-1
2022-01-31,90200,2022-03-31,3,2057000000000,0.166,,,,,-115000000000,,-160000000000,,,-160000000000,,-424.13,,,,,,,,,,,,,,,,,,,,,,true,true,12,2021-04-01,2022-03-31,0
2022-01-31,90200,2021-03-31,3,,,,,,,,,,,,,,,,,,,,8916420000000,2557361000000,0.284,,2535027000000,,,,,,,,,,,,true,false,12,2020-04-01,2021-03-31,-1
2022-01-31,90200,2021-03-31,3,,,,,,,,,,,,,,,,,,,,,,,,,,,,,100.00,,,,377932400,692286,,false,false,12,2020-04-01,2021-03-31,-1
2022-01-31,90200,2022-03-31,3,,,,,,,,,,,,,,,,,,,,,,,,,,,,,50.00,,,,,,,false,false,12,2021-04-01,2022-03-31,0
2022-01-31,90200,2022-03-31,3,,,,,,,,,,,,,,,,,,,,,,,,,,,,,100.00,,,,,,,false,true,12,2021-04-01,2022-03-31,0
2022-01-31,90200,2022-03-31,3,,,,,,,,,,,,,,,,,,,,,,,,,,,,,,,,,377932400,693406,377239699,false,false,9,2021-04-01,2021-12-31,0
2022-01-31,90200,2021-03-31,3,,,,,,,,,,,,,,,,,,,,,,,,,,,,,,,,,,,377240810,false,false,9,2020-04-01,2020-12-31,-1
2022-04-27,90200,2022-03-31,,1978967000000,0.121,,,,,-153938000000,,-179501000000,,,-94948000000,,-251.69,,-0.039,-0.020,-0.078,,9091424000000,2418110000000,0.263,6348.57,2394928000000,190506000000,-526358000000,304642000000,171023000000,,,,,,,,true,false,12,2021-04-01,2022-03-31,0
2022-04-27,90200,2021-03-31,,1764584000000,-0.401,,,,,-520358000000,,-579798000000,,,-577900000000,,-1531.91,,-0.203,-0.066,-0.295,,8916420000000,2557361000000,0.284,6719.93,2535027000000,-189968000000,-749397000000,983385000000,197960000000,,,,,,,,true,false,12,2020-04-01,2021-03-31,-1
2022-04-27,90200,2023-03-31,,1158000000000,0.319,,,,,75000000000,,42000000000,,,26000000000,,68.92,,,,,,,,,,,,,,,,,,,,,,true,true,6,2022-04-01,2022-09-30,1
2022-04-27,90200,2023-03-31,,2453000000000,0.240,,,,,153000000000,,98000000000,,,60000000000,,159.05,,,,,,,,,,,,,,,,0.629,,,,,,true,true,12,2022-04-01,2023-03-31,1
2022-04-27,90200,2022-03-31,,1424150000000,0.203,,,,,-149583000000,,-177718000000,,-99159000000,,,-262.60,,,,,,8334994000000,1872184000000,0.225,4958.12,1872184000000,,,,,100.00,,,,377932400,693666,377239488,false,false,12,2021-04-01,2022-03-31,0
2022-04-27,90200,2021-03-31,,1184145000000,-0.425,,,,,-478535000000,,-517715000000,,-506631000000,,,-1341.71,,,,,,8172474000000,2014228000000,0.246,5334.28,2014228000000,,,,,100.00,,,,377932400,692286,377240648,false,false,12,2020-04-01,2021-03-31,-1
2022-04-27,90200,2023-03-31,,852000000000,0.362,,,,,62000000000,,39000000000,,30000000000,,,79.45,,,,,,,,,,,,,,,,,,,,,,false,true,6,2022-04-01,2022-09-30,1
2022-04-27,90200,2023-03-31,,1794000000000,0.260,,,,,100000000000,,51000000000,,41000000000,,,108.58,,,,,,,,,,,,,,,100.00,,,,,,,false,true,12,2022-04-01,2023-03-31,1
2022-07-29,90200,2023-03-31,1,557618000000,0.287,,,,,40297000000,,25987000000,,,18922000000,,50.16,,,,,,9081257000000,2420788000000,0.264,,2397474000000,,,,,,,,,,,,true,false,3,2022-04-01,2022-06-30,0
2022-07-29,90200,2022-03-31,1,433398000000,0.302,,,,,-55255000000,,-65412000000,,,-76958000000,,-204.00,,,,,,,,,,,,,,,,,,,,,,true,false,3,2021-04-01,2021-06-30,-1
2022-07-29,90200,2023-03-31,1,1158000000000,0.319,,,,,75000000000,,42000000000,,,26000000000,,68.92,,,,,,,,,,,,,,,,,,,,,,true,true,6,2022-04-01,2022-09-30,0
2022-07-29,90200,2023-03-31,1,2453000000000,0.240,,,,,153000000000,,98000000000,,,60000000000,,159.05,,,,,,,,,,,,,,,,,,,,,,true,true,12,2022-04-01,2023-03-31,0
2022-07-29,90200,2022-03-31,1,,,,,,,,,,,,,,,,,,,,9091424000000,2418110000000,0.263,,2394928000000,,,,,,,,,,,,true,false,12,2021-04-01,2022-03-31,-1
2022-07-29,90200,2022-03-31,1,,,,,,,,,,,,,,,,,,,,,,,,,,,,,100.00,,,,377932400,693666,,false,false,12,2021-04-01,2022-03-31,-1
2022-07-29,90200,2023-03-31,1,,,,,,,,,,,,,,,,,,,,,,,,,,,,,100.00,,,,,,,false,true,12,2022-04-01,2023-03-31,0
2022-07-29,90200,2023-03-31,1,,,,,,,,,,,,,,,,,,,,,,,,,,,,,,,,,377932400,694252,377238446,false,false,3,2022-04-01,2022-06-30,0
2022-07-29,90200,2022-03-31,1,,,,,,,,,,,,,,,,,,,,,,,,,,,,,,,,,,,377240121,false,false,3,2021-04-01,2021-06-30,-1
2022-10-31,90200,2023-03-31,2,1115073000000,0.270,,,,,66710000000,,39594000000,,,27106000000,,71.86,,,,,,9099062000000,2429108000000,0.264,,2405617000000,,,,,,,,,,,,true,false,6,2022-04-01,2022-09-30,0
2022-10-31,90200,2022-03-31,2,877840000000,0.115,,,,,-115891000000,,-136275000000,,,-145209000000,,-384.93,,,,,,,,,,,,,,,,,,,,,,true,false,6,2021-04-01,2021-09-30,-1
2022-10-31,90200,2023-03-31,2,2453000000000,0.240,,,,,153000000000,,98000000000,,,60000000000,,159.05,,,,,,,,,,,,,,,,,,,,,,true,true,12,2022-04-01,2023-03-31,0
2022-10-31,90200,2022-03-31,2,,,,,,,,,,,,,,,,,,,,9091424000000,2418110000000,0.263,,2394928000000,,,,,,,,,,,,true,false,12,2021-04-01,2022-03-31,-1
2022-10-31,90200,2022-03-31,2,,,,,,,,,,,,,,,,,,,,,,,,,,,,,100.00,,,,377932400,693666,,false,false,12,2021-04-01,2022-03-31,-1
2022-10-31,90200,2023-03-31,2,,,,,,,,,,,,,,,,,,,,,,,,,,,,,50.00,,,,,,,false,false,12,2022-04-01,2023-03-31,0
2022-10-31,90200,2023-03-31,2,,,,,,,,,,,,,,,,,,,,,,,,,,,,,100.00,,,,,,,false,true,12,2022-04-01,2023-03-31,0
2022-10-31,90200,2023-03-31,2,,,,,,,,,,,,,,,,,,,,,,,,,,,,,,,,,377932400,694612,377238228,false,false,6,2022-04-01,2022-09-30,0
2022-10-31,90200,2022-03-31,2,,,,,,,,,,,,,,,,,,,,,,,,,,,,,,,,,,,377239934,false,false,6,2021-04-01,2021-09-30,-1
2023-01-31,90200,2023-03-31,3,1727084000000,0.165,,,,,112006000000,,87477000000,,,72595000000,,192.66,,,,,,9264302000000,2472501000000,0.264,,2448642000000,,,,,,,,,,,,true,false,9,2022-04-01,2022-12-31,0
2023-01-31,90200,2022-03-31,3,1482794000000,0.135,,,,,-42535000000,,-66040000000,,,-83751000000,,-222.01,,,,,,,,,,,,,,,,,,,,,,true,false,9,2021-04-01,2021-12-31,-1
2023-01-31,90200,2023-03-31,3,2453000000000,0.240,,,,,153000000000,,98000000000,,,60000000000,,159.23,,,,,,,,,,,,,,,,,,,,,,true,true,12,2022-04-01,2023-03-31,0
2023-01-31,90200,2022-03-31,3,,,,,,,,,,,,,,,,,,,,9091424000000,2418110000000,0.263,,2394928000000,,,,,,,,,,,,true,false,12,2021-04-01,2022-03-31,-1
2023-01-31,90200,2022-03-31,3,,,,,,,,,,,,,,,,,,,,,,,,,,,,,100.00,,,,377932400,693666,,false,false,12,2021-04-01,2022-03-31,-1
2023-01-31,90200,2023-03-31,3,,,,,,,,,,,,,,,,,,,,,,,,,,,,,50.00,,,,,,,false,false,12,2022-04-01,2023-03-31,0
2023-01-31,90200,2023-03-31,3,,,,,,,,,,,,,,,,,,,,,,,,,,,,,100.00,,,,,,,false,true,12,2022-04-01,2023-03-31,0
2023-01-31,90200,2023-03-31,3,,,,,,,,,,,,,,,,,,,,,,,,,,,,,,,,,377932400,1128199,376804875,false,false,9,2022-04-01,2022-12-31,0
2023-01-31,90200,2022-03-31,3,,,,,,,,,,,,,,,,,,,,,,,,,,,,,,,,,,,377239699,false,false,9,2021-04-01,2021-12-31,-1
2023-04-27,90200,2023-03-31,,2405538000000,0.216,,,,,140628000000,,110910000000,,,99232000000,,263.38,,0.041,0.012,0.058,,9351899000000,2497713000000,0.264,6566.64,2473251000000,581755000000,-565511000000,26830000000,215000000000,,0.380,,,,,,true,false,12,2022-04-01,2023-03-31,0
2023-04-27,90200,2022-03-31,,1978967000000,0.121,,,,,-153938000000,,-179501000000,,,-94948000000,,-251.69,,-0.039,-0.020,-0.078,,9091424000000,2418110000000,0.263,6348.57,2394928000000,190506000000,-526358000000,304642000000,171023000000,,,,,,,,true,false,12,2021-04-01,2022-03-31,-1
2023-04-27,90200,2024-03-31,,2696000000000,0.121,,,,,270000000000,0.920,211000000000,0.902,,137000000000,,363.74,,,,,,,,,,,,,,,,0.302,,,,,,true,true,12,2023-04-01,2024-03-31,1
2023-04-27,90200,2023-03-31,,1765512000000,0.240,,,,,90932000000,,46001000000,,52423000000,,,138.83,,,,,,8527381000000,1880403000000,0.221,4979.91,1880403000000,,,,,100.00,,,,377932400,1293600,376763957,false,false,12,2022-04-01,2023-03-31,0
2023-04-27,90200,2022-03-31,,1424150000000,0.203,,,,,-149583000000,,-177718000000,,-99159000000,,,-262.60,,,,,,8334994000000,1872184000000,0.225,4958.12,1872184000000,,,,,100.00,,,,377932400,693666,377239488,false,false,12,2021-04-01,2022-03-31,-1
2023-04-27,90200,2024-03-31,,1969000000000,0.115,,,,,177000000000,0.947,119000000000,1.587,83000000000,,0.583,219.81,,,,,,,,,,,,,,,110.00,,,,,,,false,true,12,2023-04-01,2024-03-31,1
2023-07-28,90200,2024-03-31,1,629472000000,0.129,,,,,80176000000,0.990,67490000000,1.597,,44813000000,,118.98,,,,,,9302953000000,2546920000000,0.271,,2522245000000,,,,,,,,,,,,true,false,3,2023-04-01,2023-06-30,0
2023-07-28,90200,2023-03-31,1,557618000000,0.287,,,,,40297000000,,25987000000,,,18922000000,,50.16,,,,,,,,,,,,,,,,,,,,,,true,false,3,2022-04-01,2022-06-30,-1
2023-07-28,90200,2024-03-31,1,2696000000000,0.121,,,,,270000000000,0.920,211000000000,0.902,,137000000000,,363.75,,,,,,,,,,,,,,,,,,,,,,true,true,12,2023-04-01,2024-03-31,0
2023-07-28,90200,2023-03-31,1,,,,,,,,,,,,,,,,,,,,9351899000000,2497713000000,0.264,,2473251000000,,,,,,,,,,,,true,false,12,2022-04-01,2023-03-31,-1
2023-07-28,90200,2023-03-31,1,,,,,,,,,,,,,,,,,,,,,,,,,,,,,100.00,,,,377932400,1293600,,false,false,12,2022-04-01,2023-03-31,-1
2023-07-28,90200,2024-03-31,1,,,,,,,,,,,,,,,,,,,,,,,,,,,,,110.00,,,,,,,false,true,12,2023-04-01,2024-03-31,0
2023-07-28,90200,2024-03-31,1,,,,,,,,,,,,,,,,,,,,,,,,,,,,,,,,,377932400,1301435,376635994,false,false,3,2023-04-01,2023-06-30,0
2023-07-28,90200,2023-03-31,1,,,,,,,,,,,,,,,,,,,,,,,,,,,,,,,,,,,377238446,false,false,3,2022-04-01,2022-06-30,-1
2023-10-31,90200,2024-03-31,2,1299829000000,0.166,,,,,191797000000,1.875,165529000000,3.181,,117077000000,,310.85,,,,,,9554725000000,2623995000000,0.272,,2598597000000,,,,,,,,,,,,true,false,6,2023-04-01,2023-09-30,0
2023-10-31,90200,2023-03-31,2,1115073000000,0.270,,,,,66710000000,,39594000000,,,27106000000,,71.86,,,,,,,,,,,,,,,,,,,,,,true,false,6,2022-04-01,2022-09-30,-1
2023-10-31,90200,2024-03-31,2,2696000000000,0.121,,,,,270000000000,0.920,211000000000,0.902,,137000000000,,363.75,,,,,,,,,,,,,,,,,,,,,,true,true,12,2023-04-01,2024-03-31,0
2023-10-31,90200,2023-03-31,2,,,,,,,,,,,,,,,,,,,,9351899000000,2497713000000,0.264,,2473251000000,,,,,,,,,,,,true,false,12,2022-04-01,2023-03-31,-1
2023-10-31,90200,2023-03-31,2,,,,,,,,,,,,,,,,,,,,,,,,,,,,,100.00,,,,377932400,1293600,,false,false,12,2022-04-01,2023-03-31,-1
2023-10-31,90200,2024-03-31,2,,,,,,,,,,,,,,,,,,,,,,,,,,,,,55.00,,,,,,,false,false,12,2023-04-01,2024-03-31,0
2023-10-31,90200,2024-03-31,2,,,,,,,,,,,,,,,,,,,,,,,,,,,,,110.00,,,,,,,false,true,12,2023-04-01,2024-03-31,0
2023-10-31,90200,2024-03-31,2,,,,,,,,,,,,,,,,,,,,,,,,,,,,,,,,,377932400,1302353,376633155,false,false,6,2023-04-01,2023-09-30,0
2023-10-31,90200,2023-03-31,2,,,,,,,,,,,,,,,,,,,,,,,,,,,,,,,,,,,377238228,false,false,6,2022-04-01,2022-09-30,-1
2024-01-31,9020,2024-03-31,3,2001022000000,0.159,,,,,298510000000,1.665,259631000000,1.968,,185232000000,,491.81,,,,,,9604767000000,2672522000000,0.276,,2646817000000,,,,,,,,,,,,true,false,9,2023-04-01,2023-12-31,0
2024-01-31,9020,2023-03-31,3,1727084000000,0.165,,,,,112006000000,,87477000000,,,72595000000,,192.66,,,,,,,,,,,,,,,,,,,,,,true,false,9,2022-04-01,2022-12-31,-1
2024-01-31,9020,2024-03-31,3,2712000000000,0.127,,,,,310000000000,1.204,252000000000,1.272,,165000000000,,438.10,,,,,,,,,,,,,,,,,,,,,,true,true,12,2023-04-01,2024-03-31,0
2024-01-31,9020,2023-03-31,3,,,,,,,,,,,,,,,,,,,,9351899000000,2497713000000,0.264,,2473251000000,,,,,,,,,,,,true,false,12,2022-04-01,2023-03-31,-1
2024-01-31,9020,2023-03-31,3,,,,,,,,,,,,,,,,,,,,,,,,,,,,,100.00,,,,377932400,1293600,,false,false,12,2022-04-01,2023-03-31,-1
2024-01-31,9020,2024-03-31,3,,,,,,,,,,,,,,,,,,,,,,,,,,,,,55.00,,,,,,,false,false,12,2023-04-01,2024-03-31,0
2024-01-31,9020,2024-03-31,3,,,,,,,,,,,,,,,,,,,,,,,,,,,,,125.00,,,,,,,false,true,12,2023-04-01,2024-03-31,0
2024-01-31,9020,2024-03-31,3,,,,,,,,,,,,,,,,,,,,,,,,,,,,,,,,,377932400,1302979,376632007,false,false,9,2023-04-01,2023-12-31,0
2024-01-31,9020,2023-03-31,3,,,,,,,,,,,,,,,,,,,,,,,,,,,,,,,,,,,376804875,false,false,9,2022-04-01,2022-12-31,-1
2024-01-31,90200,2024-03-31,,2712000000000,0.006,,,,,310000000000,0.148,252000000000,0.194,,165000000000,,438.10,,,,,,,,,,,,,,,,,,,,,,true,true,12,2023-04-01,2024-03-31,0
2024-01-31,90200,2023-03-31,,2405538000000,,,,,,140628000000,,110910000000,,,99232000000,,263.38,,,,,,,,,,,,,,,,,,,,,,true,false,12,2022-04-01,2023-03-31,-1
2024-01-31,90200,2024-03-31,,1978000000000,0.005,,,,,218000000000,0.232,161000000000,0.353,112000000000,,0.349,296.61,,,,,,,,,,,,,,,125.00,,,,,,,false,true,12,2023-04-01,2024-03-31,0
2024-01-31,90200,2023-03-31,,1765512000000,,,,,,90932000000,,46001000000,,52423000000,,,138.83,,,,,,,,,,,,,,,100.00,,,,,,,false,false,12,2022-04-01,2023-03-31,-1
2024-01-31,90200,2024-03-31,,,,,,,,,,,,,,,,,,,,,,,,,,,,,,55.00,,,,,,,false,false,12,2023-04-01,2024-03-31,0
2024-04-30,9020,2024-03-31,,2730118000000,0.135,,,,,345161000000,1.454,296631000000,1.674,,196449000000,,173.82,,0.076,0.031,0.126,,9771479000000,2739232000000,0.278,2402.34,2717895000000,688103000000,-690624000000,66103000000,280810000000,,0.268,,,,,,true,false,12,2023-04-01,2024-03-31,0
2024-04-30,9020,2023-03-31,,2405538000000,0.216,,,,,140628000000,,110910000000,,,99232000000,,87.79,,0.041,0.012,0.058,,9351899000000,2497713000000,0.264,2188.88,2473251000000,581755000000,-565511000000,26830000000,215000000000,,0.380,,,,,,true,false,12,2022-04-01,2023-03-31,-1
2024-04-30,9020,2025-03-31,,2852000000000,0.045,,,,,370000000000,0.072,315000000000,0.062,,210000000000,,185.62,,,,,,,,,,,,,,,,0.280,,,,,,true,true,12,2024-04-01,2025-03-31,1
2024-04-30,9020,2024-03-31,,1987298000000,0.126,,,,,253801000000,1.791,202334000000,3.398,146693000000,,1.798,129.46,,,,,,8873344000000,2044684000000,0.230,1802.44,2044684000000,,,,,140.00,,,,1134412200,3060141,1130164968,false,false,12,2023-04-01,2024-03-31,0
2024-04-30,9020,2023-03-31,,1765512000000,0.240,,,,,90932000000,,46001000000,,52423000000,,,46.28,,,,,,8527381000000,1880403000000,0.221,1659.97,1880403000000,,,,,100.00,,,,1133797200,3880800,1130291871,false,false,12,2022-04-01,2023-03-31,-1
2024-04-30,9020,2025-03-31,,,,,,,,,,,,,,,,,,,,,,,,,,,,,,52.00,,,,,,,false,true,12,2024-04-01,2025-03-31,1
2024-07-31,9020,2025-03-31,1,686670000000,0.091,,,,,120530000000,0.503,106469000000,0.578,,73300000000,,64.79,,,,,,9550819000000,2777621000000,0.289,,2759229000000,,,,,,,,,,,,true,false,3,2024-04-01,2024-06-30,0
2024-07-31,9020,2024-03-31,1,629472000000,0.129,,,,,80176000000,0.990,67490000000,1.597,,44813000000,,39.66,,,,,,,,,,,,,,,,,,,,,,true,false,3,2023-04-01,2023-06-30,-1
2024-07-31,9020,2025-03-31,1,2852000000000,0.045,,,,,370000000000,0.072,315000000000,0.062,,210000000000,,185.62,,,,,,,,,,,,,,,,,,,,,,true,true,12,2024-04-01,2025-03-31,0
2024-07-31,9020,2024-03-31,1,,,,,,,,,,,,,,,,,,,,9771479000000,2739232000000,0.278,,2717895000000,,,,,,,,,,,,true,false,12,2023-04-01,2024-03-31,-1
2024-07-31,9020,2024-03-31,1,,,,,,,,,,,,,,,,,,,,,,,,,,,,,140.00,,,,1134412200,3060141,,false,false,12,2023-04-01,2024-03-31,-1
2024-07-31,9020,2025-03-31,1,,,,,,,,,,,,,,,,,,,,,,,,,,,,,52.00,,,,,,,false,true,12,2024-04-01,2025-03-31,0
2024-07-31,9020,2025-03-31,1,,,,,,,,,,,,,,,,,,,,,,,,,,,,,,,,,1134412200,3094506,1131336115,false,false,3,2024-04-01,2024-06-30,0
2024-07-31,9020,2024-03-31,1,,,,,,,,,,,,,,,,,,,,,,,,,,,,,,,,,,,1129907982,false,false,3,2023-04-01,2023-06-30,-1
2024-10-31,9020,2025-03-31,2,1395117000000,0.073,,,,,235604000000,0.228,204525000000,0.236,,139780000000,,123.56,,,,,,9823228000000,2831387000000,0.286,,2812534000000,,,,,,,,,,,,true,false,6,2024-04-01,2024-09-30,0
2024-10-31,9020,2024-03-31,2,1299829000000,0.166,,,,,191797000000,1.875,165529000000,3.181,,117077000000,,103.62,,,,,,,,,,,,,,,,,,,,,,true,false,6,2023-04-01,2023-09-30,-1
2024-10-31,9020,2025-03-31,2,2852000000000,0.045,,,,,370000000000,0.072,315000000000,0.062,,210000000000,,185.63,,,,,,,,,,,,,,,,,,,,,,true,true,12,2024-04-01,2025-03-31,0
2024-10-31,9020,2024-03-31,2,,,,,,,,,,,,,,,,,,,,9771479000000,2739232000000,0.278,,2717895000000,,,,,,,,,,,,true,false,12,2023-04-01,2024-03-31,-1
2024-10-31,9020,2024-03-31,2,,,,,,,,,,,,,,,,,,,,,,,,,,,,,140.00,,,,1134412200,3060141,,false,false,12,2023-04-01,2024-03-31,-1
2024-10-31,9020,2025-03-31,2,,,,,,,,,,,,,,,,,,,,,,,,,,,,,26.00,,,,,,,false,false,12,2024-04-01,2025-03-31,0
2024-10-31,9020,2025-03-31,2,,,,,,,,,,,,,,,,,,,,,,,,,,,,,52.00,,,,,,,false,true,12,2024-04-01,2025-03-31,0
2024-10-31,9020,2025-03-31,2,,,,,,,,,,,,,,,,,,,,,,,,,,,,,,,,,1134412200,3118246,1131321556,false,false,6,2024-04-01,2024-09-30,0
2024-10-31,9020,2024-03-31,2,,,,,,,,,,,,,,,,,,,,,,,,,,,,,,,,,,,1129899465,false,false,6,2023-04-01,2023-09-30,-1
2025-02-03,9020,2025-03-31,3,2126070000000,0.062,,,,,352553000000,0.181,308941000000,0.190,,216631000000,,191.49,,,,,,9940142000000,2879322000000,0.288,,2860078000000,,,,,,,,,,,,true,false,9,2024-04-01,2024-12-31,0
2025-02-03,9020,2024-03-31,3,2001022000000,0.159,,,,,298510000000,1.665,259631000000,1.968,,185232000000,,163.94,,,,,,,,,,,,,,,,,,,,,,true,false,9,2023-04-01,2023-12-31,-1
2025-02-03,9020,2025-03-31,3,2852000000000,0.045,,,,,370000000000,0.072,315000000000,0.062,,210000000000,,185.63,,,,,,,,,,,,,,,,,,,,,,true,true,12,2024-04-01,2025-03-31,0
2025-02-03,9020,2024-03-31,3,,,,,,,,,,,,,,,,,,,,9771479000000,2739232000000,0.278,,2717895000000,,,,,,,,,,,,true,false,12,2023-04-01,2024-03-31,-1
2025-02-03,9020,2024-03-31,3,,,,,,,,,,,,,,,,,,,,,,,,,,,,,140.00,,,,1134412200,3060141,,false,false,12,2023-04-01,2024-03-31,-1
2025-02-03,9020,2025-03-31,3,,,,,,,,,,,,,,,,,,,,,,,,,,,,,26.00,,,,,,,false,false,12,2024-04-01,2025-03-31,0
2025-02-03,9020,2025-03-31,3,,,,,,,,,,,,,,,,,,,,,,,,,,,,,52.00,,,,,,,false,true,12,2024-04-01,2025-03-31,0
2025-02-03,9020,2025-03-31,3,,,,,,,,,,,,,,,,,,,,,,,,,,,,,,,,,1134412200,3125198,1131310819,false,false,9,2024-04-01,2024-12-31,0
2025-02-03,9020,2024-03-31,3,,,,,,,,,,,,,,,,,,,,,,,,,,,,,,,,,,,1129896021,false,false,9,2023-04-01,2023-12-31,-1
2025-04-30,9020,2025-03-31,,2887553000000,0.058,,,,,376786000000,0.092,321564000000,0.084,,224285000000,,198.29,,0.080,0.032,0.130,,10174224000000,2872216000000,0.281,2527.69,2859544000000,732251000000,-783417000000,3664000000,233473000000,,0.303,,,,,,true,false,12,2024-04-01,2025-03-31,0
2025-04-30,9020,2024-03-31,,2730118000000,0.135,,,,,345161000000,1.454,296631000000,1.674,,196449000000,,173.82,,0.076,0.031,0.126,,9771479000000,2739232000000,0.278,2402.34,2717895000000,688103000000,-690624000000,66103000000,280810000000,,0.268,,,,,,true,false,12,2023-04-01,2024-03-31,-1
2025-04-30,9020,2026-03-31,,3023000000000,0.047,,,,,387000000000,0.027,323000000000,0.004,,227000000000,,200.66,,,,,,,,,,,,,,,,0.309,,,,,,true,true,12,2025-04-01,2026-03-31,1
2025-04-30,9020,2025-03-31,,2077680000000,0.045,,,,,266068000000,0.048,216531000000,0.070,152600000000,,0.040,134.55,,,,,,9139474000000,2095153000000,0.229,1846.91,2095153000000,,,,,60.00,,,,1134412200,3125979,1131120620,false,false,12,2024-04-01,2025-03-31,0
2025-04-30,9020,2024-03-31,,1987298000000,0.126,,,,,253801000000,1.791,202334000000,3.398,146693000000,,1.798,129.46,,,,,,8873344000000,2044684000000,0.230,1802.44,2044684000000,,,,,140.00,,,,1134412200,3060141,1130164968,false,false,12,2023-04-01,2024-03-31,-1
2025-04-30,9020,2026-03-31,,,,,,,,,,,,,,,,,,,,,,,,,,,,,,62.00,,,,,,,false,true,12,2025-04-01,2026-03-31,1
