filing_date,code,fiscal_year_end,quarterly_period,net_sales,net_sales_change,revenue,revenue_change,operating_revenue,operating_revenue_change,operating_profit,operating_profit_change,ordinary_profit,ordinary_profit_change,net_income,net_income_of_parent,net_income_change,eps,diluted_eps,roe,roa,operating_profit_to_net_sales,operating_profit_to_revenue,total_assets,net_assets,equity_ratio,bps,owner_equity,operating_cash_flow,investing_cash_flow,financing_cash_flow,cash,dividend_per_share,payout_ratio,commemorative_dividend,extra_dividend,number_of_shares,number_of_treqsury_shares,avg_number_of_shares,is_consolidated,is_forecast,duration,period_start,period_end,period_pos
2015-07-30,90210,2016-03-31,1,341382000000,0.083,,,,,51016000000,0.329,45361000000,0.339,,29693000000,,153.37,,,,,,2735992000000,865285000000,0.300,,819498000000,,,,,,,,,,,,true,false,3,2015-04-01,2015-06-30,0
2015-07-30,90210,2015-03-31,1,315216000000,0.014,,,,,38392000000,0.035,33869000000,0.110,,28182000000,,145.56,,,,,,,,,,,,,,,,,,,,,,true,false,3,2014-04-01,2014-06-30,-1
2015-07-30,90210,2016-03-31,1,698500000000,0.072,,,,,101000000000,0.229,90000000000,0.242,,59000000000,,304.74,,,,,,,,,,,,,,,,,,,,,,true,true,6,2015-04-01,2015-09-30,0
2015-07-30,90210,2016-03-31,1,1411500000000,0.045,,,,,162000000000,0.159,143500000000,0.176,,90500000000,,467.45,,,,,,,,,,,,,,,,,,,,,,true,true,12,2015-04-01,2016-03-31,0
2015-07-30,90210,2015-03-31,1,,,,,,,,,,,,,,,,,,,,2786470000000,846701000000,0.288,,801264000000,,,,,,,,,,,,true,false,12,2014-04-01,2015-03-31,-1
2015-07-30,90210,2015-03-31,1,,,,,,,,,,,,,,,,,,,,,,,,,,,,,125.00,,,,193735000,129581,,false,false,12,2014-04-01,2015-03-31,-1
2015-07-30,90210,2016-03-31,1,,,,,,,,,,,,,,,,,,,,,,,,,,,,,130.00,,,,,,,false,true,12,2015-04-01,2016-03-31,0
2015-07-30,90210,2016-03-31,1,,,,,,,,,,,,,,,,,,,,,,,,,,,,,,,,,193735000,129581,193605419,false,false,3,2015-04-01,2015-06-30,0
2015-07-30,90210,2015-03-31,1,,,,,,,,,,,,,,,,,,,,,,,,,,,,,,,,,,,193605419,false,false,3,2014-04-01,2014-06-30,-1
2015-10-30,90210,2016-03-31,2,709415000000,0.089,,,,,110539000000,0.345,99713000000,0.376,,66041000000,,341.11,,,,,,2779664000000,901914000000,0.308,,855344000000,,,,,,,,,,,,true,false,6,2015-04-01,2015-09-30,0
2015-10-30,90210,2015-03-31,2,651555000000,0.015,,,,,82175000000,0.098,72463000000,0.177,,54423000000,,281.11,,,,,,,,,,,,,,,,,,,,,,true,false,6,2014-04-01,2014-09-30,-1
2015-10-30,90210,2016-03-31,2,1437000000000,0.064,,,,,171500000000,0.227,153000000000,0.254,,96000000000,,495.85,,,,,,,,,,,,,,,,,,,,,,true,true,12,2015-04-01,2016-03-31,0
2015-10-30,90210,2015-03-31,2,,,,,,,,,,,,,,,,,,,,2786470000000,846701000000,0.288,,801264000000,,,,,,,,,,,,true,false,12,2014-04-01,2015-03-31,-1
2015-10-30,90210,2015-03-31,2,,,,,,,,,,,,,,,,,,,,,,,,,,,,,125.00,,,,193735000,129581,,false,false,12,2014-04-01,2015-03-31,-1
2015-10-30,90210,2016-03-31,2,,,,,,,,,,,,,,,,,,,,,,,,,,,,,65.00,,,,,,,false,false,12,2015-04-01,2016-03-31,0
2015-10-30,90210,2016-03-31,2,,,,,,,,,,,,,,,,,,,,,,,,,,,,,135.00,,,,,,,false,true,12,2015-04-01,2016-03-31,0
2015-10-30,90210,2016-03-31,2,,,,,,,,,,,,,,,,,,,,,,,,,,,,,,,,,193735000,129849,193605303,false,false,6,2015-04-01,2015-09-30,0
2015-10-30,90210,2015-03-31,2,,,,,,,,,,,,,,,,,,,,,,,,,,,,,,,,,,,193605419,false,false,6,2014-04-01,2014-09-30,-1
2016-01-29,90210,2016-03-31,3,1075828000000,0.079,,,,,165644000000,0.233,149709000000,0.259,,97806000000,,505.19,,,,,,2816125000000,923062000000,0.311,,875561000000,,,,,,,,,,,,true,false,9,2015-04-01,2015-12-31,0
2016-01-29,90210,2015-03-31,3,996841000000,0.011,,,,,134307000000,0.111,118924000000,0.167,,79680000000,,411.56,,,,,,,,,,,,,,,,,,,,,,true,false,9,2014-04-01,2014-12-31,-1
2016-01-29,90210,2016-03-31,3,1437000000000,0.064,,,,,171500000000,0.227,153000000000,0.254,,96000000000,,495.85,,,,,,,,,,,,,,,,,,,,,,true,true,12,2015-04-01,2016-03-31,0
2016-01-29,90210,2015-03-31,3,,,,,,,,,,,,,,,,,,,,2786470000000,846701000000,0.288,,801264000000,,,,,,,,,,,,true,false,12,2014-04-01,2015-03-31,-1
2016-01-29,90210,2015-03-31,3,,,,,,,,,,,,,,,,,,,,,,,,,,,,,125.00,,,,193735000,129581,,false,false,12,2014-04-01,2015-03-31,-1
2016-01-29,90210,2016-03-31,3,,,,,,,,,,,,,,,,,,,,,,,,,,,,,65.00,,,,,,,false,false,12,2015-04-01,2016-03-31,0
2016-01-29,90210,2016-03-31,3,,,,,,,,,,,,,,,,,,,,,,,,,,,,,135.00,,,,,,,false,true,12,2015-04-01,2016-03-31,0
2016-01-29,90210,2016-03-31,3,,,,,,,,,,,,,,,,,,,,,,,,,,,,,,,,,193735000,129849,193605252,false,false,9,2015-04-01,2015-12-31,0
2016-01-29,90210,2015-03-31,3,,,,,,,,,,,,,,,,,,,,,,,,,,,,,,,,,,,193605419,false,false,9,2014-04-01,2014-12-31,-1
2016-04-27,90210,2016-03-31,,1451300000000,0.075,,,,,181539000000,0.299,162260000000,0.330,,85868000000,,443.53,,0.102,0.058,0.125,,2843194000000,926376000000,0.309,4534.29,877862000000,259880000000,-233219000000,-31315000000,80691000000,,0.304,,,,,,true,false,12,2015-04-01,2016-03-31,0
2016-04-27,90210,2015-03-31,,1350336000000,0.015,,,,,139774000000,0.038,121999000000,0.080,,66712000000,,344.58,,0.084,0.045,0.104,,2786470000000,846701000000,0.288,4138.65,801264000000,223613000000,-212912000000,1689000000,85346000000,,0.363,,,,,,true,false,12,2014-04-01,2015-03-31,-1
2016-04-27,90210,2017-03-31,,700500000000,-0.013,,,,,102000000000,-0.077,92500000000,-0.072,,62000000000,,320.24,,,,,,,,,,,,,,,,,,,,,,true,true,6,2016-04-01,2016-09-30,1
2016-04-27,90210,2017-03-31,,1450000000000,-0.001,,,,,175500000000,-0.033,159500000000,-0.017,,106500000000,,550.09,,,,,,,,,,,,,,,,0.255,,,,,,true,true,12,2016-04-01,2017-03-31,1
2016-04-27,90210,2016-03-31,,954227000000,0.071,,,,,137213000000,0.225,116733000000,0.267,61123000000,,0.290,315.50,,,,,,2499863000000,666066000000,0.266,3438.04,666066000000,,,,,135.00,,,,193735000,129849,193605227,false,false,12,2015-04-01,2016-03-31,0
2016-04-27,90210,2015-03-31,,890940000000,0.020,,,,,112026000000,0.101,92130000000,0.152,47382000000,,-0.027,244.57,,,,,,2444451000000,631584000000,0.258,3260.05,631584000000,,,,,125.00,,,,193735000,129581,193605419,false,false,12,2014-04-01,2015-03-31,-1
2016-04-27,90210,2017-03-31,,476000000000,-0.006,,,,,87000000000,-0.038,77000000000,-0.024,53000000000,,-0.009,273.57,,,,,,,,,,,,,,,,,,,,,,false,true,6,2016-04-01,2016-09-30,1
2016-04-27,90210,2017-03-31,,952500000000,-0.002,,,,,136000000000,-0.009,119000000000,0.019,82000000000,,0.342,423.26,,,,,,,,,,,,,,,140.00,,,,,,,false,true,12,2016-04-01,2017-03-31,1
2016-07-27,90210,2017-03-31,1,338148000000,-0.009,,,,,45321000000,-0.112,40506000000,-0.107,,27568000000,,142.40,,,,,,2783114000000,938696000000,0.320,,890288000000,,,,,,,,,,,,true,false,3,2016-04-01,2016-06-30,0
2016-07-27,90210,2016-03-31,1,341382000000,0.083,,,,,51016000000,0.329,45361000000,0.339,,29693000000,,153.37,,,,,,,,,,,,,,,,,,,,,,true,false,3,2015-04-01,2015-06-30,-1
2016-07-27,90210,2017-03-31,1,700500000000,-0.013,,,,,102000000000,-0.077,92500000000,-0.072,,62000000000,,320.24,,,,,,,,,,,,,,,,,,,,,,true,true,6,2016-04-01,2016-09-30,0
2016-07-27,90210,2017-03-31,1,1450000000000,-0.001,,,,,175500000000,-0.033,159500000000,-0.017,,106500000000,,550.09,,,,,,,,,,,,,,,,,,,,,,true,true,12,2016-04-01,2017-03-31,0
2016-07-27,90210,2016-03-31,1,,,,,,,,,,,,,,,,,,,,2843194000000,926376000000,0.309,,877862000000,,,,,,,,,,,,true,false,12,2015-04-01,2016-03-31,-1
2016-07-27,90210,2016-03-31,1,,,,,,,,,,,,,,,,,,,,,,,,,,,,,135.00,,,,193735000,129849,,false,false,12,2015-04-01,2016-03-31,-1
2016-07-27,90210,2017-03-31,1,,,,,,,,,,,,,,,,,,,,,,,,,,,,,140.00,,,,,,,false,true,12,2016-04-01,2017-03-31,0
2016-07-27,90210,2017-03-31,1,,,,,,,,,,,,,,,,,,,,,,,,,,,,,,,,,193735000,129849,193605151,false,false,3,2016-04-01,2016-06-30,0
2016-07-27,90210,2016-03-31,1,,,,,,,,,,,,,,,,,,,,,,,,,,,,,,,,,,,193605419,false,false,3,2015-04-01,2015-06-30,-1
2016-10-27,90210,2017-03-31,2,700372000000,-0.013,,,,,98359000000,-0.110,88528000000,-0.112,,57117000000,,295.02,,,,,,2806939000000,968448000000,0.328,,919360000000,,,,,,,,,,,,true,false,6,2016-04-01,2016-09-30,0
2016-10-27,90210,2016-03-31,2,709415000000,0.089,,,,,110539000000,0.345,99713000000,0.376,,66041000000,,341.11,,,,,,,,,,,,,,,,,,,,,,true,false,6,2015-04-01,2015-09-30,-1
2016-10-27,90210,2017-03-31,2,1445500000000,-0.004,,,,,173000000000,-0.047,157000000000,-0.032,,102500000000,,529.43,,,,,,,,,,,,,,,,,,,,,,true,true,12,2016-04-01,2017-03-31,0
2016-10-27,90210,2016-03-31,2,,,,,,,,,,,,,,,,,,,,2843194000000,926376000000,0.309,,877862000000,,,,,,,,,,,,true,false,12,2015-04-01,2016-03-31,-1
2016-10-27,90210,2016-03-31,2,,,,,,,,,,,,,,,,,,,,,,,,,,,,,135.00,,,,193735000,129849,,false,false,12,2015-04-01,2016-03-31,-1
2016-10-27,90210,2017-03-31,2,,,,,,,,,,,,,,,,,,,,,,,,,,,,,70.00,,,,,,,false,false,12,2016-04-01,2017-03-31,0
2016-10-27,90210,2017-03-31,2,,,,,,,,,,,,,,,,,,,,,,,,,,,,,140.00,,,,,,,false,true,12,2016-04-01,2017-03-31,0
2016-10-27,90210,2017-03-31,2,,,,,,,,,,,,,,,,,,,,,,,,,,,,,,,,,193735000,129849,193605151,false,false,6,2016-04-01,2016-09-30,0
2016-10-27,90210,2016-03-31,2,,,,,,,,,,,,,,,,,,,,,,,,,,,,,,,,,,,193605303,false,false,6,2015-04-01,2015-09-30,-1
2017-01-30,90210,2017-03-31,3,1066020000000,-0.009,,,,,157799000000,-0.047,143209000000,-0.043,,92546000000,,478.02,,,,,,2854336000000,992410000000,0.330,,942680000000,,,,,,,,,,,,true,false,9,2016-04-01,2016-12-31,0
2017-01-30,90210,2016-03-31,3,1075828000000,0.079,,,,,165644000000,0.233,149709000000,0.259,,97806000000,,505.19,,,,,,,,,,,,,,,,,,,,,,true,false,9,2015-04-01,2015-12-31,-1
2017-01-30,90210,2017-03-31,3,1445500000000,-0.004,,,,,173000000000,-0.047,157000000000,-0.032,,102500000000,,529.43,,,,,,,,,,,,,,,,,,,,,,true,true,12,2016-04-01,2017-03-31,0
2017-01-30,90210,2016-03-31,3,,,,,,,,,,,,,,,,,,,,2843194000000,926376000000,0.309,,877862000000,,,,,,,,,,,,true,false,12,2015-04-01,2016-03-31,-1
2017-01-30,90210,2016-03-31,3,,,,,,,,,,,,,,,,,,,,,,,,,,,,,135.00,,,,193735000,129849,,false,false,12,2015-04-01,2016-03-31,-1
2017-01-30,90210,2017-03-31,3,,,,,,,,,,,,,,,,,,,,,,,,,,,,,70.00,,,,,,,false,false,12,2016-04-01,2017-03-31,0
2017-01-30,90210,2017-03-31,3,,,,,,,,,,,,,,,,,,,,,,,,,,,,,140.00,,,,,,,false,true,12,2016-04-01,2017-03-31,0
2017-01-30,90210,2017-03-31,3,,,,,,,,,,,,,,,,,,,,,,,,,,,,,,,,,193735000,129849,193605151,false,false,9,2016-04-01,2016-12-31,0
2017-01-30,90210,2016-03-31,3,,,,,,,,,,,,,,,,,,,,,,,,,,,,,,,,,,,193605252,false,false,9,2015-04-01,2015-12-31,-1
2017-04-28,90210,2017-03-31,,1441411000000,-0.007,,,,,176392000000,-0.028,160783000000,-0.009,,91288000000,,471.52,,0.100,0.055,0.122,,3007852000000,1032610000000,0.313,4857.50,940437000000,234144000000,-295808000000,44304000000,63332000000,,0.297,,,,,,true,false,12,2016-04-01,2017-03-31,0
2017-04-28,90210,2016-03-31,,1451300000000,0.075,,,,,181539000000,0.299,162260000000,0.330,,85868000000,,443.53,,0.102,0.058,0.125,,2843194000000,926376000000,0.309,4534.29,877862000000,259880000000,-233219000000,-31315000000,80691000000,,0.304,,,,,,true,false,12,2015-04-01,2016-03-31,-1
2017-04-28,90210,2018-03-31,,722000000000,0.031,,,,,101500000000,0.032,92000000000,0.039,,60500000000,,312.49,,,,,,,,,,,,,,,,,,,,,,true,true,6,2017-04-01,2017-09-30,1
2017-04-28,90210,2018-03-31,,1492000000000,0.035,,,,,183500000000,0.040,168500000000,0.048,,109000000000,,563.00,,,,,,,,,,,,,,,,0.284,,,,,,true,true,12,2017-04-01,2018-03-31,1
2017-04-28,90210,2017-03-31,,956103000000,0.002,,,,,135477000000,-0.013,118470000000,0.015,70842000000,,0.159,365.67,,,,,,2598964000000,709959000000,0.273,3664.60,709959000000,,,,,140.00,,,,193735000,129899,193605150,false,false,12,2016-04-01,2017-03-31,0
2017-04-28,90210,2016-03-31,,954227000000,0.071,,,,,137213000000,0.225,116733000000,0.267,61123000000,,0.290,315.50,,,,,,2499863000000,666066000000,0.266,3438.04,666066000000,,,,,135.00,,,,193735000,129849,193605227,false,false,12,2015-04-01,2016-03-31,-1
2017-04-28,90210,2018-03-31,,481000000000,0.012,,,,,83000000000,0.020,73000000000,0.030,49000000000,,0.044,252.92,,,,,,,,,,,,,,,,,,,,,,false,true,6,2017-04-01,2017-09-30,1
2017-04-28,90210,2018-03-31,,967000000000,0.011,,,,,139000000000,0.026,123000000000,0.038,83000000000,,0.172,428.42,,,,,,,,,,,,,,,160.00,,,,,,,false,true,12,2017-04-01,2018-03-31,1
2017-07-28,90210,2018-03-31,1,352526000000,0.043,,,,,54794000000,0.209,50520000000,0.247,,34740000000,,179.44,,,,,,2960603000000,1055065000000,0.325,,962131000000,,,,,,,,,,,,true,false,3,2017-04-01,2017-06-30,0
2017-07-28,90210,2017-03-31,1,338148000000,-0.009,,,,,45321000000,-0.112,40506000000,-0.107,,27568000000,,142.40,,,,,,,,,,,,,,,,,,,,,,true,false,3,2016-04-01,2016-06-30,-1
2017-07-28,90210,2018-03-31,1,722000000000,0.031,,,,,101500000000,0.032,92000000000,0.039,,60500000000,,312.49,,,,,,,,,,,,,,,,,,,,,,true,true,6,2017-04-01,2017-09-30,0
2017-07-28,90210,2018-03-31,1,1492000000000,0.035,,,,,183500000000,0.040,168500000000,0.048,,109000000000,,563.00,,,,,,,,,,,,,,,,,,,,,,true,true,12,2017-04-01,2018-03-31,0
2017-07-28,90210,2017-03-31,1,,,,,,,,,,,,,,,,,,,,3007852000000,1032610000000,0.313,,940437000000,,,,,,,,,,,,true,false,12,2016-04-01,2017-03-31,-1
2017-07-28,90210,2017-03-31,1,,,,,,,,,,,,,,,,,,,,,,,,,,,,,140.00,,,,193735000,129899,,false,false,12,2016-04-01,2017-03-31,-1
2017-07-28,90210,2018-03-31,1,,,,,,,,,,,,,,,,,,,,,,,,,,,,,160.00,,,,,,,false,true,12,2017-04-01,2018-03-31,0
2017-07-28,90210,2018-03-31,1,,,,,,,,,,,,,,,,,,,,,,,,,,,,,,,,,193735000,129899,193605101,false,false,3,2017-04-01,2017-06-30,0
2017-07-28,90210,2017-03-31,1,,,,,,,,,,,,,,,,,,,,,,,,,,,,,,,,,,,193605151,false,false,3,2016-04-01,2016-06-30,-1
2017-10-30,90210,2018-03-31,2,727109000000,0.038,,,,,111235000000,0.131,102699000000,0.160,,67844000000,,350.43,,,,,,3011592000000,1088942000000,0.330,,995330000000,,,,,,,,,,,,true,false,6,2017-04-01,2017-09-30,0
2017-10-30,90210,2017-03-31,2,700372000000,-0.013,,,,,98359000000,-0.110,88528000000,-0.112,,57117000000,,295.02,,,,,,,,,,,,,,,,,,,,,,true,false,6,2016-04-01,2016-09-30,-1
2017-10-30,90210,2018-03-31,2,1497000000000,0.039,,,,,185500000000,0.052,170500000000,0.060,,110500000000,,570.75,,,,,,,,,,,,,,,,,,,,,,true,true,12,2017-04-01,2018-03-31,0
2017-10-30,90210,2017-03-31,2,,,,,,,,,,,,,,,,,,,,3007852000000,1032610000000,0.313,,940437000000,,,,,,,,,,,,true,false,12,2016-04-01,2017-03-31,-1
2017-10-30,90210,2017-03-31,2,,,,,,,,,,,,,,,,,,,,,,,,,,,,,140.00,,,,193735000,129899,,false,false,12,2016-04-01,2017-03-31,-1
2017-10-30,90210,2018-03-31,2,,,,,,,,,,,,,,,,,,,,,,,,,,,,,80.00,,,,,,,false,false,12,2017-04-01,2018-03-31,0
2017-10-30,90210,2018-03-31,2,,,,,,,,,,,,,,,,,,,,,,,,,,,,,160.00,,,,,,,false,true,12,2017-04-01,2018-03-31,0
2017-10-30,90210,2018-03-31,2,,,,,,,,,,,,,,,,,,,,,,,,,,,,,,,,,193735000,129883,193605101,false,false,6,2017-04-01,2017-09-30,0
2017-10-30,90210,2017-03-31,2,,,,,,,,,,,,,,,,,,,,,,,,,,,,,,,,,,,193605151,false,false,6,2016-04-01,2016-09-30,-1
2018-01-31,90210,2018-03-31,3,1111358000000,0.043,,,,,175268000000,0.111,162226000000,0.133,,108468000000,,560.26,,,,,,3063294000000,1115847000000,0.333,,1021061000000,,,,,,,,,,,,true,false,9,2017-04-01,2017-12-31,0
2018-01-31,90210,2017-03-31,3,1066020000000,-0.009,,,,,157799000000,-0.047,143209000000,-0.043,,92546000000,,478.02,,,,,,,,,,,,,,,,,,,,,,true,false,9,2016-04-01,2016-12-31,-1
2018-01-31,90210,2018-03-31,3,1497000000000,0.039,,,,,185500000000,0.052,170500000000,0.060,,110500000000,,570.75,,,,,,,,,,,,,,,,,,,,,,true,true,12,2017-04-01,2018-03-31,0
2018-01-31,90210,2017-03-31,3,,,,,,,,,,,,,,,,,,,,3007852000000,1032610000000,0.313,,940437000000,,,,,,,,,,,,true,false,12,2016-04-01,2017-03-31,-1
2018-01-31,90210,2017-03-31,3,,,,,,,,,,,,,,,,,,,,,,,,,,,,,140.00,,,,193735000,129899,,false,false,12,2016-04-01,2017-03-31,-1
2018-01-31,90210,2018-03-31,3,,,,,,,,,,,,,,,,,,,,,,,,,,,,,80.00,,,,,,,false,false,12,2017-04-01,2018-03-31,0
2018-01-31,90210,2018-03-31,3,,,,,,,,,,,,,,,,,,,,,,,,,,,,,160.00,,,,,,,false,true,12,2017-04-01,2018-03-31,0
2018-01-31,90210,2018-03-31,3,,,,,,,,,,,,,,,,,,,,,,,,,,,,,,,,,193735000,129808,193605126,false,false,9,2017-04-01,2017-12-31,0
2018-01-31,90210,2017-03-31,3,,,,,,,,,,,,,,,,,,,,,,,,,,,,,,,,,,,193605151,false,false,9,2016-04-01,2016-12-31,-1
2018-04-27,90210,2018-03-31,,1500445000000,0.041,,,,,191365000000,0.085,177780000000,0.106,,110493000000,,570.72,,0.113,0.058,0.128,,3072965000000,1116304000000,0.332,5273.42,1020960000000,275101000000,-166352000000,-71422000000,101448000000,,0.280,,,,,,true,false,12,2017-04-01,2018-03-31,0
2018-04-27,90210,2017-03-31,,1441411000000,-0.007,,,,,176392000000,-0.028,160783000000,-0.009,,91288000000,,471.52,,0.100,0.055,0.122,,3007852000000,1032610000000,0.313,4857.50,940437000000,234144000000,-295808000000,44304000000,63332000000,,0.297,,,,,,true,false,12,2016-04-01,2017-03-31,-1
2018-04-27,90210,2019-03-31,,737500000000,0.014,,,,,114000000000,0.025,105500000000,0.027,,69500000000,,358.98,,,,,,,,,,,,,,,,,,,,,,true,true,6,2018-04-01,2018-09-30,1
2018-04-27,90210,2019-03-31,,1525500000000,0.017,,,,,187500000000,-0.020,174000000000,-0.021,,111000000000,,573.33,,,,,,,,,,,,,,,,0.305,,,,,,true,true,12,2018-04-01,2019-03-31,1
2018-04-27,90210,2018-03-31,,976277000000,0.021,,,,,144374000000,0.066,128654000000,0.086,80742000000,,0.140,416.77,,,,,,2659354000000,761703000000,0.286,3931.69,761703000000,,,,,160.00,,,,193735000,129808,193605143,false,false,12,2017-04-01,2018-03-31,0
2018-04-27,90210,2017-03-31,,956103000000,0.002,,,,,135477000000,-0.013,118470000000,0.015,70842000000,,0.159,365.67,,,,,,2598964000000,709959000000,0.273,3664.60,709959000000,,,,,140.00,,,,193735000,129899,193605150,false,false,12,2016-04-01,2017-03-31,-1
2018-04-27,90210,2019-03-31,,492000000000,0.013,,,,,95000000000,0.048,87000000000,0.072,60000000000,,0.074,309.70,,,,,,,,,,,,,,,,,,,,,,false,true,6,2018-04-01,2018-09-30,1
2018-04-27,90210,2019-03-31,,988000000000,0.012,,,,,145000000000,0.004,131000000000,0.018,89500000000,,0.108,461.97,,,,,,,,,,,,,,,175.00,,,,,,,false,true,12,2018-04-01,2019-03-31,1
2018-07-31,90210,2019-03-31,1,361116000000,0.024,,,,,60293000000,0.100,56412000000,0.117,,38547000000,,199.19,,,,,,3055966000000,1134880000000,0.340,,1039227000000,,,,,,,,,,,,true,false,3,2018-04-01,2018-06-30,0
2018-07-31,90210,2018-03-31,1,352526000000,0.043,,,,,54794000000,0.209,50520000000,0.247,,34740000000,,179.44,,,,,,,,,,,,,,,,,,,,,,true,false,3,2017-04-01,2017-06-30,-1
2018-07-31,90210,2019-03-31,1,737500000000,0.014,,,,,114000000000,0.025,105500000000,0.027,,69500000000,,360.15,,,,,,,,,,,,,,,,,,,,,,true,true,6,2018-04-01,2018-09-30,0
2018-07-31,90210,2019-03-31,1,1525500000000,0.017,,,,,187500000000,-0.020,174000000000,-0.021,,111000000000,,576.13,,,,,,,,,,,,,,,,,,,,,,true,true,12,2018-04-01,2019-03-31,0
2018-07-31,90210,2018-03-31,1,,,,,,,,,,,,,,,,,,,,3071829000000,1116304000000,0.332,,1020960000000,,,,,,,,,,,,true,false,12,2017-04-01,2018-03-31,-1
2018-07-31,90210,2018-03-31,1,,,,,,,,,,,,,,,,,,,,,,,,,,,,,160.00,,,,193735000,129808,,false,false,12,2017-04-01,2018-03-31,-1
2018-07-31,90210,2019-03-31,1,,,,,,,,,,,,,,,,,,,,,,,,,,,,,175.00,,,,,,,false,true,12,2018-04-01,2019-03-31,0
2018-07-31,90210,2019-03-31,1,,,,,,,,,,,,,,,,,,,,,,,,,,,,,,,,,193735000,734908,193522862,false,false,3,2018-04-01,2018-06-30,0
2018-07-31,90210,2018-03-31,1,,,,,,,,,,,,,,,,,,,,,,,,,,,,,,,,,,,193605101,false,false,3,2017-04-01,2017-06-30,-1
2018-10-29,90210,2019-03-31,2,736989000000,0.014,,,,,113306000000,0.019,105835000000,0.031,,56483000000,,292.70,,,,,,3124109000000,1149350000000,0.337,,1052520000000,,,,,,,,,,,,true,false,6,2018-04-01,2018-09-30,0
2018-10-29,90210,2018-03-31,2,727109000000,0.038,,,,,111235000000,0.131,102699000000,0.160,,67844000000,,350.43,,,,,,,,,,,,,,,,,,,,,,true,false,6,2017-04-01,2017-09-30,-1
2018-10-29,90210,2019-03-31,2,1516500000000,0.011,,,,,187500000000,-0.020,174000000000,-0.021,,95500000000,,495.68,,,,,,,,,,,,,,,,,,,,,,true,true,12,2018-04-01,2019-03-31,0
2018-10-29,90210,2018-03-31,2,,,,,,,,,,,,,,,,,,,,3071829000000,1116304000000,0.332,,1020960000000,,,,,,,,,,,,true,false,12,2017-04-01,2018-03-31,-1
2018-10-29,90210,2018-03-31,2,,,,,,,,,,,,,,,,,,,,,,,,,,,,,160.00,,,,193735000,129808,,false,false,12,2017-04-01,2018-03-31,-1
2018-10-29,90210,2019-03-31,2,,,,,,,,,,,,,,,,,,,,,,,,,,,,,87.50,,,,,,,false,false,12,2018-04-01,2019-03-31,0
2018-10-29,90210,2019-03-31,2,,,,,,,,,,,,,,,,,,,,,,,,,,,,,175.00,,,,,,,false,true,12,2018-04-01,2019-03-31,0
2018-10-29,90210,2019-03-31,2,,,,,,,,,,,,,,,,,,,,,,,,,,,,,,,,,192481400,129794,192976407,false,false,6,2018-04-01,2018-09-30,0
2018-10-29,90210,2018-03-31,2,,,,,,,,,,,,,,,,,,,,,,,,,,,,,,,,,,,193605101,false,false,6,2017-04-01,2017-09-30,-1
2019-01-30,90210,2019-03-31,3,1129099000000,0.016,,,,,179748000000,0.026,167859000000,0.035,,97785000000,,507.27,,,,,,3146002000000,1173628000000,0.342,,1075948000000,,,,,,,,,,,,true,false,9,2018-04-01,2018-12-31,0
2019-01-30,90210,2018-03-31,3,1111358000000,0.043,,,,,175268000000,0.111,162226000000,0.133,,108468000000,,560.26,,,,,,,,,,,,,,,,,,,,,,true,false,9,2017-04-01,2017-12-31,-1
2019-01-30,90210,2019-03-31,3,1516500000000,0.011,,,,,187500000000,-0.020,174000000000,-0.021,,95500000000,,495.68,,,,,,,,,,,,,,,,,,,,,,true,true,12,2018-04-01,2019-03-31,0
2019-01-30,90210,2018-03-31,3,,,,,,,,,,,,,,,,,,,,3071829000000,1116304000000,0.332,,1020960000000,,,,,,,,,,,,true,false,12,2017-04-01,2018-03-31,-1
2019-01-30,90210,2018-03-31,3,,,,,,,,,,,,,,,,,,,,,,,,,,,,,160.00,,,,193735000,129808,,false,false,12,2017-04-01,2018-03-31,-1
2019-01-30,90210,2019-03-31,3,,,,,,,,,,,,,,,,,,,,,,,,,,,,,87.50,,,,,,,false,false,12,2018-04-01,2019-03-31,0
2019-01-30,90210,2019-03-31,3,,,,,,,,,,,,,,,,,,,,,,,,,,,,,175.00,,,,,,,false,true,12,2018-04-01,2019-03-31,0
2019-01-30,90210,2019-03-31,3,,,,,,,,,,,,,,,,,,,,,,,,,,,,,,,,,192481400,129794,192767383,false,false,9,2018-04-01,2018-12-31,0
2019-01-30,90210,2018-03-31,3,,,,,,,,,,,,,,,,,,,,,,,,,,,,,,,,,,,193605126,false,false,9,2017-04-01,2017-12-31,-1
2019-04-26,90210,2019-03-31,,1529308000000,0.019,,,,,196946000000,0.029,183323000000,0.031,,102750000000,,533.31,,0.098,0.058,0.129,,3237596000000,1179861000000,0.333,5612.63,1079598000000,289728000000,-247420000000,-7174000000,136581000000,,0.328,,,,,,true,false,12,2018-04-01,2019-03-31,0
2019-04-26,90210,2018-03-31,,1500445000000,0.041,,,,,191365000000,0.085,177780000000,0.106,,110493000000,,570.72,,0.113,0.058,0.128,,3071829000000,1116304000000,0.332,5273.42,1020960000000,275101000000,-166352000000,-71422000000,101448000000,,0.280,,,,,,true,false,12,2017-04-01,2018-03-31,-1
2019-04-26,90210,2020-03-31,,746500000000,0.013,,,,,109000000000,-0.038,102000000000,-0.036,,67500000000,,350.92,,,,,,,,,,,,,,,,,,,,,,true,true,6,2019-04-01,2019-09-30,1
2019-04-26,90210,2020-03-31,,1557500000000,0.018,,,,,198000000000,0.005,184500000000,0.006,,118500000000,,616.06,,,,,,,,,,,,,,,,0.308,,,,,,true,true,12,2019-04-01,2020-03-31,1
2019-04-26,90210,2019-03-31,,980906000000,0.005,,,,,150727000000,0.044,136489000000,0.061,80613000000,,-0.002,418.13,,,,,,2782350000000,799779000000,0.287,4155.11,799779000000,,,,,175.00,,,,192481400,129794,192664863,false,false,12,2018-04-01,2019-03-31,0
2019-04-26,90210,2018-03-31,,976277000000,0.021,,,,,144374000000,0.066,128654000000,0.086,80742000000,,0.140,416.77,,,,,,2659354000000,761703000000,0.286,3931.69,761703000000,,,,,160.00,,,,193735000,129808,193605143,false,false,12,2017-04-01,2018-03-31,-1
2019-04-26,90210,2020-03-31,,497000000000,0.026,,,,,91000000000,-0.042,84000000000,-0.035,58000000000,,0.262,301.33,,,,,,,,,,,,,,,,,,,,,,false,true,6,2019-04-01,2019-09-30,1
2019-04-26,90210,2020-03-31,,1001000000000,0.020,,,,,151500000000,0.005,137500000000,0.007,95000000000,,0.178,493.56,,,,,,,,,,,,,,,190.00,,,,,,,false,true,12,2019-04-01,2020-03-31,1
2019-07-30,90210,2020-03-31,1,365772000000,0.013,,,,,66028000000,0.095,62288000000,0.104,,42510000000,,221.26,,,,,,3161919000000,1198720000000,0.347,,1097528000000,,,,,,,,,,,,true,false,3,2019-04-01,2019-06-30,0
2019-07-30,90210,2019-03-31,1,361116000000,0.024,,,,,60293000000,0.100,56412000000,0.117,,38547000000,,199.19,,,,,,,,,,,,,,,,,,,,,,true,false,3,2018-04-01,2018-06-30,-1
2019-07-30,90210,2020-03-31,1,746500000000,0.013,,,,,109000000000,-0.038,102000000000,-0.036,,67500000000,,352.15,,,,,,,,,,,,,,,,,,,,,,true,true,6,2019-04-01,2019-09-30,0
2019-07-30,90210,2020-03-31,1,1557500000000,0.018,,,,,198000000000,0.005,184500000000,0.006,,118500000000,,618.99,,,,,,,,,,,,,,,,,,,,,,true,true,12,2019-04-01,2020-03-31,0
2019-07-30,90210,2019-03-31,1,,,,,,,,,,,,,,,,,,,,3237596000000,1179861000000,0.333,,1079598000000,,,,,,,,,,,,true,false,12,2018-04-01,2019-03-31,-1
2019-07-30,90210,2019-03-31,1,,,,,,,,,,,,,,,,,,,,,,,,,,,,,175.00,,,,192481400,129794,,false,false,12,2018-04-01,2019-03-31,-1
2019-07-30,90210,2020-03-31,1,,,,,,,,,,,,,,,,,,,,,,,,,,,,,190.00,,,,,,,false,true,12,2019-04-01,2020-03-31,0
2019-07-30,90210,2020-03-31,1,,,,,,,,,,,,,,,,,,,,,,,,,,,,,,,,,192481400,1013794,192128198,false,false,3,2019-04-01,2019-06-30,0
2019-07-30,90210,2019-03-31,1,,,,,,,,,,,,,,,,,,,,,,,,,,,,,,,,,,,193522862,false,false,3,2018-04-01,2018-06-30,-1
2019-10-28,90210,2020-03-31,2,762035000000,0.034,,,,,128873000000,0.137,121649000000,0.149,,80483000000,,419.89,,,,,,3213518000000,1235999000000,0.353,,1133754000000,,,,,,,,,,,,true,false,6,2019-04-01,2019-09-30,0
2019-10-28,90210,2019-03-31,2,736989000000,0.014,,,,,113306000000,0.019,105835000000,0.031,,56483000000,,292.70,,,,,,,,,,,,,,,,,,,,,,true,false,6,2018-04-01,2018-09-30,-1
2019-10-28,90210,2020-03-31,2,1570000000000,0.027,,,,,202000000000,0.026,189500000000,0.034,,120000000000,,626.82,,,,,,,,,,,,,,,,,,,,,,true,true,12,2019-04-01,2020-03-31,0
2019-10-28,90210,2019-03-31,2,,,,,,,,,,,,,,,,,,,,3237596000000,1179861000000,0.333,,1079598000000,,,,,,,,,,,,true,false,12,2018-04-01,2019-03-31,-1
2019-10-28,90210,2019-03-31,2,,,,,,,,,,,,,,,,,,,,,,,,,,,,,175.00,,,,192481400,129794,,false,false,12,2018-04-01,2019-03-31,-1
2019-10-28,90210,2020-03-31,2,,,,,,,,,,,,,,,,,,,,,,,,,,,,,95.00,,,,,,,false,false,12,2019-04-01,2020-03-31,0
2019-10-28,90210,2020-03-31,2,,,,,,,,,,,,,,,,,,,,,,,,,,,,,190.00,,,,,,,false,true,12,2019-04-01,2020-03-31,0
2019-10-28,90210,2020-03-31,2,,,,,,,,,,,,,,,,,,,,,,,,,,,,,,,,,191334500,129792,191677960,false,false,6,2019-04-01,2019-09-30,0
2019-10-28,90210,2019-03-31,2,,,,,,,,,,,,,,,,,,,,,,,,,,,,,,,,,,,192976407,false,false,6,2018-04-01,2018-09-30,-1
2020-01-31,90210,2020-03-31,3,1151699000000,0.020,,,,,191194000000,0.064,180041000000,0.073,,117113000000,,611.50,,,,,,3243522000000,1255916000000,0.355,,1152796000000,,,,,,,,,,,,true,false,9,2019-04-01,2019-12-31,0
2020-01-31,90210,2019-03-31,3,1129099000000,0.016,,,,,179748000000,0.026,167859000000,0.035,,97785000000,,507.27,,,,,,,,,,,,,,,,,,,,,,true,false,9,2018-04-01,2018-12-31,-1
2020-01-31,90210,2020-03-31,3,1570000000000,0.027,,,,,202000000000,0.026,189500000000,0.034,,120000000000,,626.82,,,,,,,,,,,,,,,,,,,,,,true,true,12,2019-04-01,2020-03-31,0
2020-01-31,90210,2019-03-31,3,,,,,,,,,,,,,,,,,,,,3237596000000,1179861000000,0.333,,1079598000000,,,,,,,,,,,,true,false,12,2018-04-01,2019-03-31,-1
2020-01-31,90210,2019-03-31,3,,,,,,,,,,,,,,,,,,,,,,,,,,,,,175.00,,,,192481400,129794,,false,false,12,2018-04-01,2019-03-31,-1
2020-01-31,90210,2020-03-31,3,,,,,,,,,,,,,,,,,,,,,,,,,,,,,95.00,,,,,,,false,false,12,2019-04-01,2020-03-31,0
2020-01-31,90210,2020-03-31,3,,,,,,,,,,,,,,,,,,,,,,,,,,,,,190.00,,,,,,,false,true,12,2019-04-01,2020-03-31,0
2020-01-31,90210,2020-03-31,3,,,,,,,,,,,,,,,,,,,,,,,,,,,,,,,,,191334500,129792,191519636,false,false,9,2019-04-01,2019-12-31,0
2020-01-31,90210,2019-03-31,3,,,,,,,,,,,,,,,,,,,,,,,,,,,,,,,,,,,192767383,false,false,9,2018-04-01,2018-12-31,-1
2020-04-30,90210,2020-03-31,,1508201000000,-0.014,,,,,160628000000,-0.184,148353000000,-0.191,,89380000000,,466.88,,0.081,0.046,0.107,,3275257000000,1223106000000,0.341,5847.27,1118026000000,240152000000,-268657000000,-29167000000,78283000000,,0.391,,,,,,true,false,12,2019-04-01,2020-03-31,0
2020-04-30,90210,2019-03-31,,1529308000000,0.019,,,,,196946000000,0.029,183323000000,0.031,,102750000000,,533.31,,0.098,0.058,0.129,,3237596000000,1179861000000,0.333,5612.63,1079598000000,289728000000,-247420000000,-7174000000,136581000000,,0.328,,,,,,true,false,12,2018-04-01,2019-03-31,-1
2020-04-30,90210,2020-03-31,,961905000000,-0.019,,,,,119738000000,-0.206,106953000000,-0.216,73596000000,,-0.087,384.17,,,,,,2793991000000,823966000000,0.295,4306.43,823966000000,,,,,182.50,,,,191334500,129792,191441334,false,false,12,2019-04-01,2020-03-31,0
2020-04-30,90210,2019-03-31,,980906000000,0.005,,,,,150727000000,0.044,136489000000,0.061,80613000000,,-0.002,418.13,,,,,,2782350000000,799779000000,0.287,4155.11,799779000000,,,,,175.00,,,,192481400,129794,192664863,false,false,12,2018-04-01,2019-03-31,-1
2020-07-31,90210,2021-03-31,1,163377000000,-0.553,,,,,-94222000000,,-99761000000,,,-76711000000,,-401.20,,,,,,3449329000000,1127076000000,0.297,,1023332000000,,,,,,,,,,,,true,false,3,2020-04-01,2020-06-30,0
2020-07-31,90210,2020-03-31,1,365772000000,0.013,,,,,66028000000,0.095,62288000000,0.104,,42510000000,,221.26,,,,,,,,,,,,,,,,,,,,,,true,false,3,2019-04-01,2019-06-30,-1
2020-07-31,90210,2020-03-31,1,,,,,,,,,,,,,,,,,,,,3275257000000,1223106000000,0.341,,1118026000000,,,,,,,,,,,,true,false,12,2019-04-01,2020-03-31,-1
2020-07-31,90210,2020-03-31,1,,,,,,,,,,,,,,,,,,,,,,,,,,,,,182.50,,,,191334500,129792,,false,false,12,2019-04-01,2020-03-31,-1
2020-07-31,90210,2021-03-31,1,,,,,,,,,,,,,,,,,,,,,,,,,,,,,,,,,191334500,129792,191204708,false,false,3,2020-04-01,2020-06-30,0
2020-07-31,90210,2020-03-31,1,,,,,,,,,,,,,,,,,,,,,,,,,,,,,,,,,,,192128198,false,false,3,2019-04-01,2019-06-30,-1
2020-09-16,90210,2021-03-31,,920000000000,,,,,,-290000000000,,-305000000000,,,-240000000000,,-1255.20,,,,,,,,,,,,,,,,,,,,,,true,true,12,2020-04-01,2021-03-31,0
2020-09-16,90210,2020-03-31,,1508201000000,,,,,,160628000000,,148353000000,,,89380000000,,466.88,,,,,,,,,,,,,,,,,,,,,,true,false,12,2019-04-01,2020-03-31,-1
2020-09-16,90210,2021-03-31,,530000000000,,,,,,-260000000000,,-275000000000,,-195000000000,,,-1019.16,,,,,,,,,,,,,,,100.00,,,,,,,false,true,12,2020-04-01,2021-03-31,0
2020-09-16,90210,2020-03-31,,961905000000,,,,,,119738000000,,106953000000,,73596000000,,,384.17,,,,,,,,,,,,,,,182.50,,,,,,,false,false,12,2019-04-01,2020-03-31,-1
2020-10-30,90210,2021-03-31,2,389971000000,-0.488,,,,,-144731000000,,-154302000000,,,-128115000000,,-670.04,,,,,,3504979000000,1072751000000,0.277,,969702000000,,,,,,,,,,,,true,false,6,2020-04-01,2020-09-30,0
2020-10-30,90210,2020-03-31,2,762035000000,0.034,,,,,128873000000,0.137,121649000000,0.149,,80483000000,,419.89,,,,,,,,,,,,,,,,,,,,,,true,false,6,2019-04-01,2019-09-30,-1
2020-10-30,90210,2021-03-31,2,920000000000,-0.390,,,,,-290000000000,,-305000000000,,,-240000000000,,-1255.20,,,,,,,,,,,,,,,,,,,,,,true,true,12,2020-04-01,2021-03-31,0
2020-10-30,90210,2020-03-31,2,,,,,,,,,,,,,,,,,,,,3275257000000,1223106000000,0.341,,1118026000000,,,,,,,,,,,,true,false,12,2019-04-01,2020-03-31,-1
2020-10-30,90210,2020-03-31,2,,,,,,,,,,,,,,,,,,,,,,,,,,,,,182.50,,,,191334500,129792,,false,false,12,2019-04-01,2020-03-31,-1
2020-10-30,90210,2021-03-31,2,,,,,,,,,,,,,,,,,,,,,,,,,,,,,50.00,,,,,,,false,false,12,2020-04-01,2021-03-31,0
2020-10-30,90210,2021-03-31,2,,,,,,,,,,,,,,,,,,,,,,,,,,,,,100.00,,,,,,,false,true,12,2020-04-01,2021-03-31,0
2020-10-30,90210,2021-03-31,2,,,,,,,,,,,,,,,,,,,,,,,,,,,,,,,,,191334500,129742,191204731,false,false,6,2020-04-01,2020-09-30,0
2020-10-30,90210,2020-03-31,2,,,,,,,,,,,,,,,,,,,,,,,,,,,,,,,,,,,191677960,false,false,6,2019-04-01,2019-09-30,-1
2021-01-28,90210,2021-03-31,3,645044000000,-0.440,,,,,-175565000000,,-189317000000,,,-161842000000,,-846.44,,,,,,3520476000000,1028595000000,0.263,,926841000000,,,,,,,,,,,,true,false,9,2020-04-01,2020-12-31,0
2021-01-28,90210,2020-03-31,3,1151699000000,0.020,,,,,191194000000,0.064,180041000000,0.073,,117113000000,,611.50,,,,,,,,,,,,,,,,,,,,,,true,false,9,2019-04-01,2019-12-31,-1
2021-01-28,90210,2021-03-31,3,920000000000,-0.390,,,,,-290000000000,,-305000000000,,,-240000000000,,-1255.20,,,,,,,,,,,,,,,,,,,,,,true,true,12,2020-04-01,2021-03-31,0
2021-01-28,90210,2020-03-31,3,,,,,,,,,,,,,,,,,,,,3275257000000,1223106000000,0.341,,1118026000000,,,,,,,,,,,,true,false,12,2019-04-01,2020-03-31,-1
2021-01-28,90210,2020-03-31,3,,,,,,,,,,,,,,,,,,,,,,,,,,,,,182.50,,,,191334500,129792,,false,false,12,2019-04-01,2020-03-31,-1
2021-01-28,90210,2021-03-31,3,,,,,,,,,,,,,,,,,,,,,,,,,,,,,50.00,,,,,,,false,false,12,2020-04-01,2021-03-31,0
2021-01-28,90210,2021-03-31,3,,,,,,,,,,,,,,,,,,,,,,,,,,,,,100.00,,,,,,,false,true,12,2020-04-01,2021-03-31,0
2021-01-28,90210,2021-03-31,3,,,,,,,,,,,,,,,,,,,,,,,,,,,,,,,,,191334500,129679,191204757,false,false,9,2020-04-01,2020-12-31,0
2021-01-28,90210,2020-03-31,3,,,,,,,,,,,,,,,,,,,,,,,,,,,,,,,,,,,191519636,false,false,9,2019-04-01,2019-12-31,-1
2021-04-30,90210,2021-03-31,,898172000000,-0.404,,,,,-245544000000,,-257367000000,,,-233214000000,,-1219.71,,,,-0.273,,3479452000000,956033000000,0.245,4460.73,852913000000,-103295000000,-211692000000,446749000000,210045000000,,,,,,,,true,false,12,2020-04-01,2021-03-31,0
2021-04-30,90210,2020-03-31,,1508201000000,-0.014,,,,,160628000000,-0.184,148353000000,-0.191,,89380000000,,466.88,,0.081,0.046,0.107,,3275257000000,1223106000000,0.341,5847.27,1118026000000,240152000000,-268657000000,-29167000000,78283000000,,0.391,,,,,,true,false,12,2019-04-01,2020-03-31,-1
2021-04-30,90210,2022-03-31,,1257500000000,0.400,,,,,12000000000,,-5000000000,,,3000000000,,15.69,,,,,,,,,,,,,,,,6.374,,,,,,true,true,12,2021-04-01,2022-03-31,1
2021-04-30,90210,2021-03-31,,507909000000,-0.472,,,,,-233828000000,,-250779000000,,-217324000000,,,-1135.84,,,,,,3025958000000,580205000000,0.192,3032.42,580205000000,,,,,100.00,,,,191334500,129629,191204777,false,false,12,2020-04-01,2021-03-31,0
2021-04-30,90210,2020-03-31,,961905000000,-0.019,,,,,119738000000,-0.206,106953000000,-0.216,73596000000,,-0.087,384.17,,,,,,2793991000000,823966000000,0.295,4306.43,823966000000,,,,,182.50,,,,191334500,129792,191441334,false,false,12,2019-04-01,2020-03-31,-1
2021-04-30,90210,2022-03-31,,736500000000,0.450,,,,,3000000000,,-14000000000,,2500000000,,,13.07,,,,,,,,,,,,,,,100.00,,,,,,,false,true,12,2021-04-01,2022-03-31,1
2021-07-30,90210,2022-03-31,1,201968000000,0.094,,,,,-49387000000,,-51544000000,,,-32085000000,,-167.81,,,,,,3543676000000,913322000000,0.229,,810856000000,,,,,,,,,,,,true,false,3,2021-04-01,2021-06-30,0
2021-07-30,90210,2021-03-31,1,184573000000,,,,,,-94275000000,,-99814000000,,,-76791000000,,-401.62,,,,,,,,,,,,,,,,,,,,,,true,false,3,2020-04-01,2020-06-30,-1
2021-07-30,90210,2022-03-31,1,1052000000000,0.143,,,,,-129000000000,,-141500000000,,,-116500000000,,-609.29,,,,,,,,,,,,,,,,,,,,,,true,true,12,2021-04-01,2022-03-31,0
2021-07-30,90210,2022-03-31,1,1089000000000,0.184,,,,,-94000000000,,-106500000000,,,-81500000000,,-426.24,,,,,,,,,,,,,,,,,,,,,,true,true,12,2021-04-01,2022-03-31,0
2021-07-30,90210,2021-03-31,1,,,,,,,,,,,,,,,,,,,,3477382000000,956256000000,0.245,,853053000000,,,,,,,,,,,,true,false,12,2020-04-01,2021-03-31,-1
2021-07-30,90210,2021-03-31,1,,,,,,,,,,,,,,,,,,,,,,,,,,,,,100.00,,,,191334500,129629,,false,false,12,2020-04-01,2021-03-31,-1
2021-07-30,90210,2022-03-31,1,,,,,,,,,,,,,,,,,,,,,,,,,,,,,100.00,,,,,,,false,true,12,2021-04-01,2022-03-31,0
2021-07-30,90210,2022-03-31,1,,,,,,,,,,,,,,,,,,,,,,,,,,,,,,,,,191334500,129735,191204825,false,false,3,2021-04-01,2021-06-30,0
2021-07-30,90210,2021-03-31,1,,,,,,,,,,,,,,,,,,,,,,,,,,,,,,,,,,,191204708,false,false,3,2020-04-01,2020-06-30,-1
2021-07-30,90210,2022-03-31,,1257500000000,,,,,,12000000000,,-5000000000,,,3000000000,,15.69,,,,,,,,,,,,,,,,,,,,,,true,true,12,2021-04-01,2022-03-31,0
2021-07-30,90210,2022-03-31,,1052000000000,-0.163,,,,,-129000000000,,-141500000000,,,-116500000000,,-609.29,,,,,,,,,,,,,,,,,,,,,,true,true,12,2021-04-01,2022-03-31,0
2021-07-30,90210,2022-03-31,,1089000000000,-0.134,,,,,-94000000000,,-106500000000,,,-81500000000,,-426.24,,,,,,,,,,,,,,,,,,,,,,true,true,12,2021-04-01,2022-03-31,0
2021-07-30,90210,2021-03-31,,920046000000,,,,,,-245507000000,,-257330000000,,,-233188000000,,-1219.57,,,,,,,,,,,,,,,,,,,,,,true,false,12,2020-04-01,2021-03-31,-1
2021-07-30,90210,2022-03-31,,736500000000,,,,,,3000000000,,-14000000000,,2500000000,,,13.07,,,,,,,,,,,,,,,,,,,,,,false,true,12,2021-04-01,2022-03-31,0
2021-07-30,90210,2022-03-31,,589000000000,-0.200,,,,,-134000000000,,-148500000000,,-117000000000,,,-611.50,,,,,,,,,,,,,,,,,,,,,,false,true,12,2021-04-01,2022-03-31,0
2021-07-30,90210,2022-03-31,,622000000000,-0.155,,,,,-101000000000,,-115500000000,,-84000000000,,,-439.02,,,,,,,,,,,,,,,,,,,,,,false,true,12,2021-04-01,2022-03-31,0
2021-07-30,90210,2021-03-31,,506840000000,,,,,,-233828000000,,-250779000000,,-217324000000,,,-1135.84,,,,,,,,,,,,,,,,,,,,,,false,false,12,2020-04-01,2021-03-31,-1
2021-07-30,90210,2022-03-31,1,201968000000,0.094,,,,,-49387000000,,-51544000000,,,-32085000000,,-167.81,,,,,,3543676000000,913322000000,0.229,,810856000000,,,,,,,,,,,,true,false,3,2021-04-01,2021-06-30,0
2021-07-30,90210,2021-03-31,1,184573000000,,,,,,-94275000000,,-99814000000,,,-76791000000,,-401.62,,,,,,,,,,,,,,,,,,,,,,true,false,3,2020-04-01,2020-06-30,-1
2021-07-30,90210,2022-03-31,1,1052000000000,0.143,,,,,-129000000000,,-141500000000,,,-116500000000,,-609.29,,,,,,,,,,,,,,,,,,,,,,true,true,12,2021-04-01,2022-03-31,0
2021-07-30,90210,2022-03-31,1,1089000000000,0.184,,,,,-94000000000,,-106500000000,,,-81500000000,,-426.24,,,,,,,,,,,,,,,,,,,,,,true,true,12,2021-04-01,2022-03-31,0
2021-07-30,90210,2021-03-31,1,,,,,,,,,,,,,,,,,,,,3477382000000,956256000000,0.245,,853053000000,,,,,,,,,,,,true,false,12,2020-04-01,2021-03-31,-1
2021-07-30,90210,2021-03-31,1,,,,,,,,,,,,,,,,,,,,,,,,,,,,,100.00,,,,191334500,129629,,false,false,12,2020-04-01,2021-03-31,-1
2021-07-30,90210,2022-03-31,1,,,,,,,,,,,,,,,,,,,,,,,,,,,,,100.00,,,,,,,false,true,12,2021-04-01,2022-03-31,0
2021-07-30,90210,2022-03-31,1,,,,,,,,,,,,,,,,,,,,,,,,,,,,,,,,,191334500,129735,191204825,false,false,3,2021-04-01,2021-06-30,0
2021-07-30,90210,2021-03-31,1,,,,,,,,,,,,,,,,,,,,,,,,,,,,,,,,,,,191204708,false,false,3,2020-04-01,2020-06-30,-1
2021-11-02,90210,2022-03-31,2,436834000000,0.086,,,,,-86100000000,,-87468000000,,,-68634000000,,-352.04,,,,,,3751076000000,1130724000000,0.274,,1027230000000,,,,,,,,,,,,true,false,6,2021-04-01,2021-09-30,0
2021-11-02,90210,2021-03-31,2,402356000000,,,,,,-144721000000,,-154292000000,,,-128097000000,,-669.95,,,,,,,,,,,,,,,,,,,,,,true,false,6,2020-04-01,2020-09-30,-1
2021-11-02,90210,2022-03-31,2,1052000000000,0.143,,,,,-129000000000,,-141500000000,,,-116500000000,,-609.29,,,,,,,,,,,,,,,,,,,,,,true,true,12,2021-04-01,2022-03-31,0
2021-11-02,90210,2022-03-31,2,1089000000000,0.184,,,,,-94000000000,,-106500000000,,,-81500000000,,-426.24,,,,,,,,,,,,,,,,,,,,,,true,true,12,2021-04-01,2022-03-31,0
2021-11-02,90210,2021-03-31,2,,,,,,,,,,,,,,,,,,,,3477382000000,956256000000,0.245,,853053000000,,,,,,,,,,,,true,false,12,2020-04-01,2021-03-31,-1
2021-11-02,90210,2021-03-31,2,,,,,,,,,,,,,,,,,,,,,,,,,,,,,100.00,,,,191334500,129629,,false,false,12,2020-04-01,2021-03-31,-1
2021-11-02,90210,2022-03-31,2,,,,,,,,,,,,,,,,,,,,,,,,,,,,,50.00,,,,,,,false,false,12,2021-04-01,2022-03-31,0
2021-11-02,90210,2022-03-31,2,,,,,,,,,,,,,,,,,,,,,,,,,,,,,100.00,,,,,,,false,true,12,2021-04-01,2022-03-31,0
2021-11-02,90210,2022-03-31,2,,,,,,,,,,,,,,,,,,,,,,,,,,,,,,,,,244001600,129719,194963705,false,false,6,2021-04-01,2021-09-30,0
2021-11-02,90210,2021-03-31,2,,,,,,,,,,,,,,,,,,,,,,,,,,,,,,,,,,,191204731,false,false,6,2020-04-01,2020-09-30,-1
2022-01-31,90210,2022-03-31,3,729990000000,0.120,,,,,-79464000000,,-82631000000,,,-54021000000,,-255.63,,,,,,3724954000000,1132098000000,0.276,,1027756000000,,,,,,,,,,,,true,false,9,2021-04-01,2021-12-31,0
2022-01-31,90210,2021-03-31,3,651893000000,,,,,,-175540000000,,-189292000000,,,-161808000000,,-846.26,,,,,,,,,,,,,,,,,,,,,,true,false,9,2020-04-01,2020-12-31,-1
2022-01-31,90210,2022-03-31,3,1052000000000,0.143,,,,,-129000000000,,-141500000000,,,-116500000000,,-609.29,,,,,,,,,,,,,,,,,,,,,,true,true,12,2021-04-01,2022-03-31,0
2022-01-31,90210,2022-03-31,3,1089000000000,0.184,,,,,-94000000000,,-106500000000,,,-81500000000,,-426.24,,,,,,,,,,,,,,,,,,,,,,true,true,12,2021-04-01,2022-03-31,0
2022-01-31,90210,2021-03-31,3,,,,,,,,,,,,,,,,,,,,3477382000000,956256000000,0.245,,853053000000,,,,,,,,,,,,true,false,12,2020-04-01,2021-03-31,-1
2022-01-31,90210,2021-03-31,3,,,,,,,,,,,,,,,,,,,,,,,,,,,,,100.00,,,,191334500,129629,,false,false,12,2020-04-01,2021-03-31,-1
2022-01-31,90210,2022-03-31,3,,,,,,,,,,,,,,,,,,,,,,,,,,,,,50.00,,,,,,,false,false,12,2021-04-01,2022-03-31,0
2022-01-31,90210,2022-03-31,3,,,,,,,,,,,,,,,,,,,,,,,,,,,,,100.00,,,,,,,false,true,12,2021-04-01,2022-03-31,0
2022-01-31,90210,2022-03-31,3,,,,,,,,,,,,,,,,,,,,,,,,,,,,,,,,,244001600,129719,211325712,false,false,9,2021-04-01,2021-12-31,0
2022-01-31,90210,2021-03-31,3,,,,,,,,,,,,,,,,,,,,,,,,,,,,,,,,,,,191204757,false,false,9,2020-04-01,2020-12-31,-1
2022-04-28,90210,2022-03-31,,1031103000000,0.121,,,,,-119091000000,,-121047000000,,,-113198000000,,-516.06,,,,-0.115,,3702421000000,1074211000000,0.262,3973.15,968939000000,-86468000000,-188711000000,384685000000,319596000000,,,,,,,,true,false,12,2021-04-01,2022-03-31,0
2022-04-28,90210,2021-03-31,,920046000000,,,,,,-245507000000,,-257330000000,,,-233166000000,,-1219.46,,,,-0.267,,3477382000000,956256000000,0.245,4461.46,853053000000,-103295000000,-211692000000,446749000000,210045000000,,,,,,,,true,false,12,2020-04-01,2021-03-31,-1
2022-04-28,90210,2023-03-31,,1309000000000,0.270,,,,,30000000000,,13500000000,,,58500000000,,239.88,,,,,,,,,,,,,,,,0.417,,,,,,true,true,12,2022-04-01,2023-03-31,1
2022-04-28,90210,2022-03-31,,577627000000,0.140,,,,,-127017000000,,-138290000000,,-121605000000,,,-554.06,,,,,,3190533000000,688478000000,0.216,2821.62,688478000000,,,,,100.00,,,,244001600,129719,219350795,false,false,12,2021-04-01,2022-03-31,0
2022-04-28,90210,2021-03-31,,506840000000,,,,,,-233828000000,,-250779000000,,-217324000000,,,-1135.84,,,,,,3025958000000,580205000000,0.192,3032.42,580205000000,,,,,100.00,,,,191334500,129629,191204777,false,false,12,2020-04-01,2021-03-31,-1
2022-04-28,90210,2023-03-31,,769000000000,0.331,,,,,4500000000,,-10000000000,,48000000000,,,196.72,,,,,,,,,,,,,,,100.00,,,,,,,false,true,12,2022-04-01,2023-03-31,1
2022-08-02,90210,2023-03-31,1,297144000000,0.471,,,,,19535000000,,16914000000,,,57872000000,,237.40,,,,,,3679582000000,1119668000000,0.276,,1013874000000,,,,,,,,,,,,true,false,3,2022-04-01,2022-06-30,0
2022-08-02,90210,2022-03-31,1,201968000000,0.094,,,,,-49387000000,,-51544000000,,,-32085000000,,-167.81,,,,,,,,,,,,,,,,,,,,,,true,false,3,2021-04-01,2021-06-30,-1
2022-08-02,90210,2023-03-31,1,1309000000000,0.270,,,,,30000000000,,13500000000,,,58500000000,,239.88,,,,,,,,,,,,,,,,,,,,,,true,true,12,2022-04-01,2023-03-31,0
2022-08-02,90210,2022-03-31,1,,,,,,,,,,,,,,,,,,,,3702421000000,1074211000000,0.262,,968939000000,,,,,,,,,,,,true,false,12,2021-04-01,2022-03-31,-1
2022-08-02,90210,2022-03-31,1,,,,,,,,,,,,,,,,,,,,,,,,,,,,,100.00,,,,244001600,129719,,false,false,12,2021-04-01,2022-03-31,-1
2022-08-02,90210,2023-03-31,1,,,,,,,,,,,,,,,,,,,,,,,,,,,,,100.00,,,,,,,false,true,12,2022-04-01,2023-03-31,0
2022-08-02,90210,2023-03-31,1,,,,,,,,,,,,,,,,,,,,,,,,,,,,,,,,,244001600,329719,243777815,false,false,3,2022-04-01,2022-06-30,0
2022-08-02,90210,2022-03-31,1,,,,,,,,,,,,,,,,,,,,,,,,,,,,,,,,,,,191204825,false,false,3,2021-04-01,2021-06-30,-1
2022-11-01,90210,2023-03-31,2,616705000000,0.412,,,,,33854000000,,27705000000,,,64517000000,,264.71,,,,,,3677508000000,1127260000000,0.278,,1021165000000,,,,,,,,,,,,true,false,6,2022-04-01,2022-09-30,0
2022-11-01,90210,2022-03-31,2,436834000000,0.086,,,,,-86100000000,,-87468000000,,,-68634000000,,-352.04,,,,,,,,,,,,,,,,,,,,,,true,false,6,2021-04-01,2021-09-30,-1
2022-11-01,90210,2023-03-31,2,1309000000000,0.270,,,,,30000000000,,13500000000,,,58500000000,,239.88,,,,,,,,,,,,,,,,,,,,,,true,true,12,2022-04-01,2023-03-31,0
2022-11-01,90210,2022-03-31,2,,,,,,,,,,,,,,,,,,,,3702421000000,1074211000000,0.262,,968939000000,,,,,,,,,,,,true,false,12,2021-04-01,2022-03-31,-1
2022-11-01,90210,2022-03-31,2,,,,,,,,,,,,,,,,,,,,,,,,,,,,,100.00,,,,244001600,129719,,false,false,12,2021-04-01,2022-03-31,-1
2022-11-01,90210,2023-03-31,2,,,,,,,,,,,,,,,,,,,,,,,,,,,,,50.00,,,,,,,false,false,12,2022-04-01,2023-03-31,0
2022-11-01,90210,2023-03-31,2,,,,,,,,,,,,,,,,,,,,,,,,,,,,,100.00,,,,,,,false,true,12,2022-04-01,2023-03-31,0
2022-11-01,90210,2023-03-31,2,,,,,,,,,,,,,,,,,,,,,,,,,,,,,,,,,244001600,315706,243730256,false,false,6,2022-04-01,2022-09-30,0
2022-11-01,90210,2022-03-31,2,,,,,,,,,,,,,,,,,,,,,,,,,,,,,,,,,,,194963705,false,false,6,2021-04-01,2021-09-30,-1
2023-01-31,90210,2023-03-31,3,974845000000,0.335,,,,,69995000000,,59833000000,,,87372000000,,358.50,,,,,,3713919000000,1140845000000,0.278,,1032979000000,,,,,,,,,,,,true,false,9,2022-04-01,2022-12-31,0
2023-01-31,90210,2022-03-31,3,729990000000,0.120,,,,,-79464000000,,-82631000000,,,-54021000000,,-255.63,,,,,,,,,,,,,,,,,,,,,,true,false,9,2021-04-01,2021-12-31,-1
2023-01-31,90210,2023-03-31,3,1309000000000,0.270,,,,,30000000000,,13500000000,,,58500000000,,239.88,,,,,,,,,,,,,,,,,,,,,,true,true,12,2022-04-01,2023-03-31,0
2023-01-31,90210,2022-03-31,3,,,,,,,,,,,,,,,,,,,,3702421000000,1074211000000,0.262,,968939000000,,,,,,,,,,,,true,false,12,2021-04-01,2022-03-31,-1
2023-01-31,90210,2022-03-31,3,,,,,,,,,,,,,,,,,,,,,,,,,,,,,100.00,,,,244001600,129719,,false,false,12,2021-04-01,2022-03-31,-1
2023-01-31,90210,2023-03-31,3,,,,,,,,,,,,,,,,,,,,,,,,,,,,,50.00,,,,,,,false,false,12,2022-04-01,2023-03-31,0
2023-01-31,90210,2023-03-31,3,,,,,,,,,,,,,,,,,,,,,,,,,,,,,100.00,,,,,,,false,true,12,2022-04-01,2023-03-31,0
2023-01-31,90210,2023-03-31,3,,,,,,,,,,,,,,,,,,,,,,,,,,,,,,,,,244001600,315906,243715380,false,false,9,2022-04-01,2022-12-31,0
2023-01-31,90210,2022-03-31,3,,,,,,,,,,,,,,,,,,,,,,,,,,,,,,,,,,,211325712,false,false,9,2021-04-01,2021-12-31,-1
2023-04-28,90210,2023-03-31,,1395531000000,0.353,,,,,83970000000,,73619000000,,,88528000000,,363.26,,0.088,0.020,0.060,,3735507000000,1144309000000,0.277,4245.13,1034477000000,273964000000,-214902000000,-88765000000,289893000000,,0.344,,,,,,true,false,12,2022-04-01,2023-03-31,0
2023-04-28,90210,2022-03-31,,1031103000000,0.121,,,,,-119091000000,,-121047000000,,,-113198000000,,-516.06,,,,-0.115,,3702421000000,1074211000000,0.262,3973.15,968939000000,-86468000000,-188711000000,384685000000,319596000000,,,,,,,,true,false,12,2021-04-01,2022-03-31,-1
2023-04-28,90210,2024-03-31,,1512000000000,0.083,,,,,115000000000,0.370,99500000000,0.352,,66500000000,,272.89,,,,,,,,,,,,,,,,0.366,,,,,,true,true,12,2023-04-01,2024-03-31,1
2023-04-28,90210,2023-03-31,,791279000000,0.370,,,,,38960000000,,27492000000,,59437000000,,,243.76,,,,,,3230632000000,724443000000,0.224,2971.29,724443000000,,,,,125.00,,,,244001600,315970,243708055,false,false,12,2022-04-01,2023-03-31,0
2023-04-28,90210,2022-03-31,,577627000000,0.140,,,,,-127017000000,,-138290000000,,-121605000000,,,-554.06,,,,,,3190533000000,688478000000,0.216,2821.62,688478000000,,,,,100.00,,,,244001600,129719,219350795,false,false,12,2021-04-01,2022-03-31,-1
2023-04-28,90210,2024-03-31,,908000000000,0.148,,,,,75000000000,0.925,60500000000,1.201,44000000000,,-0.260,180.46,,,,,,,,,,,,,,,100.00,,,,,,,false,true,12,2023-04-01,2024-03-31,1
2023-08-01,90210,2024-03-31,1,369270000000,0.243,,,,,52210000000,1.673,48632000000,1.875,,33313000000,,136.71,,,,,,3614617000000,1162297000000,0.291,,1051250000000,,,,,,,,,,,,true,false,3,2023-04-01,2023-06-30,0
2023-08-01,90210,2023-03-31,1,297144000000,0.471,,,,,19535000000,,16914000000,,,57872000000,,237.40,,,,,,,,,,,,,,,,,,,,,,true,false,3,2022-04-01,2022-06-30,-1
2023-08-01,90210,2024-03-31,1,1512000000000,0.083,,,,,115000000000,0.370,99500000000,0.352,,66500000000,,272.89,,,,,,,,,,,,,,,,,,,,,,true,true,12,2023-04-01,2024-03-31,0
2023-08-01,90210,2023-03-31,1,,,,,,,,,,,,,,,,,,,,3735507000000,1144309000000,0.277,,1034477000000,,,,,,,,,,,,true,false,12,2022-04-01,2023-03-31,-1
2023-08-01,90210,2023-03-31,1,,,,,,,,,,,,,,,,,,,,,,,,,,,,,125.00,,,,244001600,315970,,false,false,12,2022-04-01,2023-03-31,-1
2023-08-01,90210,2024-03-31,1,,,,,,,,,,,,,,,,,,,,,,,,,,,,,100.00,,,,,,,false,true,12,2023-04-01,2024-03-31,0
2023-08-01,90210,2024-03-31,1,,,,,,,,,,,,,,,,,,,,,,,,,,,,,,,,,244001600,315973,243685629,false,false,3,2023-04-01,2023-06-30,0
2023-08-01,90210,2023-03-31,1,,,,,,,,,,,,,,,,,,,,,,,,,,,,,,,,,,,243777815,false,false,3,2022-04-01,2022-06-30,-1
2023-10-31,90210,2024-03-31,2,769902000000,0.248,,,,,106292000000,2.140,98458000000,2.554,,67143000000,,275.52,,,,,,3628960000000,1198422000000,0.299,,1086062000000,,,,,,,,,,,,true,false,6,2023-04-01,2023-09-30,0
2023-10-31,90210,2023-03-31,2,616705000000,0.412,,,,,33854000000,,27705000000,,,64517000000,,264.71,,,,,,,,,,,,,,,,,,,,,,true,false,6,2022-04-01,2022-09-30,-1
2023-10-31,90210,2024-03-31,2,1585000000000,0.136,,,,,140000000000,0.667,125500000000,0.705,,80000000000,,328.27,,,,,,,,,,,,,,,,,,,,,,true,true,12,2023-04-01,2024-03-31,0
2023-10-31,90210,2023-03-31,2,,,,,,,,,,,,,,,,,,,,3735507000000,1144309000000,0.277,,1034477000000,,,,,,,,,,,,true,false,12,2022-04-01,2023-03-31,-1
2023-10-31,90210,2023-03-31,2,,,,,,,,,,,,,,,,,,,,,,,,,,,,,125.00,,,,244001600,315970,,false,false,12,2022-04-01,2023-03-31,-1
2023-10-31,90210,2024-03-31,2,,,,,,,,,,,,,,,,,,,,,,,,,,,,,57.50,,,,,,,false,false,12,2023-04-01,2024-03-31,0
2023-10-31,90210,2024-03-31,2,,,,,,,,,,,,,,,,,,,,,,,,,,,,,115.00,,,,,,,false,true,12,2023-04-01,2024-03-31,0
2023-10-31,90210,2024-03-31,2,,,,,,,,,,,,,,,,,,,,,,,,,,,,,,,,,244001600,291787,243695544,false,false,6,2023-04-01,2023-09-30,0
2023-10-31,90210,2023-03-31,2,,,,,,,,,,,,,,,,,,,,,,,,,,,,,,,,,,,243730256,false,false,6,2022-04-01,2022-09-30,-1
2023-10-31,90210,2024-03-31,,1585000000000,0.048,,,,,140000000000,0.217,125500000000,0.261,,80000000000,,328.27,,,,,,,,,,,,,,,,,,,,,,true,true,12,2023-04-01,2024-03-31,0
2023-10-31,90210,2023-03-31,,1395531000000,,,,,,83970000000,,73619000000,,,88528000000,,363.26,,,,,,,,,,,,,,,,,,,,,,true,false,12,2022-04-01,2023-03-31,-1
2023-10-31,90210,2024-03-31,,919500000000,0.013,,,,,92000000000,0.227,78500000000,0.298,52000000000,,0.182,213.27,,,,,,,,,,,,,,,,,,,,,,false,true,12,2023-04-01,2024-03-31,0
2023-10-31,90210,2023-03-31,,791279000000,,,,,,38960000000,,27492000000,,59437000000,,,243.76,,,,,,,,,,,,,,,,,,,,,,false,false,12,2022-04-01,2023-03-31,-1
2024-01-31,90210,2024-03-31,3,1194322000000,0.225,,,,,172446000000,1.464,161033000000,1.691,,109888000000,,450.92,,,,,,3658168000000,1227192000000,0.304,,1113674000000,,,,,,,,,,,,true,false,9,2023-04-01,2023-12-31,0
2024-01-31,90210,2023-03-31,3,974845000000,0.335,,,,,69995000000,,59833000000,,,87372000000,,358.50,,,,,,,,,,,,,,,,,,,,,,true,false,9,2022-04-01,2022-12-31,-1
2024-01-31,90210,2024-03-31,3,1632500000000,0.170,,,,,160000000000,0.905,146000000000,0.983,,82000000000,,336.48,,,,,,,,,,,,,,,,,,,,,,true,true,12,2023-04-01,2024-03-31,0
2024-01-31,90210,2023-03-31,3,,,,,,,,,,,,,,,,,,,,3735507000000,1144309000000,0.277,,1034477000000,,,,,,,,,,,,true,false,12,2022-04-01,2023-03-31,-1
2024-01-31,90210,2023-03-31,3,,,,,,,,,,,,,,,,,,,,,,,,,,,,,125.00,,,,244001600,315970,,false,false,12,2022-04-01,2023-03-31,-1
2024-01-31,90210,2024-03-31,3,,,,,,,,,,,,,,,,,,,,,,,,,,,,,57.50,,,,,,,false,false,12,2023-04-01,2024-03-31,0
2024-01-31,90210,2024-03-31,3,,,,,,,,,,,,,,,,,,,,,,,,,,,,,120.00,,,,,,,false,true,12,2023-04-01,2024-03-31,0
2024-01-31,90210,2024-03-31,3,,,,,,,,,,,,,,,,,,,,,,,,,,,,,,,,,244001600,291754,243700323,false,false,9,2023-04-01,2023-12-31,0
2024-01-31,90210,2023-03-31,3,,,,,,,,,,,,,,,,,,,,,,,,,,,,,,,,,,,243715380,false,false,9,2022-04-01,2022-12-31,-1
2024-01-31,90210,2024-03-31,,1632500000000,0.030,,,,,160000000000,0.143,146000000000,0.163,,82000000000,,336.48,,,,,,,,,,,,,,,,,,,,,,true,true,12,2023-04-01,2024-03-31,0
2024-01-31,90210,2023-03-31,,1395531000000,,,,,,83970000000,,73619000000,,,88528000000,,363.26,,,,,,,,,,,,,,,,,,,,,,true,false,12,2022-04-01,2023-03-31,-1
2024-01-31,90210,2024-03-31,,935500000000,0.017,,,,,106500000000,0.158,99000000000,0.261,55500000000,,0.067,227.62,,,,,,,,,,,,,,,,,,,,,,false,true,12,2023-04-01,2024-03-31,0
2024-01-31,90210,2023-03-31,,791279000000,,,,,,38960000000,,27492000000,,59437000000,,,243.76,,,,,,,,,,,,,,,,,,,,,,false,false,12,2022-04-01,2023-03-31,-1
2024-04-30,90210,2024-03-31,,1635023000000,0.172,,,,,179748000000,1.141,167382000000,1.274,,98761000000,,405.25,,0.092,0.045,0.110,,3777923000000,1224961000000,0.293,4537.76,1105896000000,318314000000,-243651000000,-131620000000,233218000000,,0.350,,,,,,true,false,12,2023-04-01,2024-03-31,0
2024-04-30,90210,2023-03-31,,1395531000000,0.353,,,,,83970000000,,73619000000,,,88528000000,,363.26,,0.088,0.020,0.060,,3735507000000,1144309000000,0.277,4245.13,1034477000000,273964000000,-214902000000,-88765000000,289893000000,,0.344,,,,,,true,false,12,2022-04-01,2023-03-31,-1
2024-04-30,90210,2025-03-31,,1718000000000,0.051,,,,,170000000000,-0.054,155500000000,-0.071,,100000000000,,205.16,,,,,,,,,,,,,,,,0.351,,,,,,true,true,12,2024-04-01,2025-03-31,1
2024-04-30,90210,2024-03-31,,944290000000,0.193,,,,,115446000000,1.963,108727000000,2.955,65378000000,,0.100,268.13,,,,,,3212691000000,762875000000,0.237,3128.61,762875000000,,,,,142.00,,,,244001600,291853,243702666,false,false,12,2023-04-01,2024-03-31,0
2024-04-30,90210,2023-03-31,,791279000000,0.370,,,,,38960000000,,27492000000,,59437000000,,,243.76,,,,,,3230632000000,724443000000,0.224,2971.29,724443000000,,,,,125.00,,,,244001600,315970,243708055,false,false,12,2022-04-01,2023-03-31,-1
2024-04-30,90210,2025-03-31,,992000000000,0.051,,,,,120000000000,0.039,106500000000,-0.020,70000000000,,0.071,143.54,,,,,,,,,,,,,,,72.00,,,,,,,false,true,12,2024-04-01,2025-03-31,1
2024-08-01,9021,2025-03-31,1,402780000000,0.091,,,,,58228000000,0.115,55244000000,0.136,,38272000000,,79.03,,,,,,3612970000000,1217554000000,0.304,,1097883000000,,,,,,,,,,,,true,false,3,2024-04-01,2024-06-30,0
2024-08-01,9021,2024-03-31,1,369270000000,0.243,,,,,52210000000,1.673,48632000000,1.875,,33313000000,,68.35,,,,,,,,,,,,,,,,,,,,,,true,false,3,2023-04-01,2023-06-30,-1
2024-08-01,9021,2025-03-31,1,1718000000000,0.051,,,,,170000000000,-0.054,155500000000,-0.071,,100000000000,,205.16,,,,,,,,,,,,,,,,,,,,,,true,true,12,2024-04-01,2025-03-31,0
2024-08-01,9021,2024-03-31,1,,,,,,,,,,,,,,,,,,,,3780073000000,1227111000000,0.293,,1108046000000,,,,,,,,,,,,true,false,12,2023-04-01,2024-03-31,-1
2024-08-01,9021,2024-03-31,1,,,,,,,,,,,,,,,,,,,,,,,,,,,,,142.00,,,,488003200,583706,,false,false,12,2023-04-01,2024-03-31,-1
2024-08-01,9021,2025-03-31,1,,,,,,,,,,,,,,,,,,,,,,,,,,,,,72.00,,,,,,,false,true,12,2024-04-01,2025-03-31,0
2024-08-01,9021,2025-03-31,1,,,,,,,,,,,,,,,,,,,,,,,,,,,,,,,,,488003200,9758630,484258866,false,false,3,2024-04-01,2024-06-30,0
2024-08-01,9021,2024-03-31,1,,,,,,,,,,,,,,,,,,,,,,,,,,,,,,,,,,,487371258,false,false,3,2023-04-01,2023-06-30,-1
2024-11-01,9021,2025-03-31,2,811386000000,0.054,,,,,104790000000,-0.014,98596000000,0.001,,69711000000,,145.58,,,,,,3600646000000,1226494000000,0.307,,1106596000000,,,,,,,,,,,,true,false,6,2024-04-01,2024-09-30,0
2024-11-01,9021,2024-03-31,2,769902000000,0.248,,,,,106292000000,2.140,98458000000,2.554,,67143000000,,137.76,,,,,,,,,,,,,,,,,,,,,,true,false,6,2023-04-01,2023-09-30,-1
2024-11-01,9021,2025-03-31,2,1718000000000,0.051,,,,,170000000000,-0.054,155500000000,-0.071,,100000000000,,210.67,,,,,,,,,,,,,,,,,,,,,,true,true,12,2024-04-01,2025-03-31,0
2024-11-01,9021,2024-03-31,2,,,,,,,,,,,,,,,,,,,,3780073000000,1227111000000,0.293,,1108046000000,,,,,,,,,,,,true,false,12,2023-04-01,2024-03-31,-1
2024-11-01,9021,2024-03-31,2,,,,,,,,,,,,,,,,,,,,,,,,,,,,,142.00,,,,488003200,583706,,false,false,12,2023-04-01,2024-03-31,-1
2024-11-01,9021,2025-03-31,2,,,,,,,,,,,,,,,,,,,,,,,,,,,,,37.00,,,,,,,false,false,12,2024-04-01,2025-03-31,0
2024-11-01,9021,2025-03-31,2,,,,,,,,,,,,,,,,,,,,,,,,,,,,,74.00,,,,,,,false,true,12,2024-04-01,2025-03-31,0
2024-11-01,9021,2025-03-31,2,,,,,,,,,,,,,,,,,,,,,,,,,,,,,,,,,488003200,17522054,478846470,false,false,6,2024-04-01,2024-09-30,0
2024-11-01,9021,2024-03-31,2,,,,,,,,,,,,,,,,,,,,,,,,,,,,,,,,,,,487391088,false,false,6,2023-04-01,2023-09-30,-1
2025-01-31,9021,2025-03-31,3,1245677000000,0.043,,,,,175344000000,0.017,164254000000,0.020,,114652000000,,240.84,,,,,,3652271000000,1255209000000,0.311,,1134631000000,,,,,,,,,,,,true,false,9,2024-04-01,2024-12-31,0
2025-01-31,9021,2024-03-31,3,1194322000000,0.225,,,,,172446000000,1.464,161033000000,1.691,,109888000000,,225.46,,,,,,,,,,,,,,,,,,,,,,true,false,9,2023-04-01,2023-12-31,-1
2025-01-31,9021,2025-03-31,3,1718000000000,0.051,,,,,170000000000,-0.054,155500000000,-0.071,,100000000000,,210.67,,,,,,,,,,,,,,,,,,,,,,true,true,12,2024-04-01,2025-03-31,0
2025-01-31,9021,2024-03-31,3,,,,,,,,,,,,,,,,,,,,3780073000000,1227111000000,0.293,,1108046000000,,,,,,,,,,,,true,false,12,2023-04-01,2024-03-31,-1
2025-01-31,9021,2024-03-31,3,,,,,,,,,,,,,,,,,,,,,,,,,,,,,142.00,,,,488003200,583706,,false,false,12,2023-04-01,2024-03-31,-1
2025-01-31,9021,2025-03-31,3,,,,,,,,,,,,,,,,,,,,,,,,,,,,,37.00,,,,,,,false,false,12,2024-04-01,2025-03-31,0
2025-01-31,9021,2025-03-31,3,,,,,,,,,,,,,,,,,,,,,,,,,,,,,74.00,,,,,,,false,true,12,2024-04-01,2025-03-31,0
2025-01-31,9021,2025-03-31,3,,,,,,,,,,,,,,,,,,,,,,,,,,,,,,,,,471009800,529041,476047770,false,false,9,2024-04-01,2024-12-31,0
2025-01-31,9021,2024-03-31,3,,,,,,,,,,,,,,,,,,,,,,,,,,,,,,,,,,,487400646,false,false,9,2023-04-01,2023-12-31,-1
2025-05-02,9021,2025-03-31,,1707944000000,0.045,,,,,180161000000,0.002,165670000000,-0.010,,113958000000,,240.08,,0.101,0.044,0.105,,3752359000000,1280165000000,0.308,2458.45,1156653000000,281431000000,-263112000000,-126165000000,125371000000,,0.352,,,,,,true,false,12,2024-04-01,2025-03-31,0
2025-05-02,9021,2024-03-31,,1635023000000,0.172,,,,,179748000000,1.141,167382000000,1.274,,98761000000,,202.63,,0.092,0.045,0.110,,3780073000000,1227111000000,0.293,2273.29,1108046000000,318314000000,-243651000000,-131620000000,233218000000,,0.350,,,,,,true,false,12,2023-04-01,2024-03-31,-1
2025-05-02,9021,2026-03-31,,1820000000000,0.066,,,,,190000000000,0.055,174000000000,0.050,,115000000000,,244.43,,,,,,,,,,,,,,,,0.352,,,,,,true,true,12,2025-04-01,2026-03-31,1
2025-05-02,9021,2025-03-31,,999278000000,0.058,,,,,123847000000,0.073,109108000000,0.004,80424000000,,0.230,169.34,,,,,,3197206000000,755515000000,0.236,1604.96,755515000000,,,,,84.50,,,,471009800,529041,474675083,false,false,12,2024-04-01,2025-03-31,0
2025-05-02,9021,2024-03-31,,944290000000,0.193,,,,,115446000000,1.963,108727000000,2.955,65378000000,,0.100,134.06,,,,,,3212691000000,762875000000,0.237,1564.30,762875000000,,,,,142.00,,,,488003200,583706,487405332,false,false,12,2023-04-01,2024-03-31,-1
2025-05-02,9021,2026-03-31,,1034000000000,0.035,,,,,128000000000,0.034,112500000000,0.031,80500000000,,0.001,171.01,,,,,,,,,,,,,,,86.00,,,,,,,false,true,12,2025-04-01,2026-03-31,1
