filing_date,code,fiscal_year_end,quarterly_period,net_sales,net_sales_change,revenue,revenue_change,operating_revenue,operating_revenue_change,operating_profit,operating_profit_change,ordinary_profit,ordinary_profit_change,net_income,net_income_of_parent,net_income_change,eps,diluted_eps,roe,roa,operating_profit_to_net_sales,operating_profit_to_revenue,total_assets,net_assets,equity_ratio,bps,owner_equity,operating_cash_flow,investing_cash_flow,financing_cash_flow,cash,dividend_per_share,payout_ratio,commemorative_dividend,extra_dividend,number_of_shares,number_of_treqsury_shares,avg_number_of_shares,is_consolidated,is_forecast,duration,period_start,period_end,period_pos
2015-07-29,90220,2016-03-31,1,414455000000,0.042,,,,,157620000000,0.151,142444000000,0.177,,97305000000,,494.44,,,,,,5211577000000,2153255000000,0.405,,2109026000000,,,,,,,,,,,,true,false,3,2015-04-01,2015-06-30,0
2015-07-29,90220,2015-03-31,1,397635000000,0.007,,,,,136894000000,-0.074,121061000000,-0.058,,83396000000,,423.76,,,,,,,,,,,,,,,,,,,,,,true,false,3,2014-04-01,2014-06-30,-1
2015-07-29,90220,2016-03-31,1,823000000000,0.007,,,,,290000000000,0.040,258000000000,0.052,,176000000000,,894.31,,,,,,,,,,,,,,,,,,,,,,true,true,6,2015-04-01,2015-09-30,0
2015-07-29,90220,2016-03-31,1,1674000000000,0.001,,,,,515000000000,0.017,445000000000,0.039,,303000000000,,1539.64,,,,,,,,,,,,,,,,,,,,,,true,true,12,2015-04-01,2016-03-31,0
2015-07-29,90220,2015-03-31,1,,,,,,,,,,,,,,,,,,,,5217982000000,2063967000000,0.387,,2020196000000,,,,,,,,,,,,true,false,12,2014-04-01,2015-03-31,-1
2015-07-29,90220,2015-03-31,1,,,,,,,,,,,,,,,,,,,,,,,,,,,,,120.00,,,,206000000,9200743,,false,false,12,2014-04-01,2015-03-31,-1
2015-07-29,90220,2016-03-31,1,,,,,,,,,,,,,,,,,,,,,,,,,,,,,120.00,,,,,,,false,true,12,2015-04-01,2016-03-31,0
2015-07-29,90220,2016-03-31,1,,,,,,,,,,,,,,,,,,,,,,,,,,,,,,,,,206000000,9200743,196799257,false,false,3,2015-04-01,2015-06-30,0
2015-07-29,90220,2015-03-31,1,,,,,,,,,,,,,,,,,,,,,,,,,,,,,,,,,,,196799324,false,false,3,2014-04-01,2014-06-30,-1
2015-10-28,90220,2016-03-31,2,860271000000,0.053,,,,,324005000000,0.162,292901000000,0.195,,195708000000,,994.46,,,,,,5297453000000,2231238000000,0.414,,2192385000000,,,,,,,,,,,,true,false,6,2015-04-01,2015-09-30,0
2015-10-28,90220,2015-03-31,2,817244000000,0.003,,,,,278912000000,-0.032,245160000000,-0.003,,167012000000,,848.65,,,,,,,,,,,,,,,,,,,,,,true,false,6,2014-04-01,2014-09-30,-1
2015-10-28,90220,2016-03-31,2,1715000000000,0.026,,,,,545000000000,0.076,475000000000,0.109,,321000000000,,1631.10,,,,,,,,,,,,,,,,,,,,,,true,true,12,2015-04-01,2016-03-31,0
2015-10-28,90220,2015-03-31,2,,,,,,,,,,,,,,,,,,,,5217982000000,2063967000000,0.387,,2020196000000,,,,,,,,,,,,true,false,12,2014-04-01,2015-03-31,-1
2015-10-28,90220,2015-03-31,2,,,,,,,,,,,,,,,,,,,,,,,,,,,,,120.00,,,,206000000,9200743,,false,false,12,2014-04-01,2015-03-31,-1
2015-10-28,90220,2016-03-31,2,,,,,,,,,,,,,,,,,,,,,,,,,,,,,60.00,,,,,,,false,false,12,2015-04-01,2016-03-31,0
2015-10-28,90220,2016-03-31,2,,,,,,,,,,,,,,,,,,,,,,,,,,,,,120.00,,,,,,,false,true,12,2015-04-01,2016-03-31,0
2015-10-28,90220,2016-03-31,2,,,,,,,,,,,,,,,,,,,,,,,,,,,,,,,,,206000000,9200776,196799248,false,false,6,2015-04-01,2015-09-30,0
2015-10-28,90220,2015-03-31,2,,,,,,,,,,,,,,,,,,,,,,,,,,,,,,,,,,,196799324,false,false,6,2014-04-01,2014-09-30,-1
2016-01-29,90220,2016-03-31,3,1312197000000,0.047,,,,,490783000000,0.138,444535000000,0.166,,300365000000,,1526.26,,,,,,5463167000000,2330068000000,0.419,,2291347000000,,,,,,,,,,,,true,false,9,2015-04-01,2015-12-31,0
2016-01-29,90220,2015-03-31,3,1252884000000,0.005,,,,,431136000000,-0.003,381218000000,0.026,,260752000000,,1324.97,,,,,,,,,,,,,,,,,,,,,,true,false,9,2014-04-01,2014-12-31,-1
2016-01-29,90220,2016-03-31,3,1715000000000,0.026,,,,,545000000000,0.076,475000000000,0.109,,321000000000,,1631.10,,,,,,,,,,,,,,,,,,,,,,true,true,12,2015-04-01,2016-03-31,0
2016-01-29,90220,2015-03-31,3,,,,,,,,,,,,,,,,,,,,5217982000000,2063967000000,0.387,,2020196000000,,,,,,,,,,,,true,false,12,2014-04-01,2015-03-31,-1
2016-01-29,90220,2015-03-31,3,,,,,,,,,,,,,,,,,,,,,,,,,,,,,120.00,,,,206000000,9200743,,false,false,12,2014-04-01,2015-03-31,-1
2016-01-29,90220,2016-03-31,3,,,,,,,,,,,,,,,,,,,,,,,,,,,,,60.00,,,,,,,false,false,12,2015-04-01,2016-03-31,0
2016-01-29,90220,2016-03-31,3,,,,,,,,,,,,,,,,,,,,,,,,,,,,,120.00,,,,,,,false,true,12,2015-04-01,2016-03-31,0
2016-01-29,90220,2016-03-31,3,,,,,,,,,,,,,,,,,,,,,,,,,,,,,,,,,206000000,9200776,196799240,false,false,9,2015-04-01,2015-12-31,0
2016-01-29,90220,2015-03-31,3,,,,,,,,,,,,,,,,,,,,,,,,,,,,,,,,,,,196799311,false,false,9,2014-04-01,2014-12-31,-1
2016-04-27,90220,2016-03-31,,1738409000000,0.040,,,,,578677000000,0.142,511455000000,0.195,,337440000000,,1714.64,,0.156,0.098,0.333,,5268544000000,2352566000000,0.440,11770.36,2316397000000,601495000000,-170305000000,-242847000000,318352000000,,0.073,,,,,,true,false,12,2015-04-01,2016-03-31,0
2016-04-27,90220,2015-03-31,,1672295000000,0.012,,,,,506598000000,0.024,428134000000,0.059,,264134000000,,1342.15,,0.140,0.082,0.303,,5217982000000,2063967000000,0.387,10265.27,2020196000000,570806000000,-263970000000,-252279000000,130002000000,,0.089,,,,,,true,false,12,2014-04-01,2015-03-31,-1
2016-04-27,90220,2017-03-31,,863000000000,0.003,,,,,326000000000,0.006,298000000000,0.017,,209000000000,,1062.00,,,,,,,,,,,,,,,,,,,,,,true,true,6,2016-04-01,2016-09-30,1
2016-04-27,90220,2017-03-31,,1736000000000,-0.001,,,,,577000000000,-0.003,520000000000,0.017,,363000000000,,1844.52,,,,,,,,,,,,,,,,0.070,,,,,,true,true,12,2016-04-01,2017-03-31,1
2016-04-27,90220,2016-03-31,,1357991000000,0.039,,,,,557689000000,0.173,490548000000,0.233,328658000000,,0.263,1668.31,,,,,,5059426000000,2219910000000,0.439,11268.53,2219910000000,,,,,125.00,,,,206000000,9200776,196799236,false,false,12,2015-04-01,2016-03-31,0
2016-04-27,90220,2015-03-31,,1306602000000,0.023,,,,,475403000000,0.032,397724000000,0.070,260278000000,,0.083,1321.21,,,,,,5013460000000,1931097000000,0.385,9802.48,1931097000000,,,,,120.00,,,,206000000,9200743,196799298,false,false,12,2014-04-01,2015-03-31,-1
2016-04-27,90220,2017-03-31,,679000000000,0.001,,,,,315000000000,0.007,287000000000,0.019,203000000000,,0.051,1030.45,,,,,,,,,,,,,,,,,,,,,,false,true,6,2016-04-01,2016-09-30,1
2016-04-27,90220,2017-03-31,,1358000000000,0.000,,,,,553000000000,-0.008,496000000000,0.011,349000000000,,0.062,1771.57,,,,,,,,,,,,,,,130.00,,,,,,,false,true,12,2016-04-01,2017-03-31,1
2016-07-29,90220,2017-03-31,1,423197000000,0.021,,,,,166200000000,0.054,152584000000,0.071,,106414000000,,540.73,,,,,,5242383000000,2440859000000,0.459,,2405437000000,,,,,,,,,,,,true,false,3,2016-04-01,2016-06-30,0
2016-07-29,90220,2016-03-31,1,414455000000,0.042,,,,,157620000000,0.151,142444000000,0.177,,97305000000,,494.44,,,,,,,,,,,,,,,,,,,,,,true,false,3,2015-04-01,2015-06-30,-1
2016-07-29,90220,2017-03-31,1,863000000000,0.003,,,,,326000000000,0.006,298000000000,0.017,,209000000000,,1062.00,,,,,,,,,,,,,,,,,,,,,,true,true,6,2016-04-01,2016-09-30,0
2016-07-29,90220,2017-03-31,1,1736000000000,-0.001,,,,,577000000000,-0.003,520000000000,0.017,,363000000000,,1844.52,,,,,,,,,,,,,,,,,,,,,,true,true,12,2016-04-01,2017-03-31,0
2016-07-29,90220,2016-03-31,1,,,,,,,,,,,,,,,,,,,,5268544000000,2352566000000,0.440,,2316397000000,,,,,,,,,,,,true,false,12,2015-04-01,2016-03-31,-1
2016-07-29,90220,2016-03-31,1,,,,,,,,,,,,,,,,,,,,,,,,,,,,,125.00,,,,206000000,9200776,,false,false,12,2015-04-01,2016-03-31,-1
2016-07-29,90220,2017-03-31,1,,,,,,,,,,,,,,,,,,,,,,,,,,,,,130.00,,,,,,,false,true,12,2016-04-01,2017-03-31,0
2016-07-29,90220,2017-03-31,1,,,,,,,,,,,,,,,,,,,,,,,,,,,,,,,,,206000000,9200776,196799224,false,false,3,2016-04-01,2016-06-30,0
2016-07-29,90220,2016-03-31,1,,,,,,,,,,,,,,,,,,,,,,,,,,,,,,,,,,,196799257,false,false,3,2015-04-01,2015-06-30,-1
2016-10-27,90220,2017-03-31,2,866744000000,0.008,,,,,334700000000,0.033,306681000000,0.047,,214982000000,,1092.39,,,,,,5354092000000,2552922000000,0.471,,2519148000000,,,,,,,,,,,,true,false,6,2016-04-01,2016-09-30,0
2016-10-27,90220,2016-03-31,2,860271000000,0.053,,,,,324005000000,0.162,292901000000,0.195,,195708000000,,994.46,,,,,,,,,,,,,,,,,,,,,,true,false,6,2015-04-01,2015-09-30,-1
2016-10-27,90220,2017-03-31,2,1736000000000,-0.001,,,,,577000000000,-0.003,520000000000,0.017,,363000000000,,1844.52,,,,,,,,,,,,,,,,,,,,,,true,true,12,2016-04-01,2017-03-31,0
2016-10-27,90220,2016-03-31,2,,,,,,,,,,,,,,,,,,,,5268544000000,2352566000000,0.440,,2316397000000,,,,,,,,,,,,true,false,12,2015-04-01,2016-03-31,-1
2016-10-27,90220,2016-03-31,2,,,,,,,,,,,,,,,,,,,,,,,,,,,,,125.00,,,,206000000,9200776,,false,false,12,2015-04-01,2016-03-31,-1
2016-10-27,90220,2017-03-31,2,,,,,,,,,,,,,,,,,,,,,,,,,,,,,65.00,,,,,,,false,false,12,2016-04-01,2017-03-31,0
2016-10-27,90220,2017-03-31,2,,,,,,,,,,,,,,,,,,,,,,,,,,,,,130.00,,,,,,,false,true,12,2016-04-01,2017-03-31,0
2016-10-27,90220,2017-03-31,2,,,,,,,,,,,,,,,,,,,,,,,,,,,,,,,,,206000000,9200776,196799224,false,false,6,2016-04-01,2016-09-30,0
2016-10-27,90220,2016-03-31,2,,,,,,,,,,,,,,,,,,,,,,,,,,,,,,,,,,,196799248,false,false,6,2015-04-01,2015-09-30,-1
2017-01-30,90220,2017-03-31,3,1318846000000,0.005,,,,,514816000000,0.049,473069000000,0.064,,331120000000,,1682.53,,,,,,5951943000000,2667888000000,0.442,,2633409000000,,,,,,,,,,,,true,false,9,2016-04-01,2016-12-31,0
2017-01-30,90220,2016-03-31,3,1312197000000,0.047,,,,,490783000000,0.138,444535000000,0.166,,300365000000,,1526.26,,,,,,,,,,,,,,,,,,,,,,true,false,9,2015-04-01,2015-12-31,-1
2017-01-30,90220,2017-03-31,3,1736000000000,-0.001,,,,,577000000000,-0.003,520000000000,0.017,,363000000000,,1844.52,,,,,,,,,,,,,,,,,,,,,,true,true,12,2016-04-01,2017-03-31,0
2017-01-30,90220,2016-03-31,3,,,,,,,,,,,,,,,,,,,,5268544000000,2352566000000,0.440,,2316397000000,,,,,,,,,,,,true,false,12,2015-04-01,2016-03-31,-1
2017-01-30,90220,2016-03-31,3,,,,,,,,,,,,,,,,,,,,,,,,,,,,,125.00,,,,206000000,9200776,,false,false,12,2015-04-01,2016-03-31,-1
2017-01-30,90220,2017-03-31,3,,,,,,,,,,,,,,,,,,,,,,,,,,,,,65.00,,,,,,,false,false,12,2016-04-01,2017-03-31,0
2017-01-30,90220,2017-03-31,3,,,,,,,,,,,,,,,,,,,,,,,,,,,,,130.00,,,,,,,false,true,12,2016-04-01,2017-03-31,0
2017-01-30,90220,2017-03-31,3,,,,,,,,,,,,,,,,,,,,,,,,,,,,,,,,,206000000,9200886,196799204,false,false,9,2016-04-01,2016-12-31,0
2017-01-30,90220,2016-03-31,3,,,,,,,,,,,,,,,,,,,,,,,,,,,,,,,,,,,196799240,false,false,9,2015-04-01,2015-12-31,-1
2017-04-27,90220,2017-03-31,,1756980000000,0.011,,,,,619564000000,0.071,563973000000,0.103,,392913000000,,1996.52,,0.157,0.092,0.353,,7052675000000,2726729000000,0.382,13681.22,2692451000000,580565000000,-1909547000000,1425188000000,414559000000,,0.068,,,,,,true,false,12,2016-04-01,2017-03-31,0
2017-04-27,90220,2016-03-31,,1738409000000,0.040,,,,,578677000000,0.142,511455000000,0.195,,337440000000,,1714.64,,0.156,0.098,0.333,,5268544000000,2352566000000,0.440,11770.36,2316397000000,601495000000,-170305000000,-242847000000,318352000000,,0.073,,,,,,true,false,12,2015-04-01,2016-03-31,-1
2017-04-27,90220,2018-03-31,,870000000000,0.004,,,,,329000000000,-0.017,289000000000,-0.058,,203000000000,,1031.51,,,,,,,,,,,,,,,,,,,,,,true,true,6,2017-04-01,2017-09-30,1
2017-04-27,90220,2018-03-31,,1760000000000,0.002,,,,,583000000000,-0.059,499000000000,-0.115,,348000000000,,1768.30,,,,,,,,,,,,,,,,0.079,,,,,,true,true,12,2017-04-01,2018-03-31,1
2017-04-27,90220,2017-03-31,,1380770000000,0.017,,,,,595821000000,0.068,541289000000,0.103,381898000000,,0.162,1938.56,,,,,,6814357000000,2582839000000,0.379,13110.81,2582839000000,,,,,135.00,,,,206000000,9200886,196799182,false,false,12,2016-04-01,2017-03-31,0
2017-04-27,90220,2016-03-31,,1357991000000,0.039,,,,,557689000000,0.173,490548000000,0.233,328658000000,,0.263,1668.31,,,,,,5059426000000,2219910000000,0.439,11268.53,2219910000000,,,,,125.00,,,,206000000,9200776,196799236,false,false,12,2015-04-01,2016-03-31,-1
2017-04-27,90220,2018-03-31,,688000000000,0.003,,,,,323000000000,-0.010,283000000000,-0.050,198000000000,,-0.061,1005.07,,,,,,,,,,,,,,,,,,,,,,false,true,6,2017-04-01,2017-09-30,1
2017-04-27,90220,2018-03-31,,1383000000000,0.002,,,,,561000000000,-0.058,478000000000,-0.117,335000000000,,-0.123,1700.50,,,,,,,,,,,,,,,140.00,,,,,,,false,true,12,2017-04-01,2018-03-31,1
2017-07-28,90220,2018-03-31,1,437224000000,0.033,,,,,182129000000,0.096,164151000000,0.076,,118187000000,,600.55,,,,,,7807338000000,2840543000000,0.359,,2802520000000,,,,,,,,,,,,true,false,3,2017-04-01,2017-06-30,0
2017-07-28,90220,2017-03-31,1,423197000000,0.021,,,,,166200000000,0.054,152584000000,0.071,,106414000000,,540.73,,,,,,,,,,,,,,,,,,,,,,true,false,3,2016-04-01,2016-06-30,-1
2017-07-28,90220,2018-03-31,1,870000000000,0.004,,,,,329000000000,-0.017,289000000000,-0.058,,203000000000,,1031.51,,,,,,,,,,,,,,,,,,,,,,true,true,6,2017-04-01,2017-09-30,0
2017-07-28,90220,2018-03-31,1,1760000000000,0.002,,,,,583000000000,-0.059,499000000000,-0.115,,348000000000,,1768.30,,,,,,,,,,,,,,,,,,,,,,true,true,12,2017-04-01,2018-03-31,0
2017-07-28,90220,2017-03-31,1,,,,,,,,,,,,,,,,,,,,7052675000000,2726729000000,0.382,,2692451000000,,,,,,,,,,,,true,false,12,2016-04-01,2017-03-31,-1
2017-07-28,90220,2017-03-31,1,,,,,,,,,,,,,,,,,,,,,,,,,,,,,135.00,,,,206000000,9200886,,false,false,12,2016-04-01,2017-03-31,-1
2017-07-28,90220,2018-03-31,1,,,,,,,,,,,,,,,,,,,,,,,,,,,,,140.00,,,,,,,false,true,12,2017-04-01,2018-03-31,0
2017-07-28,90220,2018-03-31,1,,,,,,,,,,,,,,,,,,,,,,,,,,,,,,,,,206000000,9200886,196799114,false,false,3,2017-04-01,2017-06-30,0
2017-07-28,90220,2017-03-31,1,,,,,,,,,,,,,,,,,,,,,,,,,,,,,,,,,,,196799224,false,false,3,2016-04-01,2016-06-30,-1
2017-10-27,90220,2018-03-31,2,899544000000,0.038,,,,,368926000000,0.102,330335000000,0.077,,233212000000,,1185.58,,,,,,8731422000000,2941254000000,0.332,,2902344000000,,,,,,,,,,,,true,false,6,2017-04-01,2017-09-30,0
2017-10-27,90220,2017-03-31,2,866744000000,0.008,,,,,334700000000,0.033,306681000000,0.047,,214982000000,,1092.39,,,,,,,,,,,,,,,,,,,,,,true,false,6,2016-04-01,2016-09-30,-1
2017-10-27,90220,2018-03-31,2,1791000000000,0.019,,,,,618000000000,-0.003,537000000000,-0.048,,374000000000,,1905.89,,,,,,,,,,,,,,,,,,,,,,true,true,12,2017-04-01,2018-03-31,0
2017-10-27,90220,2017-03-31,2,,,,,,,,,,,,,,,,,,,,7052675000000,2726729000000,0.382,,2692451000000,,,,,,,,,,,,true,false,12,2016-04-01,2017-03-31,-1
2017-10-27,90220,2017-03-31,2,,,,,,,,,,,,,,,,,,,,,,,,,,,,,135.00,,,,206000000,9200886,,false,false,12,2016-04-01,2017-03-31,-1
2017-10-27,90220,2018-03-31,2,,,,,,,,,,,,,,,,,,,,,,,,,,,,,70.00,,,,,,,false,false,12,2017-04-01,2018-03-31,0
2017-10-27,90220,2018-03-31,2,,,,,,,,,,,,,,,,,,,,,,,,,,,,,140.00,,,,,,,false,true,12,2017-04-01,2018-03-31,0
2017-10-27,90220,2018-03-31,2,,,,,,,,,,,,,,,,,,,,,,,,,,,,,,,,,206000000,10307899,196706936,false,false,6,2017-04-01,2017-09-30,0
2017-10-27,90220,2017-03-31,2,,,,,,,,,,,,,,,,,,,,,,,,,,,,,,,,,,,196799224,false,false,6,2016-04-01,2016-09-30,-1
2017-10-27,90220,2018-03-31,2,899544000000,0.038,,,,,371889000000,0.111,333298000000,0.087,,220854000000,,1122.76,,,,,,8731943000000,2916977000000,0.331,,2889986000000,,,,,,,,,,,,true,false,6,2017-04-01,2017-09-30,0
2017-10-27,90220,2017-03-31,2,866744000000,0.008,,,,,334700000000,0.033,306681000000,0.047,,214982000000,,1092.39,,,,,,,,,,,,,,,,,,,,,,true,false,6,2016-04-01,2016-09-30,-1
2017-10-27,90220,2018-03-31,2,1791000000000,0.019,,,,,618000000000,-0.003,537000000000,-0.048,,374000000000,,1905.89,,,,,,,,,,,,,,,,,,,,,,true,true,12,2017-04-01,2018-03-31,0
2017-10-27,90220,2017-03-31,2,,,,,,,,,,,,,,,,,,,,7052675000000,2726729000000,0.382,,2692451000000,,,,,,,,,,,,true,false,12,2016-04-01,2017-03-31,-1
2017-10-27,90220,2017-03-31,2,,,,,,,,,,,,,,,,,,,,,,,,,,,,,135.00,,,,206000000,9200886,,false,false,12,2016-04-01,2017-03-31,-1
2017-10-27,90220,2018-03-31,2,,,,,,,,,,,,,,,,,,,,,,,,,,,,,70.00,,,,,,,false,false,12,2017-04-01,2018-03-31,0
2017-10-27,90220,2018-03-31,2,,,,,,,,,,,,,,,,,,,,,,,,,,,,,140.00,,,,,,,false,true,12,2017-04-01,2018-03-31,0
2017-10-27,90220,2018-03-31,2,,,,,,,,,,,,,,,,,,,,,,,,,,,,,,,,,206000000,10307899,196706936,false,false,6,2017-04-01,2017-09-30,0
2017-10-27,90220,2017-03-31,2,,,,,,,,,,,,,,,,,,,,,,,,,,,,,,,,,,,196799224,false,false,6,2016-04-01,2016-09-30,-1
2018-01-30,90220,2018-03-31,3,1374385000000,0.042,,,,,561884000000,0.091,503924000000,0.065,,339767000000,,1730.19,,,,,,8804569000000,3033885000000,0.341,,3004634000000,,,,,,,,,,,,true,false,9,2017-04-01,2017-12-31,0
2018-01-30,90220,2017-03-31,3,1318846000000,0.005,,,,,514816000000,0.049,473069000000,0.064,,331120000000,,1682.53,,,,,,,,,,,,,,,,,,,,,,true,false,9,2016-04-01,2016-12-31,-1
2018-01-30,90220,2018-03-31,3,1791000000000,0.019,,,,,618000000000,-0.003,537000000000,-0.048,,374000000000,,1905.89,,,,,,,,,,,,,,,,,,,,,,true,true,12,2017-04-01,2018-03-31,0
2018-01-30,90220,2017-03-31,3,,,,,,,,,,,,,,,,,,,,7052675000000,2726729000000,0.382,,2692451000000,,,,,,,,,,,,true,false,12,2016-04-01,2017-03-31,-1
2018-01-30,90220,2017-03-31,3,,,,,,,,,,,,,,,,,,,,,,,,,,,,,135.00,,,,206000000,9200886,,false,false,12,2016-04-01,2017-03-31,-1
2018-01-30,90220,2018-03-31,3,,,,,,,,,,,,,,,,,,,,,,,,,,,,,70.00,,,,,,,false,false,12,2017-04-01,2018-03-31,0
2018-01-30,90220,2018-03-31,3,,,,,,,,,,,,,,,,,,,,,,,,,,,,,140.00,,,,,,,false,true,12,2017-04-01,2018-03-31,0
2018-01-30,90220,2018-03-31,3,,,,,,,,,,,,,,,,,,,,,,,,,,,,,,,,,206000000,10216749,196375343,false,false,9,2017-04-01,2017-12-31,0
2018-01-30,90220,2017-03-31,3,,,,,,,,,,,,,,,,,,,,,,,,,,,,,,,,,,,196799204,false,false,9,2016-04-01,2016-12-31,-1
2018-04-26,90220,2018-03-31,,1822039000000,0.037,,,,,662023000000,0.069,583569000000,0.035,,395502000000,,2015.48,,0.138,0.073,0.363,,8908682000000,3084739000000,0.343,15602.66,3055410000000,609595000000,-1676489000000,1434788000000,782454000000,,0.069,,,,,,true,false,12,2017-04-01,2018-03-31,0
2018-04-26,90220,2017-03-31,,1756980000000,0.011,,,,,619564000000,0.071,563973000000,0.103,,392913000000,,1996.52,,0.157,0.092,0.353,,7052675000000,2726729000000,0.382,13681.22,2692451000000,580565000000,-1909547000000,1425188000000,414559000000,,0.068,,,,,,true,false,12,2016-04-01,2017-03-31,-1
2018-04-26,90220,2019-03-31,,908000000000,0.009,,,,,374000000000,0.006,334000000000,0.002,,230000000000,,1174.51,,,,,,,,,,,,,,,,,,,,,,true,true,6,2018-04-01,2018-09-30,1
2018-04-26,90220,2019-03-31,,1844000000000,0.012,,,,,663000000000,0.001,584000000000,0.001,,404000000000,,2063.05,,,,,,,,,,,,,,,,0.068,,,,,,true,true,12,2018-04-01,2019-03-31,1
2018-04-26,90220,2018-03-31,,1427444000000,0.034,,,,,625293000000,0.049,547645000000,0.012,384410000000,,0.007,1956.94,,,,,,8726438000000,2929880000000,0.336,14946.24,2929880000000,,,,,140.00,,,,206000000,10173749,196233039,false,false,12,2017-04-01,2018-03-31,0
2018-04-26,90220,2017-03-31,,1380770000000,0.017,,,,,595821000000,0.068,541289000000,0.103,381898000000,,0.162,1938.56,,,,,,6814357000000,2582839000000,0.379,13110.81,2582839000000,,,,,135.00,,,,206000000,9200886,196799182,false,false,12,2016-04-01,2017-03-31,-1
2018-04-26,90220,2019-03-31,,719000000000,0.010,,,,,359000000000,0.010,319000000000,0.004,223000000000,,0.003,1137.59,,,,,,,,,,,,,,,,,,,,,,false,true,6,2018-04-01,2018-09-30,1
2018-04-26,90220,2019-03-31,,1438000000000,0.007,,,,,631000000000,0.009,552000000000,0.008,386000000000,,0.004,1969.11,,,,,,,,,,,,,,,140.00,,,,,,,false,true,12,2018-04-01,2019-03-31,1
2018-07-27,90220,2019-03-31,1,448225000000,0.025,,,,,195260000000,0.072,176293000000,0.074,,122663000000,,626.34,,,,,,8869455000000,3194345000000,0.357,,3163600000000,,,,,,,,,,,,true,false,3,2018-04-01,2018-06-30,0
2018-07-27,90220,2018-03-31,1,437224000000,0.033,,,,,182129000000,0.096,164151000000,0.076,,118187000000,,600.55,,,,,,,,,,,,,,,,,,,,,,true,false,3,2017-04-01,2017-06-30,-1
2018-07-27,90220,2019-03-31,1,908000000000,0.009,,,,,374000000000,0.006,334000000000,0.002,,230000000000,,1174.51,,,,,,,,,,,,,,,,,,,,,,true,true,6,2018-04-01,2018-09-30,0
2018-07-27,90220,2019-03-31,1,1844000000000,0.012,,,,,663000000000,0.001,584000000000,0.001,,404000000000,,2063.05,,,,,,,,,,,,,,,,,,,,,,true,true,12,2018-04-01,2019-03-31,0
2018-07-27,90220,2018-03-31,1,,,,,,,,,,,,,,,,,,,,8908682000000,3084739000000,0.343,,3055410000000,,,,,,,,,,,,true,false,12,2017-04-01,2018-03-31,-1
2018-07-27,90220,2018-03-31,1,,,,,,,,,,,,,,,,,,,,,,,,,,,,,140.00,,,,206000000,10173749,,false,false,12,2017-04-01,2018-03-31,-1
2018-07-27,90220,2019-03-31,1,,,,,,,,,,,,,,,,,,,,,,,,,,,,,140.00,,,,,,,false,true,12,2018-04-01,2019-03-31,0
2018-07-27,90220,2019-03-31,1,,,,,,,,,,,,,,,,,,,,,,,,,,,,,,,,,206000000,10133949,195840884,false,false,3,2018-04-01,2018-06-30,0
2018-07-27,90220,2018-03-31,1,,,,,,,,,,,,,,,,,,,,,,,,,,,,,,,,,,,196799114,false,false,3,2017-04-01,2017-06-30,-1
2018-10-29,90220,2019-03-31,2,918127000000,0.021,,,,,390998000000,0.051,351840000000,0.056,,244727000000,,1249.37,,,,,,9066490000000,3322355000000,0.363,,3289952000000,,,,,,,,,,,,true,false,6,2018-04-01,2018-09-30,0
2018-10-29,90220,2018-03-31,2,899544000000,0.038,,,,,371889000000,0.111,333298000000,0.087,,220854000000,,1122.76,,,,,,,,,,,,,,,,,,,,,,true,false,6,2017-04-01,2017-09-30,-1
2018-10-29,90220,2019-03-31,2,1855000000000,0.018,,,,,673000000000,0.017,594000000000,0.018,,411000000000,,2097.84,,,,,,,,,,,,,,,,,,,,,,true,true,12,2018-04-01,2019-03-31,0
2018-10-29,90220,2018-03-31,2,,,,,,,,,,,,,,,,,,,,8908682000000,3084739000000,0.343,,3055410000000,,,,,,,,,,,,true,false,12,2017-04-01,2018-03-31,-1
2018-10-29,90220,2018-03-31,2,,,,,,,,,,,,,,,,,,,,,,,,,,,,,140.00,,,,206000000,10173749,,false,false,12,2017-04-01,2018-03-31,-1
2018-10-29,90220,2019-03-31,2,,,,,,,,,,,,,,,,,,,,,,,,,,,,,70.00,,,,,,,false,false,12,2018-04-01,2019-03-31,0
2018-10-29,90220,2019-03-31,2,,,,,,,,,,,,,,,,,,,,,,,,,,,,,140.00,,,,,,,false,true,12,2018-04-01,2019-03-31,0
2018-10-29,90220,2019-03-31,2,,,,,,,,,,,,,,,,,,,,,,,,,,,,,,,,,206000000,10049249,195881391,false,false,6,2018-04-01,2018-09-30,0
2018-10-29,90220,2018-03-31,2,,,,,,,,,,,,,,,,,,,,,,,,,,,,,,,,,,,196706936,false,false,6,2017-04-01,2017-09-30,-1
2019-01-30,90220,2019-03-31,3,1407716000000,0.024,,,,,597647000000,0.064,539872000000,0.071,,375685000000,,1917.62,,,,,,9141375000000,3429432000000,0.372,,3396341000000,,,,,,,,,,,,true,false,9,2018-04-01,2018-12-31,0
2019-01-30,90220,2018-03-31,3,1374385000000,0.042,,,,,561884000000,0.091,503924000000,0.065,,339767000000,,1730.19,,,,,,,,,,,,,,,,,,,,,,true,false,9,2017-04-01,2017-12-31,-1
2019-01-30,90220,2019-03-31,3,1855000000000,0.018,,,,,673000000000,0.017,594000000000,0.018,,411000000000,,2097.84,,,,,,,,,,,,,,,,,,,,,,true,true,12,2018-04-01,2019-03-31,0
2019-01-30,90220,2018-03-31,3,,,,,,,,,,,,,,,,,,,,8908682000000,3084739000000,0.343,,3055410000000,,,,,,,,,,,,true,false,12,2017-04-01,2018-03-31,-1
2019-01-30,90220,2018-03-31,3,,,,,,,,,,,,,,,,,,,,,,,,,,,,,140.00,,,,206000000,10173749,,false,false,12,2017-04-01,2018-03-31,-1
2019-01-30,90220,2019-03-31,3,,,,,,,,,,,,,,,,,,,,,,,,,,,,,70.00,,,,,,,false,false,12,2018-04-01,2019-03-31,0
2019-01-30,90220,2019-03-31,3,,,,,,,,,,,,,,,,,,,,,,,,,,,,,140.00,,,,,,,false,true,12,2018-04-01,2019-03-31,0
2019-01-30,90220,2019-03-31,3,,,,,,,,,,,,,,,,,,,,,,,,,,,,,,,,,206000000,9960859,195912625,false,false,9,2018-04-01,2018-12-31,0
2019-01-30,90220,2018-03-31,3,,,,,,,,,,,,,,,,,,,,,,,,,,,,,,,,,,,196375343,false,false,9,2017-04-01,2017-12-31,-1
2019-04-25,90220,2019-03-31,,1878137000000,0.031,,,,,709775000000,0.072,632653000000,0.084,,438715000000,,2238.95,,0.134,0.070,0.378,,9295745000000,3508065000000,0.373,17703.74,3471294000000,600319000000,-597502000000,-33635000000,751636000000,,0.065,,,,,,true,false,12,2018-04-01,2019-03-31,0
2019-04-25,90220,2018-03-31,,1822039000000,0.037,,,,,662023000000,0.069,583569000000,0.035,,395502000000,,2015.48,,0.138,0.073,0.363,,8908682000000,3084739000000,0.343,15602.66,3055410000000,609595000000,-1676489000000,1434788000000,782454000000,,0.069,,,,,,true,false,12,2017-04-01,2018-03-31,-1
2019-04-25,90220,2020-03-31,,933000000000,0.016,,,,,385000000000,-0.015,346000000000,-0.017,,241000000000,,1229.11,,,,,,,,,,,,,,,,,,,,,,true,true,6,2019-04-01,2019-09-30,1
2019-04-25,90220,2020-03-31,,1891000000000,0.007,,,,,676000000000,-0.048,599000000000,-0.053,,416000000000,,2121.62,,,,,,,,,,,,,,,,0.071,,,,,,true,true,12,2019-04-01,2020-03-31,1
2019-04-25,90220,2019-03-31,,1464886000000,0.026,,,,,667745000000,0.068,590105000000,0.078,414045000000,,0.077,2110.87,,,,,,9092120000000,3315499000000,0.365,16891.81,3315499000000,,,,,145.00,,,,206000000,9923059,195947224,false,false,12,2018-04-01,2019-03-31,0
2019-04-25,90220,2018-03-31,,1427444000000,0.034,,,,,625293000000,0.049,547645000000,0.012,384410000000,,0.007,1956.94,,,,,,8726438000000,2929880000000,0.336,14946.24,2929880000000,,,,,140.00,,,,206000000,10173749,196233039,false,false,12,2017-04-01,2018-03-31,-1
2019-04-25,90220,2020-03-31,,734000000000,0.010,,,,,372000000000,-0.004,333000000000,-0.003,234000000000,,-0.003,1192.18,,,,,,,,,,,,,,,,,,,,,,false,true,6,2019-04-01,2019-09-30,1
2019-04-25,90220,2020-03-31,,1476000000000,0.008,,,,,645000000000,-0.034,568000000000,-0.037,399000000000,,-0.036,2032.83,,,,,,,,,,,,,,,150.00,,,,,,,false,true,12,2019-04-01,2020-03-31,1
2019-07-30,90220,2020-03-31,1,471358000000,0.052,,,,,206254000000,0.056,188694000000,0.070,,131326000000,,669.73,,,,,,9251781000000,3622750000000,0.388,,3585158000000,,,,,,,,,,,,true,false,3,2019-04-01,2019-06-30,0
2019-07-30,90220,2019-03-31,1,448225000000,0.025,,,,,195260000000,0.072,176293000000,0.074,,122663000000,,626.34,,,,,,,,,,,,,,,,,,,,,,true,false,3,2018-04-01,2018-06-30,-1
2019-07-30,90220,2020-03-31,1,933000000000,0.016,,,,,385000000000,-0.015,346000000000,-0.017,,241000000000,,1229.11,,,,,,,,,,,,,,,,,,,,,,true,true,6,2019-04-01,2019-09-30,0
2019-07-30,90220,2020-03-31,1,1891000000000,0.007,,,,,676000000000,-0.048,599000000000,-0.053,,416000000000,,2121.62,,,,,,,,,,,,,,,,,,,,,,true,true,12,2019-04-01,2020-03-31,0
2019-07-30,90220,2019-03-31,1,,,,,,,,,,,,,,,,,,,,9295745000000,3508065000000,0.373,,3471294000000,,,,,,,,,,,,true,false,12,2018-04-01,2019-03-31,-1
2019-07-30,90220,2019-03-31,1,,,,,,,,,,,,,,,,,,,,,,,,,,,,,145.00,,,,206000000,9923059,,false,false,12,2018-04-01,2019-03-31,-1
2019-07-30,90220,2020-03-31,1,,,,,,,,,,,,,,,,,,,,,,,,,,,,,150.00,,,,,,,false,true,12,2019-04-01,2020-03-31,0
2019-07-30,90220,2020-03-31,1,,,,,,,,,,,,,,,,,,,,,,,,,,,,,,,,,206000000,9882269,196090057,false,false,3,2019-04-01,2019-06-30,0
2019-07-30,90220,2019-03-31,1,,,,,,,,,,,,,,,,,,,,,,,,,,,,,,,,,,,195840884,false,false,3,2018-04-01,2018-06-30,-1
2019-10-28,90220,2020-03-31,2,955611000000,0.041,,,,,406873000000,0.041,369215000000,0.049,,257533000000,,1313.04,,,,,,9388495000000,3757904000000,0.396,,3718405000000,,,,,,,,,,,,true,false,6,2019-04-01,2019-09-30,0
2019-10-28,90220,2019-03-31,2,918127000000,0.021,,,,,390998000000,0.051,351840000000,0.056,,244727000000,,1249.37,,,,,,,,,,,,,,,,,,,,,,true,false,6,2018-04-01,2018-09-30,-1
2019-10-28,90220,2020-03-31,2,1902000000000,0.013,,,,,690000000000,-0.028,614000000000,-0.029,,426000000000,,2171.55,,,,,,,,,,,,,,,,,,,,,,true,true,12,2019-04-01,2020-03-31,0
2019-10-28,90220,2019-03-31,2,,,,,,,,,,,,,,,,,,,,9295745000000,3508065000000,0.373,,3471294000000,,,,,,,,,,,,true,false,12,2018-04-01,2019-03-31,-1
2019-10-28,90220,2019-03-31,2,,,,,,,,,,,,,,,,,,,,,,,,,,,,,145.00,,,,206000000,9923059,,false,false,12,2018-04-01,2019-03-31,-1
2019-10-28,90220,2020-03-31,2,,,,,,,,,,,,,,,,,,,,,,,,,,,,,75.00,,,,,,,false,false,12,2019-04-01,2020-03-31,0
2019-10-28,90220,2020-03-31,2,,,,,,,,,,,,,,,,,,,,,,,,,,,,,150.00,,,,,,,false,true,12,2019-04-01,2020-03-31,0
2019-10-28,90220,2020-03-31,2,,,,,,,,,,,,,,,,,,,,,,,,,,,,,,,,,206000000,9788369,196135669,false,false,6,2019-04-01,2019-09-30,0
2019-10-28,90220,2019-03-31,2,,,,,,,,,,,,,,,,,,,,,,,,,,,,,,,,,,,195881391,false,false,6,2018-04-01,2018-09-30,-1
2020-01-30,90220,2020-03-31,3,1448006000000,0.029,,,,,611936000000,0.024,555658000000,0.029,,388121000000,,1978.50,,,,,,9571239000000,3878547000000,0.401,,3837144000000,,,,,,,,,,,,true,false,9,2019-04-01,2019-12-31,0
2020-01-30,90220,2019-03-31,3,1407716000000,0.024,,,,,597647000000,0.064,539872000000,0.071,,375685000000,,1917.62,,,,,,,,,,,,,,,,,,,,,,true,false,9,2018-04-01,2018-12-31,-1
2020-01-30,90220,2020-03-31,3,1902000000000,0.013,,,,,690000000000,-0.028,614000000000,-0.029,,426000000000,,2171.55,,,,,,,,,,,,,,,,,,,,,,true,true,12,2019-04-01,2020-03-31,0
2020-01-30,90220,2019-03-31,3,,,,,,,,,,,,,,,,,,,,9295745000000,3508065000000,0.373,,3471294000000,,,,,,,,,,,,true,false,12,2018-04-01,2019-03-31,-1
2020-01-30,90220,2019-03-31,3,,,,,,,,,,,,,,,,,,,,,,,,,,,,,145.00,,,,206000000,9923059,,false,false,12,2018-04-01,2019-03-31,-1
2020-01-30,90220,2020-03-31,3,,,,,,,,,,,,,,,,,,,,,,,,,,,,,75.00,,,,,,,false,false,12,2019-04-01,2020-03-31,0
2020-01-30,90220,2020-03-31,3,,,,,,,,,,,,,,,,,,,,,,,,,,,,,150.00,,,,,,,false,true,12,2019-04-01,2020-03-31,0
2020-01-30,90220,2020-03-31,3,,,,,,,,,,,,,,,,,,,,,,,,,,,,,,,,,206000000,9694169,196169812,false,false,9,2019-04-01,2019-12-31,0
2020-01-30,90220,2019-03-31,3,,,,,,,,,,,,,,,,,,,,,,,,,,,,,,,,,,,195912625,false,false,9,2018-04-01,2018-12-31,-1
2020-04-27,90220,2020-03-31,,1844647000000,-0.018,,,,,656163000000,-0.076,574282000000,-0.092,,397881000000,,2027.86,,0.109,0.061,0.356,,9603126000000,3872103000000,0.399,19514.81,3831833000000,595227000000,-552494000000,-32993000000,761376000000,,0.074,,,,,,true,false,12,2019-04-01,2020-03-31,0
2020-04-27,90220,2019-03-31,,1878137000000,0.031,,,,,709775000000,0.072,632653000000,0.084,,438715000000,,2238.95,,0.134,0.070,0.378,,9295745000000,3508065000000,0.373,17703.74,3471294000000,600319000000,-597502000000,-33635000000,751636000000,,0.065,,,,,,true,false,12,2018-04-01,2019-03-31,-1
2020-04-27,90220,2020-03-31,,1436996000000,-0.019,,,,,623050000000,-0.067,540002000000,-0.085,378842000000,,-0.085,1928.84,,,,,,9401279000000,3658628000000,0.389,18613.60,3658628000000,,,,,150.00,,,,206000000,9644869,196207902,false,false,12,2019-04-01,2020-03-31,0
2020-04-27,90220,2019-03-31,,1464886000000,0.026,,,,,667745000000,0.068,590105000000,0.078,414045000000,,0.077,2110.87,,,,,,9092120000000,3315499000000,0.365,16891.81,3315499000000,,,,,145.00,,,,206000000,9923059,195947224,false,false,12,2018-04-01,2019-03-31,-1
2020-07-31,90220,2021-03-31,1,128734000000,-0.727,,,,,-83613000000,,-101459000000,,,-72651000000,,-369.96,,,,,,9438872000000,3789476000000,0.397,,3749490000000,,,,,,,,,,,,true,false,3,2020-04-01,2020-06-30,0
2020-07-31,90220,2020-03-31,1,471358000000,0.052,,,,,206254000000,0.056,188694000000,0.070,,131326000000,,669.73,,,,,,,,,,,,,,,,,,,,,,true,false,3,2019-04-01,2019-06-30,-1
2020-07-31,90220,2020-03-31,1,,,,,,,,,,,,,,,,,,,,9603126000000,3872103000000,0.399,,3831833000000,,,,,,,,,,,,true,false,12,2019-04-01,2020-03-31,-1
2020-07-31,90220,2020-03-31,1,,,,,,,,,,,,,,,,,,,,,,,,,,,,,150.00,,,,206000000,9644869,,false,false,12,2019-04-01,2020-03-31,-1
2020-07-31,90220,2021-03-31,1,,,,,,,,,,,,,,,,,,,,,,,,,,,,,,,,,206000000,9587769,196376285,false,false,3,2020-04-01,2020-06-30,0
2020-07-31,90220,2020-03-31,1,,,,,,,,,,,,,,,,,,,,,,,,,,,,,,,,,,,196090057,false,false,3,2019-04-01,2019-06-30,-1
2020-10-28,90220,2021-03-31,2,337888000000,-0.646,,,,,-113573000000,,-150706000000,,,-113566000000,,-578.13,,,,,,9496491000000,3751005000000,0.391,,3710897000000,,,,,,,,,,,,true,false,6,2020-04-01,2020-09-30,0
2020-10-28,90220,2020-03-31,2,955611000000,0.041,,,,,406873000000,0.041,369215000000,0.049,,257533000000,,1313.04,,,,,,,,,,,,,,,,,,,,,,true,false,6,2019-04-01,2019-09-30,-1
2020-10-28,90220,2021-03-31,2,863000000000,-0.532,,,,,-185000000000,,-258000000000,,,-192000000000,,-977.13,,,,,,,,,,,,,,,,,,,,,,true,true,12,2020-04-01,2021-03-31,0
2020-10-28,90220,2020-03-31,2,,,,,,,,,,,,,,,,,,,,9603126000000,3872103000000,0.399,,3831833000000,,,,,,,,,,,,true,false,12,2019-04-01,2020-03-31,-1
2020-10-28,90220,2020-03-31,2,,,,,,,,,,,,,,,,,,,,,,,,,,,,,150.00,,,,206000000,9644869,,false,false,12,2019-04-01,2020-03-31,-1
2020-10-28,90220,2021-03-31,2,,,,,,,,,,,,,,,,,,,,,,,,,,,,,65.00,,,,,,,false,false,12,2020-04-01,2021-03-31,0
2020-10-28,90220,2021-03-31,2,,,,,,,,,,,,,,,,,,,,,,,,,,,,,130.00,,,,,,,false,true,12,2020-04-01,2021-03-31,0
2020-10-28,90220,2021-03-31,2,,,,,,,,,,,,,,,,,,,,,,,,,,,,,,,,,206000000,9450269,196439844,false,false,6,2020-04-01,2020-09-30,0
2020-10-28,90220,2020-03-31,2,,,,,,,,,,,,,,,,,,,,,,,,,,,,,,,,,,,196135669,false,false,6,2019-04-01,2019-09-30,-1
2021-01-29,90220,2021-03-31,3,603083000000,-0.584,,,,,-93592000000,,-147761000000,,,-111492000000,,-567.42,,,,,,9490496000000,3755675000000,0.391,,3714368000000,,,,,,,,,,,,true,false,9,2020-04-01,2020-12-31,0
2021-01-29,90220,2020-03-31,3,1448006000000,0.029,,,,,611936000000,0.024,555658000000,0.029,,388121000000,,1978.50,,,,,,,,,,,,,,,,,,,,,,true,false,9,2019-04-01,2019-12-31,-1
2021-01-29,90220,2021-03-31,3,863000000000,-0.532,,,,,-185000000000,,-258000000000,,,-192000000000,,-977.13,,,,,,,,,,,,,,,,,,,,,,true,true,12,2020-04-01,2021-03-31,0
2021-01-29,90220,2020-03-31,3,,,,,,,,,,,,,,,,,,,,9603126000000,3872103000000,0.399,,3831833000000,,,,,,,,,,,,true,false,12,2019-04-01,2020-03-31,-1
2021-01-29,90220,2020-03-31,3,,,,,,,,,,,,,,,,,,,,,,,,,,,,,150.00,,,,206000000,9644869,,false,false,12,2019-04-01,2020-03-31,-1
2021-01-29,90220,2021-03-31,3,,,,,,,,,,,,,,,,,,,,,,,,,,,,,65.00,,,,,,,false,false,12,2020-04-01,2021-03-31,0
2021-01-29,90220,2021-03-31,3,,,,,,,,,,,,,,,,,,,,,,,,,,,,,130.00,,,,,,,false,true,12,2020-04-01,2021-03-31,0
2021-01-29,90220,2021-03-31,3,,,,,,,,,,,,,,,,,,,,,,,,,,,,,,,,,206000000,9289069,196491350,false,false,9,2020-04-01,2020-12-31,0
2021-01-29,90220,2020-03-31,3,,,,,,,,,,,,,,,,,,,,,,,,,,,,,,,,,,,196169812,false,false,9,2019-04-01,2019-12-31,-1
2021-02-22,90220,2021-03-31,,793000000000,-0.081,,,,,-244000000000,,-317000000000,,,-234000000000,,-1190.56,,,,,,,,,,,,,,,,,,,,,,true,true,12,2020-04-01,2021-03-31,0
2021-02-22,90220,2020-03-31,,1844647000000,,,,,,656163000000,,574282000000,,,397881000000,,2027.86,,,,,,,,,,,,,,,,,,,,,,true,false,12,2019-04-01,2020-03-31,-1
2021-02-22,90220,2021-03-31,,519000000000,-0.108,,,,,-227000000000,,-303000000000,,-226000000000,,,-1148.68,,,,,,,,,,,,,,,,,,,,,,false,true,12,2020-04-01,2021-03-31,0
2021-02-22,90220,2020-03-31,,1436996000000,,,,,,623050000000,,540002000000,,378842000000,,,1928.84,,,,,,,,,,,,,,,,,,,,,,false,false,12,2019-04-01,2020-03-31,-1
2021-04-27,90220,2021-03-31,,823517000000,-0.554,,,,,-184751000000,,-262064000000,,,-201554000000,,-1025.46,,-0.054,-0.027,-0.224,,9600370000000,3686609000000,0.379,18510.87,3642515000000,-169354000000,-134718000000,262638000000,719941000000,,,,,,,,true,false,12,2020-04-01,2021-03-31,0
2021-04-27,90220,2020-03-31,,1844647000000,-0.018,,,,,656163000000,-0.076,574282000000,-0.092,,397881000000,,2027.86,,0.109,0.061,0.356,,9603126000000,3872103000000,0.399,19514.81,3831833000000,595227000000,-552494000000,-32993000000,761376000000,,0.074,,,,,,true,false,12,2019-04-01,2020-03-31,-1
2021-04-27,90220,2022-03-31,,507000000000,0.500,,,,,52000000000,,15000000000,,,7000000000,,35.57,,,,,,,,,,,,,,,,,,,,,,true,true,6,2021-04-01,2021-09-30,1
2021-04-27,90220,2022-03-31,,1234000000000,0.498,,,,,215000000000,,142000000000,,,90000000000,,457.37,,,,,,,,,,,,,,,,0.284,,,,,,true,true,12,2021-04-01,2022-03-31,1
2021-04-27,90220,2021-03-31,,541798000000,-0.623,,,,,-175904000000,,-256691000000,,-202313000000,,,-1028.26,,,,,,9406227000000,3461234000000,0.368,17571.62,3461234000000,,,,,130.00,,,,206000000,9222869,196551674,false,false,12,2020-04-01,2021-03-31,0
2021-04-27,90220,2020-03-31,,1436996000000,-0.019,,,,,623050000000,-0.067,540002000000,-0.085,378842000000,,-0.085,1928.84,,,,,,9401279000000,3658628000000,0.389,18613.60,3658628000000,,,,,150.00,,,,206000000,9644869,196207902,false,false,12,2019-04-01,2020-03-31,-1
2021-04-27,90220,2022-03-31,,401000000000,0.808,,,,,57000000000,,20000000000,,14000000000,,,71.07,,,,,,,,,,,,,,,,,,,,,,false,true,6,2021-04-01,2021-09-30,1
2021-04-27,90220,2022-03-31,,998000000000,0.842,,,,,212000000000,,139000000000,,87000000000,,,441.67,,,,,,,,,,,,,,,130.00,,,,,,,false,true,12,2021-04-01,2022-03-31,1
2021-07-30,90220,2022-03-31,1,180628000000,0.403,,,,,-25306000000,,-40188000000,,,-28442000000,,-144.53,,,,,,9447915000000,3640939000000,0.381,,3596999000000,,,,,,,,,,,,true,false,3,2021-04-01,2021-06-30,0
2021-07-30,90220,2021-03-31,1,128734000000,-0.727,,,,,-83613000000,,-101459000000,,,-72651000000,,-369.96,,,,,,,,,,,,,,,,,,,,,,true,false,3,2020-04-01,2020-06-30,-1
2021-07-30,90220,2022-03-31,1,413000000000,0.222,,,,,-30000000000,,-66000000000,,,-49000000000,,-248.99,,,,,,,,,,,,,,,,,,,,,,true,true,6,2021-04-01,2021-09-30,0
2021-07-30,90220,2022-03-31,1,1115000000000,0.354,,,,,106000000000,,33000000000,,,15000000000,,76.22,,,,,,,,,,,,,,,,,,,,,,true,true,12,2021-04-01,2022-03-31,0
2021-07-30,90220,2021-03-31,1,,,,,,,,,,,,,,,,,,,,9600370000000,3686609000000,0.379,,3642515000000,,,,,,,,,,,,true,false,12,2020-04-01,2021-03-31,-1
2021-07-30,90220,2021-03-31,1,,,,,,,,,,,,,,,,,,,,,,,,,,,,,130.00,,,,206000000,9222869,,false,false,12,2020-04-01,2021-03-31,-1
2021-07-30,90220,2022-03-31,1,,,,,,,,,,,,,,,,,,,,,,,,,,,,,130.00,,,,,,,false,true,12,2021-04-01,2022-03-31,0
2021-07-30,90220,2022-03-31,1,,,,,,,,,,,,,,,,,,,,,,,,,,,,,,,,,206000000,9200819,196792880,false,false,3,2021-04-01,2021-06-30,0
2021-07-30,90220,2021-03-31,1,,,,,,,,,,,,,,,,,,,,,,,,,,,,,,,,,,,196376285,false,false,3,2020-04-01,2020-06-30,-1
2021-10-27,90220,2022-03-31,2,386949000000,0.145,,,,,-34103000000,,-67090000000,,,-44455000000,,-225.89,,,,,,9528889000000,3628731000000,0.376,,3584637000000,,,,,,,,,,,,true,false,6,2021-04-01,2021-09-30,0
2021-10-27,90220,2021-03-31,2,337888000000,-0.646,,,,,-113573000000,,-150706000000,,,-113566000000,,-578.13,,,,,,,,,,,,,,,,,,,,,,true,false,6,2020-04-01,2020-09-30,-1
2021-10-27,90220,2022-03-31,2,1008000000000,0.224,,,,,37000000000,,-33000000000,,,-30000000000,,-152.44,,,,,,,,,,,,,,,,,,,,,,true,true,12,2021-04-01,2022-03-31,0
2021-10-27,90220,2021-03-31,2,,,,,,,,,,,,,,,,,,,,9600370000000,3686609000000,0.379,,3642515000000,,,,,,,,,,,,true,false,12,2020-04-01,2021-03-31,-1
2021-10-27,90220,2021-03-31,2,,,,,,,,,,,,,,,,,,,,,,,,,,,,,130.00,,,,206000000,9222869,,false,false,12,2020-04-01,2021-03-31,-1
2021-10-27,90220,2022-03-31,2,,,,,,,,,,,,,,,,,,,,,,,,,,,,,65.00,,,,,,,false,false,12,2021-04-01,2022-03-31,0
2021-10-27,90220,2022-03-31,2,,,,,,,,,,,,,,,,,,,,,,,,,,,,,130.00,,,,,,,false,true,12,2021-04-01,2022-03-31,0
2021-10-27,90220,2022-03-31,2,,,,,,,,,,,,,,,,,,,,,,,,,,,,,,,,,206000000,9200819,196796048,false,false,6,2021-04-01,2021-09-30,0
2021-10-27,90220,2021-03-31,2,,,,,,,,,,,,,,,,,,,,,,,,,,,,,,,,,,,196439844,false,false,6,2020-04-01,2020-09-30,-1
2022-01-31,90220,2022-03-31,3,686389000000,0.138,,,,,37173000000,,-14710000000,,,-12326000000,,-62.63,,,,,,9386467000000,3640596000000,0.383,,3596317000000,,,,,,,,,,,,true,false,9,2021-04-01,2021-12-31,0
2022-01-31,90220,2021-03-31,3,603083000000,-0.584,,,,,-93592000000,,-147761000000,,,-111492000000,,-567.42,,,,,,,,,,,,,,,,,,,,,,true,false,9,2020-04-01,2020-12-31,-1
2022-01-31,90220,2022-03-31,3,1008000000000,0.224,,,,,37000000000,,-33000000000,,,-30000000000,,-152.44,,,,,,,,,,,,,,,,,,,,,,true,true,12,2021-04-01,2022-03-31,0
2022-01-31,90220,2021-03-31,3,,,,,,,,,,,,,,,,,,,,9600370000000,3686609000000,0.379,,3642515000000,,,,,,,,,,,,true,false,12,2020-04-01,2021-03-31,-1
2022-01-31,90220,2021-03-31,3,,,,,,,,,,,,,,,,,,,,,,,,,,,,,130.00,,,,206000000,9222869,,false,false,12,2020-04-01,2021-03-31,-1
2022-01-31,90220,2022-03-31,3,,,,,,,,,,,,,,,,,,,,,,,,,,,,,65.00,,,,,,,false,false,12,2021-04-01,2022-03-31,0
2022-01-31,90220,2022-03-31,3,,,,,,,,,,,,,,,,,,,,,,,,,,,,,130.00,,,,,,,false,true,12,2021-04-01,2022-03-31,0
2022-01-31,90220,2022-03-31,3,,,,,,,,,,,,,,,,,,,,,,,,,,,,,,,,,206000000,9200851,196797093,false,false,9,2021-04-01,2021-12-31,0
2022-01-31,90220,2021-03-31,3,,,,,,,,,,,,,,,,,,,,,,,,,,,,,,,,,,,196491350,false,false,9,2020-04-01,2020-12-31,-1
2022-04-26,90220,2022-03-31,,935139000000,0.136,,,,,1708000000,,-67299000000,,,-51928000000,,-263.87,,-0.014,-0.007,0.002,,9450519000000,3609252000000,0.377,18110.23,3564078000000,71746000000,-153049000000,-19178000000,619460000000,,,,,,,,true,false,12,2021-04-01,2022-03-31,0
2022-04-26,90220,2021-03-31,,823517000000,-0.554,,,,,-184751000000,,-262064000000,,,-201554000000,,-1025.46,,-0.054,-0.027,-0.224,,9600370000000,3686609000000,0.379,18510.87,3642515000000,-169354000000,-134718000000,262638000000,719941000000,,,,,,,,true,false,12,2020-04-01,2021-03-31,-1
2022-04-26,90220,2023-03-31,,1332000000000,0.424,,,,,290000000000,,217000000000,,,146000000000,,741.87,,,,,,,,,,,,,,,,0.175,,,,,,true,true,12,2022-04-01,2023-03-31,1
2022-04-26,90220,2022-03-31,,726074000000,0.340,,,,,-1261000000,,-74048000000,,-68176000000,,,-346.08,,,,,,9246656000000,3369875000000,0.364,17105.90,3369875000000,,,,,130.00,,,,206000000,9200851,196797600,false,false,12,2021-04-01,2022-03-31,0
2022-04-26,90220,2021-03-31,,541798000000,-0.623,,,,,-175904000000,,-256691000000,,-202313000000,,,-1028.26,,,,,,9406227000000,3461234000000,0.368,17571.62,3461234000000,,,,,130.00,,,,206000000,9222869,196551674,false,false,12,2020-04-01,2021-03-31,-1
2022-04-26,90220,2023-03-31,,1084000000000,0.493,,,,,277000000000,,204000000000,,139000000000,,,705.58,,,,,,,,,,,,,,,130.00,,,,,,,false,true,12,2022-04-01,2023-03-31,1
2022-07-27,90220,2023-03-31,1,309342000000,0.713,,,,,83540000000,,66838000000,,,47001000000,,238.83,,,,,,9403946000000,3640876000000,0.382,,3595264000000,,,,,,,,,,,,true,false,3,2022-04-01,2022-06-30,0
2022-07-27,90220,2022-03-31,1,180628000000,0.403,,,,,-25306000000,,-40188000000,,,-28442000000,,-144.53,,,,,,,,,,,,,,,,,,,,,,true,false,3,2021-04-01,2021-06-30,-1
2022-07-27,90220,2023-03-31,1,1332000000000,0.424,,,,,290000000000,,217000000000,,,146000000000,,741.87,,,,,,,,,,,,,,,,,,,,,,true,true,12,2022-04-01,2023-03-31,0
2022-07-27,90220,2022-03-31,1,,,,,,,,,,,,,,,,,,,,9450519000000,3609252000000,0.377,,3564078000000,,,,,,,,,,,,true,false,12,2021-04-01,2022-03-31,-1
2022-07-27,90220,2022-03-31,1,,,,,,,,,,,,,,,,,,,,,,,,,,,,,130.00,,,,206000000,9200851,,false,false,12,2021-04-01,2022-03-31,-1
2022-07-27,90220,2023-03-31,1,,,,,,,,,,,,,,,,,,,,,,,,,,,,,130.00,,,,,,,false,true,12,2022-04-01,2023-03-31,0
2022-07-27,90220,2023-03-31,1,,,,,,,,,,,,,,,,,,,,,,,,,,,,,,,,,206000000,9200851,196799149,false,false,3,2022-04-01,2022-06-30,0
2022-07-27,90220,2022-03-31,1,,,,,,,,,,,,,,,,,,,,,,,,,,,,,,,,,,,196792880,false,false,3,2021-04-01,2021-06-30,-1
2022-10-31,90220,2023-03-31,2,634139000000,0.639,,,,,171926000000,,136290000000,,,96949000000,,492.63,,,,,,9460921000000,3688904000000,0.385,,3643186000000,,,,,,,,,,,,true,false,6,2022-04-01,2022-09-30,0
2022-10-31,90220,2022-03-31,2,386949000000,0.145,,,,,-34103000000,,-67090000000,,,-44455000000,,-225.89,,,,,,,,,,,,,,,,,,,,,,true,false,6,2021-04-01,2021-09-30,-1
2022-10-31,90220,2023-03-31,2,1332000000000,0.424,,,,,279000000000,,208000000000,,,141000000000,,716.47,,,,,,,,,,,,,,,,,,,,,,true,true,12,2022-04-01,2023-03-31,0
2022-10-31,90220,2022-03-31,2,,,,,,,,,,,,,,,,,,,,9450519000000,3609252000000,0.377,,3564078000000,,,,,,,,,,,,true,false,12,2021-04-01,2022-03-31,-1
2022-10-31,90220,2022-03-31,2,,,,,,,,,,,,,,,,,,,,,,,,,,,,,130.00,,,,206000000,9200851,,false,false,12,2021-04-01,2022-03-31,-1
2022-10-31,90220,2023-03-31,2,,,,,,,,,,,,,,,,,,,,,,,,,,,,,65.00,,,,,,,false,false,12,2022-04-01,2023-03-31,0
2022-10-31,90220,2023-03-31,2,,,,,,,,,,,,,,,,,,,,,,,,,,,,,130.00,,,,,,,false,true,12,2022-04-01,2023-03-31,0
2022-10-31,90220,2023-03-31,2,,,,,,,,,,,,,,,,,,,,,,,,,,,,,,,,,206000000,9200851,196799149,false,false,6,2022-04-01,2022-09-30,0
2022-10-31,90220,2022-03-31,2,,,,,,,,,,,,,,,,,,,,,,,,,,,,,,,,,,,196796048,false,false,6,2021-04-01,2021-09-30,-1
2023-01-30,90220,2023-03-31,3,1019151000000,0.485,,,,,306369000000,7.242,254476000000,,,180660000000,,917.99,,,,,,9418910000000,3763378000000,0.395,,3717478000000,,,,,,,,,,,,true,false,9,2022-04-01,2022-12-31,0
2023-01-30,90220,2022-03-31,3,686389000000,0.138,,,,,37173000000,,-14710000000,,,-12326000000,,-62.63,,,,,,,,,,,,,,,,,,,,,,true,false,9,2021-04-01,2021-12-31,-1
2023-01-30,90220,2023-03-31,3,1332000000000,0.424,,,,,279000000000,,208000000000,,,141000000000,,716.47,,,,,,,,,,,,,,,,,,,,,,true,true,12,2022-04-01,2023-03-31,0
2023-01-30,90220,2022-03-31,3,,,,,,,,,,,,,,,,,,,,9450519000000,3609252000000,0.377,,3564078000000,,,,,,,,,,,,true,false,12,2021-04-01,2022-03-31,-1
2023-01-30,90220,2022-03-31,3,,,,,,,,,,,,,,,,,,,,,,,,,,,,,130.00,,,,206000000,9200851,,false,false,12,2021-04-01,2022-03-31,-1
2023-01-30,90220,2023-03-31,3,,,,,,,,,,,,,,,,,,,,,,,,,,,,,65.00,,,,,,,false,false,12,2022-04-01,2023-03-31,0
2023-01-30,90220,2023-03-31,3,,,,,,,,,,,,,,,,,,,,,,,,,,,,,130.00,,,,,,,false,true,12,2022-04-01,2023-03-31,0
2023-01-30,90220,2023-03-31,3,,,,,,,,,,,,,,,,,,,,,,,,,,,,,,,,,206000000,9200852,196799149,false,false,9,2022-04-01,2022-12-31,0
2023-01-30,90220,2022-03-31,3,,,,,,,,,,,,,,,,,,,,,,,,,,,,,,,,,,,196797093,false,false,9,2021-04-01,2021-12-31,-1
2023-04-26,90220,2023-03-31,,1400285000000,0.497,,,,,374503000000,,307485000000,,,219417000000,,1114.93,,0.060,0.032,0.267,,9514409000000,3807110000000,0.395,19101.99,3759255000000,486706000000,-175036000000,-220604000000,710526000000,,0.121,,,,,,true,false,12,2022-04-01,2023-03-31,0
2023-04-26,90220,2022-03-31,,935139000000,0.136,,,,,1708000000,,-67299000000,,,-51928000000,,-263.87,,-0.014,-0.007,0.002,,9450519000000,3609252000000,0.377,18110.23,3564078000000,71746000000,-153049000000,-19178000000,619460000000,,,,,,,,true,false,12,2021-04-01,2022-03-31,-1
2023-04-26,90220,2024-03-31,,1566000000000,0.118,,,,,430000000000,0.148,357000000000,0.161,,250000000000,,1270.33,,,,,,,,,,,,,,,,0.110,,,,,,true,true,12,2023-04-01,2024-03-31,1
2023-04-26,90220,2023-03-31,,1143393000000,0.575,,,,,346371000000,,278899000000,,201924000000,,,1025.00,,,,,,9287209000000,3548576000000,0.382,18013.01,3548576000000,,,,,135.00,,,,206000000,9200852,196799149,false,false,12,2022-04-01,2023-03-31,0
2023-04-26,90220,2022-03-31,,726074000000,0.340,,,,,-1261000000,,-74048000000,,-68176000000,,,-346.08,,,,,,9246656000000,3369875000000,0.364,17105.90,3369875000000,,,,,130.00,,,,206000000,9200851,196797600,false,false,12,2021-04-01,2022-03-31,-1
2023-04-26,90220,2024-03-31,,1294000000000,0.132,,,,,411000000000,0.187,338000000000,0.212,239000000000,,0.184,1213.19,,,,,,,,,,,,,,,140.00,,,,,,,false,true,12,2023-04-01,2024-03-31,1
2023-07-28,90220,2024-03-31,1,395091000000,0.277,,,,,146518000000,0.754,129343000000,0.935,,90549000000,,460.11,,,,,,9474389000000,3901809000000,0.407,,3852467000000,,,,,,,,,,,,true,false,3,2023-04-01,2023-06-30,0
2023-07-28,90220,2023-03-31,1,309342000000,0.713,,,,,83540000000,,66838000000,,,47001000000,,238.83,,,,,,,,,,,,,,,,,,,,,,true,false,3,2022-04-01,2022-06-30,-1
2023-07-28,90220,2024-03-31,1,1566000000000,0.118,,,,,430000000000,0.148,357000000000,0.161,,250000000000,,1270.33,,,,,,,,,,,,,,,,,,,,,,true,true,12,2023-04-01,2024-03-31,0
2023-07-28,90220,2023-03-31,1,,,,,,,,,,,,,,,,,,,,9514409000000,3807110000000,0.395,,3759255000000,,,,,,,,,,,,true,false,12,2022-04-01,2023-03-31,-1
2023-07-28,90220,2023-03-31,1,,,,,,,,,,,,,,,,,,,,,,,,,,,,,135.00,,,,206000000,9200852,,false,false,12,2022-04-01,2023-03-31,-1
2023-07-28,90220,2024-03-31,1,,,,,,,,,,,,,,,,,,,,,,,,,,,,,140.00,,,,,,,false,true,12,2023-04-01,2024-03-31,0
2023-07-28,90220,2024-03-31,1,,,,,,,,,,,,,,,,,,,,,,,,,,,,,,,,,206000000,9200862,196799142,false,false,3,2023-04-01,2023-06-30,0
2023-07-28,90220,2023-03-31,1,,,,,,,,,,,,,,,,,,,,,,,,,,,,,,,,,,,196799149,false,false,3,2022-04-01,2022-06-30,-1
,90220,2024-03-31,,,,,,,,,,,,,,,,,,,,,,,,,,,,,,14.00,,,,,,,false,true,12,2023-04-01,2024-03-31,0
,90220,2023-03-31,,,,,,,,,,,,,,,,,,,,,,,,,,,,,,135.00,,,,,,,false,false,12,2022-04-01,2023-03-31,-1
2023-10-30,90220,2024-03-31,2,817545000000,0.289,,,,,312092000000,0.815,278623000000,1.044,,195079000000,,198.25,,,,,,9558549000000,4008200000000,0.414,,3958455000000,,,,,,,,,,,,true,false,6,2023-04-01,2023-09-30,0
2023-10-30,90220,2023-03-31,2,634139000000,0.639,,,,,171926000000,,136290000000,,,96949000000,,98.53,,,,,,,,,,,,,,,,,,,,,,true,false,6,2022-04-01,2022-09-30,-1
2023-10-30,90220,2024-03-31,2,1627000000000,0.162,,,,,502000000000,0.340,433000000000,0.408,,308000000000,,313.01,,,,,,,,,,,,,,,,,,,,,,true,true,12,2023-04-01,2024-03-31,0
2023-10-30,90220,2023-03-31,2,,,,,,,,,,,,,,,,,,,,9514409000000,3807110000000,0.395,,3759255000000,,,,,,,,,,,,true,false,12,2022-04-01,2023-03-31,-1
2023-10-30,90220,2023-03-31,2,,,,,,,,,,,,,,,,,,,,,,,,,,,,,135.00,,,,1030000000,46004260,,false,false,12,2022-04-01,2023-03-31,-1
2023-10-30,90220,2024-03-31,2,,,,,,,,,,,,,,,,,,,,,,,,,,,,,70.00,,,,,,,false,false,12,2023-04-01,2024-03-31,0
2023-10-30,90220,2024-03-31,2,,,,,,,,,,,,,,,,,,,,,,,,,,,,,14.00,,,,,,,false,true,12,2023-04-01,2024-03-31,0
2023-10-30,90220,2024-03-31,2,,,,,,,,,,,,,,,,,,,,,,,,,,,,,,,,,1030000000,46004310,983995701,false,false,6,2023-04-01,2023-09-30,0
2023-10-30,90220,2023-03-31,2,,,,,,,,,,,,,,,,,,,,,,,,,,,,,,,,,,,983995745,false,false,6,2022-04-01,2022-09-30,-1
2024-01-30,90220,2024-03-31,3,1273017000000,0.249,,,,,502597000000,0.640,455115000000,0.788,,318770000000,,323.96,,,,,,9729329000000,4118376000000,0.418,,4067887000000,,,,,,,,,,,,true,false,9,2023-04-01,2023-12-31,0
2024-01-30,90220,2023-03-31,3,1019151000000,0.485,,,,,306369000000,7.242,254476000000,,,180660000000,,183.60,,,,,,,,,,,,,,,,,,,,,,true,false,9,2022-04-01,2022-12-31,-1
2024-01-30,90220,2024-03-31,3,1658000000000,0.184,,,,,533000000000,0.423,464000000000,0.509,,330000000000,,335.37,,,,,,,,,,,,,,,,,,,,,,true,true,12,2023-04-01,2024-03-31,0
2024-01-30,90220,2023-03-31,3,,,,,,,,,,,,,,,,,,,,9514409000000,3807110000000,0.395,,3759255000000,,,,,,,,,,,,true,false,12,2022-04-01,2023-03-31,-1
2024-01-30,90220,2023-03-31,3,,,,,,,,,,,,,,,,,,,,,,,,,,,,,135.00,,,,1030000000,46004260,,false,false,12,2022-04-01,2023-03-31,-1
2024-01-30,90220,2024-03-31,3,,,,,,,,,,,,,,,,,,,,,,,,,,,,,70.00,,,,,,,false,false,12,2023-04-01,2024-03-31,0
2024-01-30,90220,2024-03-31,3,,,,,,,,,,,,,,,,,,,,,,,,,,,,,14.00,,,,,,,false,true,12,2023-04-01,2024-03-31,0
2024-01-30,90220,2024-03-31,3,,,,,,,,,,,,,,,,,,,,,,,,,,,,,,,,,1030000000,46004820,983995536,false,false,9,2023-04-01,2023-12-31,0
2024-01-30,90220,2023-03-31,3,,,,,,,,,,,,,,,,,,,,,,,,,,,,,,,,,,,983995744,false,false,9,2022-04-01,2022-12-31,-1
2024-04-30,90220,2024-03-31,,1710407000000,0.221,,,,,607381000000,0.622,546946000000,0.779,,384411000000,,390.66,,0.097,0.056,0.355,,9941896000000,4223683000000,0.419,4237.48,4169660000000,672878000000,-436556000000,-125127000000,821720000000,,0.074,,,,,,true,false,12,2023-04-01,2024-03-31,0
2024-04-30,90220,2023-03-31,,1400285000000,0.497,,,,,374503000000,,307485000000,,,219417000000,,222.99,,0.060,0.032,0.267,,9514409000000,3807110000000,0.395,3820.40,3759255000000,486706000000,-175036000000,-220604000000,710526000000,,0.121,,,,,,true,false,12,2022-04-01,2023-03-31,-1
2024-04-30,90220,2025-03-31,,1740000000000,0.017,,,,,608000000000,0.001,545000000000,-0.004,,381000000000,,387.20,,,,,,,,,,,,,,,,0.077,,,,,,true,true,12,2024-04-01,2025-03-31,1
2024-04-30,90220,2024-03-31,,1417382000000,0.240,,,,,566304000000,0.635,504586000000,0.809,358766000000,,0.777,364.23,,,,,,9692374000000,3914548000000,0.404,3974.15,3914548000000,,,,,15.00,,,,1030000000,46004820,983995447,false,false,12,2023-04-01,2024-03-31,0
2024-04-30,90220,2023-03-31,,1143393000000,0.575,,,,,346371000000,,278899000000,,201924000000,,,205.00,,,,,,9287209000000,3548576000000,0.382,3602.60,3548576000000,,,,,135.00,,,,1030000000,46004260,983995743,false,false,12,2022-04-01,2023-03-31,-1
2024-04-30,90220,2025-03-31,,1443000000000,0.018,,,,,573000000000,0.012,509000000000,0.009,360000000000,,0.003,365.48,,,,,,,,,,,,,,,30.00,,,,,,,false,true,12,2024-04-01,2025-03-31,1
2024-07-30,90220,2025-03-31,1,435290000000,0.102,,,,,184327000000,0.258,171278000000,0.324,,119786000000,,121.73,,,,,,9842994000000,4327356000000,0.434,,4273229000000,,,,,,,,,,,,true,false,3,2024-04-01,2024-06-30,0
2024-07-30,90220,2024-03-31,1,395091000000,0.277,,,,,146518000000,0.754,129343000000,0.935,,90549000000,,92.02,,,,,,,,,,,,,,,,,,,,,,true,false,3,2023-04-01,2023-06-30,-1
2024-07-30,90220,2025-03-31,1,1740000000000,0.017,,,,,608000000000,0.001,545000000000,-0.004,,381000000000,,387.20,,,,,,,,,,,,,,,,,,,,,,true,true,12,2024-04-01,2025-03-31,0
2024-07-30,90220,2024-03-31,1,,,,,,,,,,,,,,,,,,,,9941896000000,4223683000000,0.419,,4169660000000,,,,,,,,,,,,true,false,12,2023-04-01,2024-03-31,-1
2024-07-30,90220,2024-03-31,1,,,,,,,,,,,,,,,,,,,,,,,,,,,,,15.00,,,,1030000000,46004820,,false,false,12,2023-04-01,2024-03-31,-1
2024-07-30,90220,2025-03-31,1,,,,,,,,,,,,,,,,,,,,,,,,,,,,,30.00,,,,,,,false,true,12,2024-04-01,2025-03-31,0
2024-07-30,90220,2025-03-31,1,,,,,,,,,,,,,,,,,,,,,,,,,,,,,,,,,1030000000,46004820,983995180,false,false,3,2024-04-01,2024-06-30,0
2024-07-30,90220,2024-03-31,1,,,,,,,,,,,,,,,,,,,,,,,,,,,,,,,,,,,983995712,false,false,3,2023-04-01,2023-06-30,-1
2024-10-29,9022,2025-03-31,2,873865000000,0.069,,,,,365209000000,0.170,335467000000,0.204,,233647000000,,237.45,,,,,,9996811000000,4431917000000,0.438,,4376945000000,,,,,,,,,,,,true,false,6,2024-04-01,2024-09-30,0
2024-10-29,9022,2024-03-31,2,817545000000,0.289,,,,,312092000000,0.815,278623000000,1.044,,195079000000,,198.25,,,,,,,,,,,,,,,,,,,,,,true,false,6,2023-04-01,2023-09-30,-1
2024-10-29,9022,2025-03-31,2,1762000000000,0.030,,,,,624000000000,0.027,563000000000,0.029,,392000000000,,398.38,,,,,,,,,,,,,,,,,,,,,,true,true,12,2024-04-01,2025-03-31,0
2024-10-29,9022,2024-03-31,2,,,,,,,,,,,,,,,,,,,,9941896000000,4223683000000,0.419,,4169660000000,,,,,,,,,,,,true,false,12,2023-04-01,2024-03-31,-1
2024-10-29,9022,2024-03-31,2,,,,,,,,,,,,,,,,,,,,,,,,,,,,,15.00,,,,1030000000,46004820,,false,false,12,2023-04-01,2024-03-31,-1
2024-10-29,9022,2025-03-31,2,,,,,,,,,,,,,,,,,,,,,,,,,,,,,15.00,,,,,,,false,false,12,2024-04-01,2025-03-31,0
2024-10-29,9022,2025-03-31,2,,,,,,,,,,,,,,,,,,,,,,,,,,,,,30.00,,,,,,,false,true,12,2024-04-01,2025-03-31,0
2024-10-29,9022,2025-03-31,2,,,,,,,,,,,,,,,,,,,,,,,,,,,,,,,,,1030000000,46004885,983995156,false,false,6,2024-04-01,2024-09-30,0
2024-10-29,9022,2024-03-31,2,,,,,,,,,,,,,,,,,,,,,,,,,,,,,,,,,,,983995701,false,false,6,2023-04-01,2023-09-30,-1
2025-02-03,9022,2025-03-31,3,1368037000000,0.075,,,,,583929000000,0.162,540946000000,0.189,,376861000000,,382.99,,,,,,10108608000000,4567459000000,0.446,,4511546000000,,,,,,,,,,,,true,false,9,2024-04-01,2024-12-31,0
2025-02-03,9022,2024-03-31,3,1273017000000,0.249,,,,,502597000000,0.640,455115000000,0.788,,318770000000,,323.96,,,,,,,,,,,,,,,,,,,,,,true,false,9,2023-04-01,2023-12-31,-1
2025-02-03,9022,2025-03-31,3,1788000000000,0.045,,,,,650000000000,0.070,589000000000,0.077,,410000000000,,416.67,,,,,,,,,,,,,,,,,,,,,,true,true,12,2024-04-01,2025-03-31,0
2025-02-03,9022,2024-03-31,3,,,,,,,,,,,,,,,,,,,,9941896000000,4223683000000,0.419,,4169660000000,,,,,,,,,,,,true,false,12,2023-04-01,2024-03-31,-1
2025-02-03,9022,2024-03-31,3,,,,,,,,,,,,,,,,,,,,,,,,,,,,,15.00,,,,1030000000,46004820,,false,false,12,2023-04-01,2024-03-31,-1
2025-02-03,9022,2025-03-31,3,,,,,,,,,,,,,,,,,,,,,,,,,,,,,15.00,,,,,,,false,false,12,2024-04-01,2025-03-31,0
2025-02-03,9022,2025-03-31,3,,,,,,,,,,,,,,,,,,,,,,,,,,,,,30.00,,,,,,,false,true,12,2024-04-01,2025-03-31,0
2025-02-03,9022,2025-03-31,3,,,,,,,,,,,,,,,,,,,,,,,,,,,,,,,,,1030000000,46004970,983995130,false,false,9,2024-04-01,2024-12-31,0
2025-02-03,9022,2024-03-31,3,,,,,,,,,,,,,,,,,,,,,,,,,,,,,,,,,,,983995536,false,false,9,2023-04-01,2023-12-31,-1
2025-04-30,9022,2025-03-31,,1831847000000,0.071,,,,,702794000000,0.157,649294000000,0.187,,458423000000,,465.88,,0.105,0.064,0.384,,10323345000000,4658550000000,0.446,4675.36,4600535000000,624550000000,-956036000000,-95532000000,394701000000,,0.067,,,,,,true,false,12,2024-04-01,2025-03-31,0
2025-04-30,9022,2024-03-31,,1710407000000,0.221,,,,,607381000000,0.622,546946000000,0.779,,384411000000,,390.66,,0.097,0.056,0.355,,9941896000000,4223683000000,0.419,4237.48,4169660000000,672878000000,-436556000000,-125127000000,821720000000,,0.074,,,,,,true,false,12,2023-04-01,2024-03-31,-1
2025-04-30,9022,2026-03-31,,1865000000000,0.018,,,,,667000000000,-0.051,608000000000,-0.064,,423000000000,,429.88,,,,,,,,,,,,,,,,0.074,,,,,,true,true,12,2025-04-01,2026-03-31,1
2025-04-30,9022,2025-03-31,,1511271000000,0.066,,,,,656730000000,0.160,599950000000,0.189,430633000000,,0.200,437.19,,,,,,10054828000000,4314934000000,0.429,4380.63,4314934000000,,,,,31.00,,,,1030000000,46004970,983995105,false,false,12,2024-04-01,2025-03-31,0
2025-04-30,9022,2024-03-31,,1417382000000,0.240,,,,,566304000000,0.635,504586000000,0.809,358766000000,,0.777,364.23,,,,,,9692374000000,3914548000000,0.404,3974.15,3914548000000,,,,,15.00,,,,1030000000,46004820,983995447,false,false,12,2023-04-01,2024-03-31,-1
2025-04-30,9022,2026-03-31,,1542000000000,0.020,,,,,630000000000,-0.041,569000000000,-0.052,400000000000,,-0.071,406.09,,,,,,,,,,,,,,,32.00,,,,,,,false,true,12,2025-04-01,2026-03-31,1
2025-07-29,9022,2026-03-31,1,478283000000,0.099,,,,,221225000000,0.200,207532000000,0.212,,145211000000,,147.88,,,,,,10269357000000,4780475000000,0.460,,4721746000000,,,,,,,,,,,,true,false,3,2025-04-01,2025-06-30,0
2025-07-29,9022,2025-03-31,1,435290000000,0.102,,,,,184327000000,0.258,171278000000,0.324,,119786000000,,121.73,,,,,,,,,,,,,,,,,,,,,,true,false,3,2024-04-01,2024-06-30,-1
2025-07-29,9022,2026-03-31,1,1865000000000,0.018,,,,,667000000000,-0.051,608000000000,-0.064,,423000000000,,432.34,,,,,,,,,,,,,,,,,,,,,,true,true,12,2025-04-01,2026-03-31,0
2025-07-29,9022,2025-03-31,1,,,,,,,,,,,,,,,,,,,,10323345000000,4658550000000,0.446,,4600535000000,,,,,,,,,,,,true,false,12,2024-04-01,2025-03-31,-1
2025-07-29,9022,2025-03-31,1,,,,,,,,,,,,,,,,,,,,,,,,,,,,,31.00,,,,1030000000,46004970,,false,false,12,2024-04-01,2025-03-31,-1
2025-07-29,9022,2026-03-31,1,,,,,,,,,,,,,,,,,,,,,,,,,,,,,32.00,,,,,,,false,true,12,2025-04-01,2026-03-31,0
2025-07-29,9022,2026-03-31,1,,,,,,,,,,,,,,,,,,,,,,,,,,,,,,,,,1030000000,52766197,981928310,false,false,3,2025-04-01,2025-06-30,0
2025-07-29,9022,2025-03-31,1,,,,,,,,,,,,,,,,,,,,,,,,,,,,,,,,,,,983995180,false,false,3,2024-04-01,2024-06-30,-1
