filing_date,code,fiscal_year_end,quarterly_period,net_sales,net_sales_change,revenue,revenue_change,operating_revenue,operating_revenue_change,operating_profit,operating_profit_change,ordinary_profit,ordinary_profit_change,net_income,net_income_of_parent,net_income_change,eps,diluted_eps,roe,roa,operating_profit_to_net_sales,operating_profit_to_revenue,total_assets,net_assets,equity_ratio,bps,owner_equity,operating_cash_flow,investing_cash_flow,financing_cash_flow,cash,dividend_per_share,payout_ratio,commemorative_dividend,extra_dividend,number_of_shares,number_of_treqsury_shares,avg_number_of_shares,is_consolidated,is_forecast,duration,period_start,period_end,period_pos
2015-05-07,90370,2015-03-31,,91924000000,-0.000,,,,,6730000000,0.138,7019000000,0.147,3890000000,,0.269,465.81,,0.124,0.076,0.073,,94341000000,38144000000,0.351,3964.69,33116000000,10126000000,-4561000000,-3428000000,7126000000,,0.094,,,,,,true,false,12,2014-04-01,2015-03-31,0
2015-05-07,90370,2014-03-31,,91968000000,0.034,,,,,5916000000,0.013,6121000000,0.028,3066000000,,-0.011,367.09,,0.109,0.070,0.064,,89164000000,33962000000,0.330,3521.09,29412000000,6143000000,-1962000000,-3944000000,4990000000,,0.114,,,,,,true,false,12,2013-04-01,2014-03-31,-1
2015-05-07,90370,2016-03-31,,46000000000,0.019,,,,,3400000000,0.079,3500000000,0.037,,1900000000,,227.46,,,,,,,,,,,,,,,,,,,,,,true,true,6,2015-04-01,2015-09-30,1
2015-05-07,90370,2016-03-31,,94000000000,0.023,,,,,7400000000,0.099,7500000000,0.069,,4000000000,,478.87,,,,,,,,,,,,,,,,,,,,,,true,true,12,2015-04-01,2016-03-31,1
2015-05-07,90370,2014-03-31,,,,,,,,,,,,,,,,,,,,,,,,,,,,,,42.00,,,,8356000,2891,8353150,false,false,12,2013-04-01,2014-03-31,-1
2015-05-07,90370,2015-03-31,,,,,,,,,,,,,,,,,,,,,,,,,,,,,,44.00,,,,8356000,3093,8352959,false,false,12,2014-04-01,2015-03-31,0
2015-05-07,90370,2016-03-31,,,,,,,,,,,,,,,,,,,,,,,,,,,,,,46.00,,,,,,,false,true,12,2015-04-01,2016-03-31,1
,90370,2016-03-31,,,,,,,,,,,,,,,,,,,,,,,,,,,,,,25.00,,,,,,,false,true,12,2015-04-01,2016-03-31,0
,90370,2015-03-31,,,,,,,,,,,,,,,,,,,,,,,,,,,,,,44.00,,,,,,,false,false,12,2014-04-01,2015-03-31,-1
2015-07-30,90370,2016-03-31,1,23066000000,0.024,,,,,2019000000,0.257,2096000000,0.212,,1171000000,,140.21,,,,,,94360000000,39300000000,0.362,,34167000000,,,,,,,,,,,,true,false,3,2015-04-01,2015-06-30,0
2015-07-30,90370,2015-03-31,1,22534000000,0.013,,,,,1606000000,0.208,1729000000,0.263,,996000000,,119.36,,,,,,,,,,,,,,,,,,,,,,true,false,3,2014-04-01,2014-06-30,-1
2015-07-30,90370,2016-03-31,1,46000000000,0.019,,,,,3400000000,0.079,3500000000,0.037,,1900000000,,227.46,,,,,,,,,,,,,,,,,,,,,,true,true,6,2015-04-01,2015-09-30,0
2015-07-30,90370,2016-03-31,1,94000000000,0.023,,,,,7400000000,0.099,7500000000,0.069,,4000000000,,478.87,,,,,,,,,,,,,,,,,,,,,,true,true,12,2015-04-01,2016-03-31,0
2015-07-30,90370,2015-03-31,1,,,,,,,,,,,,,,,,,,,,94341000000,38144000000,0.351,,33116000000,,,,,,,,,,,,true,false,12,2014-04-01,2015-03-31,-1
2015-07-30,90370,2015-03-31,1,,,,,,,,,,,,,,,,,,,,,,,,,,,,,44.00,,,,8356000,3093,,false,false,12,2014-04-01,2015-03-31,-1
2015-07-30,90370,2016-03-31,1,,,,,,,,,,,,,,,,,,,,,,,,,,,,,25.00,,,,,,,false,true,12,2015-04-01,2016-03-31,0
2015-07-30,90370,2016-03-31,1,,,,,,,,,,,,,,,,,,,,,,,,,,,,,,,,,8356000,3153,8352877,false,false,3,2015-04-01,2015-06-30,0
2015-07-30,90370,2015-03-31,1,,,,,,,,,,,,,,,,,,,,,,,,,,,,,,,,,,,8353038,false,false,3,2014-04-01,2014-06-30,-1
2015-10-29,90370,2016-03-31,2,46368000000,0.027,,,,,4024000000,0.277,4141000000,0.228,,2331000000,,132.00,,,,,,102002000000,45588000000,0.395,,40277000000,,,,,,,,,,,,true,false,6,2015-04-01,2015-09-30,0
2015-10-29,90370,2015-03-31,2,45133000000,0.016,,,,,3150000000,0.212,3373000000,0.253,,1918000000,,114.85,,,,,,,,,,,,,,,,,,,,,,true,false,6,2014-04-01,2014-09-30,-1
2015-10-29,90370,2016-03-31,2,94200000000,0.025,,,,,8100000000,0.204,8200000000,0.168,,4500000000,,245.46,,,,,,,,,,,,,,,,,,,,,,true,true,12,2015-04-01,2016-03-31,0
2015-10-29,90370,2015-03-31,2,,,,,,,,,,,,,,,,,,,,94341000000,38144000000,0.351,,33116000000,,,,,,,,,,,,true,false,12,2014-04-01,2015-03-31,-1
2015-10-29,90370,2015-03-31,2,,,,,,,,,,,,,,,,,,,,,,,,,,,,,44.00,,,,16712000,6186,,false,false,12,2014-04-01,2015-03-31,-1
2015-10-29,90370,2016-03-31,2,,,,,,,,,,,,,,,,,,,,,,,,,,,,,12.50,,,,,,,false,false,12,2015-04-01,2016-03-31,0
2015-10-29,90370,2016-03-31,2,,,,,,,,,,,,,,,,,,,,,,,,,,,,,25.00,,,,,,,false,true,12,2015-04-01,2016-03-31,0
2015-10-29,90370,2016-03-31,2,,,,,,,,,,,,,,,,,,,,,,,,,,,,,,,,,19012000,6342,17663641,false,false,6,2015-04-01,2015-09-30,0
2015-10-29,90370,2015-03-31,2,,,,,,,,,,,,,,,,,,,,,,,,,,,,,,,,,,,16706004,false,false,6,2014-04-01,2014-09-30,-1
2016-01-28,90370,2016-03-31,3,71747000000,0.031,,,,,6476000000,0.216,6625000000,0.183,,3720000000,,205.39,,,,,,104398000000,46947000000,0.397,,41457000000,,,,,,,,,,,,true,false,9,2015-04-01,2015-12-31,0
2016-01-28,90370,2015-03-31,3,69621000000,0.004,,,,,5325000000,0.128,5601000000,0.148,,3125000000,,187.08,,,,,,,,,,,,,,,,,,,,,,true,false,9,2014-04-01,2014-12-31,-1
2016-01-28,90370,2016-03-31,3,94200000000,0.025,,,,,8100000000,0.204,8200000000,0.168,,4500000000,,245.46,,,,,,,,,,,,,,,,,,,,,,true,true,12,2015-04-01,2016-03-31,0
2016-01-28,90370,2015-03-31,3,,,,,,,,,,,,,,,,,,,,94341000000,38144000000,0.351,,33116000000,,,,,,,,,,,,true,false,12,2014-04-01,2015-03-31,-1
2016-01-28,90370,2015-03-31,3,,,,,,,,,,,,,,,,,,,,,,,,,,,,,44.00,,,,16712000,6186,,false,false,12,2014-04-01,2015-03-31,-1
2016-01-28,90370,2016-03-31,3,,,,,,,,,,,,,,,,,,,,,,,,,,,,,12.50,,,,,,,false,false,12,2015-04-01,2016-03-31,0
2016-01-28,90370,2016-03-31,3,,,,,,,,,,,,,,,,,,,,,,,,,,,,,27.50,,,,,,,false,true,12,2015-04-01,2016-03-31,0
2016-01-28,90370,2016-03-31,3,,,,,,,,,,,,,,,,,,,,,,,,,,,,,,,,,19012000,6342,18112607,false,false,9,2015-04-01,2015-12-31,0
2016-01-28,90370,2015-03-31,3,,,,,,,,,,,,,,,,,,,,,,,,,,,,,,,,,,,16705952,false,false,9,2014-04-01,2014-12-31,-1
,90370,2016-03-31,,,,,,,,,,,,,,,,,,,,,,,,,,,,,,27.50,,,,,,,false,true,12,2015-04-01,2016-03-31,0
,90370,2016-03-31,,,,,,,,,,,,,,,,,,,,,,,,,,,,,,12.50,,,,,,,false,false,12,2015-04-01,2016-03-31,0
,90370,2015-03-31,,,,,,,,,,,,,,,,,,,,,,,,,,,,,,44.00,,,,,,,false,false,12,2014-04-01,2015-03-31,-1
2016-05-09,90370,2016-03-31,,95204000000,0.036,,,,,8108000000,0.205,8322000000,0.186,,4726000000,,257.79,,0.125,0.083,0.085,,105952000000,47885000000,0.399,2225.18,42291000000,7791000000,-13341000000,3094000000,4671000000,,0.107,,,,,,true,false,12,2015-04-01,2016-03-31,0
2016-05-09,90370,2015-03-31,,91924000000,-0.000,,,,,6730000000,0.138,7019000000,0.147,,3890000000,,232.91,,0.124,0.076,0.073,,94341000000,38144000000,0.351,1982.35,33116000000,10126000000,-4561000000,-3428000000,7126000000,,0.094,,,,,,true,false,12,2014-04-01,2015-03-31,-1
2016-05-09,90370,2017-03-31,,49000000000,0.057,,,,,3900000000,-0.031,4000000000,-0.034,,2150000000,,113.12,,,,,,,,,,,,,,,,,,,,,,true,true,6,2016-04-01,2016-09-30,1
2016-05-09,90370,2017-03-31,,101000000000,0.061,,,,,8800000000,0.085,9000000000,0.081,,5000000000,,263.08,,,,,,,,,,,,,,,,,,,,,,true,true,12,2016-04-01,2017-03-31,1
2016-05-09,90370,2015-03-31,,,,,,,,,,,,,,,,,,,,,,,,,,,,,,44.00,,,,16712000,6186,16705918,false,false,12,2014-04-01,2015-03-31,-1
2016-05-09,90370,2016-03-31,,,,,,,,,,,,,,,,,,,,,,,,,,,,,,27.50,,,,19012000,6342,18334650,false,false,12,2015-04-01,2016-03-31,0
2016-05-09,90370,2017-03-31,,,,,,,,,,,,,,,,,,,,,,,,,,,,,,40.00,,,,,,,false,true,12,2016-04-01,2017-03-31,1
2016-07-28,90370,2017-03-31,1,24673000000,0.070,,,,,1974000000,-0.022,2075000000,-0.010,,1186000000,,62.42,,,,,,107186000000,48830000000,0.402,,43131000000,,,,,,,,,,,,true,false,3,2016-04-01,2016-06-30,0
2016-07-28,90370,2016-03-31,1,23066000000,0.024,,,,,2019000000,0.257,2096000000,0.212,,1171000000,,70.10,,,,,,,,,,,,,,,,,,,,,,true,false,3,2015-04-01,2015-06-30,-1
2016-07-28,90370,2017-03-31,1,49000000000,0.057,,,,,3900000000,-0.031,4000000000,-0.034,,2150000000,,113.12,,,,,,,,,,,,,,,,,,,,,,true,true,6,2016-04-01,2016-09-30,0
2016-07-28,90370,2017-03-31,1,101000000000,0.061,,,,,8800000000,0.085,9000000000,0.081,,5000000000,,263.08,,,,,,,,,,,,,,,,,,,,,,true,true,12,2016-04-01,2017-03-31,0
2016-07-28,90370,2016-03-31,1,,,,,,,,,,,,,,,,,,,,105952000000,47885000000,0.399,,42291000000,,,,,,,,,,,,true,false,12,2015-04-01,2016-03-31,-1
2016-07-28,90370,2016-03-31,1,,,,,,,,,,,,,,,,,,,,,,,,,,,,,27.50,,,,19012000,6342,,false,false,12,2015-04-01,2016-03-31,-1
2016-07-28,90370,2017-03-31,1,,,,,,,,,,,,,,,,,,,,,,,,,,,,,40.00,,,,,,,false,true,12,2016-04-01,2017-03-31,0
2016-07-28,90370,2017-03-31,1,,,,,,,,,,,,,,,,,,,,,,,,,,,,,,,,,19012000,6342,19005658,false,false,3,2016-04-01,2016-06-30,0
2016-07-28,90370,2016-03-31,1,,,,,,,,,,,,,,,,,,,,,,,,,,,,,,,,,,,16705753,false,false,3,2015-04-01,2015-06-30,-1
2016-10-27,90370,2017-03-31,2,49292000000,0.063,,,,,3844000000,-0.045,4031000000,-0.027,,2342000000,,123.25,,,,,,107714000000,50236000000,0.412,,44343000000,,,,,,,,,,,,true,false,6,2016-04-01,2016-09-30,0
2016-10-27,90370,2016-03-31,2,46368000000,0.027,,,,,4024000000,0.277,4141000000,0.228,,2331000000,,132.00,,,,,,,,,,,,,,,,,,,,,,true,false,6,2015-04-01,2015-09-30,-1
2016-10-27,90370,2017-03-31,2,101000000000,0.061,,,,,8800000000,0.085,9000000000,0.081,,5000000000,,263.08,,,,,,,,,,,,,,,,,,,,,,true,true,12,2016-04-01,2017-03-31,0
2016-10-27,90370,2016-03-31,2,,,,,,,,,,,,,,,,,,,,105952000000,47885000000,0.399,,42291000000,,,,,,,,,,,,true,false,12,2015-04-01,2016-03-31,-1
2016-10-27,90370,2016-03-31,2,,,,,,,,,,,,,,,,,,,,,,,,,,,,,27.50,,,,19012000,6342,,false,false,12,2015-04-01,2016-03-31,-1
2016-10-27,90370,2017-03-31,2,,,,,,,,,,,,,,,,,,,,,,,,,,,,,20.00,,,,,,,false,false,12,2016-04-01,2017-03-31,0
2016-10-27,90370,2017-03-31,2,,,,,,,,,,,,,,,,,,,,,,,,,,,,,40.00,,,,,,,false,true,12,2016-04-01,2017-03-31,0
2016-10-27,90370,2017-03-31,2,,,,,,,,,,,,,,,,,,,,,,,,,,,,,,,,,19012000,6382,19005650,false,false,6,2016-04-01,2016-09-30,0
2016-10-27,90370,2016-03-31,2,,,,,,,,,,,,,,,,,,,,,,,,,,,,,,,,,,,17663641,false,false,6,2015-04-01,2015-09-30,-1
2017-01-27,90370,2017-03-31,3,75247000000,0.049,,,,,6276000000,-0.031,6631000000,0.001,,3882000000,,204.26,,,,,,109048000000,51726000000,0.418,,45606000000,,,,,,,,,,,,true,false,9,2016-04-01,2016-12-31,0
2017-01-27,90370,2016-03-31,3,71747000000,0.031,,,,,6476000000,0.216,6625000000,0.183,,3720000000,,205.39,,,,,,,,,,,,,,,,,,,,,,true,false,9,2015-04-01,2015-12-31,-1
2017-01-27,90370,2017-03-31,3,101000000000,0.061,,,,,8800000000,0.085,9000000000,0.081,,5000000000,,263.08,,,,,,,,,,,,,,,,,,,,,,true,true,12,2016-04-01,2017-03-31,0
2017-01-27,90370,2016-03-31,3,,,,,,,,,,,,,,,,,,,,105952000000,47885000000,0.399,,42291000000,,,,,,,,,,,,true,false,12,2015-04-01,2016-03-31,-1
2017-01-27,90370,2016-03-31,3,,,,,,,,,,,,,,,,,,,,,,,,,,,,,27.50,,,,19012000,6342,,false,false,12,2015-04-01,2016-03-31,-1
2017-01-27,90370,2017-03-31,3,,,,,,,,,,,,,,,,,,,,,,,,,,,,,20.00,,,,,,,false,false,12,2016-04-01,2017-03-31,0
2017-01-27,90370,2017-03-31,3,,,,,,,,,,,,,,,,,,,,,,,,,,,,,40.00,,,,,,,false,true,12,2016-04-01,2017-03-31,0
2017-01-27,90370,2017-03-31,3,,,,,,,,,,,,,,,,,,,,,,,,,,,,,,,,,19012000,6382,19005639,false,false,9,2016-04-01,2016-12-31,0
2017-01-27,90370,2016-03-31,3,,,,,,,,,,,,,,,,,,,,,,,,,,,,,,,,,,,18112607,false,false,9,2015-04-01,2015-12-31,-1
2017-05-09,90370,2017-03-31,,99191000000,0.042,,,,,7948000000,-0.020,8420000000,0.012,,5053000000,,265.88,,0.113,0.078,0.080,,109725000000,53078000000,0.426,2461.73,46786000000,11764000000,-1887000000,-5639000000,8909000000,,0.150,,,,,,true,false,12,2016-04-01,2017-03-31,0
2017-05-09,90370,2016-03-31,,95204000000,0.036,,,,,8108000000,0.205,8322000000,0.186,,4726000000,,257.79,,0.125,0.083,0.085,,105952000000,47885000000,0.399,2225.18,42291000000,7791000000,-13341000000,3094000000,4671000000,,0.107,,,,,,true,false,12,2015-04-01,2016-03-31,-1
2017-05-09,90370,2018-03-31,,105000000000,0.059,,,,,9800000000,0.233,10000000000,0.188,,5700000000,,299.91,,,,,,,,,,,,,,,,0.150,,,,,,true,true,12,2017-04-01,2018-03-31,1
2017-05-09,90370,2016-03-31,,,,,,,,,,,,,,,,,,,,,,,,,,,,,,27.50,,,,19012000,6342,18334650,false,false,12,2015-04-01,2016-03-31,-1
2017-05-09,90370,2017-03-31,,,,,,,,,,,,,,,,,,,,,,,,,,,,,,40.00,,,,19012000,6382,19005634,false,false,12,2016-04-01,2017-03-31,0
2017-05-09,90370,2018-03-31,,,,,,,,,,,,,,,,,,,,,,,,,,,,,,45.00,,,,,,,false,true,12,2017-04-01,2018-03-31,1
2017-07-27,90370,2018-03-31,1,24948000000,0.011,,,,,2073000000,0.050,2205000000,0.063,,1299000000,,68.38,,,,,,110115000000,54152000000,0.434,,47746000000,,,,,,,,,,,,true,false,3,2017-04-01,2017-06-30,0
2017-07-27,90370,2017-03-31,1,24673000000,0.070,,,,,1974000000,-0.022,2075000000,-0.010,,1186000000,,62.42,,,,,,,,,,,,,,,,,,,,,,true,false,3,2016-04-01,2016-06-30,-1
2017-07-27,90370,2018-03-31,1,105000000000,0.059,,,,,9800000000,0.233,10000000000,0.188,,5700000000,,299.91,,,,,,,,,,,,,,,,,,,,,,true,true,12,2017-04-01,2018-03-31,0
2017-07-27,90370,2017-03-31,1,,,,,,,,,,,,,,,,,,,,109725000000,53078000000,0.426,,46786000000,,,,,,,,,,,,true,false,12,2016-04-01,2017-03-31,-1
2017-07-27,90370,2017-03-31,1,,,,,,,,,,,,,,,,,,,,,,,,,,,,,40.00,,,,19012000,6382,,false,false,12,2016-04-01,2017-03-31,-1
2017-07-27,90370,2018-03-31,1,,,,,,,,,,,,,,,,,,,,,,,,,,,,,45.00,,,,,,,false,true,12,2017-04-01,2018-03-31,0
2017-07-27,90370,2018-03-31,1,,,,,,,,,,,,,,,,,,,,,,,,,,,,,,,,,19012000,6423,19005610,false,false,3,2017-04-01,2017-06-30,0
2017-07-27,90370,2017-03-31,1,,,,,,,,,,,,,,,,,,,,,,,,,,,,,,,,,,,19005658,false,false,3,2016-04-01,2016-06-30,-1
2017-10-27,90370,2018-03-31,2,50218000000,0.019,,,,,4106000000,0.068,4372000000,0.085,,2521000000,,132.69,,,,,,111692000000,55591000000,0.439,,48992000000,,,,,,,,,,,,true,false,6,2017-04-01,2017-09-30,0
2017-10-27,90370,2017-03-31,2,49292000000,0.063,,,,,3844000000,-0.045,4031000000,-0.027,,2342000000,,123.25,,,,,,,,,,,,,,,,,,,,,,true,false,6,2016-04-01,2016-09-30,-1
2017-10-27,90370,2018-03-31,2,105000000000,0.059,,,,,9800000000,0.233,10000000000,0.188,,5700000000,,299.91,,,,,,,,,,,,,,,,,,,,,,true,true,12,2017-04-01,2018-03-31,0
2017-10-27,90370,2017-03-31,2,,,,,,,,,,,,,,,,,,,,109725000000,53078000000,0.426,,46786000000,,,,,,,,,,,,true,false,12,2016-04-01,2017-03-31,-1
2017-10-27,90370,2017-03-31,2,,,,,,,,,,,,,,,,,,,,,,,,,,,,,40.00,,,,19012000,6382,,false,false,12,2016-04-01,2017-03-31,-1
2017-10-27,90370,2018-03-31,2,,,,,,,,,,,,,,,,,,,,,,,,,,,,,22.50,,,,,,,false,false,12,2017-04-01,2018-03-31,0
2017-10-27,90370,2018-03-31,2,,,,,,,,,,,,,,,,,,,,,,,,,,,,,45.00,,,,,,,false,true,12,2017-04-01,2018-03-31,0
2017-10-27,90370,2018-03-31,2,,,,,,,,,,,,,,,,,,,,,,,,,,,,,,,,,19012000,6490,19005581,false,false,6,2017-04-01,2017-09-30,0
2017-10-27,90370,2017-03-31,2,,,,,,,,,,,,,,,,,,,,,,,,,,,,,,,,,,,19005650,false,false,6,2016-04-01,2016-09-30,-1
2018-01-29,90370,2018-03-31,3,77983000000,0.036,,,,,6935000000,0.105,7251000000,0.093,,4153000000,,218.54,,,,,,111233000000,57106000000,0.452,,50280000000,,,,,,,,,,,,true,false,9,2017-04-01,2017-12-31,0
2018-01-29,90370,2017-03-31,3,75247000000,0.049,,,,,6276000000,-0.031,6631000000,0.001,,3882000000,,204.26,,,,,,,,,,,,,,,,,,,,,,true,false,9,2016-04-01,2016-12-31,-1
2018-01-29,90370,2018-03-31,3,105000000000,0.059,,,,,9800000000,0.233,10000000000,0.188,,5700000000,,299.91,,,,,,,,,,,,,,,,,,,,,,true,true,12,2017-04-01,2018-03-31,0
2018-01-29,90370,2017-03-31,3,,,,,,,,,,,,,,,,,,,,109725000000,53078000000,0.426,,46786000000,,,,,,,,,,,,true,false,12,2016-04-01,2017-03-31,-1
2018-01-29,90370,2017-03-31,3,,,,,,,,,,,,,,,,,,,,,,,,,,,,,40.00,,,,19012000,6382,,false,false,12,2016-04-01,2017-03-31,-1
2018-01-29,90370,2018-03-31,3,,,,,,,,,,,,,,,,,,,,,,,,,,,,,22.50,,,,,,,false,false,12,2017-04-01,2018-03-31,0
2018-01-29,90370,2018-03-31,3,,,,,,,,,,,,,,,,,,,,,,,,,,,,,45.00,,,,,,,false,true,12,2017-04-01,2018-03-31,0
2018-01-29,90370,2018-03-31,3,,,,,,,,,,,,,,,,,,,,,,,,,,,,,,,,,19012000,6490,19005558,false,false,9,2017-04-01,2017-12-31,0
2018-01-29,90370,2017-03-31,3,,,,,,,,,,,,,,,,,,,,,,,,,,,,,,,,,,,19005639,false,false,9,2016-04-01,2016-12-31,-1
2018-05-09,90370,2018-03-31,,103476000000,0.043,,,,,9029000000,0.136,9516000000,0.130,,5575000000,,293.35,,0.113,0.086,0.087,,112705000000,58641000000,0.458,2717.22,51642000000,11673000000,-4475000000,-7094000000,9012000000,,0.153,,,,,,true,false,12,2017-04-01,2018-03-31,0
2018-05-09,90370,2017-03-31,,99191000000,0.042,,,,,7948000000,-0.020,8420000000,0.012,,5053000000,,265.88,,0.113,0.078,0.080,,109725000000,53078000000,0.426,2461.73,46786000000,11764000000,-1887000000,-5639000000,8909000000,,0.150,,,,,,true,false,12,2016-04-01,2017-03-31,-1
2018-05-09,90370,2019-03-31,,108000000000,0.044,,,,,9600000000,0.063,10000000000,0.051,,6000000000,,315.70,,,,,,,,,,,,,,,,0.165,,,,,,true,true,12,2018-04-01,2019-03-31,1
2018-05-09,90370,2017-03-31,,,,,,,,,,,,,,,,,,,,,,,,,,,,,,40.00,,,,19012000,6382,19005634,false,false,12,2016-04-01,2017-03-31,-1
2018-05-09,90370,2018-03-31,,,,,,,,,,,,,,,,,,,,,,,,,,,,,,45.00,,,,19012000,6514,19005542,false,false,12,2017-04-01,2018-03-31,0
2018-05-09,90370,2019-03-31,,,,,,,,,,,,,,,,,,,,,,,,,,,,,,52.00,,,,,,,false,true,12,2018-04-01,2019-03-31,1
2018-07-27,90370,2019-03-31,1,26866000000,0.077,,,,,2313000000,0.116,2440000000,0.106,,1449000000,,76.26,,,,,,113484000000,59825000000,0.464,,52697000000,,,,,,,,,,,,true,false,3,2018-04-01,2018-06-30,0
2018-07-27,90370,2018-03-31,1,24948000000,0.011,,,,,2073000000,0.050,2205000000,0.063,,1299000000,,68.38,,,,,,,,,,,,,,,,,,,,,,true,false,3,2017-04-01,2017-06-30,-1
2018-07-27,90370,2019-03-31,1,108000000000,0.044,,,,,9600000000,0.063,10000000000,0.051,,6000000000,,315.70,,,,,,,,,,,,,,,,,,,,,,true,true,12,2018-04-01,2019-03-31,0
2018-07-27,90370,2018-03-31,1,,,,,,,,,,,,,,,,,,,,112520000000,58641000000,0.459,,51642000000,,,,,,,,,,,,true,false,12,2017-04-01,2018-03-31,-1
2018-07-27,90370,2018-03-31,1,,,,,,,,,,,,,,,,,,,,,,,,,,,,,45.00,,,,19012000,6514,,false,false,12,2017-04-01,2018-03-31,-1
2018-07-27,90370,2019-03-31,1,,,,,,,,,,,,,,,,,,,,,,,,,,,,,52.00,,,,,,,false,true,12,2018-04-01,2019-03-31,0
2018-07-27,90370,2019-03-31,1,,,,,,,,,,,,,,,,,,,,,,,,,,,,,,,,,19012000,6617,19005424,false,false,3,2018-04-01,2018-06-30,0
2018-07-27,90370,2018-03-31,1,,,,,,,,,,,,,,,,,,,,,,,,,,,,,,,,,,,19005610,false,false,3,2017-04-01,2017-06-30,-1
2018-10-25,90370,2019-03-31,2,53662000000,0.069,,,,,4506000000,0.098,4725000000,0.081,,2834000000,,149.16,,,,,,114207000000,61483000000,0.474,,54133000000,,,,,,,,,,,,true,false,6,2018-04-01,2018-09-30,0
2018-10-25,90370,2018-03-31,2,50218000000,0.019,,,,,4106000000,0.068,4372000000,0.085,,2521000000,,132.69,,,,,,,,,,,,,,,,,,,,,,true,false,6,2017-04-01,2017-09-30,-1
2018-10-25,90370,2019-03-31,2,108000000000,0.044,,,,,9600000000,0.063,10000000000,0.051,,6000000000,,315.70,,,,,,,,,,,,,,,,,,,,,,true,true,12,2018-04-01,2019-03-31,0
2018-10-25,90370,2018-03-31,2,,,,,,,,,,,,,,,,,,,,112520000000,58641000000,0.459,,51642000000,,,,,,,,,,,,true,false,12,2017-04-01,2018-03-31,-1
2018-10-25,90370,2018-03-31,2,,,,,,,,,,,,,,,,,,,,,,,,,,,,,45.00,,,,19012000,6514,,false,false,12,2017-04-01,2018-03-31,-1
2018-10-25,90370,2019-03-31,2,,,,,,,,,,,,,,,,,,,,,,,,,,,,,30.00,,,,,,,false,false,12,2018-04-01,2019-03-31,0
2018-10-25,90370,2019-03-31,2,,,,,,,,,,,,,,,,,,,,,,,,,,,,,60.00,,,,,,,false,true,12,2018-04-01,2019-03-31,0
2018-10-25,90370,2019-03-31,2,,,,,,,,,,,,,,,,,,,,,,,,,,,,,,,,,19012000,6657,19005384,false,false,6,2018-04-01,2018-09-30,0
2018-10-25,90370,2018-03-31,2,,,,,,,,,,,,,,,,,,,,,,,,,,,,,,,,,,,19005581,false,false,6,2017-04-01,2017-09-30,-1
,90370,2019-03-31,,,,,,,,,,,,,,,,,,,,,,,,,,,,,,60.00,,,,,,,false,true,12,2018-04-01,2019-03-31,0
,90370,2019-03-31,,,,,,,,,,,,,,,,,,,,,,,,,,,,,,30.00,,,,,,,false,false,12,2018-04-01,2019-03-31,0
,90370,2018-03-31,,,,,,,,,,,,,,,,,,,,,,,,,,,,,,45.00,,,,,,,false,false,12,2017-04-01,2018-03-31,-1
2019-01-28,90370,2019-03-31,3,87011000000,0.116,,,,,7803000000,0.125,8108000000,0.118,,4739000000,,249.36,,,,,,119186000000,63226000000,0.464,,55310000000,,,,,,,,,,,,true,false,9,2018-04-01,2018-12-31,0
2019-01-28,90370,2018-03-31,3,77983000000,0.036,,,,,6935000000,0.105,7251000000,0.093,,4153000000,,218.54,,,,,,,,,,,,,,,,,,,,,,true,false,9,2017-04-01,2017-12-31,-1
2019-01-28,90370,2019-03-31,3,108000000000,0.044,,,,,9600000000,0.063,10000000000,0.051,,6000000000,,315.70,,,,,,,,,,,,,,,,,,,,,,true,true,12,2018-04-01,2019-03-31,0
2019-01-28,90370,2018-03-31,3,,,,,,,,,,,,,,,,,,,,112520000000,58641000000,0.459,,51642000000,,,,,,,,,,,,true,false,12,2017-04-01,2018-03-31,-1
2019-01-28,90370,2018-03-31,3,,,,,,,,,,,,,,,,,,,,,,,,,,,,,45.00,,,,19012000,6514,,false,false,12,2017-04-01,2018-03-31,-1
2019-01-28,90370,2019-03-31,3,,,,,,,,,,,,,,,,,,,,,,,,,,,,,30.00,,,,,,,false,false,12,2018-04-01,2019-03-31,0
2019-01-28,90370,2019-03-31,3,,,,,,,,,,,,,,,,,,,,,,,,,,,,,60.00,,,,,,,false,true,12,2018-04-01,2019-03-31,0
2019-01-28,90370,2019-03-31,3,,,,,,,,,,,,,,,,,,,,,,,,,,,,,,,,,19012000,6659,19005370,false,false,9,2018-04-01,2018-12-31,0
2019-01-28,90370,2018-03-31,3,,,,,,,,,,,,,,,,,,,,,,,,,,,,,,,,,,,19005558,false,false,9,2017-04-01,2017-12-31,-1
2019-05-09,90370,2019-03-31,,115919000000,0.120,,,,,9913000000,0.098,10362000000,0.089,,5905000000,,310.71,,0.109,0.089,0.086,,119184000000,64614000000,0.474,2973.98,56521000000,12568000000,-1692000000,-5567000000,14320000000,,0.209,,,,,,true,false,12,2018-04-01,2019-03-31,0
2019-05-09,90370,2018-03-31,,103476000000,0.043,,,,,9029000000,0.136,9516000000,0.130,,5575000000,,293.35,,0.113,0.086,0.087,,112520000000,58641000000,0.458,2717.22,51642000000,11673000000,-4475000000,-7094000000,9012000000,,0.153,,,,,,true,false,12,2017-04-01,2018-03-31,-1
2019-05-09,90370,2020-03-31,,121000000000,0.044,,,,,10500000000,0.059,10800000000,0.042,,6200000000,,326.22,,,,,,,,,,,,,,,,0.215,,,,,,true,true,12,2019-04-01,2020-03-31,1
2019-05-09,90370,2018-03-31,,,,,,,,,,,,,,,,,,,,,,,,,,,,,,45.00,,,,19012000,6514,19005542,false,false,12,2017-04-01,2018-03-31,-1
2019-05-09,90370,2019-03-31,,,,,,,,,,,,,,,,,,,,,,,,,,,,,,65.00,,,,19012000,6682,19005360,false,false,12,2018-04-01,2019-03-31,0
2019-05-09,90370,2020-03-31,,,,,,,,,,,,,,,,,,,,,,,,,,,,,,70.00,,,,,,,false,true,12,2019-04-01,2020-03-31,1
2019-07-29,90370,2020-03-31,1,29692000000,0.105,,,,,2491000000,0.077,2644000000,0.084,,1528000000,,80.40,,,,,,119443000000,65535000000,0.480,,57330000000,,,,,,,,,,,,true,false,3,2019-04-01,2019-06-30,0
2019-07-29,90370,2019-03-31,1,26866000000,0.077,,,,,2313000000,0.116,2440000000,0.106,,1449000000,,76.26,,,,,,,,,,,,,,,,,,,,,,true,false,3,2018-04-01,2018-06-30,-1
2019-07-29,90370,2020-03-31,1,121000000000,0.044,,,,,10500000000,0.059,10800000000,0.042,,6200000000,,326.22,,,,,,,,,,,,,,,,,,,,,,true,true,12,2019-04-01,2020-03-31,0
2019-07-29,90370,2019-03-31,1,,,,,,,,,,,,,,,,,,,,119184000000,64614000000,0.474,,56521000000,,,,,,,,,,,,true,false,12,2018-04-01,2019-03-31,-1
2019-07-29,90370,2019-03-31,1,,,,,,,,,,,,,,,,,,,,,,,,,,,,,65.00,,,,19012000,6682,,false,false,12,2018-04-01,2019-03-31,-1
2019-07-29,90370,2020-03-31,1,,,,,,,,,,,,,,,,,,,,,,,,,,,,,70.00,,,,,,,false,true,12,2019-04-01,2020-03-31,0
2019-07-29,90370,2020-03-31,1,,,,,,,,,,,,,,,,,,,,,,,,,,,,,,,,,19012000,6682,19005318,false,false,3,2019-04-01,2019-06-30,0
2019-07-29,90370,2019-03-31,1,,,,,,,,,,,,,,,,,,,,,,,,,,,,,,,,,,,19005424,false,false,3,2018-04-01,2018-06-30,-1
2019-10-28,90370,2020-03-31,2,60314000000,0.124,,,,,5075000000,0.126,5329000000,0.128,,3072000000,,161.66,,,,,,119128000000,66914000000,0.494,,58862000000,,,,,,,,,,,,true,false,6,2019-04-01,2019-09-30,0
2019-10-28,90370,2019-03-31,2,53662000000,0.069,,,,,4506000000,0.098,4725000000,0.081,,2834000000,,149.16,,,,,,,,,,,,,,,,,,,,,,true,false,6,2018-04-01,2018-09-30,-1
2019-10-28,90370,2020-03-31,2,121000000000,0.044,,,,,10500000000,0.059,10800000000,0.042,,6200000000,,326.22,,,,,,,,,,,,,,,,,,,,,,true,true,12,2019-04-01,2020-03-31,0
2019-10-28,90370,2019-03-31,2,,,,,,,,,,,,,,,,,,,,119184000000,64614000000,0.474,,56521000000,,,,,,,,,,,,true,false,12,2018-04-01,2019-03-31,-1
2019-10-28,90370,2019-03-31,2,,,,,,,,,,,,,,,,,,,,,,,,,,,,,65.00,,,,19012000,6682,,false,false,12,2018-04-01,2019-03-31,-1
2019-10-28,90370,2020-03-31,2,,,,,,,,,,,,,,,,,,,,,,,,,,,,,35.00,,,,,,,false,false,12,2019-04-01,2020-03-31,0
2019-10-28,90370,2020-03-31,2,,,,,,,,,,,,,,,,,,,,,,,,,,,,,70.00,,,,,,,false,true,12,2019-04-01,2020-03-31,0
2019-10-28,90370,2020-03-31,2,,,,,,,,,,,,,,,,,,,,,,,,,,,,,,,,,19012000,6715,19005307,false,false,6,2019-04-01,2019-09-30,0
2019-10-28,90370,2019-03-31,2,,,,,,,,,,,,,,,,,,,,,,,,,,,,,,,,,,,19005384,false,false,6,2018-04-01,2018-09-30,-1
2020-01-30,90370,2020-03-31,3,92791000000,0.066,,,,,8084000000,0.036,8399000000,0.036,,4832000000,,254.26,,,,,,123993000000,68380000000,0.484,,60051000000,,,,,,,,,,,,true,false,9,2019-04-01,2019-12-31,0
2020-01-30,90370,2019-03-31,3,87011000000,0.116,,,,,7803000000,0.125,8108000000,0.118,,4739000000,,249.36,,,,,,,,,,,,,,,,,,,,,,true,false,9,2018-04-01,2018-12-31,-1
2020-01-30,90370,2020-03-31,3,121000000000,0.044,,,,,10500000000,0.059,10800000000,0.042,,6200000000,,326.22,,,,,,,,,,,,,,,,,,,,,,true,true,12,2019-04-01,2020-03-31,0
2020-01-30,90370,2019-03-31,3,,,,,,,,,,,,,,,,,,,,119184000000,64614000000,0.474,,56521000000,,,,,,,,,,,,true,false,12,2018-04-01,2019-03-31,-1
2020-01-30,90370,2019-03-31,3,,,,,,,,,,,,,,,,,,,,,,,,,,,,,65.00,,,,19012000,6682,,false,false,12,2018-04-01,2019-03-31,-1
2020-01-30,90370,2020-03-31,3,,,,,,,,,,,,,,,,,,,,,,,,,,,,,35.00,,,,,,,false,false,12,2019-04-01,2020-03-31,0
2020-01-30,90370,2020-03-31,3,,,,,,,,,,,,,,,,,,,,,,,,,,,,,70.00,,,,,,,false,true,12,2019-04-01,2020-03-31,0
2020-01-30,90370,2020-03-31,3,,,,,,,,,,,,,,,,,,,,,,,,,,,,,,,,,19012000,6715,19005300,false,false,9,2019-04-01,2019-12-31,0
2020-01-30,90370,2019-03-31,3,,,,,,,,,,,,,,,,,,,,,,,,,,,,,,,,,,,19005370,false,false,9,2018-04-01,2018-12-31,-1
2020-05-11,90370,2020-03-31,,122471000000,0.057,,,,,10190000000,0.028,10618000000,0.025,,6233000000,,328.01,,0.106,0.088,0.083,,122773000000,69824000000,0.499,3228.26,61315000000,12276000000,-6344000000,-5401000000,14852000000,,0.213,,,,,,true,false,12,2019-04-01,2020-03-31,0
2020-05-11,90370,2019-03-31,,115919000000,0.120,,,,,9913000000,0.098,10362000000,0.089,,5905000000,,310.71,,0.109,0.089,0.086,,119184000000,64614000000,0.474,2973.98,56521000000,12568000000,-1692000000,-5567000000,14320000000,,0.209,,,,,,true,false,12,2018-04-01,2019-03-31,-1
2020-05-11,90370,2021-03-31,,121000000000,-0.012,,,,,10000000000,-0.019,10300000000,-0.030,,6000000000,,315.70,,,,,,,,,,,,,,,,0.222,,,,,,true,true,12,2020-04-01,2021-03-31,1
2020-05-11,90370,2019-03-31,,,,,,,,,,,,,,,,,,,,,,,,,,,,,,65.00,,,,19012000,6682,19005360,false,false,12,2018-04-01,2019-03-31,-1
2020-05-11,90370,2020-03-31,,,,,,,,,,,,,,,,,,,,,,,,,,,,,,70.00,,,,19012000,18515,19004812,false,false,12,2019-04-01,2020-03-31,0
2020-05-11,90370,2021-03-31,,,,,,,,,,,,,,,,,,,,,,,,,,,,,,70.00,,,,,,,false,true,12,2020-04-01,2021-03-31,1
2020-07-30,90370,2021-03-31,1,28637000000,-0.036,,,,,2367000000,-0.050,2490000000,-0.058,,1538000000,,81.52,,,,,,122613000000,70233000000,0.503,,61663000000,,,,,,,,,,,,true,false,3,2020-04-01,2020-06-30,0
2020-07-30,90370,2020-03-31,1,29692000000,0.105,,,,,2491000000,0.077,2644000000,0.084,,1528000000,,80.40,,,,,,,,,,,,,,,,,,,,,,true,false,3,2019-04-01,2019-06-30,-1
2020-07-30,90370,2021-03-31,1,121000000000,-0.012,,,,,10000000000,-0.019,10300000000,-0.030,,6000000000,,315.70,,,,,,,,,,,,,,,,,,,,,,true,true,12,2020-04-01,2021-03-31,0
2020-07-30,90370,2020-03-31,1,,,,,,,,,,,,,,,,,,,,122773000000,69824000000,0.499,,61315000000,,,,,,,,,,,,true,false,12,2019-04-01,2020-03-31,-1
2020-07-30,90370,2020-03-31,1,,,,,,,,,,,,,,,,,,,,,,,,,,,,,70.00,,,,19012000,18515,,false,false,12,2019-04-01,2020-03-31,-1
2020-07-30,90370,2021-03-31,1,,,,,,,,,,,,,,,,,,,,,,,,,,,,,70.00,,,,,,,false,true,12,2020-04-01,2021-03-31,0
2020-07-30,90370,2021-03-31,1,,,,,,,,,,,,,,,,,,,,,,,,,,,,,,,,,19012000,199915,18876965,false,false,3,2020-04-01,2020-06-30,0
2020-07-30,90370,2020-03-31,1,,,,,,,,,,,,,,,,,,,,,,,,,,,,,,,,,,,19005318,false,false,3,2019-04-01,2019-06-30,-1
2020-10-28,90370,2021-03-31,2,57675000000,-0.044,,,,,4894000000,-0.036,5111000000,-0.041,,3154000000,,167.47,,,,,,123931000000,72038000000,0.510,,63232000000,,,,,,,,,,,,true,false,6,2020-04-01,2020-09-30,0
2020-10-28,90370,2020-03-31,2,60314000000,0.124,,,,,5075000000,0.126,5329000000,0.128,,3072000000,,161.66,,,,,,,,,,,,,,,,,,,,,,true,false,6,2019-04-01,2019-09-30,-1
2020-10-28,90370,2021-03-31,2,121000000000,-0.012,,,,,10000000000,-0.019,10300000000,-0.030,,6000000000,,315.70,,,,,,,,,,,,,,,,,,,,,,true,true,12,2020-04-01,2021-03-31,0
2020-10-28,90370,2020-03-31,2,,,,,,,,,,,,,,,,,,,,122773000000,69824000000,0.499,,61315000000,,,,,,,,,,,,true,false,12,2019-04-01,2020-03-31,-1
2020-10-28,90370,2020-03-31,2,,,,,,,,,,,,,,,,,,,,,,,,,,,,,70.00,,,,19012000,18515,,false,false,12,2019-04-01,2020-03-31,-1
2020-10-28,90370,2021-03-31,2,,,,,,,,,,,,,,,,,,,,,,,,,,,,,35.00,,,,,,,false,false,12,2020-04-01,2021-03-31,0
2020-10-28,90370,2021-03-31,2,,,,,,,,,,,,,,,,,,,,,,,,,,,,,70.00,,,,,,,false,true,12,2020-04-01,2021-03-31,0
2020-10-28,90370,2021-03-31,2,,,,,,,,,,,,,,,,,,,,,,,,,,,,,,,,,19012000,224553,18834003,false,false,6,2020-04-01,2020-09-30,0
2020-10-28,90370,2020-03-31,2,,,,,,,,,,,,,,,,,,,,,,,,,,,,,,,,,,,19005307,false,false,6,2019-04-01,2019-09-30,-1
2021-01-29,90370,2021-03-31,3,89434000000,-0.036,,,,,8220000000,0.017,8516000000,0.014,,5133000000,,272.77,,,,,,127651000000,73702000000,0.506,,64609000000,,,,,,,,,,,,true,false,9,2020-04-01,2020-12-31,0
2021-01-29,90370,2020-03-31,3,92791000000,0.066,,,,,8084000000,0.036,8399000000,0.036,,4832000000,,254.26,,,,,,,,,,,,,,,,,,,,,,true,false,9,2019-04-01,2019-12-31,-1
2021-01-29,90370,2021-03-31,3,121000000000,-0.012,,,,,10000000000,-0.019,10300000000,-0.030,,6000000000,,315.70,,,,,,,,,,,,,,,,,,,,,,true,true,12,2020-04-01,2021-03-31,0
2021-01-29,90370,2020-03-31,3,,,,,,,,,,,,,,,,,,,,122773000000,69824000000,0.499,,61315000000,,,,,,,,,,,,true,false,12,2019-04-01,2020-03-31,-1
2021-01-29,90370,2020-03-31,3,,,,,,,,,,,,,,,,,,,,,,,,,,,,,70.00,,,,19012000,18515,,false,false,12,2019-04-01,2020-03-31,-1
2021-01-29,90370,2021-03-31,3,,,,,,,,,,,,,,,,,,,,,,,,,,,,,35.00,,,,,,,false,false,12,2020-04-01,2021-03-31,0
2021-01-29,90370,2021-03-31,3,,,,,,,,,,,,,,,,,,,,,,,,,,,,,75.00,,,,,,,false,true,12,2020-04-01,2021-03-31,0
2021-01-29,90370,2021-03-31,3,,,,,,,,,,,,,,,,,,,,,,,,,,,,,,,,,19012000,224553,18818428,false,false,9,2020-04-01,2020-12-31,0
2021-01-29,90370,2020-03-31,3,,,,,,,,,,,,,,,,,,,,,,,,,,,,,,,,,,,19005300,false,false,9,2019-04-01,2019-12-31,-1
,90370,2021-03-31,,,,,,,,,,,,,,,,,,,,,,,,,,,,,,75.00,,,,,,,false,true,12,2020-04-01,2021-03-31,0
,90370,2021-03-31,,,,,,,,,,,,,,,,,,,,,,,,,,,,,,35.00,,,,,,,false,false,12,2020-04-01,2021-03-31,0
,90370,2020-03-31,,,,,,,,,,,,,,,,,,,,,,,,,,,,,,70.00,,,,,,,false,false,12,2019-04-01,2020-03-31,-1
2021-05-11,90370,2021-03-31,,118876000000,-0.029,,,,,10563000000,0.037,10913000000,0.028,,6427000000,,341.69,,0.101,0.087,0.089,,129295000000,75318000000,0.511,3514.68,66031000000,11466000000,-7451000000,-4063000000,14804000000,,0.219,,,,,,true,false,12,2020-04-01,2021-03-31,0
2021-05-11,90370,2020-03-31,,122471000000,0.057,,,,,10190000000,0.028,10618000000,0.025,,6233000000,,328.01,,0.106,0.088,0.083,,122773000000,69824000000,0.499,3228.26,61315000000,12276000000,-6344000000,-5401000000,14852000000,,0.213,,,,,,true,false,12,2019-04-01,2020-03-31,-1
2021-05-11,90370,2022-03-31,,125000000000,0.052,,,,,11000000000,0.041,11500000000,0.054,,6750000000,,358.83,,,,,,,,,,,,,,,,0.223,,,,,,true,true,12,2021-04-01,2022-03-31,1
2021-05-11,90370,2020-03-31,,,,,,,,,,,,,,,,,,,,,,,,,,,,,,70.00,,,,19012000,18515,19004812,false,false,12,2019-04-01,2020-03-31,-1
2021-05-11,90370,2021-03-31,,,,,,,,,,,,,,,,,,,,,,,,,,,,,,75.00,,,,19012000,224680,18810770,false,false,12,2020-04-01,2021-03-31,0
2021-05-11,90370,2022-03-31,,,,,,,,,,,,,,,,,,,,,,,,,,,,,,80.00,,,,,,,false,true,12,2021-04-01,2022-03-31,1
2021-07-30,90370,2022-03-31,1,30611000000,0.069,,,,,2914000000,0.231,3071000000,0.233,,1800000000,,95.81,,,,,,130527000000,76365000000,0.513,,66948000000,,,,,,,,,,,,true,false,3,2021-04-01,2021-06-30,0
2021-07-30,90370,2021-03-31,1,28637000000,-0.036,,,,,2367000000,-0.050,2490000000,-0.058,,1538000000,,81.52,,,,,,,,,,,,,,,,,,,,,,true,false,3,2020-04-01,2020-06-30,-1
2021-07-30,90370,2022-03-31,1,125000000000,0.052,,,,,11000000000,0.041,11500000000,0.054,,6750000000,,358.83,,,,,,,,,,,,,,,,,,,,,,true,true,12,2021-04-01,2022-03-31,0
2021-07-30,90370,2021-03-31,1,,,,,,,,,,,,,,,,,,,,129295000000,75318000000,0.511,,66031000000,,,,,,,,,,,,true,false,12,2020-04-01,2021-03-31,-1
2021-07-30,90370,2021-03-31,1,,,,,,,,,,,,,,,,,,,,,,,,,,,,,75.00,,,,19012000,224680,,false,false,12,2020-04-01,2021-03-31,-1
2021-07-30,90370,2022-03-31,1,,,,,,,,,,,,,,,,,,,,,,,,,,,,,80.00,,,,,,,false,true,12,2021-04-01,2022-03-31,0
2021-07-30,90370,2022-03-31,1,,,,,,,,,,,,,,,,,,,,,,,,,,,,,,,,,19012000,224711,18787296,false,false,3,2021-04-01,2021-06-30,0
2021-07-30,90370,2021-03-31,1,,,,,,,,,,,,,,,,,,,,,,,,,,,,,,,,,,,18876965,false,false,3,2020-04-01,2020-06-30,-1
2021-10-28,90370,2022-03-31,2,61267000000,0.062,,,,,5504000000,0.125,5764000000,0.128,,3389000000,,180.40,,,,,,132180000000,78235000000,0.519,,68621000000,,,,,,,,,,,,true,false,6,2021-04-01,2021-09-30,0
2021-10-28,90370,2021-03-31,2,57675000000,-0.044,,,,,4894000000,-0.036,5111000000,-0.041,,3154000000,,167.47,,,,,,,,,,,,,,,,,,,,,,true,false,6,2020-04-01,2020-09-30,-1
2021-10-28,90370,2022-03-31,2,125000000000,0.052,,,,,11000000000,0.041,11500000000,0.054,,6750000000,,358.83,,,,,,,,,,,,,,,,,,,,,,true,true,12,2021-04-01,2022-03-31,0
2021-10-28,90370,2021-03-31,2,,,,,,,,,,,,,,,,,,,,129295000000,75318000000,0.511,,66031000000,,,,,,,,,,,,true,false,12,2020-04-01,2021-03-31,-1
2021-10-28,90370,2021-03-31,2,,,,,,,,,,,,,,,,,,,,,,,,,,,,,75.00,,,,19012000,224680,,false,false,12,2020-04-01,2021-03-31,-1
2021-10-28,90370,2022-03-31,2,,,,,,,,,,,,,,,,,,,,,,,,,,,,,40.00,,,,,,,false,false,12,2021-04-01,2022-03-31,0
2021-10-28,90370,2022-03-31,2,,,,,,,,,,,,,,,,,,,,,,,,,,,,,80.00,,,,,,,false,true,12,2021-04-01,2022-03-31,0
2021-10-28,90370,2022-03-31,2,,,,,,,,,,,,,,,,,,,,,,,,,,,,,,,,,19012000,224751,18787284,false,false,6,2021-04-01,2021-09-30,0
2021-10-28,90370,2021-03-31,2,,,,,,,,,,,,,,,,,,,,,,,,,,,,,,,,,,,18834003,false,false,6,2020-04-01,2020-09-30,-1
2022-01-28,90370,2022-03-31,3,94496000000,0.057,,,,,8818000000,0.073,9244000000,0.085,,5365000000,,285.61,,,,,,135145000000,79652000000,0.516,,69799000000,,,,,,,,,,,,true,false,9,2021-04-01,2021-12-31,0
2022-01-28,90370,2021-03-31,3,89434000000,-0.036,,,,,8220000000,0.017,8516000000,0.014,,5133000000,,272.77,,,,,,,,,,,,,,,,,,,,,,true,false,9,2020-04-01,2020-12-31,-1
2022-01-28,90370,2022-03-31,3,125000000000,0.052,,,,,11000000000,0.041,11500000000,0.054,,6750000000,,358.83,,,,,,,,,,,,,,,,,,,,,,true,true,12,2021-04-01,2022-03-31,0
2022-01-28,90370,2021-03-31,3,,,,,,,,,,,,,,,,,,,,129295000000,75318000000,0.511,,66031000000,,,,,,,,,,,,true,false,12,2020-04-01,2021-03-31,-1
2022-01-28,90370,2021-03-31,3,,,,,,,,,,,,,,,,,,,,,,,,,,,,,75.00,,,,19012000,224680,,false,false,12,2020-04-01,2021-03-31,-1
2022-01-28,90370,2022-03-31,3,,,,,,,,,,,,,,,,,,,,,,,,,,,,,40.00,,,,,,,false,false,12,2021-04-01,2022-03-31,0
2022-01-28,90370,2022-03-31,3,,,,,,,,,,,,,,,,,,,,,,,,,,,,,80.00,,,,,,,false,true,12,2021-04-01,2022-03-31,0
2022-01-28,90370,2022-03-31,3,,,,,,,,,,,,,,,,,,,,,,,,,,,,,,,,,19012000,224751,18787273,false,false,9,2021-04-01,2021-12-31,0
2022-01-28,90370,2021-03-31,3,,,,,,,,,,,,,,,,,,,,,,,,,,,,,,,,,,,18818428,false,false,9,2020-04-01,2020-12-31,-1
2022-05-11,90370,2022-03-31,,125094000000,0.052,,,,,11114000000,0.052,11957000000,0.096,,7117000000,,378.84,,0.103,0.090,0.089,,135672000000,81592000000,0.527,3808.86,71558000000,13600000000,-6033000000,-4189000000,18182000000,,0.224,,,,,,true,false,12,2021-04-01,2022-03-31,0
2022-05-11,90370,2021-03-31,,118876000000,-0.029,,,,,10563000000,0.037,10913000000,0.028,,6427000000,,341.69,,0.101,0.087,0.089,,129295000000,75318000000,0.511,3514.68,66031000000,11466000000,-7451000000,-4063000000,14804000000,,0.219,,,,,,true,false,12,2020-04-01,2021-03-31,-1
2022-05-11,90370,2023-03-31,,132000000000,0.055,,,,,11900000000,0.071,12400000000,0.037,,7300000000,,388.56,,,,,,,,,,,,,,,,0.232,,,,,,true,true,12,2022-04-01,2023-03-31,1
2022-05-11,90370,2021-03-31,,,,,,,,,,,,,,,,,,,,,,,,,,,,,,75.00,,,,19012000,224680,18810770,false,false,12,2020-04-01,2021-03-31,-1
2022-05-11,90370,2022-03-31,,,,,,,,,,,,,,,,,,,,,,,,,,,,,,85.00,,,,19012000,224751,18787267,false,false,12,2021-04-01,2022-03-31,0
2022-05-11,90370,2023-03-31,,,,,,,,,,,,,,,,,,,,,,,,,,,,,,90.00,,,,,,,false,true,12,2022-04-01,2023-03-31,1
2022-07-28,90370,2023-03-31,1,32547000000,0.063,,,,,2888000000,-0.009,3172000000,0.033,,1958000000,,104.27,,,,,,139108000000,82836000000,0.523,,72685000000,,,,,,,,,,,,true,false,3,2022-04-01,2022-06-30,0
2022-07-28,90370,2022-03-31,1,30611000000,0.069,,,,,2914000000,0.231,3071000000,0.233,,1800000000,,95.81,,,,,,,,,,,,,,,,,,,,,,true,false,3,2021-04-01,2021-06-30,-1
2022-07-28,90370,2023-03-31,1,132000000000,0.055,,,,,11900000000,0.071,12400000000,0.037,,7300000000,,388.56,,,,,,,,,,,,,,,,,,,,,,true,true,12,2022-04-01,2023-03-31,0
2022-07-28,90370,2022-03-31,1,,,,,,,,,,,,,,,,,,,,135672000000,81592000000,0.527,,71558000000,,,,,,,,,,,,true,false,12,2021-04-01,2022-03-31,-1
2022-07-28,90370,2022-03-31,1,,,,,,,,,,,,,,,,,,,,,,,,,,,,,85.00,,,,19012000,224751,,false,false,12,2021-04-01,2022-03-31,-1
2022-07-28,90370,2023-03-31,1,,,,,,,,,,,,,,,,,,,,,,,,,,,,,90.00,,,,,,,false,true,12,2022-04-01,2023-03-31,0
2022-07-28,90370,2023-03-31,1,,,,,,,,,,,,,,,,,,,,,,,,,,,,,,,,,19012000,224751,18787249,false,false,3,2022-04-01,2022-06-30,0
2022-07-28,90370,2022-03-31,1,,,,,,,,,,,,,,,,,,,,,,,,,,,,,,,,,,,18787296,false,false,3,2021-04-01,2021-06-30,-1
2022-10-28,90370,2023-03-31,2,64962000000,0.060,,,,,5628000000,0.022,6090000000,0.057,,3664000000,,195.03,,,,,,139879000000,84744000000,0.532,,74367000000,,,,,,,,,,,,true,false,6,2022-04-01,2022-09-30,0
2022-10-28,90370,2022-03-31,2,61267000000,0.062,,,,,5504000000,0.125,5764000000,0.128,,3389000000,,180.40,,,,,,,,,,,,,,,,,,,,,,true,false,6,2021-04-01,2021-09-30,-1
2022-10-28,90370,2023-03-31,2,132000000000,0.055,,,,,11900000000,0.071,12400000000,0.037,,7300000000,,388.56,,,,,,,,,,,,,,,,,,,,,,true,true,12,2022-04-01,2023-03-31,0
2022-10-28,90370,2022-03-31,2,,,,,,,,,,,,,,,,,,,,135672000000,81592000000,0.527,,71558000000,,,,,,,,,,,,true,false,12,2021-04-01,2022-03-31,-1
2022-10-28,90370,2022-03-31,2,,,,,,,,,,,,,,,,,,,,,,,,,,,,,85.00,,,,19012000,224751,,false,false,12,2021-04-01,2022-03-31,-1
2022-10-28,90370,2023-03-31,2,,,,,,,,,,,,,,,,,,,,,,,,,,,,,45.00,,,,,,,false,false,12,2022-04-01,2023-03-31,0
2022-10-28,90370,2023-03-31,2,,,,,,,,,,,,,,,,,,,,,,,,,,,,,90.00,,,,,,,false,true,12,2022-04-01,2023-03-31,0
2022-10-28,90370,2023-03-31,2,,,,,,,,,,,,,,,,,,,,,,,,,,,,,,,,,19012000,224789,18787234,false,false,6,2022-04-01,2022-09-30,0
2022-10-28,90370,2022-03-31,2,,,,,,,,,,,,,,,,,,,,,,,,,,,,,,,,,,,18787284,false,false,6,2021-04-01,2021-09-30,-1
2023-01-30,90370,2023-03-31,3,99901000000,0.057,,,,,9202000000,0.044,9806000000,0.061,,5808000000,,309.18,,,,,,142522000000,86356000000,0.531,,75732000000,,,,,,,,,,,,true,false,9,2022-04-01,2022-12-31,0
2023-01-30,90370,2022-03-31,3,94496000000,0.057,,,,,8818000000,0.073,9244000000,0.085,,5365000000,,285.61,,,,,,,,,,,,,,,,,,,,,,true,false,9,2021-04-01,2021-12-31,-1
2023-01-30,90370,2023-03-31,3,132000000000,0.055,,,,,11900000000,0.071,12400000000,0.037,,7300000000,,388.56,,,,,,,,,,,,,,,,,,,,,,true,true,12,2022-04-01,2023-03-31,0
2023-01-30,90370,2022-03-31,3,,,,,,,,,,,,,,,,,,,,135672000000,81592000000,0.527,,71558000000,,,,,,,,,,,,true,false,12,2021-04-01,2022-03-31,-1
2023-01-30,90370,2022-03-31,3,,,,,,,,,,,,,,,,,,,,,,,,,,,,,85.00,,,,19012000,224751,,false,false,12,2021-04-01,2022-03-31,-1
2023-01-30,90370,2023-03-31,3,,,,,,,,,,,,,,,,,,,,,,,,,,,,,45.00,,,,,,,false,false,12,2022-04-01,2023-03-31,0
2023-01-30,90370,2023-03-31,3,,,,,,,,,,,,,,,,,,,,,,,,,,,,,90.00,,,,,,,false,true,12,2022-04-01,2023-03-31,0
2023-01-30,90370,2023-03-31,3,,,,,,,,,,,,,,,,,,,,,,,,,,,,,,,,,19012000,224789,18787226,false,false,9,2022-04-01,2022-12-31,0
2023-01-30,90370,2022-03-31,3,,,,,,,,,,,,,,,,,,,,,,,,,,,,,,,,,,,18787273,false,false,9,2021-04-01,2021-12-31,-1
2023-05-11,90370,2023-03-31,,131912000000,0.054,,,,,11548000000,0.039,12306000000,0.029,,7400000000,,393.92,,0.099,0.088,0.088,,143038000000,88149000000,0.541,4118.72,77379000000,13655000000,-3003000000,-5772000000,23062000000,,0.241,,,,,,true,false,12,2022-04-01,2023-03-31,0
2023-05-11,90370,2022-03-31,,125094000000,0.052,,,,,11114000000,0.052,11957000000,0.096,,7117000000,,378.84,,0.103,0.090,0.089,,135672000000,81592000000,0.527,3808.86,71558000000,13600000000,-6033000000,-4189000000,18182000000,,0.224,,,,,,true,false,12,2021-04-01,2022-03-31,-1
2023-05-11,90370,2024-03-31,,139000000000,0.054,,,,,12100000000,0.048,12800000000,0.040,,7700000000,,409.85,,,,,,,,,,,,,,,,0.244,,,,,,true,true,12,2023-04-01,2024-03-31,1
2023-05-11,90370,2022-03-31,,,,,,,,,,,,,,,,,,,,,,,,,,,,,,85.00,,,,19012000,224751,18787267,false,false,12,2021-04-01,2022-03-31,-1
2023-05-11,90370,2023-03-31,,,,,,,,,,,,,,,,,,,,,,,,,,,,,,95.00,,,,19012000,224789,18787222,false,false,12,2022-04-01,2023-03-31,0
2023-05-11,90370,2024-03-31,,,,,,,,,,,,,,,,,,,,,,,,,,,,,,100.00,,,,,,,false,true,12,2023-04-01,2024-03-31,1
2023-07-27,90370,2024-03-31,1,33092000000,0.017,,,,,2946000000,0.020,3187000000,0.005,,1910000000,,101.71,,,,,,147256000000,89458000000,0.533,,78444000000,,,,,,,,,,,,true,false,3,2023-04-01,2023-06-30,0
2023-07-27,90370,2023-03-31,1,32547000000,0.063,,,,,2888000000,-0.009,3172000000,0.033,,1958000000,,104.27,,,,,,,,,,,,,,,,,,,,,,true,false,3,2022-04-01,2022-06-30,-1
2023-07-27,90370,2024-03-31,1,139000000000,0.054,,,,,12100000000,0.048,12800000000,0.040,,7700000000,,409.85,,,,,,,,,,,,,,,,,,,,,,true,true,12,2023-04-01,2024-03-31,0
2023-07-27,90370,2023-03-31,1,,,,,,,,,,,,,,,,,,,,143038000000,88149000000,0.541,,77379000000,,,,,,,,,,,,true,false,12,2022-04-01,2023-03-31,-1
2023-07-27,90370,2023-03-31,1,,,,,,,,,,,,,,,,,,,,,,,,,,,,,95.00,,,,19012000,224789,,false,false,12,2022-04-01,2023-03-31,-1
2023-07-27,90370,2024-03-31,1,,,,,,,,,,,,,,,,,,,,,,,,,,,,,100.00,,,,,,,false,true,12,2023-04-01,2024-03-31,0
2023-07-27,90370,2024-03-31,1,,,,,,,,,,,,,,,,,,,,,,,,,,,,,,,,,19012000,224822,18787195,false,false,3,2023-04-01,2023-06-30,0
2023-07-27,90370,2023-03-31,1,,,,,,,,,,,,,,,,,,,,,,,,,,,,,,,,,,,18787249,false,false,3,2022-04-01,2022-06-30,-1
2023-10-27,90370,2024-03-31,2,67363000000,0.037,,,,,5640000000,0.002,6063000000,-0.004,,3755000000,,200.00,,,,,,151151000000,91450000000,0.531,,80244000000,,,,,,,,,,,,true,false,6,2023-04-01,2023-09-30,0
2023-10-27,90370,2023-03-31,2,64962000000,0.060,,,,,5628000000,0.022,6090000000,0.057,,3664000000,,195.03,,,,,,,,,,,,,,,,,,,,,,true,false,6,2022-04-01,2022-09-30,-1
2023-10-27,90370,2024-03-31,2,139000000000,0.054,,,,,12100000000,0.048,12800000000,0.040,,7700000000,,409.85,,,,,,,,,,,,,,,,,,,,,,true,true,12,2023-04-01,2024-03-31,0
2023-10-27,90370,2023-03-31,2,,,,,,,,,,,,,,,,,,,,143038000000,88149000000,0.541,,77379000000,,,,,,,,,,,,true,false,12,2022-04-01,2023-03-31,-1
2023-10-27,90370,2023-03-31,2,,,,,,,,,,,,,,,,,,,,,,,,,,,,,95.00,,,,19012000,224789,,false,false,12,2022-04-01,2023-03-31,-1
2023-10-27,90370,2024-03-31,2,,,,,,,,,,,,,,,,,,,,,,,,,,,,,55.00,,,,,,,false,false,12,2023-04-01,2024-03-31,0
2023-10-27,90370,2024-03-31,2,,,,,,,,,,,,,,,,,,,,,,,,,,,,,110.00,,,,,,,false,true,12,2023-04-01,2024-03-31,0
2023-10-27,90370,2024-03-31,2,,,,,,,,,,,,,,,,,,,,,,,,,,,,,,,,,19012000,258922,18779674,false,false,6,2023-04-01,2023-09-30,0
2023-10-27,90370,2023-03-31,2,,,,,,,,,,,,,,,,,,,,,,,,,,,,,,,,,,,18787234,false,false,6,2022-04-01,2022-09-30,-1
2024-01-30,90370,2024-03-31,3,105058000000,0.052,,,,,9578000000,0.041,10170000000,0.037,,6226000000,,331.69,,,,,,151811000000,93099000000,0.538,,81682000000,,,,,,,,,,,,true,false,9,2023-04-01,2023-12-31,0
2024-01-30,90370,2023-03-31,3,99901000000,0.057,,,,,9202000000,0.044,9806000000,0.061,,5808000000,,309.18,,,,,,,,,,,,,,,,,,,,,,true,false,9,2022-04-01,2022-12-31,-1
2024-01-30,90370,2024-03-31,3,139000000000,0.054,,,,,12100000000,0.048,12800000000,0.040,,7700000000,,409.85,,,,,,,,,,,,,,,,,,,,,,true,true,12,2023-04-01,2024-03-31,0
2024-01-30,90370,2023-03-31,3,,,,,,,,,,,,,,,,,,,,143038000000,88149000000,0.541,,77379000000,,,,,,,,,,,,true,false,12,2022-04-01,2023-03-31,-1
2024-01-30,90370,2023-03-31,3,,,,,,,,,,,,,,,,,,,,,,,,,,,,,95.00,,,,19012000,224789,,false,false,12,2022-04-01,2023-03-31,-1
2024-01-30,90370,2024-03-31,3,,,,,,,,,,,,,,,,,,,,,,,,,,,,,55.00,,,,,,,false,false,12,2023-04-01,2024-03-31,0
2024-01-30,90370,2024-03-31,3,,,,,,,,,,,,,,,,,,,,,,,,,,,,,110.00,,,,,,,false,true,12,2023-04-01,2024-03-31,0
2024-01-30,90370,2024-03-31,3,,,,,,,,,,,,,,,,,,,,,,,,,,,,,,,,,19012000,258922,18770777,false,false,9,2023-04-01,2023-12-31,0
2024-01-30,90370,2023-03-31,3,,,,,,,,,,,,,,,,,,,,,,,,,,,,,,,,,,,18787226,false,false,9,2022-04-01,2022-12-31,-1
2024-01-30,90370,2024-03-31,3,105058000000,0.052,,,,,9795000000,0.064,10146000000,0.035,,6152000000,,327.78,,,,,,151811000000,92998000000,0.538,,81609000000,,,,,,,,,,,,true,false,9,2023-04-01,2023-12-31,0
2024-01-30,90370,2023-03-31,3,99901000000,0.057,,,,,9202000000,0.044,9806000000,0.061,,5808000000,,309.18,,,,,,,,,,,,,,,,,,,,,,true,false,9,2022-04-01,2022-12-31,-1
2024-01-30,90370,2024-03-31,3,139000000000,0.054,,,,,12100000000,0.048,12800000000,0.040,,7700000000,,409.85,,,,,,,,,,,,,,,,,,,,,,true,true,12,2023-04-01,2024-03-31,0
2024-01-30,90370,2023-03-31,3,,,,,,,,,,,,,,,,,,,,143038000000,88149000000,0.541,,77379000000,,,,,,,,,,,,true,false,12,2022-04-01,2023-03-31,-1
2024-01-30,90370,2023-03-31,3,,,,,,,,,,,,,,,,,,,,,,,,,,,,,95.00,,,,19012000,224789,,false,false,12,2022-04-01,2023-03-31,-1
2024-01-30,90370,2024-03-31,3,,,,,,,,,,,,,,,,,,,,,,,,,,,,,55.00,,,,,,,false,false,12,2023-04-01,2024-03-31,0
2024-01-30,90370,2024-03-31,3,,,,,,,,,,,,,,,,,,,,,,,,,,,,,110.00,,,,,,,false,true,12,2023-04-01,2024-03-31,0
2024-01-30,90370,2024-03-31,3,,,,,,,,,,,,,,,,,,,,,,,,,,,,,,,,,19012000,258922,18770777,false,false,9,2023-04-01,2023-12-31,0
2024-01-30,90370,2023-03-31,3,,,,,,,,,,,,,,,,,,,,,,,,,,,,,,,,,,,18787226,false,false,9,2022-04-01,2022-12-31,-1
2024-05-20,90370,2024-03-31,,140572000000,0.066,,,,,12569000000,0.088,13136000000,0.067,,8305000000,,442.57,,0.103,0.088,0.089,,154892000000,95631000000,0.542,4474.91,83936000000,15883000000,-8305000000,-6497000000,24143000000,,0.271,,,,,,true,false,12,2023-04-01,2024-03-31,0
2024-05-20,90370,2023-03-31,,131912000000,0.054,,,,,11548000000,0.039,12306000000,0.029,,7400000000,,393.92,,0.099,0.088,0.088,,143038000000,88149000000,0.541,4118.72,77379000000,13655000000,-3003000000,-5772000000,23062000000,,0.241,,,,,,true,false,12,2022-04-01,2023-03-31,-1
2024-05-20,90370,2025-03-31,,146000000000,0.039,,,,,12900000000,0.026,13800000000,0.051,,8600000000,,458.25,,,,,,,,,,,,,,,,0.306,,,,,,true,true,12,2024-04-01,2025-03-31,1
2024-05-20,90370,2023-03-31,,,,,,,,,,,,,,,,,,,,,,,,,,,,,,95.00,,,,19012000,224789,18787222,false,false,12,2022-04-01,2023-03-31,-1
2024-05-20,90370,2024-03-31,,,,,,,,,,,,,,,,,,,,,,,,,,,,,,120.00,,,,19012000,254902,18767196,false,false,12,2023-04-01,2024-03-31,0
2024-05-20,90370,2025-03-31,,,,,,,,,,,,,,,,,,,,,,,,,,,,,,140.00,,,,,,,false,true,12,2024-04-01,2025-03-31,1
2024-05-20,90370,2024-03-31,,140572000000,0.066,,,,,12569000000,0.088,13136000000,0.067,,8305000000,,442.57,,0.103,0.088,0.089,,154892000000,95631000000,0.542,4474.91,83936000000,15883000000,-8305000000,-6497000000,24143000000,,0.271,,,,,,true,false,12,2023-04-01,2024-03-31,0
2024-05-20,90370,2023-03-31,,131912000000,0.054,,,,,11548000000,0.039,12306000000,0.029,,7400000000,,393.92,,0.099,0.088,0.088,,143038000000,88149000000,0.541,4118.72,77379000000,13655000000,-3003000000,-5772000000,23062000000,,0.241,,,,,,true,false,12,2022-04-01,2023-03-31,-1
2024-05-20,90370,2025-03-31,,146000000000,0.039,,,,,12900000000,0.026,13800000000,0.051,,8600000000,,458.25,,,,,,,,,,,,,,,,,,,,,,true,true,12,2024-04-01,2025-03-31,1
2024-05-20,90370,2023-03-31,,,,,,,,,,,,,,,,,,,,,,,,,,,,,,95.00,,,,19012000,224789,18787222,false,false,12,2022-04-01,2023-03-31,-1
2024-05-20,90370,2024-03-31,,,,,,,,,,,,,,,,,,,,,,,,,,,,,,120.00,,,,19012000,254902,18767196,false,false,12,2023-04-01,2024-03-31,0
2024-05-20,90370,2025-03-31,,,,,,,,,,,,,,,,,,,,,,,,,,,,,,18.75,,,,,,,false,true,12,2024-04-01,2025-03-31,1
2024-07-29,90370,2025-03-31,1,35744000000,0.080,,,,,3278000000,0.113,3567000000,0.119,,2152000000,,114.88,,,,,,155358000000,96427000000,0.545,,84727000000,,,,,,,,,,,,true,false,3,2024-04-01,2024-06-30,0
2024-07-29,90370,2024-03-31,1,33092000000,0.017,,,,,2946000000,0.020,3187000000,0.005,,1910000000,,101.71,,,,,,,,,,,,,,,,,,,,,,true,false,3,2023-04-01,2023-06-30,-1
2024-07-29,90370,2025-03-31,1,146000000000,0.039,,,,,12900000000,0.026,13800000000,0.051,,8600000000,,458.25,,,,,,,,,,,,,,,,,,,,,,true,true,12,2024-04-01,2025-03-31,0
2024-07-29,90370,2024-03-31,1,,,,,,,,,,,,,,,,,,,,154892000000,95631000000,0.542,,83936000000,,,,,,,,,,,,true,false,12,2023-04-01,2024-03-31,-1
2024-07-29,90370,2024-03-31,1,,,,,,,,,,,,,,,,,,,,,,,,,,,,,120.00,,,,19012000,254902,,false,false,12,2023-04-01,2024-03-31,-1
2024-07-29,90370,2025-03-31,1,,,,,,,,,,,,,,,,,,,,,,,,,,,,,18.75,,,,,,,false,true,12,2024-04-01,2025-03-31,0
2024-07-29,90370,2025-03-31,1,,,,,,,,,,,,,,,,,,,,,,,,,,,,,,,,,19012000,319754,18739052,false,false,3,2024-04-01,2024-06-30,0
2024-07-29,90370,2024-03-31,1,,,,,,,,,,,,,,,,,,,,,,,,,,,,,,,,,,,18787195,false,false,3,2023-04-01,2023-06-30,-1
2024-10-29,90370,2025-03-31,2,72196000000,0.072,,,,,6448000000,0.143,6957000000,0.148,,4284000000,,57.35,,,,,,155479000000,97989000000,0.553,,86054000000,,,,,,,,,,,,true,false,6,2024-04-01,2024-09-30,0
2024-10-29,90370,2024-03-31,2,67363000000,0.037,,,,,5640000000,0.002,6063000000,-0.004,,3755000000,,50.00,,,,,,,,,,,,,,,,,,,,,,true,false,6,2023-04-01,2023-09-30,-1
2024-10-29,90370,2025-03-31,2,146000000000,0.039,,,,,12900000000,0.026,13800000000,0.051,,8600000000,,114.56,,,,,,,,,,,,,,,,,,,,,,true,true,12,2024-04-01,2025-03-31,0
2024-10-29,90370,2024-03-31,2,,,,,,,,,,,,,,,,,,,,154892000000,95631000000,0.542,,83936000000,,,,,,,,,,,,true,false,12,2023-04-01,2024-03-31,-1
2024-10-29,90370,2024-03-31,2,,,,,,,,,,,,,,,,,,,,,,,,,,,,,120.00,,,,76048000,1019608,,false,false,12,2023-04-01,2024-03-31,-1
2024-10-29,90370,2025-03-31,2,,,,,,,,,,,,,,,,,,,,,,,,,,,,,65.00,,,,,,,false,false,12,2024-04-01,2025-03-31,0
2024-10-29,90370,2025-03-31,2,,,,,,,,,,,,,,,,,,,,,,,,,,,,,18.75,,,,,,,false,true,12,2024-04-01,2025-03-31,0
2024-10-29,90370,2025-03-31,2,,,,,,,,,,,,,,,,,,,,,,,,,,,,,,,,,76048000,1896996,74694028,false,false,6,2024-04-01,2024-09-30,0
2024-10-29,90370,2024-03-31,2,,,,,,,,,,,,,,,,,,,,,,,,,,,,,,,,,,,75118696,false,false,6,2023-04-01,2023-09-30,-1
2025-01-31,90370,2025-03-31,3,110978000000,0.056,,,,,10615000000,0.084,11270000000,0.111,,6879000000,,92.39,,,,,,157680000000,99425000000,0.554,,87301000000,,,,,,,,,,,,true,false,9,2024-04-01,2024-12-31,0
2025-01-31,90370,2024-03-31,3,105058000000,0.052,,,,,9795000000,0.064,10146000000,0.035,,6152000000,,81.94,,,,,,,,,,,,,,,,,,,,,,true,false,9,2023-04-01,2023-12-31,-1
2025-01-31,90370,2025-03-31,3,146000000000,0.039,,,,,12900000000,0.026,13800000000,0.051,,8600000000,,114.56,,,,,,,,,,,,,,,,,,,,,,true,true,12,2024-04-01,2025-03-31,0
2025-01-31,90370,2024-03-31,3,,,,,,,,,,,,,,,,,,,,154892000000,95631000000,0.542,,83936000000,,,,,,,,,,,,true,false,12,2023-04-01,2024-03-31,-1
2025-01-31,90370,2024-03-31,3,,,,,,,,,,,,,,,,,,,,,,,,,,,,,120.00,,,,76048000,1019608,,false,false,12,2023-04-01,2024-03-31,-1
2025-01-31,90370,2025-03-31,3,,,,,,,,,,,,,,,,,,,,,,,,,,,,,65.00,,,,,,,false,false,12,2024-04-01,2025-03-31,0
2025-01-31,90370,2025-03-31,3,,,,,,,,,,,,,,,,,,,,,,,,,,,,,18.75,,,,,,,false,true,12,2024-04-01,2025-03-31,0
2025-01-31,90370,2025-03-31,3,,,,,,,,,,,,,,,,,,,,,,,,,,,,,,,,,76048000,2055396,74459371,false,false,9,2024-04-01,2024-12-31,0
2025-01-31,90370,2024-03-31,3,,,,,,,,,,,,,,,,,,,,,,,,,,,,,,,,,,,75083108,false,false,9,2023-04-01,2023-12-31,-1
2025-05-09,9037,2025-03-31,,146668000000,0.043,,,,,13213000000,0.051,14279000000,0.087,,8931000000,,120.13,,0.103,0.091,0.090,,159446000000,101896000000,0.562,1210.13,89559000000,14111000000,-11076000000,-5553000000,21652000000,,0.291,,,,,,true,false,12,2024-04-01,2025-03-31,0
2025-05-09,9037,2024-03-31,,140572000000,0.066,,,,,12569000000,0.088,13136000000,0.067,,8305000000,,110.64,,0.103,0.088,0.089,,154892000000,95631000000,0.542,1118.72,83936000000,15883000000,-8305000000,-6497000000,24143000000,,0.271,,,,,,true,false,12,2023-04-01,2024-03-31,-1
2025-05-09,9037,2026-03-31,,153000000000,0.043,,,,,13900000000,0.052,15000000000,0.050,,9400000000,,126.43,,,,,,,,,,,,,,,,0.306,,,,,,true,true,12,2025-04-01,2026-03-31,1
2025-05-09,9037,2024-03-31,,,,,,,,,,,,,,,,,,,,,,,,,,,,,,120.00,,,,76048000,1019608,75068783,false,false,12,2023-04-01,2024-03-31,-1
2025-05-09,9037,2025-03-31,,,,,,,,,,,,,,,,,,,,,,,,,,,,,,18.75,,,,76048000,2040400,74347803,false,false,12,2024-04-01,2025-03-31,0
2025-05-09,9037,2026-03-31,,,,,,,,,,,,,,,,,,,,,,,,,,,,,,38.75,,,,,,,false,true,12,2025-04-01,2026-03-31,1
2025-07-30,9037,2026-03-31,1,37392000000,0.046,,,,,3594000000,0.096,3943000000,0.105,,2489000000,,33.63,,,,,,160707000000,103157000000,0.565,,90767000000,,,,,,,,,,,,true,false,3,2025-04-01,2025-06-30,0
2025-07-30,9037,2025-03-31,1,35744000000,0.080,,,,,3278000000,0.113,3567000000,0.119,,2152000000,,28.72,,,,,,,,,,,,,,,,,,,,,,true,false,3,2024-04-01,2024-06-30,-1
2025-07-30,9037,2026-03-31,1,153000000000,0.043,,,,,13900000000,0.052,15000000000,0.050,,9400000000,,126.43,,,,,,,,,,,,,,,,,,,,,,true,true,12,2025-04-01,2026-03-31,0
2025-07-30,9037,2025-03-31,1,,,,,,,,,,,,,,,,,,,,159446000000,101896000000,0.562,,89559000000,,,,,,,,,,,,true,false,12,2024-04-01,2025-03-31,-1
2025-07-30,9037,2025-03-31,1,,,,,,,,,,,,,,,,,,,,,,,,,,,,,18.75,,,,76048000,2040400,,false,false,12,2024-04-01,2025-03-31,-1
2025-07-30,9037,2026-03-31,1,,,,,,,,,,,,,,,,,,,,,,,,,,,,,38.75,,,,,,,false,true,12,2025-04-01,2026-03-31,0
2025-07-30,9037,2026-03-31,1,,,,,,,,,,,,,,,,,,,,,,,,,,,,,,,,,76048000,2040400,74007600,false,false,3,2025-04-01,2025-06-30,0
2025-07-30,9037,2025-03-31,1,,,,,,,,,,,,,,,,,,,,,,,,,,,,,,,,,,,74956207,false,false,3,2024-04-01,2024-06-30,-1
