filing_date,code,fiscal_year_end,quarterly_period,net_sales,net_sales_change,revenue,revenue_change,operating_revenue,operating_revenue_change,operating_profit,operating_profit_change,ordinary_profit,ordinary_profit_change,net_income,net_income_of_parent,net_income_change,eps,diluted_eps,roe,roa,operating_profit_to_net_sales,operating_profit_to_revenue,total_assets,net_assets,equity_ratio,bps,owner_equity,operating_cash_flow,investing_cash_flow,financing_cash_flow,cash,dividend_per_share,payout_ratio,commemorative_dividend,extra_dividend,number_of_shares,number_of_treqsury_shares,avg_number_of_shares,is_consolidated,is_forecast,duration,period_start,period_end,period_pos
2015-07-31,90440,2016-03-31,1,,,,,51816000000,0.148,8998000000,0.360,7891000000,0.501,,5266000000,,9.29,,,,,,908400000000,203073000000,0.214,,194232000000,,,,,,,,,,,,true,false,3,2015-04-01,2015-06-30,0
2015-07-31,90440,2015-03-31,1,,,,,45143000000,-0.037,6615000000,-0.049,5256000000,-0.038,,3499000000,,6.70,,,,,,,,,,,,,,,,,,,,,,true,false,3,2014-04-01,2014-06-30,-1
2015-07-31,90440,2016-03-31,1,,,,,108100000000,0.086,13900000000,-0.043,11100000000,-0.028,,6900000000,,12.17,,,,,,,,,,,,,,,,,,,,,,true,true,6,2015-04-01,2015-09-30,0
2015-07-31,90440,2016-03-31,1,,,,,216700000000,0.027,26600000000,-0.054,20900000000,-0.050,,12400000000,,21.87,,,,,,,,,,,,,,,,,,,,,,true,true,12,2015-04-01,2016-03-31,0
2015-07-31,90440,2015-03-31,1,,,,,,,,,,,,,,,,,,,,909547000000,199991000000,0.210,,191238000000,,,,,,,,,,,,true,false,12,2014-04-01,2015-03-31,-1
2015-07-31,90440,2015-03-31,1,,,,,,,,,,,,,,,,,,,,,,,,,,,,,6.00,,,,567012232,83668,,false,false,12,2014-04-01,2015-03-31,-1
2015-07-31,90440,2016-03-31,1,,,,,,,,,,,,,,,,,,,,,,,,,,,,,5.00,,,,,,,false,true,12,2015-04-01,2016-03-31,0
2015-07-31,90440,2016-03-31,1,,,,,,,,,,,,,,,,,,,,,,,,,,,,,,,,,567012232,95463,566921684,false,false,3,2015-04-01,2015-06-30,0
2015-07-31,90440,2015-03-31,1,,,,,,,,,,,,,,,,,,,,,,,,,,,,,,,,,,,522549900,false,false,3,2014-04-01,2014-06-30,-1
2015-09-29,90440,2016-03-31,,,,,,108800000000,0.006,17100000000,0.230,14500000000,0.306,,9900000000,,17.46,,,,,,,,,,,,,,,,,,,,,,true,true,6,2015-04-01,2015-09-30,0
2015-09-29,90440,2015-03-31,,,,,,99568000000,,14523000000,,11416000000,,,7739000000,,14.81,,,,,,,,,,,,,,,,,,,,,,true,false,6,2014-04-01,2014-09-30,-1
2015-10-30,90440,2016-03-31,2,,,,,108125000000,0.086,17900000000,0.233,15312000000,0.341,,10531000000,,18.58,,,,,,903792000000,205942000000,0.218,,197093000000,,,,,,,,,,,,true,false,6,2015-04-01,2015-09-30,0
2015-10-30,90440,2015-03-31,2,,,,,99568000000,0.019,14523000000,0.118,11416000000,0.170,,7739000000,,14.81,,,,,,,,,,,,,,,,,,,,,,true,false,6,2014-04-01,2014-09-30,-1
2015-10-30,90440,2016-03-31,2,,,,,218100000000,0.034,29800000000,0.060,24300000000,0.104,,15400000000,,27.17,,,,,,,,,,,,,,,,,,,,,,true,true,12,2015-04-01,2016-03-31,0
2015-10-30,90440,2015-03-31,2,,,,,,,,,,,,,,,,,,,,909547000000,199991000000,0.210,,191238000000,,,,,,,,,,,,true,false,12,2014-04-01,2015-03-31,-1
2015-10-30,90440,2015-03-31,2,,,,,,,,,,,,,,,,,,,,,,,,,,,,,6.00,,,,567012232,83668,,false,false,12,2014-04-01,2015-03-31,-1
2015-10-30,90440,2016-03-31,2,,,,,,,,,,,,,,,,,,,,,,,,,,,,,0.00,,,,,,,false,false,12,2015-04-01,2016-03-31,0
2015-10-30,90440,2016-03-31,2,,,,,,,,,,,,,,,,,,,,,,,,,,,,,5.00,,,,,,,false,true,12,2015-04-01,2016-03-31,0
2015-10-30,90440,2016-03-31,2,,,,,,,,,,,,,,,,,,,,,,,,,,,,,,,,,567012232,124042,566910430,false,false,6,2015-04-01,2015-09-30,0
2015-10-30,90440,2015-03-31,2,,,,,,,,,,,,,,,,,,,,,,,,,,,,,,,,,,,522535116,false,false,6,2014-04-01,2014-09-30,-1
2016-01-29,90440,2016-03-31,3,,,,,164182000000,0.068,27359000000,0.172,23593000000,0.262,,15841000000,,27.94,,,,,,905419000000,211803000000,0.224,,202840000000,,,,,,,,,,,,true,false,9,2015-04-01,2015-12-31,0
2016-01-29,90440,2015-03-31,3,,,,,153716000000,0.037,23343000000,0.199,18695000000,0.265,,12517000000,,23.76,,,,,,,,,,,,,,,,,,,,,,true,false,9,2014-04-01,2014-12-31,-1
2016-01-29,90440,2016-03-31,3,,,,,218100000000,0.034,29800000000,0.060,24300000000,0.104,,15400000000,,27.17,,,,,,,,,,,,,,,,,,,,,,true,true,12,2015-04-01,2016-03-31,0
2016-01-29,90440,2015-03-31,3,,,,,,,,,,,,,,,,,,,,909547000000,199991000000,0.210,,191238000000,,,,,,,,,,,,true,false,12,2014-04-01,2015-03-31,-1
2016-01-29,90440,2015-03-31,3,,,,,,,,,,,,,,,,,,,,,,,,,,,,,6.00,,,,567012232,83668,,false,false,12,2014-04-01,2015-03-31,-1
2016-01-29,90440,2016-03-31,3,,,,,,,,,,,,,,,,,,,,,,,,,,,,,0.00,,,,,,,false,false,12,2015-04-01,2016-03-31,0
2016-01-29,90440,2016-03-31,3,,,,,,,,,,,,,,,,,,,,,,,,,,,,,5.00,,,,,,,false,true,12,2015-04-01,2016-03-31,0
2016-01-29,90440,2016-03-31,3,,,,,,,,,,,,,,,,,,,,,,,,,,,,,,,,,567012232,142189,566900801,false,false,9,2015-04-01,2015-12-31,0
2016-01-29,90440,2015-03-31,3,,,,,,,,,,,,,,,,,,,,,,,,,,,,,,,,,,,526874545,false,false,9,2014-04-01,2014-12-31,-1
2016-03-23,90440,2016-03-31,,,,,,218600000000,0.002,31500000000,0.057,26400000000,0.086,,11900000000,,20.99,,,,,,,,,,,,,,,,,,,,,,true,true,12,2015-04-01,2016-03-31,0
2016-03-23,90440,2015-03-31,,,,,,210995000000,,28118000000,,22001000000,,,17467000000,,32.58,,,,,,,,,,,,,,,,,,,,,,true,false,12,2014-04-01,2015-03-31,-1
2016-03-23,90440,2016-03-31,,,,,,94100000000,0.011,19000000000,-0.016,14700000000,-0.007,4600000000,,-0.531,8.11,,,,,,,,,,,,,,,6.00,,,,,,,false,true,12,2015-04-01,2016-03-31,0
2016-03-23,90440,2015-03-31,,,,,,92234000000,,18159000000,,12480000000,,10228000000,,,19.08,,,,,,,,,,,,,,,6.00,,,,,,,false,false,12,2014-04-01,2015-03-31,-1
2016-03-23,90440,2016-03-31,,,,,,,,,,,,,,,,,,,,,,,,,,,,,,0.00,,,,,,,false,false,12,2015-04-01,2016-03-31,0
2016-04-28,90440,2016-03-31,,,,,,219065000000,0.038,32318000000,0.149,27110000000,0.232,,12612000000,,22.25,,0.065,0.030,,,894621000000,203939000000,0.218,343.47,194698000000,43212000000,-29030000000,-17047000000,18294000000,,0.270,,,,,,true,false,12,2015-04-01,2016-03-31,0
2016-04-28,90440,2015-03-31,,,,,,210995000000,0.068,28118000000,0.219,22001000000,0.302,,17467000000,,32.58,,0.103,0.026,,,909547000000,199991000000,0.210,337.32,191238000000,43013000000,-90315000000,51503000000,21160000000,,0.184,,,,,,true,false,12,2014-04-01,2015-03-31,-1
2016-04-28,90440,2017-03-31,,,,,,111000000000,0.027,16000000000,-0.106,13400000000,-0.125,,8200000000,,14.47,,,,,,,,,,,,,,,,,,,,,,true,true,6,2016-04-01,2016-09-30,1
2016-04-28,90440,2017-03-31,,,,,,225500000000,0.029,31700000000,-0.019,26600000000,-0.019,,17000000000,,29.99,,,,,,,,,,,,,,,,0.200,,,,,,true,true,12,2016-04-01,2017-03-31,1
2016-04-28,90440,2016-03-31,,,,,,94395000000,0.023,19158000000,0.055,14885000000,0.193,4723000000,,-0.538,8.33,,,,,,802704000000,167966000000,0.209,296.31,167966000000,,,,,6.00,,,,567012232,150886,566892312,false,false,12,2015-04-01,2016-03-31,0
2016-04-28,90440,2015-03-31,,,,,,92234000000,0.017,18159000000,0.083,12480000000,0.143,10228000000,,0.584,19.08,,,,,,815273000000,167586000000,0.206,295.60,167586000000,,,,,6.00,,,,567012232,83668,536119258,false,false,12,2014-04-01,2015-03-31,-1
2016-04-28,90440,2017-03-31,,,,,,48100000000,0.010,10200000000,-0.111,8500000000,-0.115,5600000000,,-0.199,9.88,,,,,,,,,,,,,,,,,,,,,,false,true,6,2016-04-01,2016-09-30,1
2016-04-28,90440,2017-03-31,,,,,,95800000000,0.015,19700000000,0.028,15600000000,0.048,10600000000,,1.244,18.70,,,,,,,,,,,,,,,6.00,,,,,,,false,true,12,2016-04-01,2017-03-31,1
2016-07-29,90440,2017-03-31,1,,,,,53034000000,0.024,8848000000,-0.017,7718000000,-0.022,,4392000000,,7.75,,,,,,868259000000,203939000000,0.224,,194668000000,,,,,,,,,,,,true,false,3,2016-04-01,2016-06-30,0
2016-07-29,90440,2016-03-31,1,,,,,51816000000,0.148,8998000000,0.360,7891000000,0.501,,5266000000,,9.29,,,,,,,,,,,,,,,,,,,,,,true,false,3,2015-04-01,2015-06-30,-1
2016-07-29,90440,2017-03-31,1,,,,,111000000000,0.027,16000000000,-0.106,13400000000,-0.125,,8200000000,,14.47,,,,,,,,,,,,,,,,,,,,,,true,true,6,2016-04-01,2016-09-30,0
2016-07-29,90440,2017-03-31,1,,,,,225500000000,0.029,31700000000,-0.019,26600000000,-0.019,,17000000000,,29.99,,,,,,,,,,,,,,,,,,,,,,true,true,12,2016-04-01,2017-03-31,0
2016-07-29,90440,2016-03-31,1,,,,,,,,,,,,,,,,,,,,894621000000,203939000000,0.218,,194698000000,,,,,,,,,,,,true,false,12,2015-04-01,2016-03-31,-1
2016-07-29,90440,2016-03-31,1,,,,,,,,,,,,,,,,,,,,,,,,,,,,,6.00,,,,567012232,150886,,false,false,12,2015-04-01,2016-03-31,-1
2016-07-29,90440,2017-03-31,1,,,,,,,,,,,,,,,,,,,,,,,,,,,,,6.00,,,,,,,false,true,12,2016-04-01,2017-03-31,0
2016-07-29,90440,2017-03-31,1,,,,,,,,,,,,,,,,,,,,,,,,,,,,,,,,,567012232,160898,566855676,false,false,3,2016-04-01,2016-06-30,0
2016-07-29,90440,2016-03-31,1,,,,,,,,,,,,,,,,,,,,,,,,,,,,,,,,,,,566921684,false,false,3,2015-04-01,2015-06-30,-1
2016-10-31,90440,2017-03-31,2,,,,,110248000000,0.020,17693000000,-0.012,15232000000,-0.005,,9614000000,,16.96,,,,,,872209000000,210373000000,0.230,,201016000000,,,,,,,,,,,,true,false,6,2016-04-01,2016-09-30,0
2016-10-31,90440,2016-03-31,2,,,,,108125000000,0.086,17900000000,0.233,15312000000,0.341,,10531000000,,18.58,,,,,,,,,,,,,,,,,,,,,,true,false,6,2015-04-01,2015-09-30,-1
2016-10-31,90440,2017-03-31,2,,,,,223300000000,0.019,30800000000,-0.047,26300000000,-0.030,,16700000000,,29.46,,,,,,,,,,,,,,,,,,,,,,true,true,12,2016-04-01,2017-03-31,0
2016-10-31,90440,2016-03-31,2,,,,,,,,,,,,,,,,,,,,894621000000,203939000000,0.218,,194698000000,,,,,,,,,,,,true,false,12,2015-04-01,2016-03-31,-1
2016-10-31,90440,2016-03-31,2,,,,,,,,,,,,,,,,,,,,,,,,,,,,,6.00,,,,567012232,150886,,false,false,12,2015-04-01,2016-03-31,-1
2016-10-31,90440,2017-03-31,2,,,,,,,,,,,,,,,,,,,,,,,,,,,,,3.00,,,,,,,false,false,12,2016-04-01,2017-03-31,0
2016-10-31,90440,2017-03-31,2,,,,,,,,,,,,,,,,,,,,,,,,,,,,,6.00,,,,,,,false,true,12,2016-04-01,2017-03-31,0
2016-10-31,90440,2017-03-31,2,,,,,,,,,,,,,,,,,,,,,,,,,,,,,,,,,567012232,176905,566849690,false,false,6,2016-04-01,2016-09-30,0
2016-10-31,90440,2016-03-31,2,,,,,,,,,,,,,,,,,,,,,,,,,,,,,,,,,,,566910430,false,false,6,2015-04-01,2015-09-30,-1
2017-01-31,90440,2017-03-31,3,,,,,165434000000,0.008,26437000000,-0.034,23095000000,-0.021,,14792000000,,26.10,,,,,,880322000000,216858000000,0.235,,207274000000,,,,,,,,,,,,true,false,9,2016-04-01,2016-12-31,0
2017-01-31,90440,2016-03-31,3,,,,,164182000000,0.068,27359000000,0.172,23593000000,0.262,,15841000000,,27.94,,,,,,,,,,,,,,,,,,,,,,true,false,9,2015-04-01,2015-12-31,-1
2017-01-31,90440,2017-03-31,3,,,,,223300000000,0.019,30800000000,-0.047,26300000000,-0.030,,16700000000,,29.46,,,,,,,,,,,,,,,,,,,,,,true,true,12,2016-04-01,2017-03-31,0
2017-01-31,90440,2016-03-31,3,,,,,,,,,,,,,,,,,,,,894621000000,203939000000,0.218,,194698000000,,,,,,,,,,,,true,false,12,2015-04-01,2016-03-31,-1
2017-01-31,90440,2016-03-31,3,,,,,,,,,,,,,,,,,,,,,,,,,,,,,6.00,,,,567012232,150886,,false,false,12,2015-04-01,2016-03-31,-1
2017-01-31,90440,2017-03-31,3,,,,,,,,,,,,,,,,,,,,,,,,,,,,,3.00,,,,,,,false,false,12,2016-04-01,2017-03-31,0
2017-01-31,90440,2017-03-31,3,,,,,,,,,,,,,,,,,,,,,,,,,,,,,6.00,,,,,,,false,true,12,2016-04-01,2017-03-31,0
2017-01-31,90440,2017-03-31,3,,,,,,,,,,,,,,,,,,,,,,,,,,,,,,,,,567012232,189140,566843519,false,false,9,2016-04-01,2016-12-31,0
2017-01-31,90440,2016-03-31,3,,,,,,,,,,,,,,,,,,,,,,,,,,,,,,,,,,,566900801,false,false,9,2015-04-01,2015-12-31,-1
2017-04-28,90440,2017-03-31,,,,,,221690000000,0.012,31840000000,-0.015,27111000000,0.000,,16452000000,,29.03,,0.081,0.030,,,890798000000,219288000000,0.235,369.15,209239000000,42753000000,-30861000000,-11906000000,18342000000,,0.207,,,,,,true,false,12,2016-04-01,2017-03-31,0
2017-04-28,90440,2016-03-31,,,,,,219065000000,0.038,32318000000,0.149,27110000000,0.232,,12612000000,,22.25,,0.065,0.030,,,894621000000,203939000000,0.218,343.47,194698000000,43212000000,-29030000000,-17047000000,18294000000,,0.270,,,,,,true,false,12,2015-04-01,2016-03-31,-1
2017-04-28,90440,2018-03-31,,,,,,110300000000,0.000,15900000000,-0.101,13500000000,-0.114,,9400000000,,16.58,,,,,,,,,,,,,,,,,,,,,,true,true,6,2017-04-01,2017-09-30,1
2017-04-28,90440,2018-03-31,,,,,,231400000000,0.044,33000000000,0.036,28200000000,0.040,,18600000000,,164.08,,,,,,,,,,,,,,,,0.183,,,,,,true,true,12,2017-04-01,2018-03-31,1
2017-04-28,90440,2017-03-31,,,,,,95874000000,0.016,18800000000,-0.019,14803000000,-0.005,9795000000,,1.074,17.28,,,,,,797073000000,174325000000,0.219,307.56,174325000000,,,,,6.00,,,,567012232,202566,566836617,false,false,12,2016-04-01,2017-03-31,0
2017-04-28,90440,2016-03-31,,,,,,94395000000,0.023,19158000000,0.055,14885000000,0.193,4723000000,,-0.538,8.33,,,,,,802704000000,167966000000,0.209,296.31,167966000000,,,,,6.00,,,,567012232,150886,566892312,false,false,12,2015-04-01,2016-03-31,-1
2017-04-28,90440,2018-03-31,,,,,,99000000000,0.033,20000000000,0.064,16300000000,0.101,11800000000,,0.205,104.09,,,,,,,,,,,,,,,15.00,,,,,,,false,true,12,2017-04-01,2018-03-31,1
2017-07-31,90440,2018-03-31,1,,,,,53747000000,0.013,8798000000,-0.006,7937000000,0.028,,5698000000,,10.05,,,,,,888093000000,223510000000,0.240,,213358000000,,,,,,,,,,,,true,false,3,2017-04-01,2017-06-30,0
2017-07-31,90440,2017-03-31,1,,,,,53034000000,0.024,8848000000,-0.017,7718000000,-0.022,,4392000000,,7.75,,,,,,,,,,,,,,,,,,,,,,true,false,3,2016-04-01,2016-06-30,-1
2017-07-31,90440,2018-03-31,1,,,,,110300000000,0.000,15900000000,-0.101,13500000000,-0.114,,9400000000,,16.58,,,,,,,,,,,,,,,,,,,,,,true,true,6,2017-04-01,2017-09-30,0
2017-07-31,90440,2018-03-31,1,,,,,231400000000,0.044,33000000000,0.036,28200000000,0.040,,18600000000,,164.08,,,,,,,,,,,,,,,,,,,,,,true,true,12,2017-04-01,2018-03-31,0
2017-07-31,90440,2017-03-31,1,,,,,,,,,,,,,,,,,,,,890798000000,219288000000,0.235,,209239000000,,,,,,,,,,,,true,false,12,2016-04-01,2017-03-31,-1
2017-07-31,90440,2017-03-31,1,,,,,,,,,,,,,,,,,,,,,,,,,,,,,6.00,,,,567012232,202566,,false,false,12,2016-04-01,2017-03-31,-1
2017-07-31,90440,2018-03-31,1,,,,,,,,,,,,,,,,,,,,,,,,,,,,,15.00,,,,,,,false,true,12,2017-04-01,2018-03-31,0
2017-07-31,90440,2018-03-31,1,,,,,,,,,,,,,,,,,,,,,,,,,,,,,,,,,567012232,213694,566804144,false,false,3,2017-04-01,2017-06-30,0
2017-07-31,90440,2017-03-31,1,,,,,,,,,,,,,,,,,,,,,,,,,,,,,,,,,,,566855676,false,false,3,2016-04-01,2016-06-30,-1
2017-10-31,90440,2018-03-31,2,,,,,108243000000,-0.018,16783000000,-0.051,14738000000,-0.032,,10132000000,,89.38,,,,,,897487000000,228075000000,0.243,,217835000000,,,,,,,,,,,,true,false,6,2017-04-01,2017-09-30,0
2017-10-31,90440,2017-03-31,2,,,,,110248000000,0.020,17693000000,-0.012,15232000000,-0.005,,9614000000,,84.80,,,,,,,,,,,,,,,,,,,,,,true,false,6,2016-04-01,2016-09-30,-1
2017-10-31,90440,2018-03-31,2,,,,,231100000000,0.042,33100000000,0.040,28600000000,0.055,,19000000000,,167.61,,,,,,,,,,,,,,,,,,,,,,true,true,12,2017-04-01,2018-03-31,0
2017-10-31,90440,2017-03-31,2,,,,,,,,,,,,,,,,,,,,890798000000,219288000000,0.235,,209239000000,,,,,,,,,,,,true,false,12,2016-04-01,2017-03-31,-1
2017-10-31,90440,2017-03-31,2,,,,,,,,,,,,,,,,,,,,,,,,,,,,,6.00,,,,113402446,40513,,false,false,12,2016-04-01,2017-03-31,-1
2017-10-31,90440,2018-03-31,2,,,,,,,,,,,,,,,,,,,,,,,,,,,,,3.00,,,,,,,false,false,12,2017-04-01,2018-03-31,0
2017-10-31,90440,2018-03-31,2,,,,,,,,,,,,,,,,,,,,,,,,,,,,,15.00,,,,,,,false,true,12,2017-04-01,2018-03-31,0
2017-10-31,90440,2018-03-31,2,,,,,,,,,,,,,,,,,,,,,,,,,,,,,,,,,113402446,46968,113359125,false,false,6,2017-04-01,2017-09-30,0
2017-10-31,90440,2017-03-31,2,,,,,,,,,,,,,,,,,,,,,,,,,,,,,,,,,,,113369938,false,false,6,2016-04-01,2016-09-30,-1
2018-01-31,90440,2018-03-31,3,,,,,163972000000,-0.009,25788000000,-0.025,22737000000,-0.016,,15443000000,,136.24,,,,,,903139000000,234061000000,0.247,,223505000000,,,,,,,,,,,,true,false,9,2017-04-01,2017-12-31,0
2018-01-31,90440,2017-03-31,3,,,,,165434000000,0.008,26437000000,-0.034,23095000000,-0.021,,14792000000,,130.48,,,,,,,,,,,,,,,,,,,,,,true,false,9,2016-04-01,2016-12-31,-1
2018-01-31,90440,2018-03-31,3,,,,,231100000000,0.042,33100000000,0.040,28600000000,0.055,,19000000000,,167.62,,,,,,,,,,,,,,,,,,,,,,true,true,12,2017-04-01,2018-03-31,0
2018-01-31,90440,2017-03-31,3,,,,,,,,,,,,,,,,,,,,890798000000,219288000000,0.235,,209239000000,,,,,,,,,,,,true,false,12,2016-04-01,2017-03-31,-1
2018-01-31,90440,2017-03-31,3,,,,,,,,,,,,,,,,,,,,,,,,,,,,,6.00,,,,113402446,40513,,false,false,12,2016-04-01,2017-03-31,-1
2018-01-31,90440,2018-03-31,3,,,,,,,,,,,,,,,,,,,,,,,,,,,,,3.00,,,,,,,false,false,12,2017-04-01,2018-03-31,0
2018-01-31,90440,2018-03-31,3,,,,,,,,,,,,,,,,,,,,,,,,,,,,,15.00,,,,,,,false,true,12,2017-04-01,2018-03-31,0
2018-01-31,90440,2018-03-31,3,,,,,,,,,,,,,,,,,,,,,,,,,,,,,,,,,113402446,53044,113356504,false,false,9,2017-04-01,2017-12-31,0
2018-01-31,90440,2017-03-31,3,,,,,,,,,,,,,,,,,,,,,,,,,,,,,,,,,,,113368703,false,false,9,2016-04-01,2016-12-31,-1
2018-04-27,90440,2018-03-31,,,,,,227874000000,0.028,33971000000,0.067,29733000000,0.097,,14719000000,,129.85,,0.068,0.033,,,903857000000,232835000000,0.245,1957.31,221856000000,58477000000,-40669000000,-16429000000,19721000000,,0.231,,,,,,true,false,12,2017-04-01,2018-03-31,0
2018-04-27,90440,2017-03-31,,,,,,221690000000,0.012,31840000000,-0.015,27111000000,0.000,,16452000000,,145.13,,0.081,0.030,,,890798000000,219288000000,0.235,1845.77,209239000000,42753000000,-30861000000,-11906000000,18342000000,,0.207,,,,,,true,false,12,2016-04-01,2017-03-31,-1
2018-04-27,90440,2019-03-31,,,,,,115200000000,0.064,17000000000,0.013,14900000000,0.011,,12000000000,,105.87,,,,,,,,,,,,,,,,,,,,,,true,true,6,2018-04-01,2018-09-30,1
2018-04-27,90440,2019-03-31,,,,,,232200000000,0.019,32000000000,-0.058,27600000000,-0.072,,20700000000,,182.62,,,,,,,,,,,,,,,,0.164,,,,,,true,true,12,2018-04-01,2019-03-31,1
2018-04-27,90440,2018-03-31,,,,,,99313000000,0.036,20369000000,0.083,17388000000,0.175,8088000000,,-0.174,71.36,,,,,,809977000000,178850000000,0.221,1577.89,178850000000,,,,,15.00,,,,113402446,54974,113354544,false,false,12,2017-04-01,2018-03-31,0
2018-04-27,90440,2017-03-31,,,,,,95874000000,0.016,18800000000,-0.019,14803000000,-0.005,9795000000,,1.074,86.41,,,,,,797073000000,174325000000,0.219,1537.78,174325000000,,,,,6.00,,,,113402446,40513,113367323,false,false,12,2016-04-01,2017-03-31,-1
2018-04-27,90440,2019-03-31,,,,,,,,,,,,,,,,,,,,,,,,,,,,,,30.00,,,,,,,false,true,12,2018-04-01,2019-03-31,1
2018-07-31,90440,2019-03-31,1,,,,,58729000000,0.093,9941000000,0.130,9326000000,0.175,,8245000000,,72.75,,,,,,903034000000,240080000000,0.253,,228889000000,,,,,,,,,,,,true,false,3,2018-04-01,2018-06-30,0
2018-07-31,90440,2018-03-31,1,,,,,53747000000,0.013,8798000000,-0.006,7937000000,0.028,,5698000000,,50.26,,,,,,,,,,,,,,,,,,,,,,true,false,3,2017-04-01,2017-06-30,-1
2018-07-31,90440,2019-03-31,1,,,,,115200000000,0.064,17000000000,0.013,14900000000,0.011,,12000000000,,105.87,,,,,,,,,,,,,,,,,,,,,,true,true,6,2018-04-01,2018-09-30,0
2018-07-31,90440,2019-03-31,1,,,,,232200000000,0.019,32000000000,-0.058,27600000000,-0.072,,20700000000,,182.62,,,,,,,,,,,,,,,,,,,,,,true,true,12,2018-04-01,2019-03-31,0
2018-07-31,90440,2018-03-31,1,,,,,,,,,,,,,,,,,,,,902045000000,232835000000,0.246,,221856000000,,,,,,,,,,,,true,false,12,2017-04-01,2018-03-31,-1
2018-07-31,90440,2018-03-31,1,,,,,,,,,,,,,,,,,,,,,,,,,,,,,15.00,,,,113402446,54974,,false,false,12,2017-04-01,2018-03-31,-1
2018-07-31,90440,2019-03-31,1,,,,,,,,,,,,,,,,,,,,,,,,,,,,,30.00,,,,,,,false,true,12,2018-04-01,2019-03-31,0
2018-07-31,90440,2019-03-31,1,,,,,,,,,,,,,,,,,,,,,,,,,,,,,,,,,113402446,56454,113346909,false,false,3,2018-04-01,2018-06-30,0
2018-07-31,90440,2018-03-31,1,,,,,,,,,,,,,,,,,,,,,,,,,,,,,,,,,,,113360829,false,false,3,2017-04-01,2017-06-30,-1
2018-10-31,90440,2019-03-31,2,,,,,112724000000,0.041,17225000000,0.026,15433000000,0.047,,12283000000,,108.37,,,,,,913863000000,244254000000,0.255,,232955000000,,,,,,,,,,,,true,false,6,2018-04-01,2018-09-30,0
2018-10-31,90440,2018-03-31,2,,,,,108243000000,-0.018,16783000000,-0.051,14738000000,-0.032,,10132000000,,89.38,,,,,,,,,,,,,,,,,,,,,,true,false,6,2017-04-01,2017-09-30,-1
2018-10-31,90440,2019-03-31,2,,,,,229200000000,0.006,31500000000,-0.073,27500000000,-0.075,,20000000000,,176.45,,,,,,,,,,,,,,,,,,,,,,true,true,12,2018-04-01,2019-03-31,0
2018-10-31,90440,2018-03-31,2,,,,,,,,,,,,,,,,,,,,902045000000,232835000000,0.246,,221856000000,,,,,,,,,,,,true,false,12,2017-04-01,2018-03-31,-1
2018-10-31,90440,2018-03-31,2,,,,,,,,,,,,,,,,,,,,,,,,,,,,,15.00,,,,113402446,54974,,false,false,12,2017-04-01,2018-03-31,-1
2018-10-31,90440,2019-03-31,2,,,,,,,,,,,,,,,,,,,,,,,,,,,,,15.00,,,,,,,false,false,12,2018-04-01,2019-03-31,0
2018-10-31,90440,2019-03-31,2,,,,,,,,,,,,,,,,,,,,,,,,,,,,,30.00,,,,,,,false,true,12,2018-04-01,2019-03-31,0
2018-10-31,90440,2019-03-31,2,,,,,,,,,,,,,,,,,,,,,,,,,,,,,,,,,113402446,57779,113346072,false,false,6,2018-04-01,2018-09-30,0
2018-10-31,90440,2018-03-31,2,,,,,,,,,,,,,,,,,,,,,,,,,,,,,,,,,,,113359125,false,false,6,2017-04-01,2017-09-30,-1
2019-01-31,90440,2019-03-31,3,,,,,171527000000,0.046,26910000000,0.044,24206000000,0.065,,18366000000,,162.04,,,,,,919472000000,247061000000,0.256,,235653000000,,,,,,,,,,,,true,false,9,2018-04-01,2018-12-31,0
2019-01-31,90440,2018-03-31,3,,,,,163972000000,-0.009,25788000000,-0.025,22737000000,-0.016,,15443000000,,136.24,,,,,,,,,,,,,,,,,,,,,,true,false,9,2017-04-01,2017-12-31,-1
2019-01-31,90440,2019-03-31,3,,,,,229200000000,0.006,31500000000,-0.073,27500000000,-0.075,,20000000000,,176.45,,,,,,,,,,,,,,,,,,,,,,true,true,12,2018-04-01,2019-03-31,0
2019-01-31,90440,2018-03-31,3,,,,,,,,,,,,,,,,,,,,902045000000,232835000000,0.246,,221856000000,,,,,,,,,,,,true,false,12,2017-04-01,2018-03-31,-1
2019-01-31,90440,2018-03-31,3,,,,,,,,,,,,,,,,,,,,,,,,,,,,,15.00,,,,113402446,54974,,false,false,12,2017-04-01,2018-03-31,-1
2019-01-31,90440,2019-03-31,3,,,,,,,,,,,,,,,,,,,,,,,,,,,,,15.00,,,,,,,false,false,12,2018-04-01,2019-03-31,0
2019-01-31,90440,2019-03-31,3,,,,,,,,,,,,,,,,,,,,,,,,,,,,,30.00,,,,,,,false,true,12,2018-04-01,2019-03-31,0
2019-01-31,90440,2019-03-31,3,,,,,,,,,,,,,,,,,,,,,,,,,,,,,,,,,113402446,58705,113345465,false,false,9,2018-04-01,2018-12-31,0
2019-01-31,90440,2018-03-31,3,,,,,,,,,,,,,,,,,,,,,,,,,,,,,,,,,,,113356504,false,false,9,2017-04-01,2017-12-31,-1
2019-03-29,90440,2019-03-31,,,,,,228600000000,-0.003,26600000000,-0.156,22700000000,-0.175,,13900000000,,122.63,,,,,,,,,,,,,,,,,,,,,,true,true,12,2018-04-01,2019-03-31,0
2019-03-29,90440,2018-03-31,,,,,,227874000000,,33971000000,,29733000000,,,14719000000,,129.85,,,,,,,,,,,,,,,,,,,,,,true,false,12,2017-04-01,2018-03-31,-1
2019-04-26,90440,2020-03-31,,105800000000,0.058,,,,,21000000000,0.473,18300000000,0.181,12700000000,,-0.066,112.05,,,,,,,,,,,,,,,30.00,,,,,,,false,true,12,2019-04-01,2020-03-31,1
2019-04-26,90440,2019-03-31,,,,,,227424000000,-0.002,27745000000,-0.183,23898000000,-0.196,,13023000000,,114.90,,0.058,0.026,,,918385000000,241561000000,0.251,2036.79,230855000000,38729000000,-45219000000,8632000000,21864000000,,0.261,,,,,,true,false,12,2018-04-01,2019-03-31,0
2019-04-26,90440,2018-03-31,,,,,,227874000000,0.028,33971000000,0.067,29733000000,0.097,,14719000000,,129.85,,0.068,0.033,,,902045000000,232835000000,0.246,1957.31,221856000000,58477000000,-40669000000,-16429000000,19721000000,,0.231,,,,,,true,false,12,2017-04-01,2018-03-31,-1
2019-04-26,90440,2020-03-31,,,,,,118200000000,0.049,18000000000,0.045,16200000000,0.050,,10800000000,,95.29,,,,,,,,,,,,,,,,,,,,,,true,true,6,2019-04-01,2019-09-30,1
2019-04-26,90440,2020-03-31,,,,,,237400000000,0.044,34100000000,0.229,30300000000,0.268,,20000000000,,176.46,,,,,,,,,,,,,,,,0.170,,,,,,true,true,12,2019-04-01,2020-03-31,1
2019-04-26,90440,2019-03-31,,,,,,100026000000,0.007,14255000000,-0.300,15498000000,-0.109,13602000000,,0.682,120.01,,,,,,826957000000,188132000000,0.227,1659.86,188132000000,,,,,30.00,,,,113402446,59672,113344906,false,false,12,2018-04-01,2019-03-31,0
2019-04-26,90440,2018-03-31,,,,,,99313000000,0.036,20369000000,0.083,17388000000,0.175,8088000000,,-0.174,71.36,,,,,,808863000000,178850000000,0.221,1577.89,178850000000,,,,,15.00,,,,113402446,54974,113354544,false,false,12,2017-04-01,2018-03-31,-1
2019-07-31,90440,2020-03-31,1,,,,,54395000000,-0.074,10173000000,0.023,9617000000,0.031,,6661000000,,58.78,,,,,,919453000000,245955000000,0.256,,235166000000,,,,,,,,,,,,true,false,3,2019-04-01,2019-06-30,0
2019-07-31,90440,2019-03-31,1,,,,,58729000000,0.093,9941000000,0.130,9326000000,0.175,,8245000000,,72.75,,,,,,,,,,,,,,,,,,,,,,true,false,3,2018-04-01,2018-06-30,-1
2019-07-31,90440,2020-03-31,1,,,,,118200000000,0.049,18000000000,0.045,16200000000,0.050,,10800000000,,95.29,,,,,,,,,,,,,,,,,,,,,,true,true,6,2019-04-01,2019-09-30,0
2019-07-31,90440,2020-03-31,1,,,,,237400000000,0.044,34100000000,0.229,30300000000,0.268,,20000000000,,176.46,,,,,,,,,,,,,,,,,,,,,,true,true,12,2019-04-01,2020-03-31,0
2019-07-31,90440,2019-03-31,1,,,,,,,,,,,,,,,,,,,,918385000000,241561000000,0.251,,230855000000,,,,,,,,,,,,true,false,12,2018-04-01,2019-03-31,-1
2019-07-31,90440,2019-03-31,1,,,,,,,,,,,,,,,,,,,,,,,,,,,,,30.00,,,,113402446,59672,,false,false,12,2018-04-01,2019-03-31,-1
2019-07-31,90440,2020-03-31,1,,,,,,,,,,,,,,,,,,,,,,,,,,,,,30.00,,,,,,,false,true,12,2019-04-01,2020-03-31,0
2019-07-31,90440,2020-03-31,1,,,,,,,,,,,,,,,,,,,,,,,,,,,,,,,,,113402446,60181,113342492,false,false,3,2019-04-01,2019-06-30,0
2019-07-31,90440,2019-03-31,1,,,,,,,,,,,,,,,,,,,,,,,,,,,,,,,,,,,113346909,false,false,3,2018-04-01,2018-06-30,-1
2019-10-31,90440,2020-03-31,2,,,,,116829000000,0.036,21175000000,0.229,19555000000,0.267,,13398000000,,118.23,,,,,,920007000000,253023000000,0.263,,242127000000,,,,,,,,,,,,true,false,6,2019-04-01,2019-09-30,0
2019-10-31,90440,2019-03-31,2,,,,,112724000000,0.041,17225000000,0.026,15433000000,0.047,,12283000000,,108.37,,,,,,,,,,,,,,,,,,,,,,true,false,6,2018-04-01,2018-09-30,-1
2019-10-31,90440,2020-03-31,2,,,,,237500000000,0.044,36000000000,0.297,32500000000,0.360,,21200000000,,187.16,,,,,,,,,,,,,,,,,,,,,,true,true,12,2019-04-01,2020-03-31,0
2019-10-31,90440,2019-03-31,2,,,,,,,,,,,,,,,,,,,,918385000000,241561000000,0.251,,230855000000,,,,,,,,,,,,true,false,12,2018-04-01,2019-03-31,-1
2019-10-31,90440,2019-03-31,2,,,,,,,,,,,,,,,,,,,,,,,,,,,,,30.00,,,,113402446,59672,,false,false,12,2018-04-01,2019-03-31,-1
2019-10-31,90440,2020-03-31,2,,,,,,,,,,,,,,,,,,,,,,,,,,,,,15.00,,,,,,,false,false,12,2019-04-01,2020-03-31,0
2019-10-31,90440,2020-03-31,2,,,,,,,,,,,,,,,,,,,,,,,,,,,,,32.50,,,,,,,false,true,12,2019-04-01,2020-03-31,0
2019-10-31,90440,2020-03-31,2,,,,,,,,,,,,,,,,,,,,,,,,,,,,,,,,,113402446,128163,113322943,false,false,6,2019-04-01,2019-09-30,0
2019-10-31,90440,2019-03-31,2,,,,,,,,,,,,,,,,,,,,,,,,,,,,,,,,,,,113346072,false,false,6,2018-04-01,2018-09-30,-1
,90440,2020-03-31,,,,,,,,,,,,,,,,,,,,,,,,,,,,,,32.50,,,,,,,false,true,12,2019-04-01,2020-03-31,0
,90440,2020-03-31,,,,,,,,,,,,,,,,,,,,,,,,,,,,,,15.00,,,,,,,false,false,12,2019-04-01,2020-03-31,0
,90440,2019-03-31,,,,,,,,,,,,,,,,,,,,,,,,,,,,,,30.00,,,,,,,false,false,12,2018-04-01,2019-03-31,-1
2020-01-31,90440,2020-03-31,3,,,,,175131000000,0.021,31505000000,0.171,29092000000,0.202,,19488000000,,172.00,,,,,,924350000000,258582000000,0.268,,247444000000,,,,,,,,,,,,true,false,9,2019-04-01,2019-12-31,0
2020-01-31,90440,2019-03-31,3,,,,,171527000000,0.046,26910000000,0.044,24206000000,0.065,,18366000000,,162.04,,,,,,,,,,,,,,,,,,,,,,true,false,9,2018-04-01,2018-12-31,-1
2020-01-31,90440,2020-03-31,3,,,,,237500000000,0.044,36000000000,0.297,32500000000,0.360,,21200000000,,187.16,,,,,,,,,,,,,,,,,,,,,,true,true,12,2019-04-01,2020-03-31,0
2020-01-31,90440,2019-03-31,3,,,,,,,,,,,,,,,,,,,,918385000000,241561000000,0.251,,230855000000,,,,,,,,,,,,true,false,12,2018-04-01,2019-03-31,-1
2020-01-31,90440,2019-03-31,3,,,,,,,,,,,,,,,,,,,,,,,,,,,,,30.00,,,,113402446,59672,,false,false,12,2018-04-01,2019-03-31,-1
2020-01-31,90440,2020-03-31,3,,,,,,,,,,,,,,,,,,,,,,,,,,,,,15.00,,,,,,,false,false,12,2019-04-01,2020-03-31,0
2020-01-31,90440,2020-03-31,3,,,,,,,,,,,,,,,,,,,,,,,,,,,,,32.50,,,,,,,false,true,12,2019-04-01,2020-03-31,0
2020-01-31,90440,2020-03-31,3,,,,,,,,,,,,,,,,,,,,,,,,,,,,,,,,,113402446,128967,113308207,false,false,9,2019-04-01,2019-12-31,0
2020-01-31,90440,2019-03-31,3,,,,,,,,,,,,,,,,,,,,,,,,,,,,,,,,,,,113345465,false,false,9,2018-04-01,2018-12-31,-1
2020-04-30,90440,2020-03-31,,,,,,228015000000,0.003,35223000000,0.270,31677000000,0.325,,20811000000,,183.68,,0.088,0.034,,,925058000000,256003000000,0.264,2157.76,244413000000,58935000000,-48915000000,-14853000000,17030000000,,0.177,,,,,,true,false,12,2019-04-01,2020-03-31,0
2020-04-30,90440,2019-03-31,,,,,,227424000000,-0.002,27745000000,-0.183,23898000000,-0.196,,13023000000,,114.90,,0.058,0.026,,,918385000000,241561000000,0.251,2036.79,230855000000,38729000000,-45219000000,8632000000,21864000000,,0.261,,,,,,true,false,12,2018-04-01,2019-03-31,-1
2020-04-30,90440,2020-03-31,,,,,,104508000000,0.045,21963000000,0.541,19439000000,0.254,13617000000,,0.001,120.19,,,,,,837754000000,196429000000,0.234,1734.14,196429000000,,,,,32.50,,,,113402446,130505,113299933,false,false,12,2019-04-01,2020-03-31,0
2020-04-30,90440,2019-03-31,,,,,,100026000000,0.007,14255000000,-0.300,15498000000,-0.109,13602000000,,0.682,120.01,,,,,,826957000000,188132000000,0.227,1659.86,188132000000,,,,,30.00,,,,113402446,59672,113344906,false,false,12,2018-04-01,2019-03-31,-1
2020-07-31,90440,2021-03-31,1,,,,,43793000000,-0.195,-1701000000,,-2633000000,,,-2545000000,,-22.48,,,,,,967488000000,252624000000,0.249,,241219000000,,,,,,,,,,,,true,false,3,2020-04-01,2020-06-30,0
2020-07-31,90440,2020-03-31,1,,,,,54395000000,-0.074,10173000000,0.023,9617000000,0.031,,6661000000,,58.78,,,,,,,,,,,,,,,,,,,,,,true,false,3,2019-04-01,2019-06-30,-1
2020-07-31,90440,2020-03-31,1,,,,,,,,,,,,,,,,,,,,925058000000,256003000000,0.264,,244413000000,,,,,,,,,,,,true,false,12,2019-04-01,2020-03-31,-1
2020-07-31,90440,2020-03-31,1,,,,,,,,,,,,,,,,,,,,,,,,,,,,,32.50,,,,113402446,130505,,false,false,12,2019-04-01,2020-03-31,-1
2020-07-31,90440,2021-03-31,1,,,,,,,,,,,,,,,,,,,,,,,,,,,,,0.00,,,,,,,false,true,12,2020-04-01,2021-03-31,0
2020-07-31,90440,2021-03-31,1,,,,,,,,,,,,,,,,,,,,,,,,,,,,,,,,,113402446,130858,113271767,false,false,3,2020-04-01,2020-06-30,0
2020-07-31,90440,2020-03-31,1,,,,,,,,,,,,,,,,,,,,,,,,,,,,,,,,,,,113342492,false,false,3,2019-04-01,2019-06-30,-1
,90440,2021-03-31,,,,,,,,,,,,,,,,,,,,,,,,,,,,,,0.00,,,,,,,false,true,12,2020-04-01,2021-03-31,0
,90440,2020-03-31,,,,,,,,,,,,,,,,,,,,,,,,,,,,,,32.50,,,,,,,false,false,12,2019-04-01,2020-03-31,-1
2020-10-30,90440,2021-03-31,2,,,,,90970000000,-0.221,253000000,-0.988,-1754000000,,,-1904000000,,-16.81,,,,,,982773000000,253527000000,0.246,,242206000000,,,,,,,,,,,,true,false,6,2020-04-01,2020-09-30,0
2020-10-30,90440,2020-03-31,2,,,,,116829000000,0.036,21175000000,0.229,19555000000,0.267,,13398000000,,118.23,,,,,,,,,,,,,,,,,,,,,,true,false,6,2019-04-01,2019-09-30,-1
2020-10-30,90440,2021-03-31,2,,,,,195500000000,-0.143,4500000000,-0.872,400000000,-0.987,,-700000000,,-6.18,,,,,,,,,,,,,,,,,,,,,,true,true,12,2020-04-01,2021-03-31,0
2020-10-30,90440,2020-03-31,2,,,,,,,,,,,,,,,,,,,,925058000000,256003000000,0.264,,244413000000,,,,,,,,,,,,true,false,12,2019-04-01,2020-03-31,-1
2020-10-30,90440,2020-03-31,2,,,,,,,,,,,,,,,,,,,,,,,,,,,,,32.50,,,,113402446,130505,,false,false,12,2019-04-01,2020-03-31,-1
2020-10-30,90440,2021-03-31,2,,,,,,,,,,,,,,,,,,,,,,,,,,,,,0.00,,,,,,,false,false,12,2020-04-01,2021-03-31,0
2020-10-30,90440,2021-03-31,2,,,,,,,,,,,,,,,,,,,,,,,,,,,,,25.00,,,,,,,false,true,12,2020-04-01,2021-03-31,0
2020-10-30,90440,2021-03-31,2,,,,,,,,,,,,,,,,,,,,,,,,,,,,,,,,,113402446,129600,113272166,false,false,6,2020-04-01,2020-09-30,0
2020-10-30,90440,2020-03-31,2,,,,,,,,,,,,,,,,,,,,,,,,,,,,,,,,,,,113322943,false,false,6,2019-04-01,2019-09-30,-1
2020-10-30,90440,2021-03-31,,,,,,195500000000,,4500000000,,400000000,,,-700000000,,-6.18,,,,,,,,,,,,,,,,,,,,,,true,true,12,2020-04-01,2021-03-31,0
2020-10-30,90440,2020-03-31,,,,,,228015000000,,35223000000,,31677000000,,,20811000000,,183.68,,,,,,,,,,,,,,,,,,,,,,true,false,12,2019-04-01,2020-03-31,-1
2020-10-30,90440,2021-03-31,,,,,,78800000000,,1200000000,,-2700000000,,-1100000000,,,-9.71,,,,,,,,,,,,,,,25.00,,,,,,,false,true,12,2020-04-01,2021-03-31,0
2020-10-30,90440,2020-03-31,,,,,,104508000000,,21963000000,,19439000000,,13617000000,,,120.19,,,,,,,,,,,,,,,32.50,,,,,,,false,false,12,2019-04-01,2020-03-31,-1
2020-10-30,90440,2021-03-31,,,,,,,,,,,,,,,,,,,,,,,,,,,,,,0.00,,,,,,,false,false,12,2020-04-01,2021-03-31,0
2021-01-29,90440,2021-03-31,3,,,,,140841000000,-0.196,4088000000,-0.870,1196000000,-0.959,,-778000000,,-6.87,,,,,,984366000000,255398000000,0.248,,243939000000,,,,,,,,,,,,true,false,9,2020-04-01,2020-12-31,0
2021-01-29,90440,2020-03-31,3,,,,,175131000000,0.021,31505000000,0.171,29092000000,0.202,,19488000000,,172.00,,,,,,,,,,,,,,,,,,,,,,true,false,9,2019-04-01,2019-12-31,-1
2021-01-29,90440,2021-03-31,3,,,,,195500000000,-0.143,4500000000,-0.872,400000000,-0.987,,-700000000,,-6.18,,,,,,,,,,,,,,,,,,,,,,true,true,12,2020-04-01,2021-03-31,0
2021-01-29,90440,2020-03-31,3,,,,,,,,,,,,,,,,,,,,925058000000,256003000000,0.264,,244413000000,,,,,,,,,,,,true,false,12,2019-04-01,2020-03-31,-1
2021-01-29,90440,2020-03-31,3,,,,,,,,,,,,,,,,,,,,,,,,,,,,,32.50,,,,113402446,130505,,false,false,12,2019-04-01,2020-03-31,-1
2021-01-29,90440,2021-03-31,3,,,,,,,,,,,,,,,,,,,,,,,,,,,,,0.00,,,,,,,false,false,12,2020-04-01,2021-03-31,0
2021-01-29,90440,2021-03-31,3,,,,,,,,,,,,,,,,,,,,,,,,,,,,,25.00,,,,,,,false,true,12,2020-04-01,2021-03-31,0
2021-01-29,90440,2021-03-31,3,,,,,,,,,,,,,,,,,,,,,,,,,,,,,,,,,113402446,130219,113272266,false,false,9,2020-04-01,2020-12-31,0
2021-01-29,90440,2020-03-31,3,,,,,,,,,,,,,,,,,,,,,,,,,,,,,,,,,,,113308207,false,false,9,2019-04-01,2019-12-31,-1
2021-04-28,90440,2021-03-31,,,,,,190800000000,-0.024,5600000000,0.244,1900000000,3.750,,-1900000000,,-16.77,,,,,,,,,,,,,,,,,,,,,,true,true,12,2020-04-01,2021-03-31,0
2021-04-28,90440,2020-03-31,,,,,,228015000000,,35223000000,,31677000000,,,20811000000,,183.68,,,,,,,,,,,,,,,,,,,,,,true,false,12,2019-04-01,2020-03-31,-1
2021-04-30,90440,2021-03-31,,,,,,190813000000,-0.163,5552000000,-0.842,1854000000,-0.941,,-1861000000,,-16.44,,-0.008,0.002,,,962229000000,258569000000,0.256,2176.19,246499000000,21338000000,-33273000000,35821000000,40917000000,,,,,,,,true,false,12,2020-04-01,2021-03-31,0
2021-04-30,90440,2020-03-31,,,,,,228015000000,0.003,35223000000,0.270,31677000000,0.325,,20811000000,,183.68,,0.088,0.034,,,925058000000,256003000000,0.264,2157.76,244413000000,58935000000,-48915000000,-14853000000,17030000000,,0.177,,,,,,true,false,12,2019-04-01,2020-03-31,-1
2021-04-30,90440,2022-03-31,,,,,,99600000000,,4800000000,,3100000000,,,1500000000,,13.24,,,,,,,,,,,,,,,,,,,,,,true,true,6,2021-04-01,2021-09-30,1
2021-04-30,90440,2022-03-31,,,,,,218500000000,,14300000000,,11100000000,,,6000000000,,52.97,,,,,,,,,,,,,,,,0.472,,,,,,true,true,12,2021-04-01,2022-03-31,1
2021-04-30,90440,2021-03-31,,,,,,77681000000,-0.257,1558000000,-0.929,-3082000000,,-1742000000,,,-15.38,,,,,,862151000000,195988000000,0.227,1730.25,195988000000,,,,,25.00,,,,113402446,131096,113272143,false,false,12,2020-04-01,2021-03-31,0
2021-04-30,90440,2020-03-31,,,,,,104508000000,0.045,21963000000,0.541,19439000000,0.254,13617000000,,0.001,120.19,,,,,,837754000000,196429000000,0.234,1734.14,196429000000,,,,,32.50,,,,113402446,130505,113299933,false,false,12,2019-04-01,2020-03-31,-1
2021-04-30,90440,2022-03-31,,,,,,87300000000,,4800000000,,1900000000,,800000000,,,7.06,,,,,,,,,,,,,,,25.00,,,,,,,false,true,12,2021-04-01,2022-03-31,1
2021-07-30,90440,2022-03-31,1,,,,,43658000000,,1294000000,,945000000,,,68000000,,0.60,,,,,,922464000000,253980000000,0.262,,242036000000,,,,,,,,,,,,true,false,3,2021-04-01,2021-06-30,0
2021-07-30,90440,2021-03-31,1,,,,,43793000000,-0.195,-1701000000,,-2633000000,,,-2545000000,,-22.48,,,,,,,,,,,,,,,,,,,,,,true,false,3,2020-04-01,2020-06-30,-1
2021-07-30,90440,2022-03-31,1,,,,,99600000000,,4800000000,,3100000000,,,1500000000,,13.24,,,,,,,,,,,,,,,,,,,,,,true,true,6,2021-04-01,2021-09-30,0
2021-07-30,90440,2022-03-31,1,,,,,218500000000,,14300000000,,11100000000,,,6000000000,,52.97,,,,,,,,,,,,,,,,,,,,,,true,true,12,2021-04-01,2022-03-31,0
2021-07-30,90440,2021-03-31,1,,,,,,,,,,,,,,,,,,,,962229000000,258569000000,0.256,,246499000000,,,,,,,,,,,,true,false,12,2020-04-01,2021-03-31,-1
2021-07-30,90440,2021-03-31,1,,,,,,,,,,,,,,,,,,,,,,,,,,,,,25.00,,,,113402446,131096,,false,false,12,2020-04-01,2021-03-31,-1
2021-07-30,90440,2022-03-31,1,,,,,,,,,,,,,,,,,,,,,,,,,,,,,25.00,,,,,,,false,true,12,2021-04-01,2022-03-31,0
2021-07-30,90440,2022-03-31,1,,,,,,,,,,,,,,,,,,,,,,,,,,,,,,,,,113402446,131955,113270824,false,false,3,2021-04-01,2021-06-30,0
2021-07-30,90440,2021-03-31,1,,,,,,,,,,,,,,,,,,,,,,,,,,,,,,,,,,,113271767,false,false,3,2020-04-01,2020-06-30,-1
2021-10-29,90440,2022-03-31,2,,,,,91614000000,,3797000000,,2518000000,,,1587000000,,14.01,,,,,,917131000000,256875000000,0.267,,244924000000,,,,,,,,,,,,true,false,6,2021-04-01,2021-09-30,0
2021-10-29,90440,2021-03-31,2,,,,,90970000000,-0.221,253000000,-0.988,-1754000000,,,-1904000000,,-16.81,,,,,,,,,,,,,,,,,,,,,,true,false,6,2020-04-01,2020-09-30,-1
2021-10-29,90440,2022-03-31,2,,,,,206400000000,,10400000000,,7800000000,,,4400000000,,38.84,,,,,,,,,,,,,,,,,,,,,,true,true,12,2021-04-01,2022-03-31,0
2021-10-29,90440,2021-03-31,2,,,,,,,,,,,,,,,,,,,,962229000000,258569000000,0.256,,246499000000,,,,,,,,,,,,true,false,12,2020-04-01,2021-03-31,-1
2021-10-29,90440,2021-03-31,2,,,,,,,,,,,,,,,,,,,,,,,,,,,,,25.00,,,,113402446,131096,,false,false,12,2020-04-01,2021-03-31,-1
2021-10-29,90440,2022-03-31,2,,,,,,,,,,,,,,,,,,,,,,,,,,,,,0.00,,,,,,,false,false,12,2021-04-01,2022-03-31,0
2021-10-29,90440,2022-03-31,2,,,,,,,,,,,,,,,,,,,,,,,,,,,,,25.00,,,,,,,false,true,12,2021-04-01,2022-03-31,0
2021-10-29,90440,2022-03-31,2,,,,,,,,,,,,,,,,,,,,,,,,,,,,,,,,,113402446,124254,113273231,false,false,6,2021-04-01,2021-09-30,0
2021-10-29,90440,2021-03-31,2,,,,,,,,,,,,,,,,,,,,,,,,,,,,,,,,,,,113272166,false,false,6,2020-04-01,2020-09-30,-1
2022-01-31,90440,2022-03-31,3,,,,,148357000000,,9862000000,,7999000000,,,5174000000,,45.68,,,,,,924120000000,260378000000,0.269,,248253000000,,,,,,,,,,,,true,false,9,2021-04-01,2021-12-31,0
2022-01-31,90440,2021-03-31,3,,,,,140841000000,-0.196,4088000000,-0.870,1196000000,-0.959,,-778000000,,-6.87,,,,,,,,,,,,,,,,,,,,,,true,false,9,2020-04-01,2020-12-31,-1
2022-01-31,90440,2022-03-31,3,,,,,206400000000,,10400000000,,7800000000,,,4400000000,,38.84,,,,,,,,,,,,,,,,,,,,,,true,true,12,2021-04-01,2022-03-31,0
2022-01-31,90440,2021-03-31,3,,,,,,,,,,,,,,,,,,,,962229000000,258569000000,0.256,,246499000000,,,,,,,,,,,,true,false,12,2020-04-01,2021-03-31,-1
2022-01-31,90440,2021-03-31,3,,,,,,,,,,,,,,,,,,,,,,,,,,,,,25.00,,,,113402446,131096,,false,false,12,2020-04-01,2021-03-31,-1
2022-01-31,90440,2022-03-31,3,,,,,,,,,,,,,,,,,,,,,,,,,,,,,0.00,,,,,,,false,false,12,2021-04-01,2022-03-31,0
2022-01-31,90440,2022-03-31,3,,,,,,,,,,,,,,,,,,,,,,,,,,,,,25.00,,,,,,,false,true,12,2021-04-01,2022-03-31,0
2022-01-31,90440,2022-03-31,3,,,,,,,,,,,,,,,,,,,,,,,,,,,,,,,,,113402446,125345,113274543,false,false,9,2021-04-01,2021-12-31,0
2022-01-31,90440,2021-03-31,3,,,,,,,,,,,,,,,,,,,,,,,,,,,,,,,,,,,113272266,false,false,9,2020-04-01,2020-12-31,-1
2022-03-31,90440,2022-03-31,,,,,,201000000000,-0.026,11200000000,0.077,8800000000,0.128,,3300000000,,29.13,,,,,,,,,,,,,,,,,,,,,,true,true,12,2021-04-01,2022-03-31,0
2022-03-31,90440,2021-03-31,,,,,,190813000000,,5552000000,,1854000000,,,-1861000000,,-16.44,,,,,,,,,,,,,,,,,,,,,,true,false,12,2020-04-01,2021-03-31,-1
2022-03-31,90440,2022-03-31,,,,,,81800000000,-0.014,3000000000,0.034,-300000000,,-800000000,,,-7.06,,,,,,,,,,,,,,,,,,,,,,false,true,12,2021-04-01,2022-03-31,0
2022-03-31,90440,2021-03-31,,,,,,77681000000,,1558000000,,-3082000000,,-1742000000,,,-15.38,,,,,,,,,,,,,,,,,,,,,,false,false,12,2020-04-01,2021-03-31,-1
2022-04-28,90440,2022-03-31,,,,,,201793000000,,12190000000,,9931000000,,,4021000000,,35.51,,0.016,0.011,,,920976000000,260716000000,0.269,2189.38,248005000000,41879000000,-19669000000,-27026000000,36101000000,,0.704,,,,,,true,false,12,2021-04-01,2022-03-31,0
2022-04-28,90440,2021-03-31,,,,,,190813000000,-0.163,5552000000,-0.842,1854000000,-0.941,,-1861000000,,-16.44,,-0.008,0.002,,,962229000000,258569000000,0.256,2176.19,246499000000,21338000000,-33273000000,35821000000,40917000000,,,,,,,,true,false,12,2020-04-01,2021-03-31,-1
2022-04-28,90440,2023-03-31,,,,,,110200000000,0.203,7800000000,1.054,6300000000,1.502,,4900000000,,43.26,,,,,,,,,,,,,,,,,,,,,,true,true,6,2022-04-01,2022-09-30,1
2022-04-28,90440,2023-03-31,,,,,,227100000000,0.125,16300000000,0.337,13200000000,0.329,,7800000000,,68.86,,,,,,,,,,,,,,,,0.363,,,,,,true,true,12,2022-04-01,2023-03-31,1
2022-04-28,90440,2022-03-31,,,,,,81990000000,,3492000000,,444000000,,-240000000,,,-2.12,,,,,,826303000000,192288000000,0.233,1697.51,192288000000,,,,,25.00,,,,113402446,125776,113275096,false,false,12,2021-04-01,2022-03-31,0
2022-04-28,90440,2021-03-31,,,,,,77681000000,-0.257,1558000000,-0.929,-3082000000,,-1742000000,,,-15.38,,,,,,862151000000,195988000000,0.227,1730.25,195988000000,,,,,25.00,,,,113402446,131096,113272143,false,false,12,2020-04-01,2021-03-31,-1
2022-04-28,90440,2023-03-31,,,,,,92400000000,0.127,8200000000,1.348,5700000000,,3500000000,,,30.90,,,,,,,,,,,,,,,25.00,,,,,,,false,true,12,2022-04-01,2023-03-31,1
2022-08-01,90440,2023-03-31,1,,,,,51842000000,0.187,4797000000,2.705,4487000000,3.748,,3147000000,,27.79,,,,,,917944000000,260317000000,0.270,,247759000000,,,,,,,,,,,,true,false,3,2022-04-01,2022-06-30,0
2022-08-01,90440,2022-03-31,1,,,,,43658000000,,1294000000,,945000000,,,68000000,,0.60,,,,,,,,,,,,,,,,,,,,,,true,false,3,2021-04-01,2021-06-30,-1
2022-08-01,90440,2023-03-31,1,,,,,110200000000,0.203,7800000000,1.054,6300000000,1.502,,4900000000,,43.26,,,,,,,,,,,,,,,,,,,,,,true,true,6,2022-04-01,2022-09-30,0
2022-08-01,90440,2023-03-31,1,,,,,227100000000,0.125,16300000000,0.337,13200000000,0.329,,7800000000,,68.86,,,,,,,,,,,,,,,,,,,,,,true,true,12,2022-04-01,2023-03-31,0
2022-08-01,90440,2022-03-31,1,,,,,,,,,,,,,,,,,,,,920976000000,260716000000,0.269,,248005000000,,,,,,,,,,,,true,false,12,2021-04-01,2022-03-31,-1
2022-08-01,90440,2022-03-31,1,,,,,,,,,,,,,,,,,,,,,,,,,,,,,25.00,,,,113402446,125776,,false,false,12,2021-04-01,2022-03-31,-1
2022-08-01,90440,2023-03-31,1,,,,,,,,,,,,,,,,,,,,,,,,,,,,,25.00,,,,,,,false,true,12,2022-04-01,2023-03-31,0
2022-08-01,90440,2023-03-31,1,,,,,,,,,,,,,,,,,,,,,,,,,,,,,,,,,113402446,122644,113278574,false,false,3,2022-04-01,2022-06-30,0
2022-08-01,90440,2022-03-31,1,,,,,,,,,,,,,,,,,,,,,,,,,,,,,,,,,,,113270824,false,false,3,2021-04-01,2021-06-30,-1
2022-10-27,90440,2023-03-31,,,,,,108200000000,-0.018,9400000000,0.205,8200000000,0.302,,7100000000,,62.68,,,,,,,,,,,,,,,,,,,,,,true,true,6,2022-04-01,2022-09-30,0
2022-10-27,90440,2022-03-31,,,,,,91614000000,,3797000000,,2518000000,,,1587000000,,14.01,,,,,,,,,,,,,,,,,,,,,,true,false,6,2021-04-01,2021-09-30,-1
2022-10-27,90440,2023-03-31,,,,,,227300000000,0.001,17000000000,0.043,14400000000,0.091,,10100000000,,89.20,,,,,,,,,,,,,,,,,,,,,,true,true,12,2022-04-01,2023-03-31,0
2022-10-27,90440,2022-03-31,,,,,,201793000000,,12190000000,,9931000000,,,4021000000,,35.51,,,,,,,,,,,,,,,,,,,,,,true,false,12,2021-04-01,2022-03-31,-1
2022-10-27,90440,2023-03-31,,,,,,91600000000,-0.009,8200000000,,6000000000,0.053,5700000000,,0.629,50.34,,,,,,,,,,,,,,,,,,,,,,false,true,12,2022-04-01,2023-03-31,0
2022-10-27,90440,2022-03-31,,,,,,81990000000,,3492000000,,444000000,,-240000000,,,-2.12,,,,,,,,,,,,,,,,,,,,,,false,false,12,2021-04-01,2022-03-31,-1
2022-10-31,90440,2023-03-31,2,,,,,108240000000,0.181,9446000000,1.488,8215000000,2.262,,7116000000,,62.83,,,,,,914359000000,263987000000,0.275,,251266000000,,,,,,,,,,,,true,false,6,2022-04-01,2022-09-30,0
2022-10-31,90440,2022-03-31,2,,,,,91614000000,,3797000000,,2518000000,,,1587000000,,14.01,,,,,,,,,,,,,,,,,,,,,,true,false,6,2021-04-01,2021-09-30,-1
2022-10-31,90440,2023-03-31,2,,,,,227300000000,0.126,17000000000,0.395,14400000000,0.450,,10100000000,,89.20,,,,,,,,,,,,,,,,,,,,,,true,true,12,2022-04-01,2023-03-31,0
2022-10-31,90440,2022-03-31,2,,,,,,,,,,,,,,,,,,,,920976000000,260716000000,0.269,,248005000000,,,,,,,,,,,,true,false,12,2021-04-01,2022-03-31,-1
2022-10-31,90440,2022-03-31,2,,,,,,,,,,,,,,,,,,,,,,,,,,,,,25.00,,,,113402446,125776,,false,false,12,2021-04-01,2022-03-31,-1
2022-10-31,90440,2023-03-31,2,,,,,,,,,,,,,,,,,,,,,,,,,,,,,0.00,,,,,,,false,false,12,2022-04-01,2023-03-31,0
2022-10-31,90440,2023-03-31,2,,,,,,,,,,,,,,,,,,,,,,,,,,,,,25.00,,,,,,,false,true,12,2022-04-01,2023-03-31,0
2022-10-31,90440,2023-03-31,2,,,,,,,,,,,,,,,,,,,,,,,,,,,,,,,,,113402446,172454,113264885,false,false,6,2022-04-01,2022-09-30,0
2022-10-31,90440,2022-03-31,2,,,,,,,,,,,,,,,,,,,,,,,,,,,,,,,,,,,113273231,false,false,6,2021-04-01,2021-09-30,-1
2023-01-31,90440,2023-03-31,3,,,,,163788000000,0.104,15888000000,0.611,14214000000,0.777,,11685000000,,103.18,,,,,,918216000000,270652000000,0.281,,257634000000,,,,,,,,,,,,true,false,9,2022-04-01,2022-12-31,0
2023-01-31,90440,2022-03-31,3,,,,,148357000000,,9862000000,,7999000000,,,5174000000,,45.68,,,,,,,,,,,,,,,,,,,,,,true,false,9,2021-04-01,2021-12-31,-1
2023-01-31,90440,2023-03-31,3,,,,,227300000000,0.126,17000000000,0.395,14400000000,0.450,,10100000000,,89.20,,,,,,,,,,,,,,,,,,,,,,true,true,12,2022-04-01,2023-03-31,0
2023-01-31,90440,2022-03-31,3,,,,,,,,,,,,,,,,,,,,920976000000,260716000000,0.269,,248005000000,,,,,,,,,,,,true,false,12,2021-04-01,2022-03-31,-1
2023-01-31,90440,2022-03-31,3,,,,,,,,,,,,,,,,,,,,,,,,,,,,,25.00,,,,113402446,125776,,false,false,12,2021-04-01,2022-03-31,-1
2023-01-31,90440,2023-03-31,3,,,,,,,,,,,,,,,,,,,,,,,,,,,,,0.00,,,,,,,false,false,12,2022-04-01,2023-03-31,0
2023-01-31,90440,2023-03-31,3,,,,,,,,,,,,,,,,,,,,,,,,,,,,,25.00,,,,,,,false,true,12,2022-04-01,2023-03-31,0
2023-01-31,90440,2023-03-31,3,,,,,,,,,,,,,,,,,,,,,,,,,,,,,,,,,113402446,173175,113254291,false,false,9,2022-04-01,2022-12-31,0
2023-01-31,90440,2022-03-31,3,,,,,,,,,,,,,,,,,,,,,,,,,,,,,,,,,,,113274543,false,false,9,2021-04-01,2021-12-31,-1
2023-04-26,90440,2023-03-31,,,,,,221300000000,-0.026,21000000000,0.235,19000000000,0.319,,14600000000,,128.92,,,,,,,,,,,,,,,,,,,,,,true,true,12,2022-04-01,2023-03-31,0
2023-04-26,90440,2022-03-31,,,,,,201793000000,,12190000000,,9931000000,,,4021000000,,35.51,,,,,,,,,,,,,,,,,,,,,,true,false,12,2021-04-01,2022-03-31,-1
2023-04-28,90440,2023-03-31,,,,,,221280000000,0.097,21023000000,0.725,18965000000,0.910,,14623000000,,129.13,,0.057,0.020,,,935113000000,274586000000,0.279,2306.15,261121000000,39086000000,-26305000000,-11341000000,37540000000,,0.194,,,,,,true,false,12,2022-04-01,2023-03-31,0
2023-04-28,90440,2022-03-31,,,,,,201793000000,,12190000000,,9931000000,,,4021000000,,35.51,,0.016,0.011,,,920976000000,260716000000,0.269,2189.38,248005000000,41879000000,-19669000000,-27026000000,36101000000,,0.704,,,,,,true,false,12,2021-04-01,2022-03-31,-1
2023-04-28,90440,2024-03-31,,,,,,119400000000,0.103,9900000000,0.048,8900000000,0.083,,6300000000,,55.64,,,,,,,,,,,,,,,,,,,,,,true,true,6,2023-04-01,2023-09-30,1
2023-04-28,90440,2024-03-31,,,,,,253900000000,0.147,24300000000,0.156,21400000000,0.128,,18200000000,,160.74,,,,,,,,,,,,,,,,0.156,,,,,,true,true,12,2023-04-01,2024-03-31,1
2023-04-28,90440,2023-03-31,,,,,,92065000000,0.123,10233000000,1.930,8204000000,,8057000000,,,71.15,,,,,,833281000000,198710000000,0.238,1754.95,198710000000,,,,,25.00,,,,113402446,174018,113248371,false,false,12,2022-04-01,2023-03-31,0
2023-04-28,90440,2022-03-31,,,,,,81990000000,,3492000000,,444000000,,-240000000,,,-2.12,,,,,,826303000000,192288000000,0.233,1697.51,192288000000,,,,,25.00,,,,113402446,125776,113275096,false,false,12,2021-04-01,2022-03-31,-1
2023-04-28,90440,2024-03-31,,,,,,106800000000,0.160,13300000000,0.300,13000000000,0.585,14600000000,,0.812,128.94,,,,,,,,,,,,,,,25.00,,,,,,,false,true,12,2023-04-01,2024-03-31,1
2023-08-01,90440,2024-03-31,1,,,,,54845000000,0.058,6827000000,0.423,6603000000,0.471,,4235000000,,37.40,,,,,,927968000000,279889000000,0.287,,266259000000,,,,,,,,,,,,true,false,3,2023-04-01,2023-06-30,0
2023-08-01,90440,2023-03-31,1,,,,,51842000000,0.187,4797000000,2.705,4487000000,3.748,,3147000000,,27.79,,,,,,,,,,,,,,,,,,,,,,true,false,3,2022-04-01,2022-06-30,-1
2023-08-01,90440,2024-03-31,1,,,,,119400000000,0.103,9900000000,0.048,8900000000,0.083,,6300000000,,55.64,,,,,,,,,,,,,,,,,,,,,,true,true,6,2023-04-01,2023-09-30,0
2023-08-01,90440,2024-03-31,1,,,,,253900000000,0.147,24300000000,0.156,21400000000,0.128,,18200000000,,160.74,,,,,,,,,,,,,,,,,,,,,,true,true,12,2023-04-01,2024-03-31,0
2023-08-01,90440,2023-03-31,1,,,,,,,,,,,,,,,,,,,,935113000000,274586000000,0.279,,261121000000,,,,,,,,,,,,true,false,12,2022-04-01,2023-03-31,-1
2023-08-01,90440,2023-03-31,1,,,,,,,,,,,,,,,,,,,,,,,,,,,,,25.00,,,,113402446,174018,,false,false,12,2022-04-01,2023-03-31,-1
2023-08-01,90440,2024-03-31,1,,,,,,,,,,,,,,,,,,,,,,,,,,,,,25.00,,,,,,,false,true,12,2023-04-01,2024-03-31,0
2023-08-01,90440,2024-03-31,1,,,,,,,,,,,,,,,,,,,,,,,,,,,,,,,,,113402446,174937,113228032,false,false,3,2023-04-01,2023-06-30,0
2023-08-01,90440,2023-03-31,1,,,,,,,,,,,,,,,,,,,,,,,,,,,,,,,,,,,113278574,false,false,3,2022-04-01,2022-06-30,-1
2023-10-02,90440,2024-03-31,,,,,,118200000000,-0.010,13000000000,0.313,11900000000,0.337,,8100000000,,71.54,,,,,,,,,,,,,,,,,,,,,,true,true,6,2023-04-01,2023-09-30,0
2023-10-02,90440,2023-03-31,,,,,,108240000000,,9446000000,,8215000000,,,7116000000,,62.83,,,,,,,,,,,,,,,,,,,,,,true,false,6,2022-04-01,2022-09-30,-1
2023-10-31,90440,2024-03-31,2,,,,,117672000000,0.087,14237000000,0.507,13268000000,0.615,,8867000000,,78.32,,,,,,926415000000,285223000000,0.293,,271517000000,,,,,,,,,,,,true,false,6,2023-04-01,2023-09-30,0
2023-10-31,90440,2023-03-31,2,,,,,108240000000,0.181,9446000000,1.488,8215000000,2.262,,7116000000,,62.83,,,,,,,,,,,,,,,,,,,,,,true,false,6,2022-04-01,2022-09-30,-1
2023-10-31,90440,2024-03-31,2,,,,,248000000000,0.121,27200000000,0.294,25400000000,0.339,,21800000000,,192.52,,,,,,,,,,,,,,,,,,,,,,true,true,12,2023-04-01,2024-03-31,0
2023-10-31,90440,2023-03-31,2,,,,,,,,,,,,,,,,,,,,935113000000,274586000000,0.279,,261121000000,,,,,,,,,,,,true,false,12,2022-04-01,2023-03-31,-1
2023-10-31,90440,2023-03-31,2,,,,,,,,,,,,,,,,,,,,,,,,,,,,,25.00,,,,113402446,174018,,false,false,12,2022-04-01,2023-03-31,-1
2023-10-31,90440,2024-03-31,2,,,,,,,,,,,,,,,,,,,,,,,,,,,,,0.00,,,,,,,false,false,12,2023-04-01,2024-03-31,0
2023-10-31,90440,2024-03-31,2,,,,,,,,,,,,,,,,,,,,,,,,,,,,,25.00,,,,,,,false,true,12,2023-04-01,2024-03-31,0
2023-10-31,90440,2024-03-31,2,,,,,,,,,,,,,,,,,,,,,,,,,,,,,,,,,113402446,168425,113229993,false,false,6,2023-04-01,2023-09-30,0
2023-10-31,90440,2023-03-31,2,,,,,,,,,,,,,,,,,,,,,,,,,,,,,,,,,,,113264885,false,false,6,2022-04-01,2022-09-30,-1
2024-01-31,90440,2024-03-31,3,,,,,184089000000,0.124,26760000000,0.684,25630000000,0.803,,21904000000,,193.45,,,,,,925899000000,298531000000,0.307,,284525000000,,,,,,,,,,,,true,false,9,2023-04-01,2023-12-31,0
2024-01-31,90440,2023-03-31,3,,,,,163788000000,0.104,15888000000,0.611,14214000000,0.777,,11685000000,,103.18,,,,,,,,,,,,,,,,,,,,,,true,false,9,2022-04-01,2022-12-31,-1
2024-01-31,90440,2024-03-31,3,,,,,248000000000,0.121,27200000000,0.294,25400000000,0.339,,21800000000,,192.52,,,,,,,,,,,,,,,,,,,,,,true,true,12,2023-04-01,2024-03-31,0
2024-01-31,90440,2023-03-31,3,,,,,,,,,,,,,,,,,,,,935113000000,274586000000,0.279,,261121000000,,,,,,,,,,,,true,false,12,2022-04-01,2023-03-31,-1
2024-01-31,90440,2023-03-31,3,,,,,,,,,,,,,,,,,,,,,,,,,,,,,25.00,,,,113402446,174018,,false,false,12,2022-04-01,2023-03-31,-1
2024-01-31,90440,2024-03-31,3,,,,,,,,,,,,,,,,,,,,,,,,,,,,,0.00,,,,,,,false,false,12,2023-04-01,2024-03-31,0
2024-01-31,90440,2024-03-31,3,,,,,,,,,,,,,,,,,,,,,,,,,,,,,25.00,,,,,,,false,true,12,2023-04-01,2024-03-31,0
2024-01-31,90440,2024-03-31,3,,,,,,,,,,,,,,,,,,,,,,,,,,,,,,,,,113402446,169867,113230934,false,false,9,2023-04-01,2023-12-31,0
2024-01-31,90440,2023-03-31,3,,,,,,,,,,,,,,,,,,,,,,,,,,,,,,,,,,,113254291,false,false,9,2022-04-01,2022-12-31,-1
2024-02-28,90440,2024-03-31,,,,,,241800000000,-0.025,29400000000,0.081,27700000000,0.091,,23100000000,,204.00,,,,,,,,,,,,,,,,,,,,,,true,true,12,2023-04-01,2024-03-31,0
2024-02-28,90440,2023-03-31,,,,,,221280000000,,21023000000,,18965000000,,,14623000000,,129.13,,,,,,,,,,,,,,,,,,,,,,true,false,12,2022-04-01,2023-03-31,-1
2024-02-28,90440,2024-03-31,,,,,,109200000000,0.012,17900000000,0.119,17400000000,0.130,16800000000,,0.070,148.37,,,,,,,,,,,,,,,35.00,,,,,,,false,true,12,2023-04-01,2024-03-31,0
2024-02-28,90440,2023-03-31,,,,,,92065000000,,10233000000,,8204000000,,8057000000,,,71.15,,,,,,,,,,,,,,,25.00,,,,,,,false,false,12,2022-04-01,2023-03-31,-1
2024-02-28,90440,2024-03-31,,,,,,,,,,,,,,,,,,,,,,,,,,,,,,0.00,,,,,,,false,false,12,2023-04-01,2024-03-31,0
2024-04-30,90440,2024-03-31,,,,,,241594000000,0.092,30820000000,0.466,29312000000,0.546,,23926000000,,211.31,,0.086,0.031,,,950650000000,307102000000,0.308,2583.93,292581000000,62223000000,-10528000000,-46832000000,42402000000,,0.166,,,,,,true,false,12,2023-04-01,2024-03-31,0
2024-04-30,90440,2023-03-31,,,,,,221280000000,0.097,21023000000,0.725,18965000000,0.910,,14623000000,,129.13,,0.057,0.020,,,935113000000,274586000000,0.279,2306.15,261121000000,39086000000,-26305000000,-11341000000,37540000000,,0.194,,,,,,true,false,12,2022-04-01,2023-03-31,-1
2024-04-30,90440,2025-03-31,,,,,,126800000000,0.078,16200000000,0.138,15100000000,0.138,,8900000000,,78.60,,,,,,,,,,,,,,,,,,,,,,true,true,6,2024-04-01,2024-09-30,1
2024-04-30,90440,2025-03-31,,,,,,259100000000,0.072,31000000000,0.006,28700000000,-0.021,,17900000000,,158.08,,,,,,,,,,,,,,,,0.221,,,,,,true,true,12,2024-04-01,2025-03-31,1
2024-04-30,90440,2024-03-31,,,,,,109277000000,0.187,18270000000,0.785,17765000000,1.165,17321000000,,1.150,152.97,,,,,,842701000000,218705000000,0.260,1931.49,218705000000,,,,,35.00,,,,113402446,171350,113231093,false,false,12,2023-04-01,2024-03-31,0
2024-04-30,90440,2023-03-31,,,,,,92065000000,0.123,10233000000,1.930,8204000000,,8057000000,,,71.15,,,,,,833281000000,198710000000,0.238,1754.95,198710000000,,,,,25.00,,,,113402446,174018,113248371,false,false,12,2022-04-01,2023-03-31,-1
2024-04-30,90440,2025-03-31,,,,,,111300000000,0.019,19200000000,0.051,19000000000,0.070,13800000000,,-0.203,121.87,,,,,,,,,,,,,,,35.00,,,,,,,false,true,12,2024-04-01,2025-03-31,1
2024-07-31,90440,2025-03-31,1,,,,,59722000000,0.089,9876000000,0.447,9754000000,0.477,,6718000000,,59.33,,,,,,931787000000,312282000000,0.319,,297473000000,,,,,,,,,,,,true,false,3,2024-04-01,2024-06-30,0
2024-07-31,90440,2024-03-31,1,,,,,54845000000,0.058,6827000000,0.423,6603000000,0.471,,4235000000,,37.40,,,,,,,,,,,,,,,,,,,,,,true,false,3,2023-04-01,2023-06-30,-1
2024-07-31,90440,2025-03-31,1,,,,,126800000000,0.078,16200000000,0.138,15100000000,0.138,,8900000000,,78.60,,,,,,,,,,,,,,,,,,,,,,true,true,6,2024-04-01,2024-09-30,0
2024-07-31,90440,2025-03-31,1,,,,,259100000000,0.072,31000000000,0.006,28700000000,-0.021,,17900000000,,158.08,,,,,,,,,,,,,,,,,,,,,,true,true,12,2024-04-01,2025-03-31,0
2024-07-31,90440,2024-03-31,1,,,,,,,,,,,,,,,,,,,,950650000000,307102000000,0.308,,292581000000,,,,,,,,,,,,true,false,12,2023-04-01,2024-03-31,-1
2024-07-31,90440,2024-03-31,1,,,,,,,,,,,,,,,,,,,,,,,,,,,,,35.00,,,,113402446,171350,,false,false,12,2023-04-01,2024-03-31,-1
2024-07-31,90440,2025-03-31,1,,,,,,,,,,,,,,,,,,,,,,,,,,,,,35.00,,,,,,,false,true,12,2024-04-01,2025-03-31,0
2024-07-31,90440,2025-03-31,1,,,,,,,,,,,,,,,,,,,,,,,,,,,,,,,,,113402446,172349,113230570,false,false,3,2024-04-01,2024-06-30,0
2024-07-31,90440,2024-03-31,1,,,,,,,,,,,,,,,,,,,,,,,,,,,,,,,,,,,113228032,false,false,3,2023-04-01,2023-06-30,-1
2024-10-29,90440,2025-03-31,,,,,,123600000000,-0.025,18300000000,0.130,19800000000,0.311,,12600000000,,111.28,,,,,,,,,,,,,,,,,,,,,,true,true,6,2024-04-01,2024-09-30,0
2024-10-29,90440,2024-03-31,,,,,,117672000000,,14237000000,,13268000000,,,8867000000,,78.32,,,,,,,,,,,,,,,,,,,,,,true,false,6,2023-04-01,2023-09-30,-1
2024-10-29,90440,2025-03-31,,,,,,262400000000,0.013,32700000000,0.055,33000000000,0.150,,21200000000,,187.23,,,,,,,,,,,,,,,,,,,,,,true,true,12,2024-04-01,2025-03-31,0
2024-10-29,90440,2024-03-31,,,,,,241594000000,,30820000000,,29312000000,,,23926000000,,211.31,,,,,,,,,,,,,,,,,,,,,,true,false,12,2023-04-01,2024-03-31,-1
2024-10-29,90440,2025-03-31,,,,,,111700000000,0.004,20700000000,0.078,22800000000,0.200,16700000000,,0.210,147.49,,,,,,,,,,,,,,,,,,,,,,false,true,12,2024-04-01,2025-03-31,0
2024-10-29,90440,2024-03-31,,,,,,109277000000,,18270000000,,17765000000,,17321000000,,,152.97,,,,,,,,,,,,,,,,,,,,,,false,false,12,2023-04-01,2024-03-31,-1
2024-10-30,90440,2025-03-31,2,,,,,123579000000,0.050,18256000000,0.282,19822000000,0.494,,12550000000,,110.84,,,,,,925021000000,313482000000,0.323,,298685000000,,,,,,,,,,,,true,false,6,2024-04-01,2024-09-30,0
2024-10-30,90440,2024-03-31,2,,,,,117672000000,0.087,14237000000,0.507,13268000000,0.615,,8867000000,,78.32,,,,,,,,,,,,,,,,,,,,,,true,false,6,2023-04-01,2023-09-30,-1
2024-10-30,90440,2025-03-31,2,,,,,262400000000,0.086,32700000000,0.061,33000000000,0.126,,21200000000,,187.23,,,,,,,,,,,,,,,,,,,,,,true,true,12,2024-04-01,2025-03-31,0
2024-10-30,90440,2024-03-31,2,,,,,,,,,,,,,,,,,,,,950650000000,307102000000,0.308,,292581000000,,,,,,,,,,,,true,false,12,2023-04-01,2024-03-31,-1
2024-10-30,90440,2024-03-31,2,,,,,,,,,,,,,,,,,,,,,,,,,,,,,35.00,,,,113402446,171350,,false,false,12,2023-04-01,2024-03-31,-1
2024-10-30,90440,2025-03-31,2,,,,,,,,,,,,,,,,,,,,,,,,,,,,,17.50,,,,,,,false,false,12,2024-04-01,2025-03-31,0
2024-10-30,90440,2025-03-31,2,,,,,,,,,,,,,,,,,,,,,,,,,,,,,35.00,,,,,,,false,true,12,2024-04-01,2025-03-31,0
2024-10-30,90440,2025-03-31,2,,,,,,,,,,,,,,,,,,,,,,,,,,,,,,,,,113402446,173265,113230057,false,false,6,2024-04-01,2024-09-30,0
2024-10-30,90440,2024-03-31,2,,,,,,,,,,,,,,,,,,,,,,,,,,,,,,,,,,,113229993,false,false,6,2023-04-01,2023-09-30,-1
2025-01-30,90440,2025-03-31,3,,,,,187114000000,0.016,29206000000,0.091,30624000000,0.195,,20210000000,,178.49,,,,,,951483000000,324138000000,0.323,,307553000000,,,,,,,,,,,,true,false,9,2024-04-01,2024-12-31,0
2025-01-30,90440,2024-03-31,3,,,,,184089000000,0.124,26760000000,0.684,25630000000,0.803,,21904000000,,193.45,,,,,,,,,,,,,,,,,,,,,,true,false,9,2023-04-01,2023-12-31,-1
2025-01-30,90440,2025-03-31,3,,,,,262400000000,0.086,32700000000,0.061,33000000000,0.126,,21200000000,,187.23,,,,,,,,,,,,,,,,,,,,,,true,true,12,2024-04-01,2025-03-31,0
2025-01-30,90440,2024-03-31,3,,,,,,,,,,,,,,,,,,,,950650000000,307102000000,0.308,,292581000000,,,,,,,,,,,,true,false,12,2023-04-01,2024-03-31,-1
2025-01-30,90440,2024-03-31,3,,,,,,,,,,,,,,,,,,,,,,,,,,,,,35.00,,,,113402446,171350,,false,false,12,2023-04-01,2024-03-31,-1
2025-01-30,90440,2025-03-31,3,,,,,,,,,,,,,,,,,,,,,,,,,,,,,17.50,,,,,,,false,false,12,2024-04-01,2025-03-31,0
2025-01-30,90440,2025-03-31,3,,,,,,,,,,,,,,,,,,,,,,,,,,,,,35.00,,,,,,,false,true,12,2024-04-01,2025-03-31,0
2025-01-30,90440,2025-03-31,3,,,,,,,,,,,,,,,,,,,,,,,,,,,,,,,,,113402446,173874,113229671,false,false,9,2024-04-01,2024-12-31,0
2025-01-30,90440,2024-03-31,3,,,,,,,,,,,,,,,,,,,,,,,,,,,,,,,,,,,113230934,false,false,9,2023-04-01,2023-12-31,-1
2025-03-31,90440,2025-03-31,,,,,,261000000000,-0.005,34000000000,0.040,34900000000,0.058,,21100000000,,186.35,,,,,,,,,,,,,,,,,,,,,,true,true,12,2024-04-01,2025-03-31,0
2025-03-31,90440,2024-03-31,,,,,,241594000000,,30820000000,,29312000000,,,23926000000,,211.31,,,,,,,,,,,,,,,,,,,,,,true,false,12,2023-04-01,2024-03-31,-1
2025-03-31,90440,2025-03-31,,,,,,113300000000,0.014,21200000000,0.024,24000000000,0.053,15700000000,,-0.060,138.66,,,,,,,,,,,,,,,40.00,,,,,,,false,true,12,2024-04-01,2025-03-31,0
2025-03-31,90440,2024-03-31,,,,,,109277000000,,18270000000,,17765000000,,17321000000,,,152.97,,,,,,,,,,,,,,,35.00,,,,,,,false,false,12,2023-04-01,2024-03-31,-1
2025-03-31,90440,2025-03-31,,,,,,,,,,,,,,,,,,,,,,,,,,,,,,17.50,,,,,,,false,false,12,2024-04-01,2025-03-31,0
2025-04-30,90440,2025-03-31,,,,,,260787000000,0.079,34655000000,0.124,35572000000,0.214,,22496000000,,198.69,,0.075,0.037,,,976877000000,328225000000,0.319,2748.60,311215000000,43813000000,-39299000000,-4785000000,42131000000,,0.201,,,,,,true,false,12,2024-04-01,2025-03-31,0
2025-04-30,90440,2024-03-31,,,,,,241594000000,0.092,30820000000,0.466,29312000000,0.546,,23926000000,,211.31,,0.086,0.031,,,950650000000,307102000000,0.308,2583.93,292581000000,62223000000,-10528000000,-46832000000,42402000000,,0.166,,,,,,true,false,12,2023-04-01,2024-03-31,-1
2025-04-30,90440,2026-03-31,,,,,,124600000000,0.008,17000000000,-0.069,15700000000,-0.208,,11100000000,,98.03,,,,,,,,,,,,,,,,,,,,,,true,true,6,2025-04-01,2025-09-30,1
2025-04-30,90440,2026-03-31,,,,,,266700000000,0.023,32600000000,-0.059,29600000000,-0.168,,18900000000,,166.92,,,,,,,,,,,,,,,,0.240,,,,,,true,true,12,2025-04-01,2026-03-31,1
2025-04-30,90440,2025-03-31,,,,,,113196000000,0.036,21544000000,0.179,24289000000,0.367,17598000000,,0.016,155.42,,,,,,856410000000,230399000000,0.269,2034.84,230399000000,,,,,40.00,,,,113402446,175306,113229203,false,false,12,2024-04-01,2025-03-31,0
2025-04-30,90440,2024-03-31,,,,,,109277000000,0.187,18270000000,0.785,17765000000,1.165,17321000000,,1.150,152.97,,,,,,842701000000,218705000000,0.260,1931.49,218705000000,,,,,35.00,,,,113402446,171350,113231093,false,false,12,2023-04-01,2024-03-31,-1
2025-04-30,90440,2026-03-31,,,,,,126000000000,0.113,22100000000,0.026,19100000000,-0.214,30500000000,,0.733,269.37,,,,,,,,,,,,,,,40.00,,,,,,,false,true,12,2025-04-01,2026-03-31,1
