filing_date,code,fiscal_year_end,quarterly_period,net_sales,net_sales_change,revenue,revenue_change,operating_revenue,operating_revenue_change,operating_profit,operating_profit_change,ordinary_profit,ordinary_profit_change,net_income,net_income_of_parent,net_income_change,eps,diluted_eps,roe,roa,operating_profit_to_net_sales,operating_profit_to_revenue,total_assets,net_assets,equity_ratio,bps,owner_equity,operating_cash_flow,investing_cash_flow,financing_cash_flow,cash,dividend_per_share,payout_ratio,commemorative_dividend,extra_dividend,number_of_shares,number_of_treqsury_shares,avg_number_of_shares,is_consolidated,is_forecast,duration,period_start,period_end,period_pos
2015-05-14,90460,2015-03-31,,,,,,22646000000,-0.005,1840000000,0.018,1065000000,0.269,1107000000,,0.827,13.76,,0.086,0.011,,,96472000000,13899000000,0.144,172.74,13899000000,3592000000,-1832000000,-1880000000,1155000000,,,,,,,,true,false,12,2014-04-01,2015-03-31,0
2015-05-14,90460,2014-03-31,,,,,,22764000000,-0.019,1807000000,0.072,839000000,0.311,606000000,,0.048,7.53,,0.052,0.009,,,97510000000,11766000000,0.121,146.20,11766000000,4410000000,-2280000000,-2403000000,1275000000,,,,,,,,true,false,12,2013-04-01,2014-03-31,-1
2015-05-14,90460,2016-03-31,,,,,,22470000000,-0.008,1900000000,0.033,1040000000,-0.023,,920000000,,11.43,,,,,,,,,,,,,,,,,,,,,,true,true,12,2015-04-01,2016-03-31,1
2015-05-14,90460,2015-03-31,,,,,,12536000000,-0.317,1505000000,-0.033,814000000,0.226,960000000,,0.825,11.94,,,,,,94468000000,13793000000,0.146,171.38,13793000000,,,,,0.00,,,,80615668,149916,80473857,false,false,12,2014-04-01,2015-03-31,0
2015-05-14,90460,2014-03-31,,,,,,18366000000,-0.038,1557000000,-0.003,664000000,0.155,526000000,,-0.062,6.54,,,,,,94883000000,12412000000,0.131,154.19,12412000000,,,,,0.00,,,,80615668,135999,80488056,false,false,12,2013-04-01,2014-03-31,-1
2015-05-14,90460,2016-03-31,,,,,,,,,,,,,,,,,,,,,,,,,,,,,,0.00,,,,,,,false,true,12,2015-04-01,2016-03-31,1
2015-07-30,90460,2016-03-31,1,,,,,5787000000,0.005,845000000,0.385,730000000,0.820,,641000000,,7.97,,,,,,95811000000,14608000000,0.152,181.55,14608000000,,,,,,,,,,,,true,false,3,2015-04-01,2015-06-30,0
2015-07-30,90460,2015-03-31,1,,,,,5759000000,0.048,610000000,-0.013,401000000,0.069,,382000000,,4.76,,,,,,,,,,,,,,,,,,,,,,true,false,3,2014-04-01,2014-06-30,-1
2015-07-30,90460,2016-03-31,1,,,,,22470000000,-0.008,1900000000,0.033,1040000000,-0.023,,920000000,,11.43,,,,,,,,,,,,,,,,,,,,,,true,true,12,2015-04-01,2016-03-31,0
2015-07-30,90460,2015-03-31,1,,,,,,,,,,,,,,,,,,,,96472000000,13899000000,0.144,172.74,13899000000,,,,,,,,,,,,true,false,12,2014-04-01,2015-03-31,-1
2015-07-30,90460,2015-03-31,1,,,,,,,,,,,,,,,,,,,,,,,,,,,,,0.00,,,,80615668,149916,,false,false,12,2014-04-01,2015-03-31,-1
2015-07-30,90460,2016-03-31,1,,,,,,,,,,,,,,,,,,,,,,,,,,,,,0.00,,,,,,,false,true,12,2015-04-01,2016-03-31,0
2015-07-30,90460,2016-03-31,1,,,,,,,,,,,,,,,,,,,,,,,,,,,,,,,,,80615668,153353,80464194,false,false,3,2015-04-01,2015-06-30,0
2015-07-30,90460,2015-03-31,1,,,,,,,,,,,,,,,,,,,,,,,,,,,,,,,,,,,80478600,false,false,3,2014-04-01,2014-06-30,-1
2015-10-29,90460,2016-03-31,2,,,,,11492000000,0.013,1460000000,0.420,1117000000,0.903,,1011000000,,12.57,,,,,,94972000000,14799000000,0.156,183.95,14799000000,,,,,,,,,,,,true,false,6,2015-04-01,2015-09-30,0
2015-10-29,90460,2015-03-31,2,,,,,11341000000,0.028,1028000000,0.017,587000000,0.149,,497000000,,6.19,,,,,,,,,,,,,,,,,,,,,,true,false,6,2014-04-01,2014-09-30,-1
2015-10-29,90460,2016-03-31,2,,,,,22470000000,-0.008,1900000000,0.033,1040000000,-0.023,,920000000,,11.43,,,,,,,,,,,,,,,,,,,,,,true,true,12,2015-04-01,2016-03-31,0
2015-10-29,90460,2015-03-31,2,,,,,,,,,,,,,,,,,,,,96472000000,13899000000,0.144,172.74,13899000000,,,,,,,,,,,,true,false,12,2014-04-01,2015-03-31,-1
2015-10-29,90460,2015-03-31,2,,,,,,,,,,,,,,,,,,,,,,,,,,,,,0.00,,,,80615668,149916,,false,false,12,2014-04-01,2015-03-31,-1
2015-10-29,90460,2016-03-31,2,,,,,,,,,,,,,,,,,,,,,,,,,,,,,0.00,,,,,,,false,false,12,2015-04-01,2016-03-31,0
2015-10-29,90460,2016-03-31,2,,,,,,,,,,,,,,,,,,,,,,,,,,,,,0.00,,,,,,,false,true,12,2015-04-01,2016-03-31,0
2015-10-29,90460,2016-03-31,2,,,,,,,,,,,,,,,,,,,,,,,,,,,,,,,,,80615668,158997,80461474,false,false,6,2015-04-01,2015-09-30,0
2015-10-29,90460,2015-03-31,2,,,,,,,,,,,,,,,,,,,,,,,,,,,,,,,,,,,80477249,false,false,6,2014-04-01,2014-09-30,-1
2016-01-27,90460,2016-03-31,3,,,,,17218000000,0.012,2237000000,0.321,1671000000,0.646,,1519000000,,18.89,,,,,,94837000000,15334000000,0.162,190.61,15334000000,,,,,,,,,,,,true,false,9,2015-04-01,2015-12-31,0
2016-01-27,90460,2015-03-31,3,,,,,17021000000,0.013,1694000000,0.037,1015000000,0.153,,910000000,,11.32,,,,,,,,,,,,,,,,,,,,,,true,false,9,2014-04-01,2014-12-31,-1
2016-01-27,90460,2016-03-31,3,,,,,22470000000,-0.008,1900000000,0.033,1040000000,-0.023,,920000000,,11.43,,,,,,,,,,,,,,,,,,,,,,true,true,12,2015-04-01,2016-03-31,0
2016-01-27,90460,2015-03-31,3,,,,,,,,,,,,,,,,,,,,96472000000,13899000000,0.144,172.74,13899000000,,,,,,,,,,,,true,false,12,2014-04-01,2015-03-31,-1
2016-01-27,90460,2015-03-31,3,,,,,,,,,,,,,,,,,,,,,,,,,,,,,0.00,,,,80615668,149916,,false,false,12,2014-04-01,2015-03-31,-1
2016-01-27,90460,2016-03-31,3,,,,,,,,,,,,,,,,,,,,,,,,,,,,,0.00,,,,,,,false,false,12,2015-04-01,2016-03-31,0
2016-01-27,90460,2016-03-31,3,,,,,,,,,,,,,,,,,,,,,,,,,,,,,0.00,,,,,,,false,true,12,2015-04-01,2016-03-31,0
2016-01-27,90460,2016-03-31,3,,,,,,,,,,,,,,,,,,,,,,,,,,,,,,,,,80615668,165417,80459054,false,false,9,2015-04-01,2015-12-31,0
2016-01-27,90460,2015-03-31,3,,,,,,,,,,,,,,,,,,,,,,,,,,,,,,,,,,,80475651,false,false,9,2014-04-01,2014-12-31,-1
2016-04-25,90460,2016-03-31,,,,,,23140000000,0.030,2283000000,0.202,1474000000,0.417,,1234000000,,15.35,,,,,,,,,,,,,,,,,,,,,,true,true,12,2015-04-01,2016-03-31,0
2016-04-25,90460,2015-03-31,,,,,,22646000000,,1840000000,,1065000000,,,1107000000,,13.76,,,,,,,,,,,,,,,,,,,,,,true,false,12,2014-04-01,2015-03-31,-1
2016-05-12,90460,2016-03-31,,,,,,23140000000,0.022,2283000000,0.241,1474000000,0.384,,1234000000,,15.35,,0.086,0.015,,,95954000000,14726000000,0.153,183.06,14726000000,4478000000,-2094000000,-2356000000,1182000000,,,,,,,,true,false,12,2015-04-01,2016-03-31,0
2016-05-12,90460,2015-03-31,,,,,,22646000000,-0.005,1840000000,0.018,1065000000,0.269,,1107000000,,13.76,,0.086,0.011,,,96472000000,13899000000,0.144,172.74,13899000000,3592000000,-1832000000,-1880000000,1155000000,,,,,,,,true,false,12,2014-04-01,2015-03-31,-1
2016-05-12,90460,2017-03-31,,,,,,22930000000,-0.009,2000000000,-0.124,1170000000,-0.206,,1010000000,,12.55,,,,,,,,,,,,,,,,,,,,,,true,true,12,2016-04-01,2017-03-31,1
2016-05-12,90460,2016-03-31,,,,,,12757000000,0.018,1792000000,0.191,1104000000,0.356,1032000000,,0.075,12.83,,,,,,93804000000,14771000000,0.157,183.56,14771000000,,,,,0.00,,,,80615668,169042,80456524,false,false,12,2015-04-01,2016-03-31,0
2016-05-12,90460,2015-03-31,,,,,,12536000000,-0.317,1505000000,-0.033,814000000,0.226,960000000,,0.825,11.94,,,,,,94468000000,13793000000,0.146,171.38,13793000000,,,,,0.00,,,,80615668,149916,80473857,false,false,12,2014-04-01,2015-03-31,-1
2016-05-12,90460,2017-03-31,,,,,,,,,,,,,,,,,,,,,,,,,,,,,,0.00,,,,,,,false,true,12,2016-04-01,2017-03-31,1
2016-07-27,90460,2017-03-31,1,,,,,5789000000,0.000,869000000,0.028,710000000,-0.027,,607000000,,7.56,,,,,,94212000000,15310000000,0.163,190.32,15310000000,,,,,,,,,,,,true,false,3,2016-04-01,2016-06-30,0
2016-07-27,90460,2016-03-31,1,,,,,5787000000,0.005,845000000,0.385,730000000,0.820,,641000000,,7.97,,,,,,,,,,,,,,,,,,,,,,true,false,3,2015-04-01,2015-06-30,-1
2016-07-27,90460,2017-03-31,1,,,,,22930000000,-0.009,2000000000,-0.124,1170000000,-0.206,,1010000000,,12.55,,,,,,,,,,,,,,,,,,,,,,true,true,12,2016-04-01,2017-03-31,0
2016-07-27,90460,2016-03-31,1,,,,,,,,,,,,,,,,,,,,95954000000,14726000000,0.153,183.06,14726000000,,,,,,,,,,,,true,false,12,2015-04-01,2016-03-31,-1
2016-07-27,90460,2016-03-31,1,,,,,,,,,,,,,,,,,,,,,,,,,,,,,0.00,,,,80615668,169042,,false,false,12,2015-04-01,2016-03-31,-1
2016-07-27,90460,2017-03-31,1,,,,,,,,,,,,,,,,,,,,,,,,,,,,,0.00,,,,,,,false,true,12,2016-04-01,2017-03-31,0
2016-07-27,90460,2017-03-31,1,,,,,,,,,,,,,,,,,,,,,,,,,,,,,,,,,80615668,171224,80445548,false,false,3,2016-04-01,2016-06-30,0
2016-07-27,90460,2016-03-31,1,,,,,,,,,,,,,,,,,,,,,,,,,,,,,,,,,,,80464194,false,false,3,2015-04-01,2015-06-30,-1
2016-10-26,90460,2017-03-31,2,,,,,11603000000,0.010,1552000000,0.063,1223000000,0.095,,1075000000,,13.37,,,,,,93727000000,15815000000,0.169,196.60,15815000000,,,,,,,,,,,,true,false,6,2016-04-01,2016-09-30,0
2016-10-26,90460,2016-03-31,2,,,,,11492000000,0.013,1460000000,0.420,1117000000,0.903,,1011000000,,12.57,,,,,,,,,,,,,,,,,,,,,,true,false,6,2015-04-01,2015-09-30,-1
2016-10-26,90460,2017-03-31,2,,,,,22930000000,-0.009,2000000000,-0.124,1170000000,-0.206,,1010000000,,12.55,,,,,,,,,,,,,,,,,,,,,,true,true,12,2016-04-01,2017-03-31,0
2016-10-26,90460,2016-03-31,2,,,,,,,,,,,,,,,,,,,,95954000000,14726000000,0.153,183.06,14726000000,,,,,,,,,,,,true,false,12,2015-04-01,2016-03-31,-1
2016-10-26,90460,2016-03-31,2,,,,,,,,,,,,,,,,,,,,,,,,,,,,,0.00,,,,80615668,169042,,false,false,12,2015-04-01,2016-03-31,-1
2016-10-26,90460,2017-03-31,2,,,,,,,,,,,,,,,,,,,,,,,,,,,,,0.00,,,,,,,false,false,12,2016-04-01,2017-03-31,0
2016-10-26,90460,2017-03-31,2,,,,,,,,,,,,,,,,,,,,,,,,,,,,,0.00,,,,,,,false,true,12,2016-04-01,2017-03-31,0
2016-10-26,90460,2017-03-31,2,,,,,,,,,,,,,,,,,,,,,,,,,,,,,,,,,80615668,171779,80444897,false,false,6,2016-04-01,2016-09-30,0
2016-10-26,90460,2016-03-31,2,,,,,,,,,,,,,,,,,,,,,,,,,,,,,,,,,,,80461474,false,false,6,2015-04-01,2015-09-30,-1
2017-01-31,90460,2017-03-31,3,,,,,17454000000,0.014,2276000000,0.017,1728000000,0.034,,1535000000,,19.09,,,,,,94011000000,16450000000,0.175,204.51,16450000000,,,,,,,,,,,,true,false,9,2016-04-01,2016-12-31,0
2017-01-31,90460,2016-03-31,3,,,,,17218000000,0.012,2237000000,0.321,1671000000,0.646,,1519000000,,18.89,,,,,,,,,,,,,,,,,,,,,,true,false,9,2015-04-01,2015-12-31,-1
2017-01-31,90460,2017-03-31,3,,,,,22930000000,-0.009,2000000000,-0.124,1170000000,-0.206,,1010000000,,12.55,,,,,,,,,,,,,,,,,,,,,,true,true,12,2016-04-01,2017-03-31,0
2017-01-31,90460,2016-03-31,3,,,,,,,,,,,,,,,,,,,,95954000000,14726000000,0.153,183.06,14726000000,,,,,,,,,,,,true,false,12,2015-04-01,2016-03-31,-1
2017-01-31,90460,2016-03-31,3,,,,,,,,,,,,,,,,,,,,,,,,,,,,,0.00,,,,80615668,169042,,false,false,12,2015-04-01,2016-03-31,-1
2017-01-31,90460,2017-03-31,3,,,,,,,,,,,,,,,,,,,,,,,,,,,,,0.00,,,,,,,false,false,12,2016-04-01,2017-03-31,0
2017-01-31,90460,2017-03-31,3,,,,,,,,,,,,,,,,,,,,,,,,,,,,,0.00,,,,,,,false,true,12,2016-04-01,2017-03-31,0
2017-01-31,90460,2017-03-31,3,,,,,,,,,,,,,,,,,,,,,,,,,,,,,,,,,80615668,176453,80443973,false,false,9,2016-04-01,2016-12-31,0
2017-01-31,90460,2016-03-31,3,,,,,,,,,,,,,,,,,,,,,,,,,,,,,,,,,,,80459054,false,false,9,2015-04-01,2015-12-31,-1
2017-05-11,90460,2017-03-31,,,,,,23147000000,0.000,2243000000,-0.018,1503000000,0.020,,1287000000,,16.01,,0.083,0.016,,,95635000000,16254000000,0.170,202.08,16254000000,4189000000,-1590000000,-2923000000,858000000,,,,,,,,true,false,12,2016-04-01,2017-03-31,0
2017-05-11,90460,2016-03-31,,,,,,23140000000,0.022,2283000000,0.241,1474000000,0.384,,1234000000,,15.35,,0.086,0.015,,,95954000000,14726000000,0.153,183.06,14726000000,4478000000,-2094000000,-2356000000,1182000000,,,,,,,,true,false,12,2015-04-01,2016-03-31,-1
2017-05-11,90460,2018-03-31,,,,,,23080000000,-0.003,2140000000,-0.046,1300000000,-0.135,,1130000000,,140.47,,,,,,,,,,,,,,,,,,,,,,true,true,12,2017-04-01,2018-03-31,1
2017-05-11,90460,2017-03-31,,,,,,12633000000,-0.010,1832000000,0.022,1216000000,0.101,1172000000,,0.136,14.57,,,,,,93562000000,16120000000,0.172,200.36,16120000000,,,,,0.00,,,,80615668,178262,80442639,false,false,12,2016-04-01,2017-03-31,0
2017-05-11,90460,2016-03-31,,,,,,12757000000,0.018,1792000000,0.191,1104000000,0.356,1032000000,,0.075,12.83,,,,,,93804000000,14771000000,0.157,183.56,14771000000,,,,,0.00,,,,80615668,169042,80456524,false,false,12,2015-04-01,2016-03-31,-1
2017-05-11,90460,2018-03-31,,,,,,,,,,,,,,,,,,,,,,,,,,,,,,0.00,,,,,,,false,true,12,2017-04-01,2018-03-31,1
2017-07-31,90460,2018-03-31,1,,,,,5883000000,0.016,891000000,0.025,728000000,0.025,,647000000,,8.05,,,,,,94510000000,16950000000,0.179,,16950000000,,,,,,,,,,,,true,false,3,2017-04-01,2017-06-30,0
2017-07-31,90460,2017-03-31,1,,,,,5789000000,0.000,869000000,0.028,710000000,-0.027,,607000000,,7.56,,,,,,,,,,,,,,,,,,,,,,true,false,3,2016-04-01,2016-06-30,-1
2017-07-31,90460,2018-03-31,1,,,,,23080000000,-0.003,2140000000,-0.046,1300000000,-0.135,,1130000000,,140.47,,,,,,,,,,,,,,,,,,,,,,true,true,12,2017-04-01,2018-03-31,0
2017-07-31,90460,2017-03-31,1,,,,,,,,,,,,,,,,,,,,95635000000,16254000000,0.170,,16254000000,,,,,,,,,,,,true,false,12,2016-04-01,2017-03-31,-1
2017-07-31,90460,2017-03-31,1,,,,,,,,,,,,,,,,,,,,,,,,,,,,,0.00,,,,80615668,178262,,false,false,12,2016-04-01,2017-03-31,-1
2017-07-31,90460,2018-03-31,1,,,,,,,,,,,,,,,,,,,,,,,,,,,,,0.00,,,,,,,false,true,12,2017-04-01,2018-03-31,0
2017-07-31,90460,2018-03-31,1,,,,,,,,,,,,,,,,,,,,,,,,,,,,,,,,,80615668,179845,80436937,false,false,3,2017-04-01,2017-06-30,0
2017-07-31,90460,2017-03-31,1,,,,,,,,,,,,,,,,,,,,,,,,,,,,,,,,,,,80445548,false,false,3,2016-04-01,2016-06-30,-1
2017-10-31,90460,2018-03-31,2,,,,,11567000000,-0.003,1494000000,-0.037,1138000000,-0.070,,1021000000,,127.01,,,,,,95067000000,17319000000,0.182,,17319000000,,,,,,,,,,,,true,false,6,2017-04-01,2017-09-30,0
2017-10-31,90460,2017-03-31,2,,,,,11603000000,0.010,1552000000,0.063,1223000000,0.095,,1075000000,,133.73,,,,,,,,,,,,,,,,,,,,,,true,false,6,2016-04-01,2016-09-30,-1
2017-10-31,90460,2018-03-31,2,,,,,23080000000,-0.003,2140000000,0.046,1300000000,-0.135,,1130000000,,140.47,,,,,,,,,,,,,,,,,,,,,,true,true,12,2017-04-01,2018-03-31,0
2017-10-31,90460,2017-03-31,2,,,,,,,,,,,,,,,,,,,,95635000000,16254000000,0.170,,16254000000,,,,,,,,,,,,true,false,12,2016-04-01,2017-03-31,-1
2017-10-31,90460,2017-03-31,2,,,,,,,,,,,,,,,,,,,,,,,,,,,,,0.00,,,,8061566,17825,,false,false,12,2016-04-01,2017-03-31,-1
2017-10-31,90460,2018-03-31,2,,,,,,,,,,,,,,,,,,,,,,,,,,,,,0.00,,,,,,,false,false,12,2017-04-01,2018-03-31,0
2017-10-31,90460,2018-03-31,2,,,,,,,,,,,,,,,,,,,,,,,,,,,,,0.00,,,,,,,false,true,12,2017-04-01,2018-03-31,0
2017-10-31,90460,2018-03-31,2,,,,,,,,,,,,,,,,,,,,,,,,,,,,,,,,,8061566,18755,8043444,false,false,6,2017-04-01,2017-09-30,0
2017-10-31,90460,2017-03-31,2,,,,,,,,,,,,,,,,,,,,,,,,,,,,,,,,,,,8044490,false,false,6,2016-04-01,2016-09-30,-1
2017-10-31,90460,2018-03-31,2,,,,,11567000000,-0.003,1494000000,-0.037,1138000000,-0.070,,1021000000,,127.01,,,,,,95067000000,17319000000,0.182,,17319000000,,,,,,,,,,,,true,false,6,2017-04-01,2017-09-30,0
2017-10-31,90460,2017-03-31,2,,,,,11603000000,0.010,1552000000,0.063,1223000000,0.095,,1075000000,,133.73,,,,,,,,,,,,,,,,,,,,,,true,false,6,2016-04-01,2016-09-30,-1
2017-10-31,90460,2018-03-31,2,,,,,23080000000,-0.003,2140000000,-0.046,1300000000,-0.135,,1130000000,,140.47,,,,,,,,,,,,,,,,,,,,,,true,true,12,2017-04-01,2018-03-31,0
2017-10-31,90460,2017-03-31,2,,,,,,,,,,,,,,,,,,,,95635000000,16254000000,0.170,,16254000000,,,,,,,,,,,,true,false,12,2016-04-01,2017-03-31,-1
2017-10-31,90460,2017-03-31,2,,,,,,,,,,,,,,,,,,,,,,,,,,,,,0.00,,,,8061566,17825,,false,false,12,2016-04-01,2017-03-31,-1
2017-10-31,90460,2018-03-31,2,,,,,,,,,,,,,,,,,,,,,,,,,,,,,0.00,,,,,,,false,false,12,2017-04-01,2018-03-31,0
2017-10-31,90460,2018-03-31,2,,,,,,,,,,,,,,,,,,,,,,,,,,,,,0.00,,,,,,,false,true,12,2017-04-01,2018-03-31,0
2017-10-31,90460,2018-03-31,2,,,,,,,,,,,,,,,,,,,,,,,,,,,,,,,,,8061566,18755,8043444,false,false,6,2017-04-01,2017-09-30,0
2017-10-31,90460,2017-03-31,2,,,,,,,,,,,,,,,,,,,,,,,,,,,,,,,,,,,8044490,false,false,6,2016-04-01,2016-09-30,-1
2018-01-31,90460,2018-03-31,3,,,,,17414000000,-0.002,2266000000,-0.004,1733000000,0.003,,1543000000,,191.85,,,,,,95094000000,17884000000,0.188,,17884000000,,,,,,,,,,,,true,false,9,2017-04-01,2017-12-31,0
2018-01-31,90460,2017-03-31,3,,,,,17454000000,0.014,2276000000,0.017,1728000000,0.034,,1535000000,,190.86,,,,,,,,,,,,,,,,,,,,,,true,false,9,2016-04-01,2016-12-31,-1
2018-01-31,90460,2018-03-31,3,,,,,23080000000,-0.003,2140000000,-0.046,1300000000,-0.135,,1130000000,,140.47,,,,,,,,,,,,,,,,,,,,,,true,true,12,2017-04-01,2018-03-31,0
2018-01-31,90460,2017-03-31,3,,,,,,,,,,,,,,,,,,,,95635000000,16254000000,0.170,,16254000000,,,,,,,,,,,,true,false,12,2016-04-01,2017-03-31,-1
2018-01-31,90460,2017-03-31,3,,,,,,,,,,,,,,,,,,,,,,,,,,,,,0.00,,,,8061566,17825,,false,false,12,2016-04-01,2017-03-31,-1
2018-01-31,90460,2018-03-31,3,,,,,,,,,,,,,,,,,,,,,,,,,,,,,0.00,,,,,,,false,false,12,2017-04-01,2018-03-31,0
2018-01-31,90460,2018-03-31,3,,,,,,,,,,,,,,,,,,,,,,,,,,,,,0.00,,,,,,,false,true,12,2017-04-01,2018-03-31,0
2018-01-31,90460,2018-03-31,3,,,,,,,,,,,,,,,,,,,,,,,,,,,,,,,,,8061566,20889,8042725,false,false,9,2017-04-01,2017-12-31,0
2018-01-31,90460,2017-03-31,3,,,,,,,,,,,,,,,,,,,,,,,,,,,,,,,,,,,8044397,false,false,9,2016-04-01,2016-12-31,-1
2018-05-14,90460,2018-03-31,,,,,,23001000000,-0.006,2275000000,0.014,1550000000,0.031,,1241000000,,154.34,,0.073,0.016,,,96989000000,17630000000,0.182,2192.87,17630000000,3919000000,-1969000000,-1812000000,995000000,,,,,,,,true,false,12,2017-04-01,2018-03-31,0
2018-05-14,90460,2017-03-31,,,,,,23147000000,0.000,2243000000,-0.018,1503000000,0.020,,1287000000,,160.05,,0.083,0.016,,,95635000000,16254000000,0.170,2020.76,16254000000,4189000000,-1590000000,-2923000000,858000000,,,,,,,,true,false,12,2016-04-01,2017-03-31,-1
2018-05-14,90460,2019-03-31,,,,,,23420000000,0.018,2170000000,-0.046,1520000000,-0.019,,1220000000,,151.74,,,,,,,,,,,,,,,,,,,,,,true,true,12,2018-04-01,2019-03-31,1
2018-05-14,90460,2018-03-31,,,,,,12631000000,-0.000,1893000000,0.033,1269000000,0.044,1169000000,,-0.003,145.33,,,,,,94593000000,17329000000,0.183,2154.85,17329000000,,,,,0.00,,,,8061566,21658,8042103,false,false,12,2017-04-01,2018-03-31,0
2018-05-14,90460,2017-03-31,,,,,,12633000000,-0.010,1832000000,0.022,1216000000,0.101,1172000000,,0.136,145.69,,,,,,93562000000,16120000000,0.172,2003.59,16120000000,,,,,0.00,,,,8061566,17825,8044264,false,false,12,2016-04-01,2017-03-31,-1
2018-05-14,90460,2019-03-31,,,,,,,,,,,,,,,,,,,,,,,,,,,,,,0.00,,,,,,,false,true,12,2018-04-01,2019-03-31,1
2018-07-31,90460,2019-03-31,1,,,,,6156000000,0.046,917000000,0.029,862000000,0.184,,824000000,,102.52,,,,,,95641000000,18450000000,0.193,,18450000000,,,,,,,,,,,,true,false,3,2018-04-01,2018-06-30,0
2018-07-31,90460,2018-03-31,1,,,,,5883000000,0.016,891000000,0.025,728000000,0.025,,647000000,,80.53,,,,,,,,,,,,,,,,,,,,,,true,false,3,2017-04-01,2017-06-30,-1
2018-07-31,90460,2019-03-31,1,,,,,23420000000,0.018,2170000000,-0.046,1520000000,-0.019,,1220000000,,151.74,,,,,,,,,,,,,,,,,,,,,,true,true,12,2018-04-01,2019-03-31,0
2018-07-31,90460,2018-03-31,1,,,,,,,,,,,,,,,,,,,,96989000000,17630000000,0.182,,17630000000,,,,,,,,,,,,true,false,12,2017-04-01,2018-03-31,-1
2018-07-31,90460,2018-03-31,1,,,,,,,,,,,,,,,,,,,,,,,,,,,,,0.00,,,,8061566,21658,,false,false,12,2017-04-01,2018-03-31,-1
2018-07-31,90460,2019-03-31,1,,,,,,,,,,,,,,,,,,,,,,,,,,,,,0.00,,,,,,,false,true,12,2018-04-01,2019-03-31,0
2018-07-31,90460,2019-03-31,1,,,,,,,,,,,,,,,,,,,,,,,,,,,,,,,,,8061566,21915,8039769,false,false,3,2018-04-01,2018-06-30,0
2018-07-31,90460,2018-03-31,1,,,,,,,,,,,,,,,,,,,,,,,,,,,,,,,,,,,8043694,false,false,3,2017-04-01,2017-06-30,-1
2018-10-31,90460,2019-03-31,2,,,,,11646000000,0.007,1472000000,-0.015,1260000000,0.107,,932000000,,115.95,,,,,,95091000000,18606000000,0.196,,18606000000,,,,,,,,,,,,true,false,6,2018-04-01,2018-09-30,0
2018-10-31,90460,2018-03-31,2,,,,,11567000000,-0.003,1494000000,-0.037,1138000000,-0.070,,1021000000,,127.01,,,,,,,,,,,,,,,,,,,,,,true,false,6,2017-04-01,2017-09-30,-1
2018-10-31,90460,2019-03-31,2,,,,,23420000000,0.018,2170000000,-0.046,1520000000,-0.019,,1220000000,,151.74,,,,,,,,,,,,,,,,,,,,,,true,true,12,2018-04-01,2019-03-31,0
2018-10-31,90460,2018-03-31,2,,,,,,,,,,,,,,,,,,,,96989000000,17630000000,0.182,,17630000000,,,,,,,,,,,,true,false,12,2017-04-01,2018-03-31,-1
2018-10-31,90460,2018-03-31,2,,,,,,,,,,,,,,,,,,,,,,,,,,,,,0.00,,,,8061566,21658,,false,false,12,2017-04-01,2018-03-31,-1
2018-10-31,90460,2019-03-31,2,,,,,,,,,,,,,,,,,,,,,,,,,,,,,0.00,,,,,,,false,false,12,2018-04-01,2019-03-31,0
2018-10-31,90460,2019-03-31,2,,,,,,,,,,,,,,,,,,,,,,,,,,,,,0.00,,,,,,,false,true,12,2018-04-01,2019-03-31,0
2018-10-31,90460,2019-03-31,2,,,,,,,,,,,,,,,,,,,,,,,,,,,,,,,,,8061566,22243,8039612,false,false,6,2018-04-01,2018-09-30,0
2018-10-31,90460,2018-03-31,2,,,,,,,,,,,,,,,,,,,,,,,,,,,,,,,,,,,8043444,false,false,6,2017-04-01,2017-09-30,-1
2019-01-30,90460,2019-03-31,3,,,,,17432000000,0.001,2222000000,-0.019,1858000000,0.072,,1509000000,,187.79,,,,,,96064000000,19037000000,0.198,,19037000000,,,,,,,,,,,,true,false,9,2018-04-01,2018-12-31,0
2019-01-30,90460,2018-03-31,3,,,,,17414000000,-0.002,2266000000,-0.004,1733000000,0.003,,1543000000,,191.85,,,,,,,,,,,,,,,,,,,,,,true,false,9,2017-04-01,2017-12-31,-1
2019-01-30,90460,2019-03-31,3,,,,,23420000000,0.018,2170000000,-0.046,1520000000,-0.019,,1220000000,,151.74,,,,,,,,,,,,,,,,,,,,,,true,true,12,2018-04-01,2019-03-31,0
2019-01-30,90460,2018-03-31,3,,,,,,,,,,,,,,,,,,,,96989000000,17630000000,0.182,,17630000000,,,,,,,,,,,,true,false,12,2017-04-01,2018-03-31,-1
2019-01-30,90460,2018-03-31,3,,,,,,,,,,,,,,,,,,,,,,,,,,,,,0.00,,,,8061566,21658,,false,false,12,2017-04-01,2018-03-31,-1
2019-01-30,90460,2019-03-31,3,,,,,,,,,,,,,,,,,,,,,,,,,,,,,0.00,,,,,,,false,false,12,2018-04-01,2019-03-31,0
2019-01-30,90460,2019-03-31,3,,,,,,,,,,,,,,,,,,,,,,,,,,,,,0.00,,,,,,,false,true,12,2018-04-01,2019-03-31,0
2019-01-30,90460,2019-03-31,3,,,,,,,,,,,,,,,,,,,,,,,,,,,,,,,,,8061566,22854,8039419,false,false,9,2018-04-01,2018-12-31,0
2019-01-30,90460,2018-03-31,3,,,,,,,,,,,,,,,,,,,,,,,,,,,,,,,,,,,8042725,false,false,9,2017-04-01,2017-12-31,-1
2019-05-14,90460,2019-03-31,,,,,,22981000000,-0.001,2332000000,0.025,1878000000,0.212,,1214000000,,151.05,,0.067,0.020,,,93732000000,18684000000,0.199,2324.36,18684000000,4203000000,-2367000000,-1727000000,1103000000,,,,,,,,true,false,12,2018-04-01,2019-03-31,0
2019-05-14,90460,2018-03-31,,,,,,23001000000,-0.006,2275000000,0.014,1550000000,0.031,,1241000000,,154.34,,0.073,0.016,,,96989000000,17630000000,0.182,2192.87,17630000000,3919000000,-1969000000,-1812000000,995000000,,,,,,,,true,false,12,2017-04-01,2018-03-31,-1
2019-05-14,90460,2020-03-31,,,,,,23220000000,0.010,2300000000,-0.014,1640000000,-0.127,,1300000000,,161.72,,,,,,,,,,,,,,,,,,,,,,true,true,12,2019-04-01,2020-03-31,1
2019-05-14,90460,2019-03-31,,,,,,12643000000,0.001,1919000000,0.014,1577000000,0.243,996000000,,-0.148,123.95,,,,,,91420000000,18211000000,0.199,2264.88,18211000000,,,,,0.00,,,,8061566,22961,8039242,false,false,12,2018-04-01,2019-03-31,0
2019-05-14,90460,2018-03-31,,,,,,12631000000,-0.000,1893000000,0.033,1269000000,0.044,1169000000,,-0.003,145.33,,,,,,94593000000,17329000000,0.183,2154.85,17329000000,,,,,0.00,,,,8061566,21658,8042103,false,false,12,2017-04-01,2018-03-31,-1
2019-05-14,90460,2020-03-31,,,,,,,,,,,,,,,,,,,,,,,,,,,,,,0.00,,,,,,,false,true,12,2019-04-01,2020-03-31,1
2019-07-31,90460,2020-03-31,1,,,,,5848000000,-0.050,865000000,-0.057,726000000,-0.158,,617000000,,76.83,,,,,,92218000000,19274000000,0.209,,19274000000,,,,,,,,,,,,true,false,3,2019-04-01,2019-06-30,0
2019-07-31,90460,2019-03-31,1,,,,,6156000000,0.046,917000000,0.029,862000000,0.184,,824000000,,102.52,,,,,,,,,,,,,,,,,,,,,,true,false,3,2018-04-01,2018-06-30,-1
2019-07-31,90460,2020-03-31,1,,,,,23220000000,0.010,2300000000,-0.014,1640000000,-0.127,,1300000000,,161.72,,,,,,,,,,,,,,,,,,,,,,true,true,12,2019-04-01,2020-03-31,0
2019-07-31,90460,2019-03-31,1,,,,,,,,,,,,,,,,,,,,93732000000,18684000000,0.199,,18684000000,,,,,,,,,,,,true,false,12,2018-04-01,2019-03-31,-1
2019-07-31,90460,2019-03-31,1,,,,,,,,,,,,,,,,,,,,,,,,,,,,,0.00,,,,8061566,22961,,false,false,12,2018-04-01,2019-03-31,-1
2019-07-31,90460,2020-03-31,1,,,,,,,,,,,,,,,,,,,,,,,,,,,,,0.00,,,,,,,false,true,12,2019-04-01,2020-03-31,0
2019-07-31,90460,2020-03-31,1,,,,,,,,,,,,,,,,,,,,,,,,,,,,,,,,,8061566,23243,8038477,false,false,3,2019-04-01,2019-06-30,0
2019-07-31,90460,2019-03-31,1,,,,,,,,,,,,,,,,,,,,,,,,,,,,,,,,,,,8039769,false,false,3,2018-04-01,2018-06-30,-1
2019-10-31,90460,2020-03-31,2,,,,,11623000000,-0.002,1513000000,0.028,1226000000,-0.027,,1032000000,,128.41,,,,,,92129000000,19694000000,0.214,,19694000000,,,,,,,,,,,,true,false,6,2019-04-01,2019-09-30,0
2019-10-31,90460,2019-03-31,2,,,,,11646000000,0.007,1472000000,-0.015,1260000000,0.107,,932000000,,115.95,,,,,,,,,,,,,,,,,,,,,,true,false,6,2018-04-01,2018-09-30,-1
2019-10-31,90460,2020-03-31,2,,,,,23220000000,0.010,2300000000,-0.014,1640000000,-0.127,,1300000000,,161.72,,,,,,,,,,,,,,,,,,,,,,true,true,12,2019-04-01,2020-03-31,0
2019-10-31,90460,2019-03-31,2,,,,,,,,,,,,,,,,,,,,93732000000,18684000000,0.199,,18684000000,,,,,,,,,,,,true,false,12,2018-04-01,2019-03-31,-1
2019-10-31,90460,2019-03-31,2,,,,,,,,,,,,,,,,,,,,,,,,,,,,,0.00,,,,8061566,22961,,false,false,12,2018-04-01,2019-03-31,-1
2019-10-31,90460,2020-03-31,2,,,,,,,,,,,,,,,,,,,,,,,,,,,,,0.00,,,,,,,false,false,12,2019-04-01,2020-03-31,0
2019-10-31,90460,2020-03-31,2,,,,,,,,,,,,,,,,,,,,,,,,,,,,,0.00,,,,,,,false,true,12,2019-04-01,2020-03-31,0
2019-10-31,90460,2020-03-31,2,,,,,,,,,,,,,,,,,,,,,,,,,,,,,,,,,8061566,23645,8038289,false,false,6,2019-04-01,2019-09-30,0
2019-10-31,90460,2019-03-31,2,,,,,,,,,,,,,,,,,,,,,,,,,,,,,,,,,,,8039612,false,false,6,2018-04-01,2018-09-30,-1
2020-02-03,90460,2020-03-31,3,,,,,17468000000,0.002,2240000000,0.008,1809000000,-0.026,,1494000000,,185.89,,,,,,92138000000,20215000000,0.219,,20215000000,,,,,,,,,,,,true,false,9,2019-04-01,2019-12-31,0
2020-02-03,90460,2019-03-31,3,,,,,17432000000,0.001,2222000000,-0.019,1858000000,0.072,,1509000000,,187.79,,,,,,,,,,,,,,,,,,,,,,true,false,9,2018-04-01,2018-12-31,-1
2020-02-03,90460,2020-03-31,3,,,,,23220000000,0.010,2300000000,-0.014,1640000000,-0.127,,1300000000,,161.72,,,,,,,,,,,,,,,,,,,,,,true,true,12,2019-04-01,2020-03-31,0
2020-02-03,90460,2019-03-31,3,,,,,,,,,,,,,,,,,,,,93732000000,18684000000,0.199,,18684000000,,,,,,,,,,,,true,false,12,2018-04-01,2019-03-31,-1
2020-02-03,90460,2019-03-31,3,,,,,,,,,,,,,,,,,,,,,,,,,,,,,0.00,,,,8061566,22961,,false,false,12,2018-04-01,2019-03-31,-1
2020-02-03,90460,2020-03-31,3,,,,,,,,,,,,,,,,,,,,,,,,,,,,,0.00,,,,,,,false,false,12,2019-04-01,2020-03-31,0
2020-02-03,90460,2020-03-31,3,,,,,,,,,,,,,,,,,,,,,,,,,,,,,0.00,,,,,,,false,true,12,2019-04-01,2020-03-31,0
2020-02-03,90460,2020-03-31,3,,,,,,,,,,,,,,,,,,,,,,,,,,,,,,,,,8061566,24109,8038097,false,false,9,2019-04-01,2019-12-31,0
2020-02-03,90460,2019-03-31,3,,,,,,,,,,,,,,,,,,,,,,,,,,,,,,,,,,,8039419,false,false,9,2018-04-01,2018-12-31,-1
2020-05-13,90460,2020-03-31,,,,,,22751000000,-0.010,2083000000,-0.107,1495000000,-0.204,,1006000000,,125.17,,0.053,0.016,,,92800000000,19441000000,0.209,2419.05,19441000000,4804000000,-2986000000,-1752000000,1168000000,,,,,,,,true,false,12,2019-04-01,2020-03-31,0
2020-05-13,90460,2019-03-31,,,,,,22981000000,-0.001,2332000000,0.025,1878000000,0.212,,1214000000,,151.05,,0.067,0.020,,,93732000000,18684000000,0.199,2324.36,18684000000,4203000000,-2367000000,-1727000000,1103000000,,,,,,,,true,false,12,2018-04-01,2019-03-31,-1
2020-05-13,90460,2020-03-31,,,,,,12260000000,-0.030,1703000000,-0.113,1217000000,-0.228,834000000,,-0.163,103.75,,,,,,90654000000,18987000000,0.209,2361.81,18987000000,,,,,0.00,,,,8061566,24556,8037864,false,false,12,2019-04-01,2020-03-31,0
2020-05-13,90460,2019-03-31,,,,,,12643000000,0.001,1919000000,0.014,1577000000,0.243,996000000,,-0.148,123.95,,,,,,91420000000,18211000000,0.199,2264.88,18211000000,,,,,0.00,,,,8061566,22961,8039242,false,false,12,2018-04-01,2019-03-31,-1
2020-05-13,90460,2021-03-31,,,,,,,,,,,,,,,,,,,,,,,,,,,,,,0.00,,,,,,,false,true,12,2020-04-01,2021-03-31,1
2020-07-29,90460,2021-03-31,1,,,,,4379000000,-0.251,-256000000,,-369000000,,,-370000000,,-46.04,,,,,,91107000000,19094000000,0.210,,19094000000,,,,,,,,,,,,true,false,3,2020-04-01,2020-06-30,0
2020-07-29,90460,2020-03-31,1,,,,,5848000000,-0.050,865000000,-0.057,726000000,-0.158,,617000000,,76.83,,,,,,,,,,,,,,,,,,,,,,true,false,3,2019-04-01,2019-06-30,-1
2020-07-29,90460,2020-03-31,1,,,,,,,,,,,,,,,,,,,,92800000000,19441000000,0.209,,19441000000,,,,,,,,,,,,true,false,12,2019-04-01,2020-03-31,-1
2020-07-29,90460,2020-03-31,1,,,,,,,,,,,,,,,,,,,,,,,,,,,,,0.00,,,,8061566,24556,,false,false,12,2019-04-01,2020-03-31,-1
2020-07-29,90460,2021-03-31,1,,,,,,,,,,,,,,,,,,,,,,,,,,,,,0.00,,,,,,,false,true,12,2020-04-01,2021-03-31,0
2020-07-29,90460,2021-03-31,1,,,,,,,,,,,,,,,,,,,,,,,,,,,,,,,,,8061566,24751,8036896,false,false,3,2020-04-01,2020-06-30,0
2020-07-29,90460,2020-03-31,1,,,,,,,,,,,,,,,,,,,,,,,,,,,,,,,,,,,8038477,false,false,3,2019-04-01,2019-06-30,-1
2020-10-28,90460,2021-03-31,2,,,,,9769000000,-0.160,126000000,-0.917,-124000000,,,-156000000,,-19.43,,,,,,90761000000,19313000000,0.213,,19313000000,,,,,,,,,,,,true,false,6,2020-04-01,2020-09-30,0
2020-10-28,90460,2020-03-31,2,,,,,11623000000,-0.002,1513000000,0.028,1226000000,-0.027,,1032000000,,128.41,,,,,,,,,,,,,,,,,,,,,,true,false,6,2019-04-01,2019-09-30,-1
2020-10-28,90460,2021-03-31,2,,,,,20348000000,-0.106,508000000,-0.756,20000000,-0.987,,-97000000,,-12.07,,,,,,,,,,,,,,,,,,,,,,true,true,12,2020-04-01,2021-03-31,0
2020-10-28,90460,2020-03-31,2,,,,,,,,,,,,,,,,,,,,92800000000,19441000000,0.209,,19441000000,,,,,,,,,,,,true,false,12,2019-04-01,2020-03-31,-1
2020-10-28,90460,2020-03-31,2,,,,,,,,,,,,,,,,,,,,,,,,,,,,,0.00,,,,8061566,24556,,false,false,12,2019-04-01,2020-03-31,-1
2020-10-28,90460,2021-03-31,2,,,,,,,,,,,,,,,,,,,,,,,,,,,,,0.00,,,,,,,false,false,12,2020-04-01,2021-03-31,0
2020-10-28,90460,2021-03-31,2,,,,,,,,,,,,,,,,,,,,,,,,,,,,,0.00,,,,,,,false,true,12,2020-04-01,2021-03-31,0
2020-10-28,90460,2021-03-31,2,,,,,,,,,,,,,,,,,,,,,,,,,,,,,,,,,8061566,22964,8037565,false,false,6,2020-04-01,2020-09-30,0
2020-10-28,90460,2020-03-31,2,,,,,,,,,,,,,,,,,,,,,,,,,,,,,,,,,,,8038289,false,false,6,2019-04-01,2019-09-30,-1
2021-01-28,90460,2021-03-31,3,,,,,15312000000,-0.123,877000000,-0.608,596000000,-0.671,,439000000,,54.64,,,,,,91273000000,19944000000,0.219,,19944000000,,,,,,,,,,,,true,false,9,2020-04-01,2020-12-31,0
2021-01-28,90460,2020-03-31,3,,,,,17468000000,0.002,2240000000,0.008,1809000000,-0.026,,1494000000,,185.89,,,,,,,,,,,,,,,,,,,,,,true,false,9,2019-04-01,2019-12-31,-1
2021-01-28,90460,2021-03-31,3,,,,,20348000000,-0.106,508000000,-0.756,20000000,-0.987,,-97000000,,-12.07,,,,,,,,,,,,,,,,,,,,,,true,true,12,2020-04-01,2021-03-31,0
2021-01-28,90460,2020-03-31,3,,,,,,,,,,,,,,,,,,,,92800000000,19441000000,0.209,,19441000000,,,,,,,,,,,,true,false,12,2019-04-01,2020-03-31,-1
2021-01-28,90460,2020-03-31,3,,,,,,,,,,,,,,,,,,,,,,,,,,,,,0.00,,,,8061566,24556,,false,false,12,2019-04-01,2020-03-31,-1
2021-01-28,90460,2021-03-31,3,,,,,,,,,,,,,,,,,,,,,,,,,,,,,0.00,,,,,,,false,false,12,2020-04-01,2021-03-31,0
2021-01-28,90460,2021-03-31,3,,,,,,,,,,,,,,,,,,,,,,,,,,,,,0.00,,,,,,,false,true,12,2020-04-01,2021-03-31,0
2021-01-28,90460,2021-03-31,3,,,,,,,,,,,,,,,,,,,,,,,,,,,,,,,,,8061566,23485,8037809,false,false,9,2020-04-01,2020-12-31,0
2021-01-28,90460,2020-03-31,3,,,,,,,,,,,,,,,,,,,,,,,,,,,,,,,,,,,8038097,false,false,9,2019-04-01,2019-12-31,-1
2021-04-27,90460,2021-03-31,,,,,,20231000000,-0.006,698000000,0.374,370000000,17.500,,187000000,,23.28,,,,,,,,,,,,,,,,,,,,,,true,true,12,2020-04-01,2021-03-31,0
2021-04-27,90460,2020-03-31,,,,,,22751000000,,2083000000,,1495000000,,,1006000000,,125.17,,,,,,,,,,,,,,,,,,,,,,true,false,12,2019-04-01,2020-03-31,-1
2021-05-13,90460,2021-03-31,,,,,,20231000000,-0.111,698000000,-0.665,370000000,-0.753,,187000000,,23.28,,0.009,0.004,,,92894000000,20174000000,0.217,2509.98,20174000000,1884000000,-1364000000,-328000000,1360000000,,,,,,,,true,false,12,2020-04-01,2021-03-31,0
2021-05-13,90460,2020-03-31,,,,,,22751000000,-0.010,2083000000,-0.107,1495000000,-0.204,,1006000000,,125.17,,0.053,0.016,,,92800000000,19441000000,0.209,2419.05,19441000000,4804000000,-2986000000,-1752000000,1168000000,,,,,,,,true,false,12,2019-04-01,2020-03-31,-1
2021-05-13,90460,2022-03-31,,,,,,21280000000,,1170000000,,600000000,,,500000000,,62.21,,,,,,,,,,,,,,,,,,,,,,true,true,12,2021-04-01,2022-03-31,1
2021-05-13,90460,2021-03-31,,,,,,10707000000,-0.127,270000000,-0.841,83000000,-0.932,60000000,,-0.928,7.47,,,,,,90206000000,19187000000,0.213,2387.13,19187000000,,,,,0.00,,,,8061566,23718,8037834,false,false,12,2020-04-01,2021-03-31,0
2021-05-13,90460,2020-03-31,,,,,,12260000000,-0.030,1703000000,-0.113,1217000000,-0.228,834000000,,-0.163,103.75,,,,,,90654000000,18987000000,0.209,2361.81,18987000000,,,,,0.00,,,,8061566,24556,8037864,false,false,12,2019-04-01,2020-03-31,-1
2021-05-13,90460,2022-03-31,,,,,,,,,,,,,,,,,,,,,,,,,,,,,,0.00,,,,,,,false,true,12,2021-04-01,2022-03-31,1
2021-07-29,9046,2022-03-31,1,,,,,4906000000,,360000000,,237000000,,,190000000,,23.71,,,,,,90979000000,20289000000,0.223,,20289000000,,,,,,,,,,,,true,false,3,2021-04-01,2021-06-30,0
2021-07-29,9046,2021-03-31,1,,,,,4379000000,-0.251,-256000000,,-369000000,,,-370000000,,-46.04,,,,,,,,,,,,,,,,,,,,,,true,false,3,2020-04-01,2020-06-30,-1
2021-07-29,9046,2022-03-31,1,,,,,21280000000,,1170000000,,600000000,,,500000000,,62.21,,,,,,,,,,,,,,,,,,,,,,true,true,12,2021-04-01,2022-03-31,0
2021-07-29,9046,2021-03-31,1,,,,,,,,,,,,,,,,,,,,92894000000,20174000000,0.217,,20174000000,,,,,,,,,,,,true,false,12,2020-04-01,2021-03-31,-1
2021-07-29,9046,2021-03-31,1,,,,,,,,,,,,,,,,,,,,,,,,,,,,,0.00,,,,8061566,23718,,false,false,12,2020-04-01,2021-03-31,-1
2021-07-29,9046,2022-03-31,1,,,,,,,,,,,,,,,,,,,,,,,,,,,,,0.00,,,,,,,false,true,12,2021-04-01,2022-03-31,0
2021-07-29,9046,2022-03-31,1,,,,,,,,,,,,,,,,,,,,,,,,,,,,,,,,,8061566,23923,8037730,false,false,3,2021-04-01,2021-06-30,0
2021-07-29,9046,2021-03-31,1,,,,,,,,,,,,,,,,,,,,,,,,,,,,,,,,,,,8036896,false,false,3,2020-04-01,2020-06-30,-1
2021-10-28,9046,2022-03-31,2,,,,,9940000000,,627000000,,377000000,,,281000000,,34.97,,,,,,90883000000,20382000000,0.224,,20382000000,,,,,,,,,,,,true,false,6,2021-04-01,2021-09-30,0
2021-10-28,9046,2021-03-31,2,,,,,9769000000,-0.160,126000000,-0.917,-124000000,,,-156000000,,-19.43,,,,,,,,,,,,,,,,,,,,,,true,false,6,2020-04-01,2020-09-30,-1
2021-10-28,9046,2022-03-31,2,,,,,21280000000,,1170000000,,600000000,,,500000000,,62.21,,,,,,,,,,,,,,,,,,,,,,true,true,12,2021-04-01,2022-03-31,0
2021-10-28,9046,2021-03-31,2,,,,,,,,,,,,,,,,,,,,92894000000,20174000000,0.217,,20174000000,,,,,,,,,,,,true,false,12,2020-04-01,2021-03-31,-1
2021-10-28,9046,2021-03-31,2,,,,,,,,,,,,,,,,,,,,,,,,,,,,,0.00,,,,8061566,23718,,false,false,12,2020-04-01,2021-03-31,-1
2021-10-28,9046,2022-03-31,2,,,,,,,,,,,,,,,,,,,,,,,,,,,,,0.00,,,,,,,false,false,12,2021-04-01,2022-03-31,0
2021-10-28,9046,2022-03-31,2,,,,,,,,,,,,,,,,,,,,,,,,,,,,,0.00,,,,,,,false,true,12,2021-04-01,2022-03-31,0
2021-10-28,9046,2022-03-31,2,,,,,,,,,,,,,,,,,,,,,,,,,,,,,,,,,8061566,24164,8037591,false,false,6,2021-04-01,2021-09-30,0
2021-10-28,9046,2021-03-31,2,,,,,,,,,,,,,,,,,,,,,,,,,,,,,,,,,,,8037565,false,false,6,2020-04-01,2020-09-30,-1
2022-01-28,9046,2022-03-31,3,,,,,15346000000,,1267000000,,960000000,,,743000000,,92.47,,,,,,91299000000,20822000000,0.228,,20822000000,,,,,,,,,,,,true,false,9,2021-04-01,2021-12-31,0
2022-01-28,9046,2021-03-31,3,,,,,15312000000,-0.123,877000000,-0.608,596000000,-0.671,,439000000,,54.64,,,,,,,,,,,,,,,,,,,,,,true,false,9,2020-04-01,2020-12-31,-1
2022-01-28,9046,2022-03-31,3,,,,,21280000000,,1170000000,,600000000,,,500000000,,62.21,,,,,,,,,,,,,,,,,,,,,,true,true,12,2021-04-01,2022-03-31,0
2022-01-28,9046,2021-03-31,3,,,,,,,,,,,,,,,,,,,,92894000000,20174000000,0.217,,20174000000,,,,,,,,,,,,true,false,12,2020-04-01,2021-03-31,-1
2022-01-28,9046,2021-03-31,3,,,,,,,,,,,,,,,,,,,,,,,,,,,,,0.00,,,,8061566,23718,,false,false,12,2020-04-01,2021-03-31,-1
2022-01-28,9046,2022-03-31,3,,,,,,,,,,,,,,,,,,,,,,,,,,,,,0.00,,,,,,,false,false,12,2021-04-01,2022-03-31,0
2022-01-28,9046,2022-03-31,3,,,,,,,,,,,,,,,,,,,,,,,,,,,,,0.00,,,,,,,false,true,12,2021-04-01,2022-03-31,0
2022-01-28,9046,2022-03-31,3,,,,,,,,,,,,,,,,,,,,,,,,,,,,,,,,,8061566,24403,8037497,false,false,9,2021-04-01,2021-12-31,0
2022-01-28,9046,2021-03-31,3,,,,,,,,,,,,,,,,,,,,,,,,,,,,,,,,,,,8037809,false,false,9,2020-04-01,2020-12-31,-1
2022-05-12,9046,2022-03-31,,,,,,20517000000,,1065000000,,652000000,,,519000000,,64.68,,0.025,0.007,,,92351000000,20626000000,0.223,2566.48,20626000000,2809000000,-1073000000,-1840000000,1256000000,,,,,,,,true,false,12,2021-04-01,2022-03-31,0
2022-05-12,9046,2021-03-31,,,,,,20231000000,-0.111,698000000,-0.665,370000000,-0.753,,187000000,,23.28,,0.009,0.004,,,92894000000,20174000000,0.217,2509.98,20174000000,1884000000,-1364000000,-328000000,1360000000,,,,,,,,true,false,12,2020-04-01,2021-03-31,-1
2022-05-12,9046,2023-03-31,,,,,,21640000000,0.055,1500000000,0.408,930000000,0.426,,590000000,,73.41,,,,,,,,,,,,,,,,,,,,,,true,true,12,2022-04-01,2023-03-31,1
2022-05-12,9046,2022-03-31,,,,,,11312000000,,783000000,,498000000,,472000000,,,58.76,,,,,,89705000000,19619000000,0.219,2441.10,19619000000,,,,,0.00,,,,8061566,24592,8037397,false,false,12,2021-04-01,2022-03-31,0
2022-05-12,9046,2021-03-31,,,,,,10707000000,-0.127,270000000,-0.841,83000000,-0.932,60000000,,-0.928,7.47,,,,,,90206000000,19187000000,0.213,2387.13,19187000000,,,,,0.00,,,,8061566,23718,8037834,false,false,12,2020-04-01,2021-03-31,-1
2022-05-12,9046,2023-03-31,,,,,,,,,,,,,,,,,,,,,,,,,,,,,,0.00,,,,,,,false,true,12,2022-04-01,2023-03-31,1
2022-07-29,9046,2023-03-31,1,,,,,5258000000,0.072,622000000,0.728,560000000,1.363,,458000000,,57.11,,,,,,90082000000,21085000000,0.234,,21085000000,,,,,,,,,,,,true,false,3,2022-04-01,2022-06-30,0
2022-07-29,9046,2022-03-31,1,,,,,4906000000,,360000000,,237000000,,,190000000,,23.71,,,,,,,,,,,,,,,,,,,,,,true,false,3,2021-04-01,2021-06-30,-1
2022-07-29,9046,2023-03-31,1,,,,,21640000000,0.055,1500000000,0.408,930000000,0.426,,590000000,,73.41,,,,,,,,,,,,,,,,,,,,,,true,true,12,2022-04-01,2023-03-31,0
2022-07-29,9046,2022-03-31,1,,,,,,,,,,,,,,,,,,,,92351000000,20626000000,0.223,,20626000000,,,,,,,,,,,,true,false,12,2021-04-01,2022-03-31,-1
2022-07-29,9046,2022-03-31,1,,,,,,,,,,,,,,,,,,,,,,,,,,,,,0.00,,,,8061566,24592,,false,false,12,2021-04-01,2022-03-31,-1
2022-07-29,9046,2023-03-31,1,,,,,,,,,,,,,,,,,,,,,,,,,,,,,0.00,,,,,,,false,true,12,2022-04-01,2023-03-31,0
2022-07-29,9046,2023-03-31,1,,,,,,,,,,,,,,,,,,,,,,,,,,,,,,,,,8061566,24608,8036970,false,false,3,2022-04-01,2022-06-30,0
2022-07-29,9046,2022-03-31,1,,,,,,,,,,,,,,,,,,,,,,,,,,,,,,,,,,,8037730,false,false,3,2021-04-01,2021-06-30,-1
2022-10-28,9046,2023-03-31,2,,,,,10337000000,0.040,949000000,0.514,742000000,0.968,,588000000,,73.22,,,,,,89661000000,21206000000,0.237,,21206000000,,,,,,,,,,,,true,false,6,2022-04-01,2022-09-30,0
2022-10-28,9046,2022-03-31,2,,,,,9940000000,,627000000,,377000000,,,281000000,,34.97,,,,,,,,,,,,,,,,,,,,,,true,false,6,2021-04-01,2021-09-30,-1
2022-10-28,9046,2023-03-31,2,,,,,21640000000,0.055,1500000000,0.408,930000000,0.426,,590000000,,73.41,,,,,,,,,,,,,,,,,,,,,,true,true,12,2022-04-01,2023-03-31,0
2022-10-28,9046,2022-03-31,2,,,,,,,,,,,,,,,,,,,,92351000000,20626000000,0.223,,20626000000,,,,,,,,,,,,true,false,12,2021-04-01,2022-03-31,-1
2022-10-28,9046,2022-03-31,2,,,,,,,,,,,,,,,,,,,,,,,,,,,,,0.00,,,,8061566,24592,,false,false,12,2021-04-01,2022-03-31,-1
2022-10-28,9046,2023-03-31,2,,,,,,,,,,,,,,,,,,,,,,,,,,,,,0.00,,,,,,,false,false,12,2022-04-01,2023-03-31,0
2022-10-28,9046,2023-03-31,2,,,,,,,,,,,,,,,,,,,,,,,,,,,,,0.00,,,,,,,false,true,12,2022-04-01,2023-03-31,0
2022-10-28,9046,2023-03-31,2,,,,,,,,,,,,,,,,,,,,,,,,,,,,,,,,,8061566,25023,8036810,false,false,6,2022-04-01,2022-09-30,0
2022-10-28,9046,2022-03-31,2,,,,,,,,,,,,,,,,,,,,,,,,,,,,,,,,,,,8037591,false,false,6,2021-04-01,2021-09-30,-1
2023-01-31,9046,2023-03-31,3,,,,,15907000000,0.037,1558000000,0.230,1241000000,0.293,,982000000,,122.30,,,,,,90137000000,21689000000,0.241,,21689000000,,,,,,,,,,,,true,false,9,2022-04-01,2022-12-31,0
2023-01-31,9046,2022-03-31,3,,,,,15346000000,,1267000000,,960000000,,,743000000,,92.47,,,,,,,,,,,,,,,,,,,,,,true,false,9,2021-04-01,2021-12-31,-1
2023-01-31,9046,2023-03-31,3,,,,,21640000000,0.055,1500000000,0.408,930000000,0.426,,590000000,,73.41,,,,,,,,,,,,,,,,,,,,,,true,true,12,2022-04-01,2023-03-31,0
2023-01-31,9046,2022-03-31,3,,,,,,,,,,,,,,,,,,,,92351000000,20626000000,0.223,,20626000000,,,,,,,,,,,,true,false,12,2021-04-01,2022-03-31,-1
2023-01-31,9046,2022-03-31,3,,,,,,,,,,,,,,,,,,,,,,,,,,,,,0.00,,,,8061566,24592,,false,false,12,2021-04-01,2022-03-31,-1
2023-01-31,9046,2023-03-31,3,,,,,,,,,,,,,,,,,,,,,,,,,,,,,0.00,,,,,,,false,false,12,2022-04-01,2023-03-31,0
2023-01-31,9046,2023-03-31,3,,,,,,,,,,,,,,,,,,,,,,,,,,,,,0.00,,,,,,,false,true,12,2022-04-01,2023-03-31,0
2023-01-31,9046,2023-03-31,3,,,,,,,,,,,,,,,,,,,,,,,,,,,,,,,,,8061566,25228,8036681,false,false,9,2022-04-01,2022-12-31,0
2023-01-31,9046,2022-03-31,3,,,,,,,,,,,,,,,,,,,,,,,,,,,,,,,,,,,8037497,false,false,9,2021-04-01,2021-12-31,-1
2023-05-12,9046,2023-03-31,,,,,,21321000000,0.039,1391000000,0.306,998000000,0.531,,676000000,,84.16,,0.032,0.011,,,90804000000,21243000000,0.234,2643.57,21243000000,3422000000,-1355000000,-1886000000,1436000000,,,,,,,,true,false,12,2022-04-01,2023-03-31,0
2023-05-12,9046,2022-03-31,,,,,,20517000000,,1065000000,,652000000,,,519000000,,64.68,,0.025,0.007,,,92351000000,20626000000,0.223,2566.48,20626000000,2809000000,-1073000000,-1840000000,1256000000,,,,,,,,true,false,12,2021-04-01,2022-03-31,-1
2023-05-12,9046,2024-03-31,,,,,,22100000000,0.037,1430000000,0.028,870000000,-0.128,,620000000,,77.15,,,,,,,,,,,,,,,,,,,,,,true,true,12,2023-04-01,2024-03-31,1
2023-05-12,9046,2023-03-31,,,,,,12117000000,0.071,1089000000,0.391,839000000,0.685,628000000,,0.331,78.20,,,,,,88306000000,20327000000,0.230,2529.54,20327000000,,,,,0.00,,,,8061566,25598,8036565,false,false,12,2022-04-01,2023-03-31,0
2023-05-12,9046,2022-03-31,,,,,,11312000000,,783000000,,498000000,,472000000,,,58.76,,,,,,89705000000,19619000000,0.219,2441.10,19619000000,,,,,0.00,,,,8061566,24592,8037397,false,false,12,2021-04-01,2022-03-31,-1
2023-05-12,9046,2024-03-31,,,,,,,,,,,,,,,,,,,,,,,,,,,,,,0.00,,,,,,,false,true,12,2023-04-01,2024-03-31,1
2023-07-31,9046,2024-03-31,1,,,,,5471000000,0.041,675000000,0.085,570000000,0.018,,474000000,,59.10,,,,,,89147000000,21800000000,0.245,,21800000000,,,,,,,,,,,,true,false,3,2023-04-01,2023-06-30,0
2023-07-31,9046,2023-03-31,1,,,,,5258000000,0.072,622000000,0.728,560000000,1.363,,458000000,,57.11,,,,,,,,,,,,,,,,,,,,,,true,false,3,2022-04-01,2022-06-30,-1
2023-07-31,9046,2024-03-31,1,,,,,22100000000,0.037,1430000000,0.028,870000000,-0.128,,620000000,,77.15,,,,,,,,,,,,,,,,,,,,,,true,true,12,2023-04-01,2024-03-31,0
2023-07-31,9046,2023-03-31,1,,,,,,,,,,,,,,,,,,,,90804000000,21243000000,0.234,,21243000000,,,,,,,,,,,,true,false,12,2022-04-01,2023-03-31,-1
2023-07-31,9046,2023-03-31,1,,,,,,,,,,,,,,,,,,,,,,,,,,,,,0.00,,,,8061566,25598,,false,false,12,2022-04-01,2023-03-31,-1
2023-07-31,9046,2024-03-31,1,,,,,,,,,,,,,,,,,,,,,,,,,,,,,0.00,,,,,,,false,true,12,2023-04-01,2024-03-31,0
2023-07-31,9046,2024-03-31,1,,,,,,,,,,,,,,,,,,,,,,,,,,,,,,,,,8061566,25843,8035865,false,false,3,2023-04-01,2023-06-30,0
2023-07-31,9046,2023-03-31,1,,,,,,,,,,,,,,,,,,,,,,,,,,,,,,,,,,,8036970,false,false,3,2022-04-01,2022-06-30,-1
2023-10-30,9046,2024-03-31,2,,,,,10924000000,0.057,1157000000,0.219,922000000,0.243,,754000000,,93.94,,,,,,89301000000,22185000000,0.248,,22185000000,,,,,,,,,,,,true,false,6,2023-04-01,2023-09-30,0
2023-10-30,9046,2023-03-31,2,,,,,10337000000,0.040,949000000,0.514,742000000,0.968,,588000000,,73.22,,,,,,,,,,,,,,,,,,,,,,true,false,6,2022-04-01,2022-09-30,-1
2023-10-30,9046,2024-03-31,2,,,,,22130000000,0.038,1510000000,0.086,1000000000,0.002,,700000000,,87.11,,,,,,,,,,,,,,,,,,,,,,true,true,12,2023-04-01,2024-03-31,0
2023-10-30,9046,2023-03-31,2,,,,,,,,,,,,,,,,,,,,90804000000,21243000000,0.234,,21243000000,,,,,,,,,,,,true,false,12,2022-04-01,2023-03-31,-1
2023-10-30,9046,2023-03-31,2,,,,,,,,,,,,,,,,,,,,,,,,,,,,,0.00,,,,8061566,25598,,false,false,12,2022-04-01,2023-03-31,-1
2023-10-30,9046,2024-03-31,2,,,,,,,,,,,,,,,,,,,,,,,,,,,,,0.00,,,,,,,false,false,12,2023-04-01,2024-03-31,0
2023-10-30,9046,2024-03-31,2,,,,,,,,,,,,,,,,,,,,,,,,,,,,,10.00,,,,,,,false,true,12,2023-04-01,2024-03-31,0
2023-10-30,9046,2024-03-31,2,,,,,,,,,,,,,,,,,,,,,,,,,,,,,,,,,8061566,26340,8035616,false,false,6,2023-04-01,2023-09-30,0
2023-10-30,9046,2023-03-31,2,,,,,,,,,,,,,,,,,,,,,,,,,,,,,,,,,,,8036810,false,false,6,2022-04-01,2022-09-30,-1
2024-02-06,9046,2024-03-31,3,,,,,16492000000,0.037,1802000000,0.157,1467000000,0.182,,1151000000,,143.28,,,,,,89083000000,22539000000,0.253,,22539000000,,,,,,,,,,,,true,false,9,2023-04-01,2023-12-31,0
2024-02-06,9046,2023-03-31,3,,,,,15907000000,0.037,1558000000,0.230,1241000000,0.293,,982000000,,122.30,,,,,,,,,,,,,,,,,,,,,,true,false,9,2022-04-01,2022-12-31,-1
2024-02-06,9046,2024-03-31,3,,,,,22130000000,0.038,1510000000,0.086,1000000000,0.002,,700000000,,87.11,,,,,,,,,,,,,,,,,,,,,,true,true,12,2023-04-01,2024-03-31,0
2024-02-06,9046,2023-03-31,3,,,,,,,,,,,,,,,,,,,,90804000000,21243000000,0.234,,21243000000,,,,,,,,,,,,true,false,12,2022-04-01,2023-03-31,-1
2024-02-06,9046,2023-03-31,3,,,,,,,,,,,,,,,,,,,,,,,,,,,,,0.00,,,,8061566,25598,,false,false,12,2022-04-01,2023-03-31,-1
2024-02-06,9046,2024-03-31,3,,,,,,,,,,,,,,,,,,,,,,,,,,,,,0.00,,,,,,,false,false,12,2023-04-01,2024-03-31,0
2024-02-06,9046,2024-03-31,3,,,,,,,,,,,,,,,,,,,,,,,,,,,,,10.00,,,,,,,false,true,12,2023-04-01,2024-03-31,0
2024-02-06,9046,2024-03-31,3,,,,,,,,,,,,,,,,,,,,,,,,,,,,,,,,,8061566,26699,8035442,false,false,9,2023-04-01,2023-12-31,0
2024-02-06,9046,2023-03-31,3,,,,,,,,,,,,,,,,,,,,,,,,,,,,,,,,,,,8036681,false,false,9,2022-04-01,2022-12-31,-1
2024-04-26,90460,2024-03-31,,,,,,22313000000,0.008,1859000000,0.231,1358000000,0.358,,1024000000,,127.46,,,,,,,,,,,,,,,,,,,,,,true,true,12,2023-04-01,2024-03-31,0
2024-04-26,90460,2023-03-31,,,,,,21321000000,,1391000000,,998000000,,,676000000,,84.16,,,,,,,,,,,,,,,,,,,,,,true,false,12,2022-04-01,2023-03-31,-1
2024-05-13,9046,2024-03-31,,,,,,22313000000,0.047,1859000000,0.336,1358000000,0.361,,1024000000,,127.46,,0.047,0.015,,,89893000000,22555000000,0.251,2807.31,22555000000,3780000000,-1319000000,-2437000000,1460000000,,0.078,,,,,,true,false,12,2023-04-01,2024-03-31,0
2024-05-13,9046,2023-03-31,,,,,,21321000000,0.039,1391000000,0.306,998000000,0.531,,676000000,,84.16,,0.032,0.011,,,90804000000,21243000000,0.234,2643.57,21243000000,3422000000,-1355000000,-1886000000,1436000000,,,,,,,,true,false,12,2022-04-01,2023-03-31,-1
2024-05-13,9046,2025-03-31,,,,,,21640000000,-0.030,1750000000,-0.059,1240000000,-0.087,,900000000,,112.01,,,,,,,,,,,,,,,,0.089,,,,,,true,true,12,2024-04-01,2025-03-31,1
2024-05-13,9046,2024-03-31,,,,,,12718000000,0.050,1475000000,0.354,1026000000,0.223,831000000,,0.323,103.44,,,,,,87700000000,21463000000,0.245,2671.35,21463000000,,,,,10.00,,,,8061566,26871,8035281,false,false,12,2023-04-01,2024-03-31,0
2024-05-13,9046,2023-03-31,,,,,,12117000000,0.071,1089000000,0.391,839000000,0.685,628000000,,0.331,78.20,,,,,,88306000000,20327000000,0.230,2529.54,20327000000,,,,,0.00,,,,8061566,25598,8036565,false,false,12,2022-04-01,2023-03-31,-1
2024-05-13,9046,2025-03-31,,,,,,,,,,,,,,,,,,,,,,,,,,,,,,10.00,,,,,,,false,true,12,2024-04-01,2025-03-31,1
2024-05-13,9046,2024-03-31,,,,,,22313000000,0.047,1859000000,0.336,1358000000,0.361,,1024000000,,127.46,,0.046,0.015,,,90451000000,22942000000,0.254,2855.47,22942000000,3780000000,-1319000000,-2437000000,1460000000,,0.078,,,,,,true,false,12,2023-04-01,2024-03-31,0
2024-05-13,9046,2023-03-31,,,,,,21321000000,0.039,1391000000,0.306,998000000,0.531,,676000000,,84.16,,0.032,0.011,,,90804000000,21243000000,0.234,2643.57,21243000000,3422000000,-1355000000,-1886000000,1436000000,,,,,,,,true,false,12,2022-04-01,2023-03-31,-1
2024-05-13,9046,2025-03-31,,,,,,21640000000,-0.030,1750000000,-0.059,1240000000,-0.087,,900000000,,112.01,,,,,,,,,,,,,,,,0.089,,,,,,true,true,12,2024-04-01,2025-03-31,1
2024-05-13,9046,2024-03-31,,,,,,12718000000,0.050,1475000000,0.354,1026000000,0.223,831000000,,0.323,103.44,,,,,,87700000000,21463000000,0.245,2671.35,21463000000,,,,,10.00,,,,8061566,26871,8035281,false,false,12,2023-04-01,2024-03-31,0
2024-05-13,9046,2023-03-31,,,,,,12117000000,0.071,1089000000,0.391,839000000,0.685,628000000,,0.331,78.20,,,,,,88306000000,20327000000,0.230,2529.54,20327000000,,,,,0.00,,,,8061566,25598,8036565,false,false,12,2022-04-01,2023-03-31,-1
2024-05-13,9046,2025-03-31,,,,,,,,,,,,,,,,,,,,,,,,,,,,,,10.00,,,,,,,false,true,12,2024-04-01,2025-03-31,1
2024-08-01,9046,2025-03-31,1,,,,,5549000000,0.014,825000000,0.222,754000000,0.323,,537000000,,66.88,,,,,,89953000000,23450000000,0.261,,23450000000,,,,,,,,,,,,true,false,3,2024-04-01,2024-06-30,0
2024-08-01,9046,2024-03-31,1,,,,,5471000000,0.041,675000000,0.085,570000000,0.018,,474000000,,59.10,,,,,,,,,,,,,,,,,,,,,,true,false,3,2023-04-01,2023-06-30,-1
2024-08-01,9046,2025-03-31,1,,,,,21640000000,-0.030,1750000000,-0.059,1240000000,-0.087,,900000000,,112.01,,,,,,,,,,,,,,,,,,,,,,true,true,12,2024-04-01,2025-03-31,0
2024-08-01,9046,2024-03-31,1,,,,,,,,,,,,,,,,,,,,90451000000,22942000000,0.254,,22942000000,,,,,,,,,,,,true,false,12,2023-04-01,2024-03-31,-1
2024-08-01,9046,2024-03-31,1,,,,,,,,,,,,,,,,,,,,,,,,,,,,,10.00,,,,8061566,26871,,false,false,12,2023-04-01,2024-03-31,-1
2024-08-01,9046,2025-03-31,1,,,,,,,,,,,,,,,,,,,,,,,,,,,,,10.00,,,,,,,false,true,12,2024-04-01,2025-03-31,0
2024-08-01,9046,2025-03-31,1,,,,,,,,,,,,,,,,,,,,,,,,,,,,,,,,,8061566,26920,8034681,false,false,3,2024-04-01,2024-06-30,0
2024-08-01,9046,2024-03-31,1,,,,,,,,,,,,,,,,,,,,,,,,,,,,,,,,,,,8035865,false,false,3,2023-04-01,2023-06-30,-1
2024-10-30,9046,2025-03-31,2,,,,,10965000000,0.004,1289000000,0.114,1082000000,0.174,,783000000,,97.47,,,,,,89413000000,23578000000,0.264,,23578000000,,,,,,,,,,,,true,false,6,2024-04-01,2024-09-30,0
2024-10-30,9046,2024-03-31,2,,,,,10924000000,0.057,1157000000,0.219,922000000,0.243,,754000000,,93.94,,,,,,,,,,,,,,,,,,,,,,true,false,6,2023-04-01,2023-09-30,-1
2024-10-30,9046,2025-03-31,2,,,,,21640000000,-0.030,1750000000,-0.059,1240000000,-0.087,,900000000,,112.01,,,,,,,,,,,,,,,,,,,,,,true,true,12,2024-04-01,2025-03-31,0
2024-10-30,9046,2024-03-31,2,,,,,,,,,,,,,,,,,,,,90451000000,22942000000,0.254,,22942000000,,,,,,,,,,,,true,false,12,2023-04-01,2024-03-31,-1
2024-10-30,9046,2024-03-31,2,,,,,,,,,,,,,,,,,,,,,,,,,,,,,10.00,,,,8061566,26871,,false,false,12,2023-04-01,2024-03-31,-1
2024-10-30,9046,2025-03-31,2,,,,,,,,,,,,,,,,,,,,,,,,,,,,,0.00,,,,,,,false,false,12,2024-04-01,2025-03-31,0
2024-10-30,9046,2025-03-31,2,,,,,,,,,,,,,,,,,,,,,,,,,,,,,10.00,,,,,,,false,true,12,2024-04-01,2025-03-31,0
2024-10-30,9046,2025-03-31,2,,,,,,,,,,,,,,,,,,,,,,,,,,,,,,,,,8061566,27751,8034370,false,false,6,2024-04-01,2024-09-30,0
2024-10-30,9046,2024-03-31,2,,,,,,,,,,,,,,,,,,,,,,,,,,,,,,,,,,,8035616,false,false,6,2023-04-01,2023-09-30,-1
2025-02-03,9046,2025-03-31,3,,,,,16569000000,0.005,2020000000,0.121,1715000000,0.169,,1230000000,,153.17,,,,,,89211000000,24123000000,0.270,,24123000000,,,,,,,,,,,,true,false,9,2024-04-01,2024-12-31,0
2025-02-03,9046,2024-03-31,3,,,,,16492000000,0.037,1802000000,0.157,1467000000,0.182,,1151000000,,143.28,,,,,,,,,,,,,,,,,,,,,,true,false,9,2023-04-01,2023-12-31,-1
2025-02-03,9046,2025-03-31,3,,,,,22060000000,-0.011,1880000000,0.011,1430000000,0.053,,1030000000,,128.19,,,,,,,,,,,,,,,,,,,,,,true,true,12,2024-04-01,2025-03-31,0
2025-02-03,9046,2024-03-31,3,,,,,,,,,,,,,,,,,,,,90451000000,22942000000,0.254,,22942000000,,,,,,,,,,,,true,false,12,2023-04-01,2024-03-31,-1
2025-02-03,9046,2024-03-31,3,,,,,,,,,,,,,,,,,,,,,,,,,,,,,10.00,,,,8061566,26871,,false,false,12,2023-04-01,2024-03-31,-1
2025-02-03,9046,2025-03-31,3,,,,,,,,,,,,,,,,,,,,,,,,,,,,,0.00,,,,,,,false,false,12,2024-04-01,2025-03-31,0
2025-02-03,9046,2025-03-31,3,,,,,,,,,,,,,,,,,,,,,,,,,,,,,20.00,,,,,,,false,true,12,2024-04-01,2025-03-31,0
2025-02-03,9046,2025-03-31,3,,,,,,,,,,,,,,,,,,,,,,,,,,,,,,,,,8061566,28044,8034150,false,false,9,2024-04-01,2024-12-31,0
2025-02-03,9046,2024-03-31,3,,,,,,,,,,,,,,,,,,,,,,,,,,,,,,,,,,,8035442,false,false,9,2023-04-01,2023-12-31,-1
2025-05-13,9046,2025-03-31,,,,,,22131000000,-0.008,2006000000,0.079,1589000000,0.170,,1150000000,,143.57,,0.049,0.018,,,90680000000,23539000000,0.260,2975.00,23539000000,2964000000,-2015000000,-1356000000,1052000000,,0.139,,,,,,true,false,12,2024-04-01,2025-03-31,0
2025-05-13,9046,2024-03-31,,,,,,22313000000,0.047,1859000000,0.336,1358000000,0.361,,1024000000,,127.46,,0.046,0.015,,,90451000000,22942000000,0.254,2855.47,22942000000,3780000000,-1319000000,-2437000000,1460000000,,0.078,,,,,,true,false,12,2023-04-01,2024-03-31,-1
2025-05-13,9046,2026-03-31,,,,,,22770000000,0.029,2230000000,0.112,1590000000,0.001,,1110000000,,140.29,,,,,,,,,,,,,,,,0.143,,,,,,true,true,12,2025-04-01,2026-03-31,1
2025-05-13,9046,2025-03-31,,,,,,12111000000,-0.048,1588000000,0.077,1182000000,0.152,887000000,,0.067,110.66,,,,,,88482000000,21972000000,0.248,2777.01,21972000000,,,,,20.00,,,,8061566,149148,8015377,false,false,12,2024-04-01,2025-03-31,0
2025-05-13,9046,2024-03-31,,,,,,12718000000,0.050,1475000000,0.354,1026000000,0.223,831000000,,0.323,103.44,,,,,,87700000000,21463000000,0.245,2671.35,21463000000,,,,,10.00,,,,8061566,26871,8035281,false,false,12,2023-04-01,2024-03-31,-1
2025-05-13,9046,2026-03-31,,,,,,,,,,,,,,,,,,,,,,,,,,,,,,20.00,,,,,,,false,true,12,2025-04-01,2026-03-31,1
2025-07-30,9046,2026-03-31,1,,,,,5782000000,0.042,973000000,0.179,821000000,0.089,,578000000,,73.08,,,,,,89786000000,23959000000,0.267,,23959000000,,,,,,,,,,,,true,false,3,2025-04-01,2025-06-30,0
2025-07-30,9046,2025-03-31,1,,,,,5549000000,0.014,825000000,0.222,754000000,0.323,,537000000,,66.88,,,,,,,,,,,,,,,,,,,,,,true,false,3,2024-04-01,2024-06-30,-1
2025-07-30,9046,2026-03-31,1,,,,,22770000000,0.029,2230000000,0.112,1590000000,0.001,,1110000000,,140.29,,,,,,,,,,,,,,,,,,,,,,true,true,12,2025-04-01,2026-03-31,0
2025-07-30,9046,2025-03-31,1,,,,,,,,,,,,,,,,,,,,90680000000,23539000000,0.260,,23539000000,,,,,,,,,,,,true,false,12,2024-04-01,2025-03-31,-1
2025-07-30,9046,2025-03-31,1,,,,,,,,,,,,,,,,,,,,,,,,,,,,,20.00,,,,8061566,149148,,false,false,12,2024-04-01,2025-03-31,-1
2025-07-30,9046,2026-03-31,1,,,,,,,,,,,,,,,,,,,,,,,,,,,,,20.00,,,,,,,false,true,12,2025-04-01,2026-03-31,0
2025-07-30,9046,2026-03-31,1,,,,,,,,,,,,,,,,,,,,,,,,,,,,,,,,,8061566,149287,7912354,false,false,3,2025-04-01,2025-06-30,0
2025-07-30,9046,2025-03-31,1,,,,,,,,,,,,,,,,,,,,,,,,,,,,,,,,,,,8034681,false,false,3,2024-04-01,2024-06-30,-1
