filing_date,code,fiscal_year_end,quarterly_period,net_sales,net_sales_change,revenue,revenue_change,operating_revenue,operating_revenue_change,operating_profit,operating_profit_change,ordinary_profit,ordinary_profit_change,net_income,net_income_of_parent,net_income_change,eps,diluted_eps,roe,roa,operating_profit_to_net_sales,operating_profit_to_revenue,total_assets,net_assets,equity_ratio,bps,owner_equity,operating_cash_flow,investing_cash_flow,financing_cash_flow,cash,dividend_per_share,payout_ratio,commemorative_dividend,extra_dividend,number_of_shares,number_of_treqsury_shares,avg_number_of_shares,is_consolidated,is_forecast,duration,period_start,period_end,period_pos
2015-05-14,90590,2015-03-31,,34490000000,0.058,,,,,1222000000,0.317,1184000000,0.343,711000000,,0.560,66.11,,0.055,0.032,0.035,,37718000000,13449000000,0.353,1235.48,13297000000,2188000000,-1318000000,-383000000,2075000000,,0.212,,,,,,true,false,12,2014-04-01,2015-03-31,0
2015-05-14,90590,2014-03-31,,32612000000,0.160,,,,,928000000,-0.194,881000000,-0.201,456000000,,-0.188,42.38,,0.036,0.024,0.028,,36959000000,12766000000,0.342,1174.19,12637000000,1737000000,-1073000000,-916000000,1568000000,,0.354,,,,,,true,false,12,2013-04-01,2014-03-31,-1
2015-05-14,90590,2016-03-31,,16100000000,-0.060,,,,,620000000,0.213,600000000,0.239,,370000000,,34.38,,,,,,,,,,,,,,,,,,,,,,true,true,6,2015-04-01,2015-09-30,1
2015-05-14,90590,2016-03-31,,35000000000,0.015,,,,,1400000000,0.145,1350000000,0.140,,850000000,,78.97,,,,,,,,,,,,,,,,0.203,,,,,,true,true,12,2015-04-01,2016-03-31,1
2015-05-14,90590,2015-03-31,,3284000000,0.047,,,,,821000000,0.147,739000000,0.152,516000000,,0.059,48.02,,,,,,24149000000,11095000000,0.459,1030.87,11095000000,,,,,14.00,,,,11654360,891293,10763067,false,false,12,2014-04-01,2015-03-31,0
2015-05-14,90590,2014-03-31,,3138000000,0.100,,,,,716000000,0.034,641000000,0.042,488000000,,0.240,45.35,,,,,,24196000000,10696000000,0.442,993.79,10696000000,,,,,15.00,,,,11654360,891293,10763088,false,false,12,2013-04-01,2014-03-31,-1
2015-05-14,90590,2016-03-31,,,,,,,,,,,,,,,,,,,,,,,,,,,,,,16.00,,,,,,,false,true,12,2015-04-01,2016-03-31,1
2015-07-31,90590,2016-03-31,1,8966000000,0.027,,,,,355000000,0.309,362000000,0.350,,217000000,,20.23,,,,,,37562000000,13505000000,0.359,,13471000000,,,,,,,,,,,,true,false,3,2015-04-01,2015-06-30,0
2015-07-31,90590,2015-03-31,1,8733000000,0.084,,,,,271000000,0.037,268000000,-0.042,,123000000,,11.48,,,,,,,,,,,,,,,,,,,,,,true,false,3,2014-04-01,2014-06-30,-1
2015-07-31,90590,2016-03-31,1,16100000000,-0.060,,,,,620000000,0.213,600000000,0.239,,370000000,,34.38,,,,,,,,,,,,,,,,,,,,,,true,true,6,2015-04-01,2015-09-30,0
2015-07-31,90590,2016-03-31,1,35000000000,0.015,,,,,1400000000,0.145,1350000000,0.140,,850000000,,78.97,,,,,,,,,,,,,,,,,,,,,,true,true,12,2015-04-01,2016-03-31,0
2015-07-31,90590,2015-03-31,1,,,,,,,,,,,,,,,,,,,,37718000000,13449000000,0.353,,13297000000,,,,,,,,,,,,true,false,12,2014-04-01,2015-03-31,-1
2015-07-31,90590,2015-03-31,1,,,,,,,,,,,,,,,,,,,,,,,,,,,,,14.00,,,,11654360,891293,,false,false,12,2014-04-01,2015-03-31,-1
2015-07-31,90590,2016-03-31,1,,,,,,,,,,,,,,,,,,,,,,,,,,,,,16.00,,,,,,,false,true,12,2015-04-01,2016-03-31,0
2015-07-31,90590,2016-03-31,1,,,,,,,,,,,,,,,,,,,,,,,,,,,,,,,,,11654360,891293,10763067,false,false,3,2015-04-01,2015-06-30,0
2015-07-31,90590,2015-03-31,1,,,,,,,,,,,,,,,,,,,,,,,,,,,,,,,,,,,10763067,false,false,3,2014-04-01,2014-06-30,-1
2015-10-27,90590,2016-03-31,,17800000000,0.106,,,,,700000000,0.129,690000000,0.150,,420000000,,39.02,,,,,,,,,,,,,,,,,,,,,,true,true,6,2015-04-01,2015-09-30,0
2015-10-27,90590,2015-03-31,,17134000000,,,,,,511000000,,484000000,,,247000000,,23.00,,,,,,,,,,,,,,,,,,,,,,true,false,6,2014-04-01,2014-09-30,-1
2015-10-30,90590,2016-03-31,2,17819000000,0.040,,,,,708000000,0.387,701000000,0.450,,408000000,,37.98,,,,,,37268000000,13695000000,0.366,,13658000000,,,,,,,,,,,,true,false,6,2015-04-01,2015-09-30,0
2015-10-30,90590,2015-03-31,2,17134000000,0.083,,,,,511000000,0.088,484000000,0.050,,247000000,,23.00,,,,,,,,,,,,,,,,,,,,,,true,false,6,2014-04-01,2014-09-30,-1
2015-10-30,90590,2016-03-31,2,35000000000,0.015,,,,,1400000000,0.145,1350000000,0.140,,850000000,,78.97,,,,,,,,,,,,,,,,,,,,,,true,true,12,2015-04-01,2016-03-31,0
2015-10-30,90590,2015-03-31,2,,,,,,,,,,,,,,,,,,,,37718000000,13449000000,0.353,,13297000000,,,,,,,,,,,,true,false,12,2014-04-01,2015-03-31,-1
2015-10-30,90590,2015-03-31,2,,,,,,,,,,,,,,,,,,,,,,,,,,,,,14.00,,,,11654360,891293,,false,false,12,2014-04-01,2015-03-31,-1
2015-10-30,90590,2016-03-31,2,,,,,,,,,,,,,,,,,,,,,,,,,,,,,8.00,,,,,,,false,false,12,2015-04-01,2016-03-31,0
2015-10-30,90590,2016-03-31,2,,,,,,,,,,,,,,,,,,,,,,,,,,,,,16.00,,,,,,,false,true,12,2015-04-01,2016-03-31,0
2015-10-30,90590,2016-03-31,2,,,,,,,,,,,,,,,,,,,,,,,,,,,,,,,,,11654360,891293,10763067,false,false,6,2015-04-01,2015-09-30,0
2015-10-30,90590,2015-03-31,2,,,,,,,,,,,,,,,,,,,,,,,,,,,,,,,,,,,10763067,false,false,6,2014-04-01,2014-09-30,-1
2015-11-26,90590,2016-03-31,,35000000000,0.000,,,,,1400000000,0.000,1350000000,0.000,,1490000000,,138.44,,,,,,,,,,,,,,,,,,,,,,true,true,12,2015-04-01,2016-03-31,0
2015-11-26,90590,2015-03-31,,34490000000,,,,,,1222000000,,1184000000,,,711000000,,66.11,,,,,,,,,,,,,,,,,,,,,,true,false,12,2014-04-01,2015-03-31,-1
2016-02-01,90590,2016-03-31,3,27537000000,0.049,,,,,1195000000,0.322,1165000000,0.327,,1343000000,,124.84,,,,,,34648000000,14584000000,0.420,,14545000000,,,,,,,,,,,,true,false,9,2015-04-01,2015-12-31,0
2016-02-01,90590,2015-03-31,3,26246000000,0.083,,,,,904000000,0.289,878000000,0.320,,494000000,,45.91,,,,,,,,,,,,,,,,,,,,,,true,false,9,2014-04-01,2014-12-31,-1
2016-02-01,90590,2016-03-31,3,35000000000,0.015,,,,,1400000000,0.145,1350000000,0.140,,1490000000,,138.44,,,,,,,,,,,,,,,,,,,,,,true,true,12,2015-04-01,2016-03-31,0
2016-02-01,90590,2015-03-31,3,,,,,,,,,,,,,,,,,,,,37718000000,13449000000,0.353,,13297000000,,,,,,,,,,,,true,false,12,2014-04-01,2015-03-31,-1
2016-02-01,90590,2015-03-31,3,,,,,,,,,,,,,,,,,,,,,,,,,,,,,14.00,,,,11654360,891293,,false,false,12,2014-04-01,2015-03-31,-1
2016-02-01,90590,2016-03-31,3,,,,,,,,,,,,,,,,,,,,,,,,,,,,,8.00,,,,,,,false,false,12,2015-04-01,2016-03-31,0
2016-02-01,90590,2016-03-31,3,,,,,,,,,,,,,,,,,,,,,,,,,,,,,20.00,,,,,,,false,true,12,2015-04-01,2016-03-31,0
2016-02-01,90590,2016-03-31,3,,,,,,,,,,,,,,,,,,,,,,,,,,,,,,,,4.00,11654360,891293,10763067,false,false,9,2015-04-01,2015-12-31,0
2016-02-01,90590,2015-03-31,3,,,,,,,,,,,,,,,,,,,,,,,,,,,,,,,,,,,10763067,false,false,9,2014-04-01,2014-12-31,-1
,90590,2016-03-31,,,,,,,,,,,,,,,,,,,,,,,,,,,,,,20.00,,,,,,,false,true,12,2015-04-01,2016-03-31,0
,90590,2016-03-31,,,,,,,,,,,,,,,,,,,,,,,,,,,,,,8.00,,,,,,,false,false,12,2015-04-01,2016-03-31,0
,90590,2015-03-31,,,,,,,,,,,,,,,,,,,,,,,,,,,,,,14.00,,,,,,,false,false,12,2014-04-01,2015-03-31,-1
2016-05-13,90590,2016-03-31,,,,,,36884000000,0.069,1508000000,0.234,1478000000,0.249,,1563000000,,145.26,,0.112,0.040,0.041,,35985000000,14752000000,0.409,1366.79,14710000000,1954000000,5144000000,-5923000000,3243000000,,0.138,,,,,,true,false,12,2015-04-01,2016-03-31,0
2016-05-13,90590,2015-03-31,,,,,,34490000000,0.058,1222000000,0.317,1184000000,0.343,,711000000,,66.11,,0.055,0.032,0.035,,37718000000,13449000000,0.353,1235.48,13297000000,2188000000,-1318000000,-383000000,2075000000,,0.212,,,,,,true,false,12,2014-04-01,2015-03-31,-1
2016-05-13,90590,2017-03-31,,,,,,19000000000,0.066,730000000,0.030,710000000,0.011,,460000000,,42.74,,,,,,,,,,,,,,,,,,,,,,true,true,6,2016-04-01,2016-09-30,1
2016-05-13,90590,2017-03-31,,,,,,38400000000,0.041,1490000000,-0.012,1520000000,0.028,,990000000,,91.98,,,,,,,,,,,,,,,,0.217,,,,,,true,true,12,2016-04-01,2017-03-31,1
2016-05-13,90590,2016-03-31,,,,,,3278000000,-0.002,871000000,0.060,806000000,0.092,1193000000,,1.310,110.91,,,,,,22143000000,12136000000,0.548,1127.61,12136000000,,,,,20.00,,,,11654360,891293,10763067,false,false,12,2015-04-01,2016-03-31,0
2016-05-13,90590,2015-03-31,,,,,,3284000000,0.047,821000000,0.147,739000000,0.152,516000000,,0.059,48.02,,,,,,24149000000,11095000000,0.459,1030.87,11095000000,,,,,14.00,,,,11654360,891293,10763067,false,false,12,2014-04-01,2015-03-31,-1
2016-05-13,90590,2017-03-31,,,,,,,,,,,,,,,,,,,,,,,,,,,,,,20.00,,,,,,,false,true,12,2016-04-01,2017-03-31,1
2016-08-01,90590,2017-03-31,1,,,,,10147000000,0.132,602000000,0.695,597000000,0.648,,330000000,,30.72,,,,,,36093000000,14939000000,0.413,,14901000000,,,,,,,,,,,,true,false,3,2016-04-01,2016-06-30,0
2016-08-01,90590,2016-03-31,1,,,,,8966000000,0.027,355000000,0.309,362000000,0.350,,217000000,,20.23,,,,,,,,,,,,,,,,,,,,,,true,false,3,2015-04-01,2015-06-30,-1
2016-08-01,90590,2017-03-31,1,,,,,19600000000,0.100,1010000000,0.425,990000000,0.410,,640000000,,59.46,,,,,,,,,,,,,,,,,,,,,,true,true,6,2016-04-01,2016-09-30,0
2016-08-01,90590,2017-03-31,1,,,,,39000000000,0.057,1570000000,0.041,1600000000,0.082,,1040000000,,96.63,,,,,,,,,,,,,,,,,,,,,,true,true,12,2016-04-01,2017-03-31,0
2016-08-01,90590,2016-03-31,1,,,,,,,,,,,,,,,,,,,,35985000000,14752000000,0.409,,14710000000,,,,,,,,,,,,true,false,12,2015-04-01,2016-03-31,-1
2016-08-01,90590,2016-03-31,1,,,,,,,,,,,,,,,,,,,,,,,,,,,,,20.00,,,,11654360,891293,,false,false,12,2015-04-01,2016-03-31,-1
2016-08-01,90590,2017-03-31,1,,,,,,,,,,,,,,,,,,,,,,,,,,,,,20.00,,,,,,,false,true,12,2016-04-01,2017-03-31,0
2016-08-01,90590,2017-03-31,1,,,,,,,,,,,,,,,,,,,,,,,,,,,,,,,,,11654360,891293,10763067,false,false,3,2016-04-01,2016-06-30,0
2016-08-01,90590,2016-03-31,1,,,,,,,,,,,,,,,,,,,,,,,,,,,,,,,,,,,10763067,false,false,3,2015-04-01,2015-06-30,-1
2016-10-31,90590,2017-03-31,2,,,,,19760000000,0.109,1051000000,0.483,1056000000,0.505,,607000000,,56.42,,,,,,35309000000,15251000000,0.431,,15212000000,,,,,,,,,,,,true,false,6,2016-04-01,2016-09-30,0
2016-10-31,90590,2016-03-31,2,,,,,17819000000,0.040,708000000,0.387,701000000,0.450,,408000000,,37.98,,,,,,,,,,,,,,,,,,,,,,true,false,6,2015-04-01,2015-09-30,-1
2016-10-31,90590,2017-03-31,2,,,,,39000000000,0.057,1570000000,0.041,1600000000,0.082,,1040000000,,96.63,,,,,,,,,,,,,,,,,,,,,,true,true,12,2016-04-01,2017-03-31,0
2016-10-31,90590,2016-03-31,2,,,,,,,,,,,,,,,,,,,,35985000000,14752000000,0.409,,14710000000,,,,,,,,,,,,true,false,12,2015-04-01,2016-03-31,-1
2016-10-31,90590,2016-03-31,2,,,,,,,,,,,,,,,,,,,,,,,,,,,,,20.00,,,,11654360,891293,,false,false,12,2015-04-01,2016-03-31,-1
2016-10-31,90590,2017-03-31,2,,,,,,,,,,,,,,,,,,,,,,,,,,,,,10.00,,,,,,,false,false,12,2016-04-01,2017-03-31,0
2016-10-31,90590,2017-03-31,2,,,,,,,,,,,,,,,,,,,,,,,,,,,,,20.00,,,,,,,false,true,12,2016-04-01,2017-03-31,0
2016-10-31,90590,2017-03-31,2,,,,,,,,,,,,,,,,,,,,,,,,,,,,,,,,,11654360,891293,10763067,false,false,6,2016-04-01,2016-09-30,0
2016-10-31,90590,2016-03-31,2,,,,,,,,,,,,,,,,,,,,,,,,,,,,,,,,,,,10763067,false,false,6,2015-04-01,2015-09-30,-1
2017-02-01,90590,2017-03-31,3,,,,,29791000000,0.082,1405000000,0.176,1414000000,0.213,,823000000,,76.51,,,,,,36439000000,15403000000,0.422,,15364000000,,,,,,,,,,,,true,false,9,2016-04-01,2016-12-31,0
2017-02-01,90590,2016-03-31,3,,,,,27537000000,0.049,1195000000,0.322,1165000000,0.327,,1343000000,,124.84,,,,,,,,,,,,,,,,,,,,,,true,false,9,2015-04-01,2015-12-31,-1
2017-02-01,90590,2017-03-31,3,,,,,39000000000,0.057,1570000000,0.041,1600000000,0.082,,1040000000,,96.63,,,,,,,,,,,,,,,,,,,,,,true,true,12,2016-04-01,2017-03-31,0
2017-02-01,90590,2016-03-31,3,,,,,,,,,,,,,,,,,,,,35985000000,14752000000,0.409,,14710000000,,,,,,,,,,,,true,false,12,2015-04-01,2016-03-31,-1
2017-02-01,90590,2016-03-31,3,,,,,,,,,,,,,,,,,,,,,,,,,,,,,20.00,,,,11654360,891293,,false,false,12,2015-04-01,2016-03-31,-1
2017-02-01,90590,2017-03-31,3,,,,,,,,,,,,,,,,,,,,,,,,,,,,,10.00,,,,,,,false,false,12,2016-04-01,2017-03-31,0
2017-02-01,90590,2017-03-31,3,,,,,,,,,,,,,,,,,,,,,,,,,,,,,20.00,,,,,,,false,true,12,2016-04-01,2017-03-31,0
2017-02-01,90590,2017-03-31,3,,,,,,,,,,,,,,,,,,,,,,,,,,,,,,,,,11654360,891355,10763052,false,false,9,2016-04-01,2016-12-31,0
2017-02-01,90590,2016-03-31,3,,,,,,,,,,,,,,,,,,,,,,,,,,,,,,,,,,,10763067,false,false,9,2015-04-01,2015-12-31,-1
2017-03-10,90590,2017-03-31,,,,,,39300000000,0.008,1630000000,0.038,1700000000,0.063,,1060000000,,98.48,,,,,,,,,,,,,,,,,,,,,,true,true,12,2016-04-01,2017-03-31,0
2017-03-10,90590,2016-03-31,,,,,,36884000000,,1508000000,,1478000000,,,1563000000,,145.26,,,,,,,,,,,,,,,,,,,,,,true,false,12,2015-04-01,2016-03-31,-1
2017-03-10,90590,2017-03-31,,,,,,,,,,,,,,,,,,,,,,,,,,,,,,22.00,,,,,,,false,true,12,2016-04-01,2017-03-31,0
2017-03-10,90590,2017-03-31,,,,,,,,,,,,,,,,,,,,,,,,,,,,,,10.00,,,,,,,false,false,12,2016-04-01,2017-03-31,0
2017-03-10,90590,2016-03-31,,,,,,,,,,,,,,,,,,,,,,,,,,,,,,20.00,,,,,,,false,false,12,2015-04-01,2016-03-31,-1
2017-05-15,90590,2017-03-31,,,,,,39171000000,0.062,1620000000,0.074,1712000000,0.158,,975000000,,90.63,,0.065,0.047,0.041,,36441000000,15531000000,0.425,1440.20,15500000000,3811000000,-2212000000,-1370000000,3455000000,,0.243,,,,,,true,false,12,2016-04-01,2017-03-31,0
2017-05-15,90590,2016-03-31,,,,,,36884000000,0.069,1508000000,0.234,1478000000,0.249,,1563000000,,145.26,,0.112,0.040,0.041,,35985000000,14752000000,0.409,1366.79,14710000000,1954000000,5144000000,-5923000000,3243000000,,0.138,,,,,,true,false,12,2015-04-01,2016-03-31,-1
2017-05-15,90590,2018-03-31,,,,,,20300000000,0.049,870000000,-0.172,870000000,-0.176,,520000000,,48.31,,,,,,,,,,,,,,,,,,,,,,true,true,6,2017-04-01,2017-09-30,1
2017-05-15,90590,2018-03-31,,,,,,40800000000,0.042,1730000000,0.068,1720000000,0.005,,1030000000,,95.70,,,,,,,,,,,,,,,,0.251,,,,,,true,true,12,2017-04-01,2018-03-31,1
2017-05-15,90590,2017-03-31,,,,,,3207000000,-0.022,522000000,-0.401,503000000,-0.375,368000000,,-0.692,34.21,,,,,,22593000000,12303000000,0.545,1143.09,12303000000,,,,,22.00,,,,11654360,891404,10763039,false,false,12,2016-04-01,2017-03-31,0
2017-05-15,90590,2016-03-31,,,,,,3278000000,-0.002,871000000,0.060,806000000,0.092,1193000000,,1.310,110.91,,,,,,22143000000,12136000000,0.548,1127.61,12136000000,,,,,20.00,,,,11654360,891293,10763067,false,false,12,2015-04-01,2016-03-31,-1
2017-05-15,90590,2018-03-31,,,,,,,,,,,,,,,,,,,,,,,,,,,,,,24.00,,,,,,,false,true,12,2017-04-01,2018-03-31,1
2017-07-31,90590,2018-03-31,1,,,,,10047000000,-0.010,511000000,-0.152,521000000,-0.127,,261000000,,24.26,,,,,,37005000000,15693000000,0.423,,15663000000,,,,,,,,,,,,true,false,3,2017-04-01,2017-06-30,0
2017-07-31,90590,2017-03-31,1,,,,,10147000000,0.132,602000000,0.695,597000000,0.648,,330000000,,30.72,,,,,,,,,,,,,,,,,,,,,,true,false,3,2016-04-01,2016-06-30,-1
2017-07-31,90590,2018-03-31,1,,,,,20300000000,0.027,960000000,-0.087,960000000,-0.091,,575000000,,53.42,,,,,,,,,,,,,,,,,,,,,,true,true,6,2017-04-01,2017-09-30,0
2017-07-31,90590,2018-03-31,1,,,,,40800000000,0.042,1820000000,0.123,1810000000,0.057,,1085000000,,100.81,,,,,,,,,,,,,,,,,,,,,,true,true,12,2017-04-01,2018-03-31,0
2017-07-31,90590,2017-03-31,1,,,,,,,,,,,,,,,,,,,,36441000000,15531000000,0.425,,15500000000,,,,,,,,,,,,true,false,12,2016-04-01,2017-03-31,-1
2017-07-31,90590,2017-03-31,1,,,,,,,,,,,,,,,,,,,,,,,,,,,,,22.00,,,,11654360,891404,,false,false,12,2016-04-01,2017-03-31,-1
2017-07-31,90590,2018-03-31,1,,,,,,,,,,,,,,,,,,,,,,,,,,,,,24.00,,,,,,,false,true,12,2017-04-01,2018-03-31,0
2017-07-31,90590,2018-03-31,1,,,,,,,,,,,,,,,,,,,,,,,,,,,,,,,,,11654360,891404,10762956,false,false,3,2017-04-01,2017-06-30,0
2017-07-31,90590,2017-03-31,1,,,,,,,,,,,,,,,,,,,,,,,,,,,,,,,,,,,10763067,false,false,3,2016-04-01,2016-06-30,-1
2017-07-31,90590,2018-03-31,,,,,,20300000000,,960000000,0.103,960000000,0.103,,575000000,,53.42,,,,,,,,,,,,,,,,,,,,,,true,true,6,2017-04-01,2017-09-30,0
2017-07-31,90590,2017-03-31,,,,,,19760000000,,1051000000,,1056000000,,,607000000,,56.42,,,,,,,,,,,,,,,,,,,,,,true,false,6,2016-04-01,2016-09-30,-1
2017-07-31,90590,2018-03-31,,,,,,40800000000,,1820000000,0.052,1810000000,0.052,,1085000000,,100.81,,,,,,,,,,,,,,,,,,,,,,true,true,12,2017-04-01,2018-03-31,0
2017-07-31,90590,2017-03-31,,,,,,39171000000,,1620000000,,1712000000,,,975000000,,90.63,,,,,,,,,,,,,,,,,,,,,,true,false,12,2016-04-01,2017-03-31,-1
2017-10-31,90590,2018-03-31,2,,,,,20277000000,0.026,1041000000,-0.009,1020000000,-0.033,,609000000,,56.59,,,,,,38142000000,16057000000,0.420,,16001000000,,,,,,,,,,,,true,false,6,2017-04-01,2017-09-30,0
2017-10-31,90590,2017-03-31,2,,,,,19760000000,0.109,1051000000,0.483,1056000000,0.505,,607000000,,56.42,,,,,,,,,,,,,,,,,,,,,,true,false,6,2016-04-01,2016-09-30,-1
2017-10-31,90590,2018-03-31,2,,,,,40800000000,0.042,1900000000,0.172,1870000000,0.092,,1120000000,,104.06,,,,,,,,,,,,,,,,,,,,,,true,true,12,2017-04-01,2018-03-31,0
2017-10-31,90590,2017-03-31,2,,,,,,,,,,,,,,,,,,,,36441000000,15531000000,0.425,,15500000000,,,,,,,,,,,,true,false,12,2016-04-01,2017-03-31,-1
2017-10-31,90590,2017-03-31,2,,,,,,,,,,,,,,,,,,,,,,,,,,,,,22.00,,,,11654360,891404,,false,false,12,2016-04-01,2017-03-31,-1
2017-10-31,90590,2018-03-31,2,,,,,,,,,,,,,,,,,,,,,,,,,,,,,12.00,,,,,,,false,false,12,2017-04-01,2018-03-31,0
2017-10-31,90590,2018-03-31,2,,,,,,,,,,,,,,,,,,,,,,,,,,,,,24.00,,,,,,,false,true,12,2017-04-01,2018-03-31,0
2017-10-31,90590,2018-03-31,2,,,,,,,,,,,,,,,,,,,,,,,,,,,,,,,,,11654360,891404,10762956,false,false,6,2017-04-01,2017-09-30,0
2017-10-31,90590,2017-03-31,2,,,,,,,,,,,,,,,,,,,,,,,,,,,,,,,,,,,10763067,false,false,6,2016-04-01,2016-09-30,-1
2018-02-01,90590,2018-03-31,3,,,,,30841000000,0.035,1665000000,0.185,1648000000,0.166,,1020000000,,94.82,,,,,,39243000000,16409000000,0.417,,16357000000,,,,,,,,,,,,true,false,9,2017-04-01,2017-12-31,0
2018-02-01,90590,2017-03-31,3,,,,,29791000000,0.082,1405000000,0.176,1414000000,0.213,,823000000,,76.51,,,,,,,,,,,,,,,,,,,,,,true,false,9,2016-04-01,2016-12-31,-1
2018-02-01,90590,2018-03-31,3,,,,,40800000000,0.042,1900000000,0.172,1870000000,0.092,,1120000000,,104.06,,,,,,,,,,,,,,,,,,,,,,true,true,12,2017-04-01,2018-03-31,0
2018-02-01,90590,2017-03-31,3,,,,,,,,,,,,,,,,,,,,36441000000,15531000000,0.425,,15500000000,,,,,,,,,,,,true,false,12,2016-04-01,2017-03-31,-1
2018-02-01,90590,2017-03-31,3,,,,,,,,,,,,,,,,,,,,,,,,,,,,,22.00,,,,11654360,891404,,false,false,12,2016-04-01,2017-03-31,-1
2018-02-01,90590,2018-03-31,3,,,,,,,,,,,,,,,,,,,,,,,,,,,,,12.00,,,,,,,false,false,12,2017-04-01,2018-03-31,0
2018-02-01,90590,2018-03-31,3,,,,,,,,,,,,,,,,,,,,,,,,,,,,,24.00,,,,,,,false,true,12,2017-04-01,2018-03-31,0
2018-02-01,90590,2018-03-31,3,,,,,,,,,,,,,,,,,,,,,,,,,,,,,,,,,11654360,891444,10762953,false,false,9,2017-04-01,2017-12-31,0
2018-02-01,90590,2017-03-31,3,,,,,,,,,,,,,,,,,,,,,,,,,,,,,,,,,,,10763052,false,false,9,2016-04-01,2016-12-31,-1
2018-05-15,90590,2018-03-31,,,,,,40926000000,0.045,1831000000,0.130,1813000000,0.059,,1063000000,,98.84,,0.067,0.048,0.045,,39610000000,16477000000,0.415,1526.31,16427000000,2669000000,-3727000000,637000000,3239000000,,0.243,,,,,,true,false,12,2017-04-01,2018-03-31,0
2018-05-15,90590,2017-03-31,,,,,,39171000000,0.062,1620000000,0.074,1712000000,0.158,,975000000,,90.63,,0.065,0.047,0.041,,36441000000,15531000000,0.425,1440.20,15500000000,3811000000,-2212000000,-1370000000,3455000000,,0.243,,,,,,true,false,12,2016-04-01,2017-03-31,-1
2018-05-15,90590,2019-03-31,,,,,,21300000000,0.050,950000000,-0.088,950000000,-0.070,,560000000,,52.03,,,,,,,,,,,,,,,,,,,,,,true,true,6,2018-04-01,2018-09-30,1
2018-05-15,90590,2019-03-31,,,,,,42900000000,0.048,1900000000,0.037,1880000000,0.037,,1110000000,,103.13,,,,,,,,,,,,,,,,0.233,,,,,,true,true,12,2018-04-01,2019-03-31,1
2018-05-15,90590,2018-03-31,,,,,,3340000000,0.042,692000000,0.326,666000000,0.322,555000000,,0.509,51.61,,,,,,24505000000,12716000000,0.519,1181.53,12716000000,,,,,24.00,,,,11654360,891444,10762944,false,false,12,2017-04-01,2018-03-31,0
2018-05-15,90590,2017-03-31,,,,,,3207000000,-0.022,522000000,-0.401,503000000,-0.375,368000000,,-0.692,34.21,,,,,,22593000000,12303000000,0.545,1143.09,12303000000,,,,,22.00,,,,11654360,891404,10763039,false,false,12,2016-04-01,2017-03-31,-1
2018-05-15,90590,2019-03-31,,,,,,,,,,,,,,,,,,,,,,,,,,,,,,24.00,,,,,,,false,true,12,2018-04-01,2019-03-31,1
2018-05-15,90590,2018-03-31,,,,,,40926000000,0.045,1831000000,0.130,1813000000,0.059,,1066000000,,99.10,,0.067,0.048,0.045,,39610000000,16477000000,0.415,1526.31,16427000000,2669000000,-3727000000,637000000,3239000000,,0.242,,,,,,true,false,12,2017-04-01,2018-03-31,0
2018-05-15,90590,2017-03-31,,,,,,39171000000,0.062,1620000000,0.074,1712000000,0.158,,975000000,,90.63,,0.065,0.047,0.041,,36441000000,15531000000,0.425,1440.20,15500000000,3811000000,-2212000000,-1370000000,3455000000,,0.243,,,,,,true,false,12,2016-04-01,2017-03-31,-1
2018-05-15,90590,2019-03-31,,,,,,21300000000,0.050,950000000,-0.088,950000000,-0.070,,560000000,,52.03,,,,,,,,,,,,,,,,,,,,,,true,true,6,2018-04-01,2018-09-30,1
2018-05-15,90590,2019-03-31,,,,,,42900000000,0.048,1900000000,0.037,1880000000,0.037,,1110000000,,103.13,,,,,,,,,,,,,,,,0.233,,,,,,true,true,12,2018-04-01,2019-03-31,1
2018-05-15,90590,2018-03-31,,,,,,3340000000,0.042,692000000,0.326,666000000,0.322,555000000,,0.509,51.61,,,,,,24505000000,12716000000,0.519,1181.53,12716000000,,,,,24.00,,,,11654360,891444,10762944,false,false,12,2017-04-01,2018-03-31,0
2018-05-15,90590,2017-03-31,,,,,,3207000000,-0.022,522000000,-0.401,503000000,-0.375,368000000,,-0.692,34.21,,,,,,22593000000,12303000000,0.545,1143.09,12303000000,,,,,22.00,,,,11654360,891404,10763039,false,false,12,2016-04-01,2017-03-31,-1
2018-05-15,90590,2019-03-31,,,,,,,,,,,,,,,,,,,,,,,,,,,,,,24.00,,,,,,,false,true,12,2018-04-01,2019-03-31,1
2018-07-31,90590,2019-03-31,1,,,,,10719000000,0.067,330000000,-0.353,340000000,-0.346,,127000000,,11.88,,,,,,39315000000,16530000000,0.419,,16479000000,,,,,,,,,,,,true,false,3,2018-04-01,2018-06-30,0
2018-07-31,90590,2018-03-31,1,,,,,10047000000,-0.010,511000000,-0.152,521000000,-0.127,,261000000,,24.26,,,,,,,,,,,,,,,,,,,,,,true,false,3,2017-04-01,2017-06-30,-1
2018-07-31,90590,2019-03-31,1,,,,,21300000000,0.050,950000000,-0.088,950000000,-0.070,,560000000,,52.03,,,,,,,,,,,,,,,,,,,,,,true,true,6,2018-04-01,2018-09-30,0
2018-07-31,90590,2019-03-31,1,,,,,42900000000,0.048,1900000000,0.037,1880000000,0.037,,1110000000,,103.13,,,,,,,,,,,,,,,,,,,,,,true,true,12,2018-04-01,2019-03-31,0
2018-07-31,90590,2018-03-31,1,,,,,,,,,,,,,,,,,,,,39384000000,16477000000,0.417,,16427000000,,,,,,,,,,,,true,false,12,2017-04-01,2018-03-31,-1
2018-07-31,90590,2018-03-31,1,,,,,,,,,,,,,,,,,,,,,,,,,,,,,24.00,,,,11654360,891444,,false,false,12,2017-04-01,2018-03-31,-1
2018-07-31,90590,2019-03-31,1,,,,,,,,,,,,,,,,,,,,,,,,,,,,,24.00,,,,,,,false,true,12,2018-04-01,2019-03-31,0
2018-07-31,90590,2019-03-31,1,,,,,,,,,,,,,,,,,,,,,,,,,,,,,,,,,11654360,891444,10762916,false,false,3,2018-04-01,2018-06-30,0
2018-07-31,90590,2018-03-31,1,,,,,,,,,,,,,,,,,,,,,,,,,,,,,,,,,,,10762956,false,false,3,2017-04-01,2017-06-30,-1
2018-07-31,90590,2019-03-31,1,,,,,10719000000,0.067,330000000,-0.353,340000000,-0.346,,161000000,,14.99,,,,,,39315000000,16563000000,0.420,,16512000000,,,,,,,,,,,,true,false,3,2018-04-01,2018-06-30,0
2018-07-31,90590,2018-03-31,1,,,,,10047000000,-0.010,511000000,-0.152,521000000,-0.127,,261000000,,24.26,,,,,,,,,,,,,,,,,,,,,,true,false,3,2017-04-01,2017-06-30,-1
2018-07-31,90590,2019-03-31,1,,,,,21300000000,0.050,950000000,-0.088,950000000,-0.070,,560000000,,52.03,,,,,,,,,,,,,,,,,,,,,,true,true,6,2018-04-01,2018-09-30,0
2018-07-31,90590,2019-03-31,1,,,,,42900000000,0.048,1900000000,0.037,1880000000,0.037,,1110000000,,103.13,,,,,,,,,,,,,,,,,,,,,,true,true,12,2018-04-01,2019-03-31,0
2018-07-31,90590,2018-03-31,1,,,,,,,,,,,,,,,,,,,,39384000000,16477000000,0.417,,16427000000,,,,,,,,,,,,true,false,12,2017-04-01,2018-03-31,-1
2018-07-31,90590,2018-03-31,1,,,,,,,,,,,,,,,,,,,,,,,,,,,,,24.00,,,,11654360,891444,,false,false,12,2017-04-01,2018-03-31,-1
2018-07-31,90590,2019-03-31,1,,,,,,,,,,,,,,,,,,,,,,,,,,,,,24.00,,,,,,,false,true,12,2018-04-01,2019-03-31,0
2018-07-31,90590,2019-03-31,1,,,,,,,,,,,,,,,,,,,,,,,,,,,,,,,,,11654360,891444,10762916,false,false,3,2018-04-01,2018-06-30,0
2018-07-31,90590,2018-03-31,1,,,,,,,,,,,,,,,,,,,,,,,,,,,,,,,,,,,10762956,false,false,3,2017-04-01,2017-06-30,-1
2018-10-31,90590,2019-03-31,2,,,,,21411000000,0.056,774000000,-0.256,777000000,-0.239,,472000000,,43.92,,,,,,39210000000,16891000000,0.429,,16836000000,,,,,,,,,,,,true,false,6,2018-04-01,2018-09-30,0
2018-10-31,90590,2018-03-31,2,,,,,20277000000,0.026,1041000000,-0.009,1020000000,-0.033,,609000000,,56.59,,,,,,,,,,,,,,,,,,,,,,true,false,6,2017-04-01,2017-09-30,-1
2018-10-31,90590,2019-03-31,2,,,,,42500000000,0.038,1620000000,-0.116,1600000000,-0.117,,930000000,,86.41,,,,,,,,,,,,,,,,,,,,,,true,true,12,2018-04-01,2019-03-31,0
2018-10-31,90590,2018-03-31,2,,,,,,,,,,,,,,,,,,,,39384000000,16477000000,0.417,,16427000000,,,,,,,,,,,,true,false,12,2017-04-01,2018-03-31,-1
2018-10-31,90590,2018-03-31,2,,,,,,,,,,,,,,,,,,,,,,,,,,,,,24.00,,,,11654360,891444,,false,false,12,2017-04-01,2018-03-31,-1
2018-10-31,90590,2019-03-31,2,,,,,,,,,,,,,,,,,,,,,,,,,,,,,12.00,,,,,,,false,false,12,2018-04-01,2019-03-31,0
2018-10-31,90590,2019-03-31,2,,,,,,,,,,,,,,,,,,,,,,,,,,,,,24.00,,,,,,,false,true,12,2018-04-01,2019-03-31,0
2018-10-31,90590,2019-03-31,2,,,,,,,,,,,,,,,,,,,,,,,,,,,,,,,,,11654360,891444,10762916,false,false,6,2018-04-01,2018-09-30,0
2018-10-31,90590,2018-03-31,2,,,,,,,,,,,,,,,,,,,,,,,,,,,,,,,,,,,10762956,false,false,6,2017-04-01,2017-09-30,-1
2019-02-01,90590,2019-03-31,3,,,,,32720000000,0.061,1326000000,-0.203,1323000000,-0.197,,801000000,,74.50,,,,,,39875000000,16992000000,0.425,,16946000000,,,,,,,,,,,,true,false,9,2018-04-01,2018-12-31,0
2019-02-01,90590,2018-03-31,3,,,,,30841000000,0.035,1665000000,0.185,1648000000,0.166,,1020000000,,94.82,,,,,,,,,,,,,,,,,,,,,,true,false,9,2017-04-01,2017-12-31,-1
2019-02-01,90590,2019-03-31,3,,,,,42500000000,0.038,1620000000,-0.116,1600000000,-0.117,,930000000,,86.41,,,,,,,,,,,,,,,,,,,,,,true,true,12,2018-04-01,2019-03-31,0
2019-02-01,90590,2018-03-31,3,,,,,,,,,,,,,,,,,,,,39384000000,16477000000,0.417,,16427000000,,,,,,,,,,,,true,false,12,2017-04-01,2018-03-31,-1
2019-02-01,90590,2018-03-31,3,,,,,,,,,,,,,,,,,,,,,,,,,,,,,24.00,,,,11654360,891444,,false,false,12,2017-04-01,2018-03-31,-1
2019-02-01,90590,2019-03-31,3,,,,,,,,,,,,,,,,,,,,,,,,,,,,,12.00,,,,,,,false,false,12,2018-04-01,2019-03-31,0
2019-02-01,90590,2019-03-31,3,,,,,,,,,,,,,,,,,,,,,,,,,,,,,24.00,,,,,,,false,true,12,2018-04-01,2019-03-31,0
2019-02-01,90590,2019-03-31,3,,,,,,,,,,,,,,,,,,,,,,,,,,,,,,,,,11654360,891447,10762915,false,false,9,2018-04-01,2018-12-31,0
2019-02-01,90590,2018-03-31,3,,,,,,,,,,,,,,,,,,,,,,,,,,,,,,,,,,,10762953,false,false,9,2017-04-01,2017-12-31,-1
2019-05-15,90590,2019-03-31,,,,,,43583000000,0.065,1566000000,-0.145,1546000000,-0.147,,790000000,,73.41,,0.047,0.039,0.036,,39487000000,17003000000,0.429,1575.11,16952000000,2983000000,-2383000000,-544000000,3292000000,,0.327,,,,,,true,false,12,2018-04-01,2019-03-31,0
2019-05-15,90590,2018-03-31,,,,,,40926000000,0.045,1831000000,0.130,1813000000,0.059,,1066000000,,99.10,,0.067,0.048,0.045,,39384000000,16477000000,0.417,1526.31,16427000000,2669000000,-3727000000,637000000,3239000000,,0.242,,,,,,true,false,12,2017-04-01,2018-03-31,-1
2019-05-15,90590,2020-03-31,,,,,,21800000000,0.018,840000000,0.085,840000000,0.081,,495000000,,45.99,,,,,,,,,,,,,,,,,,,,,,true,true,6,2019-04-01,2019-09-30,1
2019-05-15,90590,2020-03-31,,,,,,44000000000,0.010,1770000000,0.130,1750000000,0.132,,1030000000,,95.70,,,,,,,,,,,,,,,,0.251,,,,,,true,true,12,2019-04-01,2020-03-31,1
2019-05-15,90590,2019-03-31,,,,,,3474000000,0.040,825000000,0.192,777000000,0.166,654000000,,0.177,60.77,,,,,,24651000000,13111000000,0.532,1218.23,13111000000,,,,,24.00,,,,11654360,891447,10762915,false,false,12,2018-04-01,2019-03-31,0
2019-05-15,90590,2018-03-31,,,,,,3340000000,0.042,692000000,0.326,666000000,0.322,555000000,,0.509,51.61,,,,,,24308000000,12716000000,0.523,1181.53,12716000000,,,,,24.00,,,,11654360,891444,10762944,false,false,12,2017-04-01,2018-03-31,-1
2019-05-15,90590,2020-03-31,,,,,,,,,,,,,,,,,,,,,,,,,,,,,,24.00,,,,,,,false,true,12,2019-04-01,2020-03-31,1
2019-07-31,90590,2020-03-31,1,,,,,11062000000,0.032,504000000,0.525,514000000,0.508,,295000000,,27.44,,,,,,39647000000,17205000000,0.433,,17158000000,,,,,,,,,,,,true,false,3,2019-04-01,2019-06-30,0
2019-07-31,90590,2019-03-31,1,,,,,10719000000,0.067,330000000,-0.353,340000000,-0.346,,161000000,,14.99,,,,,,,,,,,,,,,,,,,,,,true,false,3,2018-04-01,2018-06-30,-1
2019-07-31,90590,2020-03-31,1,,,,,21800000000,0.018,840000000,0.085,840000000,0.081,,495000000,,45.99,,,,,,,,,,,,,,,,,,,,,,true,true,6,2019-04-01,2019-09-30,0
2019-07-31,90590,2020-03-31,1,,,,,44000000000,0.010,1770000000,0.130,1750000000,0.132,,1030000000,,95.70,,,,,,,,,,,,,,,,,,,,,,true,true,12,2019-04-01,2020-03-31,0
2019-07-31,90590,2019-03-31,1,,,,,,,,,,,,,,,,,,,,39487000000,17003000000,0.429,,16952000000,,,,,,,,,,,,true,false,12,2018-04-01,2019-03-31,-1
2019-07-31,90590,2019-03-31,1,,,,,,,,,,,,,,,,,,,,,,,,,,,,,24.00,,,,11654360,891447,,false,false,12,2018-04-01,2019-03-31,-1
2019-07-31,90590,2020-03-31,1,,,,,,,,,,,,,,,,,,,,,,,,,,,,,24.00,,,,,,,false,true,12,2019-04-01,2020-03-31,0
2019-07-31,90590,2020-03-31,1,,,,,,,,,,,,,,,,,,,,,,,,,,,,,,,,,11654360,891447,10762913,false,false,3,2019-04-01,2019-06-30,0
2019-07-31,90590,2019-03-31,1,,,,,,,,,,,,,,,,,,,,,,,,,,,,,,,,,,,10762916,false,false,3,2018-04-01,2018-06-30,-1
2019-10-31,90590,2020-03-31,2,,,,,22071000000,0.031,966000000,0.248,949000000,0.222,,594000000,,55.25,,,,,,39975000000,17674000000,0.441,,17628000000,,,,,,,,,,,,true,false,6,2019-04-01,2019-09-30,0
2019-10-31,90590,2019-03-31,2,,,,,21411000000,0.056,774000000,-0.256,777000000,-0.239,,472000000,,43.92,,,,,,,,,,,,,,,,,,,,,,true,false,6,2018-04-01,2018-09-30,-1
2019-10-31,90590,2020-03-31,2,,,,,44000000000,0.010,1770000000,0.130,1750000000,0.132,,1030000000,,95.70,,,,,,,,,,,,,,,,,,,,,,true,true,12,2019-04-01,2020-03-31,0
2019-10-31,90590,2019-03-31,2,,,,,,,,,,,,,,,,,,,,39487000000,17003000000,0.429,,16952000000,,,,,,,,,,,,true,false,12,2018-04-01,2019-03-31,-1
2019-10-31,90590,2019-03-31,2,,,,,,,,,,,,,,,,,,,,,,,,,,,,,24.00,,,,11654360,891447,,false,false,12,2018-04-01,2019-03-31,-1
2019-10-31,90590,2020-03-31,2,,,,,,,,,,,,,,,,,,,,,,,,,,,,,12.00,,,,,,,false,false,12,2019-04-01,2020-03-31,0
2019-10-31,90590,2020-03-31,2,,,,,,,,,,,,,,,,,,,,,,,,,,,,,24.00,,,,,,,false,true,12,2019-04-01,2020-03-31,0
2019-10-31,90590,2020-03-31,2,,,,,,,,,,,,,,,,,,,,,,,,,,,,,,,,,11654360,891474,10762905,false,false,6,2019-04-01,2019-09-30,0
2019-10-31,90590,2019-03-31,2,,,,,,,,,,,,,,,,,,,,,,,,,,,,,,,,,,,10762916,false,false,6,2018-04-01,2018-09-30,-1
2020-02-13,90590,2020-03-31,3,,,,,33111000000,0.012,1453000000,0.096,1455000000,0.100,,906000000,,84.26,,,,,,42030000000,18001000000,0.427,,17956000000,,,,,,,,,,,,true,false,9,2019-04-01,2019-12-31,0
2020-02-13,90590,2019-03-31,3,,,,,32720000000,0.061,1326000000,-0.203,1323000000,-0.197,,801000000,,74.50,,,,,,,,,,,,,,,,,,,,,,true,false,9,2018-04-01,2018-12-31,-1
2020-02-13,90590,2020-03-31,3,,,,,44000000000,0.010,1770000000,0.130,1750000000,0.132,,1030000000,,95.70,,,,,,,,,,,,,,,,,,,,,,true,true,12,2019-04-01,2020-03-31,0
2020-02-13,90590,2019-03-31,3,,,,,,,,,,,,,,,,,,,,39487000000,17003000000,0.429,,16952000000,,,,,,,,,,,,true,false,12,2018-04-01,2019-03-31,-1
2020-02-13,90590,2019-03-31,3,,,,,,,,,,,,,,,,,,,,,,,,,,,,,24.00,,,,11654360,891447,,false,false,12,2018-04-01,2019-03-31,-1
2020-02-13,90590,2020-03-31,3,,,,,,,,,,,,,,,,,,,,,,,,,,,,,12.00,,,,,,,false,false,12,2019-04-01,2020-03-31,0
2020-02-13,90590,2020-03-31,3,,,,,,,,,,,,,,,,,,,,,,,,,,,,,24.00,,,,,,,false,true,12,2019-04-01,2020-03-31,0
2020-02-13,90590,2020-03-31,3,,,,,,,,,,,,,,,,,,,,,,,,,,,,,,,,,11654360,891474,10762899,false,false,9,2019-04-01,2019-12-31,0
2020-02-13,90590,2019-03-31,3,,,,,,,,,,,,,,,,,,,,,,,,,,,,,,,,,,,10762915,false,false,9,2018-04-01,2018-12-31,-1
2020-05-15,90590,2020-03-31,,,,,,43736000000,0.004,1744000000,0.113,1725000000,0.116,,1063000000,,98.84,,0.061,0.044,0.040,,39562000000,17798000000,0.449,1650.12,17760000000,3401000000,-1256000000,-1762000000,3677000000,,0.243,,,,,,true,false,12,2019-04-01,2020-03-31,0
2020-05-15,90590,2019-03-31,,,,,,43583000000,0.065,1566000000,-0.145,1546000000,-0.147,,790000000,,73.41,,0.047,0.039,0.036,,39487000000,17003000000,0.429,1575.11,16952000000,2983000000,-2383000000,-544000000,3292000000,,0.327,,,,,,true,false,12,2018-04-01,2019-03-31,-1
2020-05-15,90590,2020-03-31,,,,,,3401000000,-0.021,712000000,-0.137,700000000,-0.099,591000000,,-0.096,54.94,,,,,,24233000000,13480000000,0.556,1252.54,13480000000,,,,,24.00,,,,11654360,891474,10762896,false,false,12,2019-04-01,2020-03-31,0
2020-05-15,90590,2019-03-31,,,,,,3474000000,0.040,825000000,0.192,777000000,0.166,654000000,,0.177,60.77,,,,,,24651000000,13111000000,0.532,1218.23,13111000000,,,,,24.00,,,,11654360,891447,10762915,false,false,12,2018-04-01,2019-03-31,-1
2020-05-15,90590,2021-03-31,,,,,,,,,,,,,,,,,,,,,,,,,,,,,,24.00,,,,,,,false,true,12,2020-04-01,2021-03-31,1
2020-07-31,90590,2021-03-31,1,,,,,10829000000,-0.021,521000000,0.036,605000000,0.178,,365000000,,33.93,,,,,,39826000000,18342000000,0.459,,18276000000,,,,,,,,,,,,true,false,3,2020-04-01,2020-06-30,0
2020-07-31,90590,2020-03-31,1,,,,,11062000000,0.032,504000000,0.525,514000000,0.508,,295000000,,27.44,,,,,,,,,,,,,,,,,,,,,,true,false,3,2019-04-01,2019-06-30,-1
2020-07-31,90590,2021-03-31,1,,,,,21800000000,-0.012,980000000,0.014,1030000000,0.085,,620000000,,57.61,,,,,,,,,,,,,,,,,,,,,,true,true,6,2020-04-01,2020-09-30,0
2020-07-31,90590,2021-03-31,1,,,,,44100000000,0.008,1750000000,0.003,1800000000,0.043,,1080000000,,100.34,,,,,,,,,,,,,,,,,,,,,,true,true,12,2020-04-01,2021-03-31,0
2020-07-31,90590,2020-03-31,1,,,,,,,,,,,,,,,,,,,,39562000000,17798000000,0.449,,17760000000,,,,,,,,,,,,true,false,12,2019-04-01,2020-03-31,-1
2020-07-31,90590,2020-03-31,1,,,,,,,,,,,,,,,,,,,,,,,,,,,,,24.00,,,,11654360,891474,,false,false,12,2019-04-01,2020-03-31,-1
2020-07-31,90590,2021-03-31,1,,,,,,,,,,,,,,,,,,,,,,,,,,,,,24.00,,,,,,,false,true,12,2020-04-01,2021-03-31,0
2020-07-31,90590,2021-03-31,1,,,,,,,,,,,,,,,,,,,,,,,,,,,,,,,,,11654360,891474,10762886,false,false,3,2020-04-01,2020-06-30,0
2020-07-31,90590,2020-03-31,1,,,,,,,,,,,,,,,,,,,,,,,,,,,,,,,,,,,10762913,false,false,3,2019-04-01,2019-06-30,-1
2019-10-31,90590,2020-03-31,2,,,,,22071000000,0.027,998000000,0.146,949000000,0.128,,581000000,,53.98,,,,,,39975000000,17567000000,0.438,,17521000000,,,,,,,,,,,,true,false,6,2019-04-01,2019-09-30,0
2019-10-31,90590,2019-03-31,2,,,,,21497000000,0.061,871000000,-0.169,842000000,-0.155,,504000000,,46.83,,,,,,,,,,,,,,,,,,,,,,true,false,6,2018-04-01,2018-09-30,-1
2019-10-31,90590,2020-03-31,2,,,,,44000000000,0.010,1770000000,0.130,1750000000,0.132,,1030000000,,95.70,,,,,,,,,,,,,,,,,,,,,,true,true,12,2019-04-01,2020-03-31,0
2019-10-31,90590,2019-03-31,2,,,,,,,,,,,,,,,,,,,,39487000000,16910000000,0.427,,16859000000,,,,,,,,,,,,true,false,12,2018-04-01,2019-03-31,-1
2019-10-31,90590,2019-03-31,2,,,,,,,,,,,,,,,,,,,,,,,,,,,,,24.00,,,,11654360,891447,,false,false,12,2018-04-01,2019-03-31,-1
2019-10-31,90590,2020-03-31,2,,,,,,,,,,,,,,,,,,,,,,,,,,,,,12.00,,,,,,,false,false,12,2019-04-01,2020-03-31,0
2019-10-31,90590,2020-03-31,2,,,,,,,,,,,,,,,,,,,,,,,,,,,,,24.00,,,,,,,false,true,12,2019-04-01,2020-03-31,0
2019-10-31,90590,2020-03-31,2,,,,,,,,,,,,,,,,,,,,,,,,,,,,,,,,,11654360,891474,10762905,false,false,6,2019-04-01,2019-09-30,0
2019-10-31,90590,2019-03-31,2,,,,,,,,,,,,,,,,,,,,,,,,,,,,,,,,,,,10762916,false,false,6,2018-04-01,2018-09-30,-1
2020-02-13,90590,2020-03-31,3,,,,,33111000000,0.009,1503000000,0.043,1455000000,0.048,,885000000,,82.31,,,,,,42030000000,17886000000,0.424,,17841000000,,,,,,,,,,,,true,false,9,2019-04-01,2019-12-31,0
2020-02-13,90590,2019-03-31,3,,,,,32807000000,0.065,1441000000,-0.112,1388000000,-0.109,,825000000,,76.70,,,,,,,,,,,,,,,,,,,,,,true,false,9,2018-04-01,2018-12-31,-1
2020-02-13,90590,2020-03-31,3,,,,,44000000000,0.010,1770000000,0.130,1750000000,0.132,,1030000000,,95.70,,,,,,,,,,,,,,,,,,,,,,true,true,12,2019-04-01,2020-03-31,0
2020-02-13,90590,2019-03-31,3,,,,,,,,,,,,,,,,,,,,39487000000,16910000000,0.427,,16859000000,,,,,,,,,,,,true,false,12,2018-04-01,2019-03-31,-1
2020-02-13,90590,2019-03-31,3,,,,,,,,,,,,,,,,,,,,,,,,,,,,,24.00,,,,11654360,891447,,false,false,12,2018-04-01,2019-03-31,-1
2020-02-13,90590,2020-03-31,3,,,,,,,,,,,,,,,,,,,,,,,,,,,,,12.00,,,,,,,false,false,12,2019-04-01,2020-03-31,0
2020-02-13,90590,2020-03-31,3,,,,,,,,,,,,,,,,,,,,,,,,,,,,,24.00,,,,,,,false,true,12,2019-04-01,2020-03-31,0
2020-02-13,90590,2020-03-31,3,,,,,,,,,,,,,,,,,,,,,,,,,,,,,,,,,11654360,891474,10762899,false,false,9,2019-04-01,2019-12-31,0
2020-02-13,90590,2019-03-31,3,,,,,,,,,,,,,,,,,,,,,,,,,,,,,,,,,,,10762915,false,false,9,2018-04-01,2018-12-31,-1
2020-05-15,90590,2020-03-31,,,,,,43736000000,0.002,1807000000,0.065,1725000000,0.071,,1040000000,,96.65,,0.060,0.044,0.041,,39562000000,17681000000,0.446,1639.26,17643000000,3401000000,-1256000000,-1762000000,3677000000,,0.248,,,,,,true,false,12,2019-04-01,2020-03-31,0
2020-05-15,90590,2019-03-31,,,,,,43670000000,0.068,1696000000,-0.070,1611000000,-0.074,,810000000,,75.27,,0.049,0.041,0.039,,39487000000,16910000000,0.427,1566.44,16859000000,2983000000,-2383000000,-544000000,3292000000,,0.319,,,,,,true,false,12,2018-04-01,2019-03-31,-1
2020-05-15,90590,2020-03-31,,,,,,3401000000,-0.021,712000000,-0.137,700000000,-0.099,591000000,,-0.096,54.94,,,,,,24233000000,13480000000,0.556,1252.54,13480000000,,,,,24.00,,,,11654360,891474,10762896,false,false,12,2019-04-01,2020-03-31,0
2020-05-15,90590,2019-03-31,,,,,,3474000000,0.040,825000000,0.192,777000000,0.166,654000000,,0.177,60.77,,,,,,24651000000,13111000000,0.532,1218.23,13111000000,,,,,24.00,,,,11654360,891447,10762915,false,false,12,2018-04-01,2019-03-31,-1
2020-05-15,90590,2021-03-31,,,,,,,,,,,,,,,,,,,,,,,,,,,,,,24.00,,,,,,,false,true,12,2020-04-01,2021-03-31,1
2020-07-31,90590,2021-03-31,1,,,,,10829000000,-0.021,521000000,0.007,605000000,0.178,,365000000,,33.93,,,,,,39826000000,18226000000,0.456,,18159000000,,,,,,,,,,,,true,false,3,2020-04-01,2020-06-30,0
2020-07-31,90590,2020-03-31,1,,,,,11062000000,0.024,518000000,0.200,514000000,0.201,,289000000,,26.89,,,,,,,,,,,,,,,,,,,,,,true,false,3,2019-04-01,2019-06-30,-1
2020-07-31,90590,2021-03-31,1,,,,,21800000000,-0.012,980000000,-0.019,1030000000,0.085,,620000000,,57.61,,,,,,,,,,,,,,,,,,,,,,true,true,6,2020-04-01,2020-09-30,0
2020-07-31,90590,2021-03-31,1,,,,,44100000000,0.008,1750000000,-0.032,1800000000,0.043,,1080000000,,100.34,,,,,,,,,,,,,,,,,,,,,,true,true,12,2020-04-01,2021-03-31,0
2020-07-31,90590,2020-03-31,1,,,,,,,,,,,,,,,,,,,,39562000000,17681000000,0.446,,17643000000,,,,,,,,,,,,true,false,12,2019-04-01,2020-03-31,-1
2020-07-31,90590,2020-03-31,1,,,,,,,,,,,,,,,,,,,,,,,,,,,,,24.00,,,,11654360,891474,,false,false,12,2019-04-01,2020-03-31,-1
2020-07-31,90590,2021-03-31,1,,,,,,,,,,,,,,,,,,,,,,,,,,,,,24.00,,,,,,,false,true,12,2020-04-01,2021-03-31,0
2020-07-31,90590,2021-03-31,1,,,,,,,,,,,,,,,,,,,,,,,,,,,,,,,,,11654360,891474,10762886,false,false,3,2020-04-01,2020-06-30,0
2020-07-31,90590,2020-03-31,1,,,,,,,,,,,,,,,,,,,,,,,,,,,,,,,,,,,10762913,false,false,3,2019-04-01,2019-06-30,-1
2020-10-30,90590,2021-03-31,2,,,,,21562000000,-0.023,1094000000,0.096,1158000000,0.221,,766000000,,71.19,,,,,,40047000000,18608000000,0.463,,18557000000,,,,,,,,,,,,true,false,6,2020-04-01,2020-09-30,0
2020-10-30,90590,2020-03-31,2,,,,,22071000000,0.027,998000000,0.146,949000000,0.128,,581000000,,53.98,,,,,,,,,,,,,,,,,,,,,,true,false,6,2019-04-01,2019-09-30,-1
2020-10-30,90590,2021-03-31,2,,,,,44100000000,0.008,1750000000,-0.032,1800000000,0.043,,1080000000,,100.34,,,,,,,,,,,,,,,,,,,,,,true,true,12,2020-04-01,2021-03-31,0
2020-10-30,90590,2020-03-31,2,,,,,,,,,,,,,,,,,,,,39562000000,17681000000,0.446,,17643000000,,,,,,,,,,,,true,false,12,2019-04-01,2020-03-31,-1
2020-10-30,90590,2020-03-31,2,,,,,,,,,,,,,,,,,,,,,,,,,,,,,24.00,,,,11654360,891474,,false,false,12,2019-04-01,2020-03-31,-1
2020-10-30,90590,2021-03-31,2,,,,,,,,,,,,,,,,,,,,,,,,,,,,,12.00,,,,,,,false,false,12,2020-04-01,2021-03-31,0
2020-10-30,90590,2021-03-31,2,,,,,,,,,,,,,,,,,,,,,,,,,,,,,24.00,,,,,,,false,true,12,2020-04-01,2021-03-31,0
2020-10-30,90590,2021-03-31,2,,,,,,,,,,,,,,,,,,,,,,,,,,,,,,,,,11654360,891474,10762886,false,false,6,2020-04-01,2020-09-30,0
2020-10-30,90590,2020-03-31,2,,,,,,,,,,,,,,,,,,,,,,,,,,,,,,,,,,,10762905,false,false,6,2019-04-01,2019-09-30,-1
2021-02-02,90590,2021-03-31,3,,,,,32826000000,-0.009,1751000000,0.165,1852000000,0.273,,1213000000,,112.73,,,,,,41275000000,18935000000,0.457,,18876000000,,,,,,,,,,,,true,false,9,2020-04-01,2020-12-31,0
2021-02-02,90590,2020-03-31,3,,,,,33111000000,0.009,1503000000,0.043,1455000000,0.048,,885000000,,82.31,,,,,,,,,,,,,,,,,,,,,,true,false,9,2019-04-01,2019-12-31,-1
2021-02-02,90590,2021-03-31,3,,,,,43400000000,-0.008,2100000000,0.162,2170000000,0.258,,1390000000,,129.15,,,,,,,,,,,,,,,,,,,,,,true,true,12,2020-04-01,2021-03-31,0
2021-02-02,90590,2020-03-31,3,,,,,,,,,,,,,,,,,,,,39562000000,17681000000,0.446,,17643000000,,,,,,,,,,,,true,false,12,2019-04-01,2020-03-31,-1
2021-02-02,90590,2020-03-31,3,,,,,,,,,,,,,,,,,,,,,,,,,,,,,24.00,,,,11654360,891474,,false,false,12,2019-04-01,2020-03-31,-1
2021-02-02,90590,2021-03-31,3,,,,,,,,,,,,,,,,,,,,,,,,,,,,,12.00,,,,,,,false,false,12,2020-04-01,2021-03-31,0
2021-02-02,90590,2021-03-31,3,,,,,,,,,,,,,,,,,,,,,,,,,,,,,26.00,,,,,,,false,true,12,2020-04-01,2021-03-31,0
2021-02-02,90590,2021-03-31,3,,,,,,,,,,,,,,,,,,,,,,,,,,,,,,,,,11654360,891474,10762886,false,false,9,2020-04-01,2020-12-31,0
2021-02-02,90590,2020-03-31,3,,,,,,,,,,,,,,,,,,,,,,,,,,,,,,,,,,,10762899,false,false,9,2019-04-01,2019-12-31,-1
2021-05-14,90590,2021-03-31,,,,,,44035000000,0.007,2364000000,0.308,2475000000,0.435,,1501000000,,139.48,,0.082,0.062,0.054,,40831000000,19138000000,0.468,1776.82,19123000000,3613000000,-1012000000,-1597000000,4699000000,,0.186,,,,,,true,false,12,2020-04-01,2021-03-31,0
2021-05-14,90590,2020-03-31,,,,,,43736000000,0.002,1807000000,0.065,1725000000,0.071,,1040000000,,96.65,,0.060,0.044,0.041,,39562000000,17681000000,0.446,1639.26,17643000000,3401000000,-1256000000,-1762000000,3677000000,,0.248,,,,,,true,false,12,2019-04-01,2020-03-31,-1
2021-05-14,90590,2022-03-31,,,,,,21400000000,,1200000000,,1200000000,,,745000000,,69.22,,,,,,,,,,,,,,,,,,,,,,true,true,6,2021-04-01,2021-09-30,1
2021-05-14,90590,2022-03-31,,,,,,43600000000,,2520000000,,2500000000,,,1550000000,,144.01,,,,,,,,,,,,,,,,0.194,,,,,,true,true,12,2021-04-01,2022-03-31,1
2021-05-14,90590,2021-03-31,,,,,,3270000000,-0.038,774000000,0.087,752000000,0.075,665000000,,0.126,61.84,,,,,,24125000000,14098000000,0.584,1309.93,14098000000,,,,,26.00,,,,11654360,891474,10762886,false,false,12,2020-04-01,2021-03-31,0
2021-05-14,90590,2020-03-31,,,,,,3401000000,-0.021,712000000,-0.137,700000000,-0.099,591000000,,-0.096,54.94,,,,,,24233000000,13480000000,0.556,1252.54,13480000000,,,,,24.00,,,,11654360,891474,10762896,false,false,12,2019-04-01,2020-03-31,-1
2021-05-14,90590,2022-03-31,,,,,,,,,,,,,,,,,,,,,,,,,,,,,,28.00,,,,,,,false,true,12,2021-04-01,2022-03-31,1
2021-07-30,90590,2022-03-31,1,,,,,11530000000,0.065,756000000,0.449,785000000,0.297,,438000000,,40.70,,,,,,40145000000,19420000000,0.483,,19409000000,,,,,,,,,,,,true,false,3,2021-04-01,2021-06-30,0
2021-07-30,90590,2021-03-31,1,,,,,10829000000,-0.021,521000000,0.007,605000000,0.178,,365000000,,33.93,,,,,,,,,,,,,,,,,,,,,,true,false,3,2020-04-01,2020-06-30,-1
2021-07-30,90590,2022-03-31,1,,,,,21400000000,-0.008,1200000000,0.097,1200000000,0.035,,745000000,,69.22,,,,,,,,,,,,,,,,,,,,,,true,true,6,2021-04-01,2021-09-30,0
2021-07-30,90590,2022-03-31,1,,,,,43600000000,-0.010,2520000000,0.066,2500000000,0.010,,1550000000,,144.01,,,,,,,,,,,,,,,,,,,,,,true,true,12,2021-04-01,2022-03-31,0
2021-07-30,90590,2021-03-31,1,,,,,,,,,,,,,,,,,,,,40831000000,19138000000,0.468,,19123000000,,,,,,,,,,,,true,false,12,2020-04-01,2021-03-31,-1
2021-07-30,90590,2021-03-31,1,,,,,,,,,,,,,,,,,,,,,,,,,,,,,26.00,,,,11654360,891474,,false,false,12,2020-04-01,2021-03-31,-1
2021-07-30,90590,2022-03-31,1,,,,,,,,,,,,,,,,,,,,,,,,,,,,,28.00,,,,,,,false,true,12,2021-04-01,2022-03-31,0
2021-07-30,90590,2022-03-31,1,,,,,,,,,,,,,,,,,,,,,,,,,,,,,,,,,11654360,891474,10762886,false,false,3,2021-04-01,2021-06-30,0
2021-07-30,90590,2021-03-31,1,,,,,,,,,,,,,,,,,,,,,,,,,,,,,,,,,,,10762886,false,false,3,2020-04-01,2020-06-30,-1
2021-11-01,9059,2022-03-31,2,,,,,23005000000,0.067,1550000000,0.417,1548000000,0.336,,962000000,,89.42,,,,,,40181000000,19915000000,0.495,,19899000000,,,,,,,,,,,,true,false,6,2021-04-01,2021-09-30,0
2021-11-01,9059,2021-03-31,2,,,,,21562000000,-0.023,1094000000,0.096,1158000000,0.221,,766000000,,71.19,,,,,,,,,,,,,,,,,,,,,,true,false,6,2020-04-01,2020-09-30,-1
2021-11-01,9059,2022-03-31,2,,,,,45800000000,0.040,2870000000,0.214,2850000000,0.151,,1770000000,,164.45,,,,,,,,,,,,,,,,,,,,,,true,true,12,2021-04-01,2022-03-31,0
2021-11-01,9059,2021-03-31,2,,,,,,,,,,,,,,,,,,,,40831000000,19138000000,0.468,,19123000000,,,,,,,,,,,,true,false,12,2020-04-01,2021-03-31,-1
2021-11-01,9059,2021-03-31,2,,,,,,,,,,,,,,,,,,,,,,,,,,,,,26.00,,,,11654360,891474,,false,false,12,2020-04-01,2021-03-31,-1
2021-11-01,9059,2022-03-31,2,,,,,,,,,,,,,,,,,,,,,,,,,,,,,16.00,,,,,,,false,false,12,2021-04-01,2022-03-31,0
2021-11-01,9059,2022-03-31,2,,,,,,,,,,,,,,,,,,,,,,,,,,,,,32.00,,,,,,,false,true,12,2021-04-01,2022-03-31,0
2021-11-01,9059,2022-03-31,2,,,,,,,,,,,,,,,,,,,,,,,,,,,,,,,,,11654360,891474,10762886,false,false,6,2021-04-01,2021-09-30,0
2021-11-01,9059,2021-03-31,2,,,,,,,,,,,,,,,,,,,,,,,,,,,,,,,,,,,10762886,false,false,6,2020-04-01,2020-09-30,-1
2022-02-04,9059,2022-03-31,3,,,,,35451000000,0.080,2379000000,0.358,2419000000,0.306,,1547000000,,143.74,,,,,,41296000000,20243000000,0.490,,20220000000,,,,,,,,,,,,true,false,9,2021-04-01,2021-12-31,0
2022-02-04,9059,2021-03-31,3,,,,,32826000000,-0.009,1751000000,0.165,1852000000,0.273,,1213000000,,112.73,,,,,,,,,,,,,,,,,,,,,,true,false,9,2020-04-01,2020-12-31,-1
2022-02-04,9059,2022-03-31,3,,,,,45800000000,0.040,2870000000,0.214,2850000000,0.151,,1770000000,,164.45,,,,,,,,,,,,,,,,,,,,,,true,true,12,2021-04-01,2022-03-31,0
2022-02-04,9059,2021-03-31,3,,,,,,,,,,,,,,,,,,,,40831000000,19138000000,0.468,,19123000000,,,,,,,,,,,,true,false,12,2020-04-01,2021-03-31,-1
2022-02-04,9059,2021-03-31,3,,,,,,,,,,,,,,,,,,,,,,,,,,,,,26.00,,,,11654360,891474,,false,false,12,2020-04-01,2021-03-31,-1
2022-02-04,9059,2022-03-31,3,,,,,,,,,,,,,,,,,,,,,,,,,,,,,16.00,,,,,,,false,false,12,2021-04-01,2022-03-31,0
2022-02-04,9059,2022-03-31,3,,,,,,,,,,,,,,,,,,,,,,,,,,,,,32.00,,,,,,,false,true,12,2021-04-01,2022-03-31,0
2022-02-04,9059,2022-03-31,3,,,,,,,,,,,,,,,,,,,,,,,,,,,,,,,,,11654360,891512,10762882,false,false,9,2021-04-01,2021-12-31,0
2022-02-04,9059,2021-03-31,3,,,,,,,,,,,,,,,,,,,,,,,,,,,,,,,,,,,10762886,false,false,9,2020-04-01,2020-12-31,-1
2022-05-13,9059,2022-03-31,,,,,,47645000000,0.082,3028000000,0.281,3097000000,0.251,,1948000000,,181.03,,0.098,0.076,0.064,,41247000000,20563000000,0.498,1909.08,20547000000,3804000000,-1935000000,-1296000000,5273000000,,0.177,,,,,,true,false,12,2021-04-01,2022-03-31,0
2022-05-13,9059,2021-03-31,,,,,,44035000000,0.007,2364000000,0.308,2475000000,0.435,,1501000000,,139.48,,0.082,0.062,0.054,,40831000000,19138000000,0.468,1776.82,19123000000,3613000000,-1012000000,-1597000000,4699000000,,0.186,,,,,,true,false,12,2020-04-01,2021-03-31,-1
2022-05-13,9059,2023-03-31,,,,,,24100000000,0.048,1560000000,0.006,1560000000,0.008,,1030000000,,95.70,,,,,,,,,,,,,,,,,,,,,,true,true,6,2022-04-01,2022-09-30,1
2022-05-13,9059,2023-03-31,,,,,,48800000000,0.024,3100000000,0.024,3150000000,0.017,,2080000000,,193.26,,,,,,,,,,,,,,,,0.176,,,,,,true,true,12,2022-04-01,2023-03-31,1
2022-05-13,9059,2022-03-31,,,,,,3625000000,0.109,1077000000,0.390,1040000000,0.382,924000000,,0.389,85.89,,,,,,23959000000,14527000000,0.606,1349.82,14527000000,,,,,32.00,,,,11654360,891512,10762874,false,false,12,2021-04-01,2022-03-31,0
2022-05-13,9059,2021-03-31,,,,,,3270000000,-0.038,774000000,0.087,752000000,0.075,665000000,,0.126,61.84,,,,,,24125000000,14098000000,0.584,1309.93,14098000000,,,,,26.00,,,,11654360,891474,10762886,false,false,12,2020-04-01,2021-03-31,-1
2022-05-13,9059,2023-03-31,,,,,,,,,,,,,,,,,,,,,,,,,,,,,,34.00,,,,,,,false,true,12,2022-04-01,2023-03-31,1
2022-08-01,9059,2023-03-31,1,,,,,12844000000,0.114,709000000,-0.062,774000000,-0.015,,420000000,,39.03,,,,,,41340000000,20790000000,0.503,,20788000000,,,,,,,,,,,,true,false,3,2022-04-01,2022-06-30,0
2022-08-01,9059,2022-03-31,1,,,,,11530000000,0.065,756000000,0.449,785000000,0.297,,438000000,,40.70,,,,,,,,,,,,,,,,,,,,,,true,false,3,2021-04-01,2021-06-30,-1
2022-08-01,9059,2023-03-31,1,,,,,24100000000,0.048,1560000000,0.006,1560000000,0.008,,1030000000,,95.70,,,,,,,,,,,,,,,,,,,,,,true,true,6,2022-04-01,2022-09-30,0
2022-08-01,9059,2023-03-31,1,,,,,48800000000,0.024,3100000000,0.024,3150000000,0.017,,2080000000,,193.26,,,,,,,,,,,,,,,,,,,,,,true,true,12,2022-04-01,2023-03-31,0
2022-08-01,9059,2022-03-31,1,,,,,,,,,,,,,,,,,,,,41247000000,20563000000,0.498,,20547000000,,,,,,,,,,,,true,false,12,2021-04-01,2022-03-31,-1
2022-08-01,9059,2022-03-31,1,,,,,,,,,,,,,,,,,,,,,,,,,,,,,32.00,,,,11654360,891512,,false,false,12,2021-04-01,2022-03-31,-1
2022-08-01,9059,2023-03-31,1,,,,,,,,,,,,,,,,,,,,,,,,,,,,,34.00,,,,,,,false,true,12,2022-04-01,2023-03-31,0
2022-08-01,9059,2023-03-31,1,,,,,,,,,,,,,,,,,,,,,,,,,,,,,,,,,11654360,891512,10762848,false,false,3,2022-04-01,2022-06-30,0
2022-08-01,9059,2022-03-31,1,,,,,,,,,,,,,,,,,,,,,,,,,,,,,,,,,,,10762886,false,false,3,2021-04-01,2021-06-30,-1
2022-11-02,9059,2023-03-31,2,,,,,25960000000,0.128,1373000000,-0.114,1437000000,-0.071,,833000000,,77.46,,,,,,41284000000,21160000000,0.513,,21160000000,,,,,,,,,,,,true,false,6,2022-04-01,2022-09-30,0
2022-11-02,9059,2022-03-31,2,,,,,23005000000,0.067,1550000000,0.417,1548000000,0.336,,962000000,,89.42,,,,,,,,,,,,,,,,,,,,,,true,false,6,2021-04-01,2021-09-30,-1
2022-11-02,9059,2023-03-31,2,,,,,48800000000,0.024,3100000000,0.024,3150000000,0.017,,2080000000,,193.26,,,,,,,,,,,,,,,,,,,,,,true,true,12,2022-04-01,2023-03-31,0
2022-11-02,9059,2022-03-31,2,,,,,,,,,,,,,,,,,,,,41247000000,20563000000,0.498,,20547000000,,,,,,,,,,,,true,false,12,2021-04-01,2022-03-31,-1
2022-11-02,9059,2022-03-31,2,,,,,,,,,,,,,,,,,,,,,,,,,,,,,32.00,,,,11654360,891512,,false,false,12,2021-04-01,2022-03-31,-1
2022-11-02,9059,2023-03-31,2,,,,,,,,,,,,,,,,,,,,,,,,,,,,,17.00,,,,,,,false,false,12,2022-04-01,2023-03-31,0
2022-11-02,9059,2023-03-31,2,,,,,,,,,,,,,,,,,,,,,,,,,,,,,34.00,,,,,,,false,true,12,2022-04-01,2023-03-31,0
2022-11-02,9059,2023-03-31,2,,,,,,,,,,,,,,,,,,,,,,,,,,,,,,,,,11654360,891512,10762848,false,false,6,2022-04-01,2022-09-30,0
2022-11-02,9059,2022-03-31,2,,,,,,,,,,,,,,,,,,,,,,,,,,,,,,,,,,,10762886,false,false,6,2021-04-01,2021-09-30,-1
2023-02-03,9059,2023-03-31,3,,,,,39184000000,0.105,2133000000,-0.103,2188000000,-0.095,,1303000000,,121.15,,,,,,42624000000,21520000000,0.505,,21520000000,,,,,,,,,,,,true,false,9,2022-04-01,2022-12-31,0
2023-02-03,9059,2022-03-31,3,,,,,35451000000,0.080,2379000000,0.358,2419000000,0.306,,1547000000,,143.74,,,,,,,,,,,,,,,,,,,,,,true,false,9,2021-04-01,2021-12-31,-1
2023-02-03,9059,2023-03-31,3,,,,,48800000000,0.024,3100000000,0.024,3150000000,0.017,,2080000000,,193.26,,,,,,,,,,,,,,,,,,,,,,true,true,12,2022-04-01,2023-03-31,0
2023-02-03,9059,2022-03-31,3,,,,,,,,,,,,,,,,,,,,41247000000,20563000000,0.498,,20547000000,,,,,,,,,,,,true,false,12,2021-04-01,2022-03-31,-1
2023-02-03,9059,2022-03-31,3,,,,,,,,,,,,,,,,,,,,,,,,,,,,,32.00,,,,11654360,891512,,false,false,12,2021-04-01,2022-03-31,-1
2023-02-03,9059,2023-03-31,3,,,,,,,,,,,,,,,,,,,,,,,,,,,,,17.00,,,,,,,false,false,12,2022-04-01,2023-03-31,0
2023-02-03,9059,2023-03-31,3,,,,,,,,,,,,,,,,,,,,,,,,,,,,,34.00,,,,,,,false,true,12,2022-04-01,2023-03-31,0
2023-02-03,9059,2023-03-31,3,,,,,,,,,,,,,,,,,,,,,,,,,,,,,,,,,11654360,891549,10762845,false,false,9,2022-04-01,2022-12-31,0
2023-02-03,9059,2022-03-31,3,,,,,,,,,,,,,,,,,,,,,,,,,,,,,,,,,,,10762882,false,false,9,2021-04-01,2021-12-31,-1
2023-05-15,9059,2023-03-31,,,,,,51621000000,0.083,2730000000,-0.098,2802000000,-0.095,,1774000000,,164.91,,0.083,0.067,0.053,,42306000000,22033000000,0.521,2046.49,22025000000,3581000000,-1249000000,-1401000000,6210000000,,0.206,,,,,,true,false,12,2022-04-01,2023-03-31,0
2023-05-15,9059,2022-03-31,,,,,,47645000000,0.082,3028000000,0.281,3097000000,0.251,,1948000000,,181.03,,0.098,0.076,0.064,,41247000000,20563000000,0.498,1909.08,20547000000,3804000000,-1935000000,-1296000000,5273000000,,0.177,,,,,,true,false,12,2021-04-01,2022-03-31,-1
2023-05-15,9059,2024-03-31,,,,,,25970000000,0.000,1580000000,0.150,1600000000,0.113,,960000000,,44.60,,,,,,,,,,,,,,,,,,,,,,true,true,6,2023-04-01,2023-09-30,1
2023-05-15,9059,2024-03-31,,,,,,52000000000,0.007,3100000000,0.135,3150000000,0.124,,2050000000,,95.24,,,,,,,,,,,,,,,,0.189,,,,,,true,true,12,2023-04-01,2024-03-31,1
2023-05-15,9059,2023-03-31,,,,,,3950000000,0.089,1490000000,0.384,1457000000,0.401,1278000000,,0.383,118.78,,,,,,24304000000,15554000000,0.640,1445.17,15554000000,,,,,34.00,,,,11654360,891549,10762837,false,false,12,2022-04-01,2023-03-31,0
2023-05-15,9059,2022-03-31,,,,,,3625000000,0.109,1077000000,0.390,1040000000,0.382,924000000,,0.389,85.89,,,,,,23959000000,14527000000,0.606,1349.82,14527000000,,,,,32.00,,,,11654360,891512,10762874,false,false,12,2021-04-01,2022-03-31,-1
2023-05-15,9059,2024-03-31,,,,,,,,,,,,,,,,,,,,,,,,,,,,,,18.00,,,,,,,false,true,12,2023-04-01,2024-03-31,1
2023-08-01,9059,2024-03-31,1,,,,,12773000000,-0.006,856000000,0.207,915000000,0.181,,568000000,,26.42,,,,,,42932000000,22455000000,0.523,,22448000000,,,,,,,,,,,,true,false,3,2023-04-01,2023-06-30,0
2023-08-01,9059,2023-03-31,1,,,,,12844000000,0.114,709000000,-0.062,774000000,-0.015,,420000000,,19.51,,,,,,,,,,,,,,,,,,,,,,true,false,3,2022-04-01,2022-06-30,-1
2023-08-01,9059,2024-03-31,1,,,,,25970000000,0.000,1580000000,0.150,1600000000,0.113,,960000000,,44.60,,,,,,,,,,,,,,,,,,,,,,true,true,6,2023-04-01,2023-09-30,0
2023-08-01,9059,2024-03-31,1,,,,,52000000000,0.007,3100000000,0.135,3150000000,0.124,,2050000000,,95.24,,,,,,,,,,,,,,,,,,,,,,true,true,12,2023-04-01,2024-03-31,0
2023-08-01,9059,2023-03-31,1,,,,,,,,,,,,,,,,,,,,42306000000,22033000000,0.521,,22025000000,,,,,,,,,,,,true,false,12,2022-04-01,2023-03-31,-1
2023-08-01,9059,2023-03-31,1,,,,,,,,,,,,,,,,,,,,,,,,,,,,,34.00,,,,11654360,891549,,false,false,12,2022-04-01,2023-03-31,-1
2023-08-01,9059,2024-03-31,1,,,,,,,,,,,,,,,,,,,,,,,,,,,,,18.00,,,,,,,false,true,12,2023-04-01,2024-03-31,0
2023-08-01,9059,2024-03-31,1,,,,,,,,,,,,,,,,,,,,,,,,,,,,,,,,,11654360,891549,10762811,false,false,3,2023-04-01,2023-06-30,0
2023-08-01,9059,2023-03-31,1,,,,,,,,,,,,,,,,,,,,,,,,,,,,,,,,,,,10762848,false,false,3,2022-04-01,2022-06-30,-1
2023-11-01,9059,2024-03-31,2,,,,,25436000000,-0.020,1690000000,0.230,1758000000,0.223,,1152000000,,53.61,,,,,,46019000000,23043000000,0.501,,23036000000,,,,,,,,,,,,true,false,6,2023-04-01,2023-09-30,0
2023-11-01,9059,2023-03-31,2,,,,,25960000000,0.128,1373000000,-0.114,1437000000,-0.071,,833000000,,38.73,,,,,,,,,,,,,,,,,,,,,,true,false,6,2022-04-01,2022-09-30,-1
2023-11-01,9059,2024-03-31,2,,,,,52000000000,0.007,3100000000,0.135,3150000000,0.124,,2050000000,,95.24,,,,,,,,,,,,,,,,,,,,,,true,true,12,2023-04-01,2024-03-31,0
2023-11-01,9059,2023-03-31,2,,,,,,,,,,,,,,,,,,,,42306000000,22033000000,0.521,,22025000000,,,,,,,,,,,,true,false,12,2022-04-01,2023-03-31,-1
2023-11-01,9059,2023-03-31,2,,,,,,,,,,,,,,,,,,,,,,,,,,,,,34.00,,,,23308720,1783098,,false,false,12,2022-04-01,2023-03-31,-1
2023-11-01,9059,2024-03-31,2,,,,,,,,,,,,,,,,,,,,,,,,,,,,,9.50,,,,,,,false,false,12,2023-04-01,2024-03-31,0
2023-11-01,9059,2024-03-31,2,,,,,,,,,,,,,,,,,,,,,,,,,,,,,18.00,,,,,,,false,true,12,2023-04-01,2024-03-31,0
2023-11-01,9059,2024-03-31,2,,,,,,,,,,,,,,,,,,,,,,,,,,,,,,,,,23308720,1883098,21508136,false,false,6,2023-04-01,2023-09-30,0
2023-11-01,9059,2023-03-31,2,,,,,,,,,,,,,,,,,,,,,,,,,,,,,,,,,,,21525696,false,false,6,2022-04-01,2022-09-30,-1
2024-02-02,9059,2024-03-31,3,,,,,38586000000,-0.015,2715000000,0.273,2797000000,0.279,,1809000000,,84.25,,,,,,46430000000,23495000000,0.506,,23487000000,,,,,,,,,,,,true,false,9,2023-04-01,2023-12-31,0
2024-02-02,9059,2023-03-31,3,,,,,39184000000,0.105,2133000000,-0.103,2188000000,-0.095,,1303000000,,60.57,,,,,,,,,,,,,,,,,,,,,,true,false,9,2022-04-01,2022-12-31,-1
2024-02-02,9059,2024-03-31,3,,,,,52000000000,0.007,3100000000,0.135,3150000000,0.124,,2050000000,,95.24,,,,,,,,,,,,,,,,,,,,,,true,true,12,2023-04-01,2024-03-31,0
2024-02-02,9059,2023-03-31,3,,,,,,,,,,,,,,,,,,,,42306000000,22033000000,0.521,,22025000000,,,,,,,,,,,,true,false,12,2022-04-01,2023-03-31,-1
2024-02-02,9059,2023-03-31,3,,,,,,,,,,,,,,,,,,,,,,,,,,,,,34.00,,,,23308720,1783098,,false,false,12,2022-04-01,2023-03-31,-1
2024-02-02,9059,2024-03-31,3,,,,,,,,,,,,,,,,,,,,,,,,,,,,,9.50,,,,,,,false,false,12,2023-04-01,2024-03-31,0
2024-02-02,9059,2024-03-31,3,,,,,,,,,,,,,,,,,,,,,,,,,,,,,18.00,,,,,,,false,true,12,2023-04-01,2024-03-31,0
2024-02-02,9059,2024-03-31,3,,,,,,,,,,,,,,,,,,,,,,,,,,,,,,,,,23308720,1883098,21480532,false,false,9,2023-04-01,2023-12-31,0
2024-02-02,9059,2023-03-31,3,,,,,,,,,,,,,,,,,,,,,,,,,,,,,,,,,,,21525690,false,false,9,2022-04-01,2022-12-31,-1
2024-05-15,9059,2024-03-31,,,,,,51123000000,-0.010,3432000000,0.257,3531000000,0.260,,2273000000,,105.91,,0.099,0.079,0.067,,46729000000,24025000000,0.514,1121.33,24025000000,4575000000,-3139000000,610000000,8260000000,,0.179,,,,,,true,false,12,2023-04-01,2024-03-31,0
2024-05-15,9059,2023-03-31,,,,,,51621000000,0.083,2730000000,-0.098,2802000000,-0.095,,1774000000,,82.46,,0.083,0.067,0.053,,42306000000,22033000000,0.521,1023.24,22025000000,3581000000,-1249000000,-1401000000,6210000000,,0.206,,,,,,true,false,12,2022-04-01,2023-03-31,-1
2024-05-15,9059,2025-03-31,,,,,,25800000000,0.014,1730000000,0.023,1770000000,0.007,,1160000000,,51.14,,,,,,,,,,,,,,,,,,,,,,true,true,6,2024-04-01,2024-09-30,1
2024-05-15,9059,2025-03-31,,,,,,52000000000,0.017,3470000000,0.011,3550000000,0.005,,2280000000,,106.41,,,,,,,,,,,,,,,,0.197,,,,,,true,true,12,2024-04-01,2025-03-31,1
2024-05-15,9059,2024-03-31,,,,,,3728000000,-0.056,1165000000,-0.218,1138000000,-0.219,991000000,,-0.224,46.21,,,,,,26223000000,16215000000,0.618,756.81,16215000000,,,,,19.00,,,,23308720,1883098,21466879,false,false,12,2023-04-01,2024-03-31,0
2024-05-15,9059,2023-03-31,,,,,,3950000000,0.089,1490000000,0.384,1457000000,0.401,1278000000,,0.383,59.39,,,,,,24304000000,15554000000,0.640,722.58,15554000000,,,,,34.00,,,,23308720,1783098,21525674,false,false,12,2022-04-01,2023-03-31,-1
2024-05-15,9059,2025-03-31,,,,,,,,,,,,,,,,,,,,,,,,,,,,,,21.00,,,,,,,false,true,12,2024-04-01,2025-03-31,1
2024-08-02,9059,2025-03-31,1,,,,,13021000000,0.019,938000000,0.096,999000000,0.093,,605000000,,28.25,,,,,,46707000000,24425000000,0.523,,24425000000,,,,,,,,,,,,true,false,3,2024-04-01,2024-06-30,0
2024-08-02,9059,2024-03-31,1,,,,,12773000000,-0.006,856000000,0.207,915000000,0.181,,568000000,,26.42,,,,,,,,,,,,,,,,,,,,,,true,false,3,2023-04-01,2023-06-30,-1
2024-08-02,9059,2025-03-31,1,,,,,25800000000,0.014,1730000000,0.023,1770000000,0.007,,1160000000,,54.14,,,,,,,,,,,,,,,,,,,,,,true,true,6,2024-04-01,2024-09-30,0
2024-08-02,9059,2025-03-31,1,,,,,52000000000,0.017,3470000000,0.011,3550000000,0.005,,2280000000,,106.41,,,,,,,,,,,,,,,,,,,,,,true,true,12,2024-04-01,2025-03-31,0
2024-08-02,9059,2024-03-31,1,,,,,,,,,,,,,,,,,,,,46729000000,24025000000,0.514,,24025000000,,,,,,,,,,,,true,false,12,2023-04-01,2024-03-31,-1
2024-08-02,9059,2024-03-31,1,,,,,,,,,,,,,,,,,,,,,,,,,,,,,19.00,,,,23308720,1883098,,false,false,12,2023-04-01,2024-03-31,-1
2024-08-02,9059,2025-03-31,1,,,,,,,,,,,,,,,,,,,,,,,,,,,,,21.00,,,,,,,false,true,12,2024-04-01,2025-03-31,0
2024-08-02,9059,2025-03-31,1,,,,,,,,,,,,,,,,,,,,,,,,,,,,,,,,,23308720,1883098,21425622,false,false,3,2024-04-01,2024-06-30,0
2024-08-02,9059,2024-03-31,1,,,,,,,,,,,,,,,,,,,,,,,,,,,,,,,,,,,21525622,false,false,3,2023-04-01,2023-06-30,-1
2024-10-31,9059,2025-03-31,2,,,,,26202000000,0.030,1783000000,0.055,1830000000,0.041,,1185000000,,55.33,,,,,,47078000000,24981000000,0.531,,24981000000,,,,,,,,,,,,true,false,6,2024-04-01,2024-09-30,0
2024-10-31,9059,2024-03-31,2,,,,,25436000000,-0.020,1690000000,0.230,1758000000,0.223,,1152000000,,53.61,,,,,,,,,,,,,,,,,,,,,,true,false,6,2023-04-01,2023-09-30,-1
2024-10-31,9059,2025-03-31,2,,,,,52000000000,0.017,3470000000,0.011,3550000000,0.005,,2280000000,,106.41,,,,,,,,,,,,,,,,,,,,,,true,true,12,2024-04-01,2025-03-31,0
2024-10-31,9059,2024-03-31,2,,,,,,,,,,,,,,,,,,,,46729000000,24025000000,0.514,,24025000000,,,,,,,,,,,,true,false,12,2023-04-01,2024-03-31,-1
2024-10-31,9059,2024-03-31,2,,,,,,,,,,,,,,,,,,,,,,,,,,,,,19.00,,,,23308720,1883098,,false,false,12,2023-04-01,2024-03-31,-1
2024-10-31,9059,2025-03-31,2,,,,,,,,,,,,,,,,,,,,,,,,,,,,,10.50,,,,,,,false,false,12,2024-04-01,2025-03-31,0
2024-10-31,9059,2025-03-31,2,,,,,,,,,,,,,,,,,,,,,,,,,,,,,21.00,,,,,,,false,true,12,2024-04-01,2025-03-31,0
2024-10-31,9059,2025-03-31,2,,,,,,,,,,,,,,,,,,,,,,,,,,,,,,,,,23308720,1883098,21425622,false,false,6,2024-04-01,2024-09-30,0
2024-10-31,9059,2024-03-31,2,,,,,,,,,,,,,,,,,,,,,,,,,,,,,,,,,,,21508136,false,false,6,2023-04-01,2023-09-30,-1
2025-02-07,9059,2025-03-31,3,,,,,39541000000,0.025,2741000000,0.009,2829000000,0.011,,1865000000,,87.07,,,,,,48404000000,25460000000,0.526,,25460000000,,,,,,,,,,,,true,false,9,2024-04-01,2024-12-31,0
2025-02-07,9059,2024-03-31,3,,,,,38586000000,-0.015,2715000000,0.273,2797000000,0.279,,1809000000,,84.25,,,,,,,,,,,,,,,,,,,,,,true,false,9,2023-04-01,2023-12-31,-1
2025-02-07,9059,2025-03-31,3,,,,,52000000000,0.017,3470000000,0.011,3550000000,0.005,,2280000000,,106.41,,,,,,,,,,,,,,,,,,,,,,true,true,12,2024-04-01,2025-03-31,0
2025-02-07,9059,2024-03-31,3,,,,,,,,,,,,,,,,,,,,46729000000,24025000000,0.514,,24025000000,,,,,,,,,,,,true,false,12,2023-04-01,2024-03-31,-1
2025-02-07,9059,2024-03-31,3,,,,,,,,,,,,,,,,,,,,,,,,,,,,,19.00,,,,23308720,1883098,,false,false,12,2023-04-01,2024-03-31,-1
2025-02-07,9059,2025-03-31,3,,,,,,,,,,,,,,,,,,,,,,,,,,,,,10.50,,,,,,,false,false,12,2024-04-01,2025-03-31,0
2025-02-07,9059,2025-03-31,3,,,,,,,,,,,,,,,,,,,,,,,,,,,,,21.00,,,,,,,false,true,12,2024-04-01,2025-03-31,0
2025-02-07,9059,2025-03-31,3,,,,,,,,,,,,,,,,,,,,,,,,,,,,,,,,,23308720,1883098,21425622,false,false,9,2024-04-01,2024-12-31,0
2025-02-07,9059,2024-03-31,3,,,,,,,,,,,,,,,,,,,,,,,,,,,,,,,,,,,21480532,false,false,9,2023-04-01,2023-12-31,-1
2025-05-15,9059,2025-03-31,,,,,,52009000000,0.017,3436000000,0.001,3499000000,-0.009,,2206000000,,103.00,,0.089,0.074,0.066,,47484000000,25766000000,0.543,1202.61,25766000000,3796000000,-1132000000,-1760000000,9170000000,,0.204,,,,,,true,false,12,2024-04-01,2025-03-31,0
2025-05-15,9059,2024-03-31,,,,,,51123000000,-0.010,3432000000,0.257,3531000000,0.260,,2273000000,,105.91,,0.099,0.079,0.067,,46729000000,24025000000,0.514,1121.33,24025000000,4575000000,-3139000000,610000000,8260000000,,0.179,,,,,,true,false,12,2023-04-01,2024-03-31,-1
2025-05-15,9059,2026-03-31,,,,,,26000000000,-0.008,1720000000,-0.036,1760000000,-0.039,,1144000000,,53.39,,,,,,,,,,,,,,,,,,,,,,true,true,6,2025-04-01,2025-09-30,1
2025-05-15,9059,2026-03-31,,,,,,52300000000,0.006,3600000000,0.048,3650000000,0.043,,2373000000,,110.76,,,,,,,,,,,,,,,,0.208,,,,,,true,true,12,2025-04-01,2026-03-31,1
2025-05-15,9059,2025-03-31,,,,,,3924000000,0.053,1565000000,0.343,1540000000,0.353,1309000000,,0.320,61.11,,,,,,25873000000,17126000000,0.662,799.37,17126000000,,,,,21.00,,,,23308720,1883098,21425622,false,false,12,2024-04-01,2025-03-31,0
2025-05-15,9059,2024-03-31,,,,,,3728000000,-0.056,1165000000,-0.218,1138000000,-0.219,991000000,,-0.224,46.21,,,,,,26223000000,16215000000,0.618,756.81,16215000000,,,,,19.00,,,,23308720,1883098,21466879,false,false,12,2023-04-01,2024-03-31,-1
2025-05-15,9059,2026-03-31,,,,,,,,,,,,,,,,,,,,,,,,,,,,,,23.00,,,,,,,false,true,12,2025-04-01,2026-03-31,1
