filing_date,code,fiscal_year_end,quarterly_period,net_sales,net_sales_change,revenue,revenue_change,operating_revenue,operating_revenue_change,operating_profit,operating_profit_change,ordinary_profit,ordinary_profit_change,net_income,net_income_of_parent,net_income_change,eps,diluted_eps,roe,roa,operating_profit_to_net_sales,operating_profit_to_revenue,total_assets,net_assets,equity_ratio,bps,owner_equity,operating_cash_flow,investing_cash_flow,financing_cash_flow,cash,dividend_per_share,payout_ratio,commemorative_dividend,extra_dividend,number_of_shares,number_of_treqsury_shares,avg_number_of_shares,is_consolidated,is_forecast,duration,period_start,period_end,period_pos
2015-07-30,90640,2016-03-31,1,,,,,328932000000,0.015,4130000000,-0.163,4770000000,-0.112,,1908000000,,4.61,4.57,,,,,1070550000000,568274000000,0.525,,562520000000,,,,,,,,,,,,true,false,3,2015-04-01,2015-06-30,0
2015-07-30,90640,2015-03-31,1,,,,,323968000000,0.030,4933000000,-0.460,5370000000,-0.429,,2243000000,,5.36,5.22,,,,,,,,,,,,,,,,,,,,,true,false,3,2014-04-01,2014-06-30,-1
2015-07-30,90640,2016-03-31,1,,,,,689000000000,0.023,22000000000,0.034,22500000000,0.008,,12500000000,,30.32,,,,,,,,,,,,,,,,,,,,,,true,true,6,2015-04-01,2015-09-30,0
2015-07-30,90640,2016-03-31,1,,,,,1430000000000,0.024,72000000000,0.044,73000000000,0.030,,43000000000,,104.53,,,,,,,,,,,,,,,,,,,,,,true,true,12,2015-04-01,2016-03-31,0
2015-07-30,90640,2015-03-31,1,,,,,,,,,,,,,,,,,,,,1082531000000,571199000000,0.522,,565521000000,,,,,,,,,,,,true,false,12,2014-04-01,2015-03-31,-1
2015-07-30,90640,2015-03-31,1,,,,,,,,,,,,,,,,,,,,,,,,,,,,,25.00,,,,435564792,22370985,,false,false,12,2014-04-01,2015-03-31,-1
2015-07-30,90640,2016-03-31,1,,,,,,,,,,,,,,,,,,,,,,,,,,,,,26.00,,,,,,,false,true,12,2015-04-01,2016-03-31,0
2015-07-30,90640,2016-03-31,1,,,,,,,,,,,,,,,,,,,,,,,,,,,,,,,,,435564792,21787648,413757509,false,false,3,2015-04-01,2015-06-30,0
2015-07-30,90640,2015-03-31,1,,,,,,,,,,,,,,,,,,,,,,,,,,,,,,,,,,,418942670,false,false,3,2014-04-01,2014-06-30,-1
2015-10-29,90640,2016-03-31,2,,,,,683785000000,0.016,18000000000,-0.154,18627000000,-0.166,,9759000000,,23.71,23.48,,,,,1035394000000,556753000000,0.532,,550892000000,,,,,,,,,,,,true,false,6,2015-04-01,2015-09-30,0
2015-10-29,90640,2015-03-31,2,,,,,673237000000,0.027,21284000000,-0.088,22322000000,-0.066,,12149000000,,28.99,28.26,,,,,,,,,,,,,,,,,,,,,true,false,6,2014-04-01,2014-09-30,-1
2015-10-29,90640,2016-03-31,2,,,,,1415000000000,0.013,69000000000,0.001,70000000000,-0.013,,41000000000,,99.77,,,,,,,,,,,,,,,,,,,,,,true,true,12,2015-04-01,2016-03-31,0
2015-10-29,90640,2015-03-31,2,,,,,,,,,,,,,,,,,,,,1082531000000,571199000000,0.522,,565521000000,,,,,,,,,,,,true,false,12,2014-04-01,2015-03-31,-1
2015-10-29,90640,2015-03-31,2,,,,,,,,,,,,,,,,,,,,,,,,,,,,,25.00,,,,435564792,22370985,,false,false,12,2014-04-01,2015-03-31,-1
2015-10-29,90640,2016-03-31,2,,,,,,,,,,,,,,,,,,,,,,,,,,,,,13.00,,,,,,,false,false,12,2015-04-01,2016-03-31,0
2015-10-29,90640,2016-03-31,2,,,,,,,,,,,,,,,,,,,,,,,,,,,,,26.00,,,,,,,false,true,12,2015-04-01,2016-03-31,0
2015-10-29,90640,2016-03-31,2,,,,,,,,,,,,,,,,,,,,,,,,,,,,,,,,,425161692,17264375,411611429,false,false,6,2015-04-01,2015-09-30,0
2015-10-29,90640,2015-03-31,2,,,,,,,,,,,,,,,,,,,,,,,,,,,,,,,,,,,419089270,false,false,6,2014-04-01,2014-09-30,-1
2016-01-28,90640,2016-03-31,3,,,,,1084286000000,0.014,62108000000,-0.038,63123000000,-0.049,,38131000000,,92.92,92.05,,,,,1121692000000,581043000000,0.513,,575061000000,,,,,,,,,,,,true,false,9,2015-04-01,2015-12-31,0
2016-01-28,90640,2015-03-31,3,,,,,1069009000000,0.021,64591000000,0.082,66344000000,0.094,,39128000000,,93.89,91.51,,,,,,,,,,,,,,,,,,,,,true,false,9,2014-04-01,2014-12-31,-1
2016-01-28,90640,2016-03-31,3,,,,,1415000000000,0.013,69000000000,0.001,70000000000,-0.013,,41000000000,,100.11,,,,,,,,,,,,,,,,,,,,,,true,true,12,2015-04-01,2016-03-31,0
2016-01-28,90640,2015-03-31,3,,,,,,,,,,,,,,,,,,,,1082531000000,571199000000,0.522,,565521000000,,,,,,,,,,,,true,false,12,2014-04-01,2015-03-31,-1
2016-01-28,90640,2015-03-31,3,,,,,,,,,,,,,,,,,,,,,,,,,,,,,25.00,,,,435564792,22370985,,false,false,12,2014-04-01,2015-03-31,-1
2016-01-28,90640,2016-03-31,3,,,,,,,,,,,,,,,,,,,,,,,,,,,,,13.00,,,,,,,false,false,12,2015-04-01,2016-03-31,0
2016-01-28,90640,2016-03-31,3,,,,,,,,,,,,,,,,,,,,,,,,,,,,,26.00,,,,,,,false,true,12,2015-04-01,2016-03-31,0
2016-01-28,90640,2016-03-31,3,,,,,,,,,,,,,,,,,,,,,,,,,,,,,,,,,425161692,17210995,410374877,false,false,9,2015-04-01,2015-12-31,0
2016-01-28,90640,2015-03-31,3,,,,,,,,,,,,,,,,,,,,,,,,,,,,,,,,,,,416766428,false,false,9,2014-04-01,2014-12-31,-1
2016-04-28,90640,2016-03-31,,,,,,1416413000000,0.014,68540000000,-0.006,69426000000,-0.021,,39424000000,,96.45,95.64,0.071,0.064,,,1089436000000,543855000000,0.494,1349.56,537821000000,49715000000,-30230000000,-16833000000,249261000000,,0.290,,,,,,true,false,12,2015-04-01,2016-03-31,0
2016-04-28,90640,2015-03-31,,,,,,1396708000000,0.016,68947000000,0.093,70889000000,0.096,,37533000000,,90.41,88.26,0.067,0.067,,,1082531000000,571199000000,0.522,1368.66,565521000000,92620000000,-58485000000,-7168000000,247051000000,,0.277,,,,,,true,false,12,2014-04-01,2015-03-31,-1
2016-04-28,90640,2017-03-31,,,,,,710000000000,0.038,20000000000,0.111,20000000000,0.074,,11000000000,,27.60,,,,,,,,,,,,,,,,,,,,,,true,true,6,2016-04-01,2016-09-30,1
2016-04-28,90640,2017-03-31,,,,,,1460000000000,0.031,64000000000,-0.066,64500000000,-0.071,,38500000000,,96.61,,,,,,,,,,,,,,,,0.279,,,,,,true,true,12,2016-04-01,2017-03-31,1
2016-04-28,90640,2016-03-31,,,,,,32236000000,0.161,25176000000,0.091,25473000000,0.043,19430000000,,0.043,47.54,47.16,,,,,522348000000,342257000000,0.655,858.83,342257000000,,,,,28.00,,,,411339992,12823544,408742891,false,false,12,2015-04-01,2016-03-31,0
2016-04-28,90640,2015-03-31,,,,,,27756000000,-0.049,23071000000,-0.055,24415000000,-0.037,18632000000,,-0.104,44.88,43.82,,,,,527627000000,378122000000,0.717,915.12,378122000000,,,,,25.00,,,,435564792,22370985,415131038,false,false,12,2014-04-01,2015-03-31,-1
2016-04-28,90640,2017-03-31,,,,,,,,,,,,,,,,,,,,,,,,,,,,,,27.00,,,,,,,false,true,12,2016-04-01,2017-03-31,1
2016-07-29,90640,2017-03-31,1,,,,,341876000000,0.039,7433000000,0.800,7666000000,0.607,,3661000000,,9.19,,,,,,1098404000000,541052000000,0.487,,534988000000,,,,,,,,,,,,true,false,3,2016-04-01,2016-06-30,0
2016-07-29,90640,2016-03-31,1,,,,,328932000000,0.015,4130000000,-0.163,4770000000,-0.112,,1908000000,,4.61,4.57,,,,,,,,,,,,,,,,,,,,,true,false,3,2015-04-01,2015-06-30,-1
2016-07-29,90640,2017-03-31,1,,,,,710000000000,0.038,21000000000,0.167,21000000000,0.127,,11500000000,,28.86,,,,,,,,,,,,,,,,,,,,,,true,true,6,2016-04-01,2016-09-30,0
2016-07-29,90640,2017-03-31,1,,,,,1460000000000,0.031,65000000000,-0.052,65500000000,-0.057,,39000000000,,97.86,,,,,,,,,,,,,,,,,,,,,,true,true,12,2016-04-01,2017-03-31,0
2016-07-29,90640,2016-03-31,1,,,,,,,,,,,,,,,,,,,,1089436000000,543855000000,0.494,,537821000000,,,,,,,,,,,,true,false,12,2015-04-01,2016-03-31,-1
2016-07-29,90640,2016-03-31,1,,,,,,,,,,,,,,,,,,,,,,,,,,,,,28.00,,,,411339992,12823544,,false,false,12,2015-04-01,2016-03-31,-1
2016-07-29,90640,2017-03-31,1,,,,,,,,,,,,,,,,,,,,,,,,,,,,,27.00,,,,,,,false,true,12,2016-04-01,2017-03-31,0
2016-07-29,90640,2017-03-31,1,,,,,,,,,,,,,,,,,,,,,,,,,,,,,,,,,411339992,12823603,398516406,false,false,3,2016-04-01,2016-06-30,0
2016-07-29,90640,2016-03-31,1,,,,,,,,,,,,,,,,,,,,,,,,,,,,,,,,,,,413757509,false,false,3,2015-04-01,2015-06-30,-1
2016-10-31,90640,2017-03-31,2,,,,,706689000000,0.033,20943000000,0.164,20916000000,0.123,,11554000000,,28.99,,,,,,1080977000000,546611000000,0.500,,540537000000,,,,,,,,,,,,true,false,6,2016-04-01,2016-09-30,0
2016-10-31,90640,2016-03-31,2,,,,,683785000000,0.016,18000000000,-0.154,18627000000,-0.166,,9759000000,,23.71,23.48,,,,,,,,,,,,,,,,,,,,,true,false,6,2015-04-01,2015-09-30,-1
2016-10-31,90640,2017-03-31,2,,,,,1460000000000,0.031,65000000000,-0.052,65500000000,-0.057,,39000000000,,97.86,,,,,,,,,,,,,,,,,,,,,,true,true,12,2016-04-01,2017-03-31,0
2016-10-31,90640,2016-03-31,2,,,,,,,,,,,,,,,,,,,,1089436000000,543855000000,0.494,,537821000000,,,,,,,,,,,,true,false,12,2015-04-01,2016-03-31,-1
2016-10-31,90640,2016-03-31,2,,,,,,,,,,,,,,,,,,,,,,,,,,,,,28.00,,,,411339992,12823544,,false,false,12,2015-04-01,2016-03-31,-1
2016-10-31,90640,2017-03-31,2,,,,,,,,,,,,,,,,,,,,,,,,,,,,,13.00,,,,,,,false,false,12,2016-04-01,2017-03-31,0
2016-10-31,90640,2017-03-31,2,,,,,,,,,,,,,,,,,,,,,,,,,,,,,27.00,,,,,,,false,true,12,2016-04-01,2017-03-31,0
2016-10-31,90640,2017-03-31,2,,,,,,,,,,,,,,,,,,,,,,,,,,,,,,,,,411339992,12823642,398516397,false,false,6,2016-04-01,2016-09-30,0
2016-10-31,90640,2016-03-31,2,,,,,,,,,,,,,,,,,,,,,,,,,,,,,,,,,,,411611429,false,false,6,2015-04-01,2015-09-30,-1
2017-01-30,90640,2017-03-31,3,,,,,1118143000000,0.031,58063000000,-0.065,58263000000,-0.077,,35719000000,,89.63,,,,,,1163273000000,568319000000,0.483,,561913000000,,,,,,,,,,,,true,false,9,2016-04-01,2016-12-31,0
2017-01-30,90640,2016-03-31,3,,,,,1084286000000,0.014,62108000000,-0.038,63123000000,-0.049,,38131000000,,92.92,92.05,,,,,,,,,,,,,,,,,,,,,true,false,9,2015-04-01,2015-12-31,-1
2017-01-30,90640,2017-03-31,3,,,,,1460000000000,0.031,58000000000,-0.154,58500000000,-0.157,,34000000000,,85.45,,,,,,,,,,,,,,,,,,,,,,true,true,12,2016-04-01,2017-03-31,0
2017-01-30,90640,2016-03-31,3,,,,,,,,,,,,,,,,,,,,1089436000000,543855000000,0.494,,537821000000,,,,,,,,,,,,true,false,12,2015-04-01,2016-03-31,-1
2017-01-30,90640,2016-03-31,3,,,,,,,,,,,,,,,,,,,,,,,,,,,,,28.00,,,,411339992,12823544,,false,false,12,2015-04-01,2016-03-31,-1
2017-01-30,90640,2017-03-31,3,,,,,,,,,,,,,,,,,,,,,,,,,,,,,13.00,,,,,,,false,false,12,2016-04-01,2017-03-31,0
2017-01-30,90640,2017-03-31,3,,,,,,,,,,,,,,,,,,,,,,,,,,,,,27.00,,,,,,,false,true,12,2016-04-01,2017-03-31,0
2017-01-30,90640,2017-03-31,3,,,,,,,,,,,,,,,,,,,,,,,,,,,,,,,,,411339992,12823973,398516345,false,false,9,2016-04-01,2016-12-31,0
2017-01-30,90640,2016-03-31,3,,,,,,,,,,,,,,,,,,,,,,,,,,,,,,,,,,,410374877,false,false,9,2015-04-01,2015-12-31,-1
2017-04-18,90640,2017-03-31,,,,,,1460000000000,,34000000000,-0.414,34500000000,-0.410,,19000000000,,47.75,,,,,,,,,,,,,,,,,,,,,,true,true,12,2016-04-01,2017-03-31,0
2017-04-18,90640,2016-03-31,,,,,,1416413000000,,68540000000,,69426000000,,,39424000000,,96.45,,,,,,,,,,,,,,,,,,,,,,true,false,12,2015-04-01,2016-03-31,-1
2017-04-28,90640,2017-03-31,,,,,,1466852000000,0.036,34885000000,-0.491,34884000000,-0.498,,18053000000,,45.37,,0.034,0.032,,,1114672000000,545559000000,0.484,1367.51,539179000000,73324000000,-73999000000,-18777000000,228926000000,,0.595,,,,,,true,false,12,2016-04-01,2017-03-31,0
2017-04-28,90640,2016-03-31,,,,,,1416413000000,0.014,68540000000,-0.006,69426000000,-0.021,,39424000000,,96.45,95.64,0.071,0.064,,,1089436000000,543855000000,0.494,1349.56,537821000000,49715000000,-30230000000,-16833000000,249261000000,,0.290,,,,,,true,false,12,2015-04-01,2016-03-31,-1
2017-04-28,90640,2018-03-31,,,,,,708000000000,0.002,-3000000000,,-3000000000,,,-6000000000,,-15.22,,,,,,,,,,,,,,,,,,,,,,true,true,6,2017-04-01,2017-09-30,1
2017-04-28,90640,2018-03-31,,,,,,1470000000000,0.002,30000000000,-0.140,30000000000,-0.140,,17000000000,,43.12,,,,,,,,,,,,,,,,0.626,,,,,,true,true,12,2017-04-01,2018-03-31,1
2017-04-28,90640,2016-03-31,,,,,,,,,,,,,,,,,,,,,,,,,,,,,,28.00,,,,411339992,12823544,408742891,false,false,12,2015-04-01,2016-03-31,-1
2017-04-28,90640,2017-03-31,,,,,,,,,,,,,,,,,,,,,,,,,,,,,,27.00,,,,411339992,17062391,397930271,false,false,12,2016-04-01,2017-03-31,0
2017-04-28,90640,2018-03-31,,,,,,,,,,,,,,,,,,,,,,,,,,,,,,27.00,,,,,,,false,true,12,2017-04-01,2018-03-31,1
2017-07-31,90640,2018-03-31,1,,,,,355478000000,0.040,-10000000000,,-9582000000,,,-7937000000,,-20.13,,,,,,1122892000000,532936000000,0.469,,526344000000,,,,,,,,,,,,true,false,3,2017-04-01,2017-06-30,0
2017-07-31,90640,2017-03-31,1,,,,,341876000000,0.039,7433000000,0.800,7666000000,0.607,,3661000000,,9.19,,,,,,,,,,,,,,,,,,,,,,true,false,3,2016-04-01,2016-06-30,-1
2017-07-31,90640,2018-03-31,1,,,,,718000000000,0.016,-13000000000,,-13000000000,,,-13000000000,,-32.97,,,,,,,,,,,,,,,,,,,,,,true,true,6,2017-04-01,2017-09-30,0
2017-07-31,90640,2018-03-31,1,,,,,1490000000000,0.016,25000000000,-0.283,25000000000,-0.283,,12000000000,,30.44,,,,,,,,,,,,,,,,,,,,,,true,true,12,2017-04-01,2018-03-31,0
2017-07-31,90640,2017-03-31,1,,,,,,,,,,,,,,,,,,,,1114672000000,545559000000,0.484,,539179000000,,,,,,,,,,,,true,false,12,2016-04-01,2017-03-31,-1
2017-07-31,90640,2017-03-31,1,,,,,,,,,,,,,,,,,,,,,,,,,,,,,27.00,,,,411339992,17062391,,false,false,12,2016-04-01,2017-03-31,-1
2017-07-31,90640,2018-03-31,1,,,,,,,,,,,,,,,,,,,,,,,,,,,,,27.00,,,,,,,false,true,12,2017-04-01,2018-03-31,0
2017-07-31,90640,2018-03-31,1,,,,,,,,,,,,,,,,,,,,,,,,,,,,,,,,,411339992,17062806,394277367,false,false,3,2017-04-01,2017-06-30,0
2017-07-31,90640,2017-03-31,1,,,,,,,,,,,,,,,,,,,,,,,,,,,,,,,,,,,398516406,false,false,3,2016-04-01,2016-06-30,-1
2017-10-31,90640,2018-03-31,2,,,,,729802000000,0.033,-12887000000,,-12600000000,,,-12087000000,,-30.66,,,,,,1072594000000,530769000000,0.489,,524006000000,,,,,,,,,,,,true,false,6,2017-04-01,2017-09-30,0
2017-10-31,90640,2017-03-31,2,,,,,706689000000,0.033,20943000000,0.164,20916000000,0.123,,11554000000,,28.99,,,,,,,,,,,,,,,,,,,,,,true,false,6,2016-04-01,2016-09-30,-1
2017-10-31,90640,2018-03-31,2,,,,,1502000000000,0.024,25000000000,-0.283,25000000000,-0.283,,12000000000,,30.44,,,,,,,,,,,,,,,,,,,,,,true,true,12,2017-04-01,2018-03-31,0
2017-10-31,90640,2017-03-31,2,,,,,,,,,,,,,,,,,,,,1114672000000,545559000000,0.484,,539179000000,,,,,,,,,,,,true,false,12,2016-04-01,2017-03-31,-1
2017-10-31,90640,2017-03-31,2,,,,,,,,,,,,,,,,,,,,,,,,,,,,,27.00,,,,411339992,17062391,,false,false,12,2016-04-01,2017-03-31,-1
2017-10-31,90640,2018-03-31,2,,,,,,,,,,,,,,,,,,,,,,,,,,,,,13.00,,,,,,,false,false,12,2017-04-01,2018-03-31,0
2017-10-31,90640,2018-03-31,2,,,,,,,,,,,,,,,,,,,,,,,,,,,,,27.00,,,,,,,false,true,12,2017-04-01,2018-03-31,0
2017-10-31,90640,2018-03-31,2,,,,,,,,,,,,,,,,,,,,,,,,,,,,,,,,,411339992,17063292,394277124,false,false,6,2017-04-01,2017-09-30,0
2017-10-31,90640,2017-03-31,2,,,,,,,,,,,,,,,,,,,,,,,,,,,,,,,,,,,398516397,false,false,6,2016-04-01,2016-09-30,-1
2018-01-30,90640,2018-03-31,3,,,,,1171775000000,0.048,32131000000,-0.447,32378000000,-0.444,,17429000000,,44.21,,,,,,1150746000000,559365000000,0.480,,552130000000,,,,,,,,,,,,true,false,9,2017-04-01,2017-12-31,0
2018-01-30,90640,2017-03-31,3,,,,,1118143000000,0.031,58063000000,-0.065,58263000000,-0.077,,35719000000,,89.63,,,,,,,,,,,,,,,,,,,,,,true,false,9,2016-04-01,2016-12-31,-1
2018-01-30,90640,2018-03-31,3,,,,,1530000000000,0.043,31000000000,-0.111,31000000000,-0.111,,14500000000,,36.78,,,,,,,,,,,,,,,,,,,,,,true,true,12,2017-04-01,2018-03-31,0
2018-01-30,90640,2017-03-31,3,,,,,,,,,,,,,,,,,,,,1114672000000,545559000000,0.484,,539179000000,,,,,,,,,,,,true,false,12,2016-04-01,2017-03-31,-1
2018-01-30,90640,2017-03-31,3,,,,,,,,,,,,,,,,,,,,,,,,,,,,,27.00,,,,411339992,17062391,,false,false,12,2016-04-01,2017-03-31,-1
2018-01-30,90640,2018-03-31,3,,,,,,,,,,,,,,,,,,,,,,,,,,,,,13.00,,,,,,,false,false,12,2017-04-01,2018-03-31,0
2018-01-30,90640,2018-03-31,3,,,,,,,,,,,,,,,,,,,,,,,,,,,,,27.00,,,,,,,false,true,12,2017-04-01,2018-03-31,0
2018-01-30,90640,2018-03-31,3,,,,,,,,,,,,,,,,,,,,,,,,,,,,,,,,,411339992,17063966,394276825,false,false,9,2017-04-01,2017-12-31,0
2018-01-30,90640,2017-03-31,3,,,,,,,,,,,,,,,,,,,,,,,,,,,,,,,,,,,398516345,false,false,9,2016-04-01,2016-12-31,-1
2018-05-01,90640,2018-03-31,,,,,,1538813000000,0.049,35685000000,0.023,36085000000,0.034,,18231000000,,46.24,,0.033,0.032,,,1115433000000,557586000000,0.493,1395.74,550307000000,51728000000,-41174000000,-36930000000,202863000000,,0.584,,,,,,true,false,12,2017-04-01,2018-03-31,0
2018-05-01,90640,2017-03-31,,,,,,1466852000000,0.036,34885000000,-0.491,34884000000,-0.498,,18053000000,,45.37,,0.034,0.032,,,1114672000000,545559000000,0.484,1367.51,539179000000,73324000000,-73999000000,-18777000000,228926000000,,0.595,,,,,,true,false,12,2016-04-01,2017-03-31,-1
2018-05-01,90640,2019-03-31,,,,,,760000000000,0.041,8000000000,,8000000000,,,4000000000,,10.15,,,,,,,,,,,,,,,,,,,,,,true,true,6,2018-04-01,2018-09-30,1
2018-05-01,90640,2019-03-31,,,,,,1600000000000,0.040,58000000000,0.625,58000000000,0.607,,36000000000,,91.31,,,,,,,,,,,,,,,,0.307,,,,,,true,true,12,2018-04-01,2019-03-31,1
2018-05-01,90640,2017-03-31,,,,,,,,,,,,,,,,,,,,,,,,,,,,,,27.00,,,,411339992,17062391,397930271,false,false,12,2016-04-01,2017-03-31,-1
2018-05-01,90640,2018-03-31,,,,,,,,,,,,,,,,,,,,,,,,,,,,,,27.00,,,,411339992,17064197,394276572,false,false,12,2017-04-01,2018-03-31,0
2018-05-01,90640,2019-03-31,,,,,,,,,,,,,,,,,,,,,,,,,,,,,,28.00,,,,,,,false,true,12,2018-04-01,2019-03-31,1
2018-07-31,90640,2019-03-31,1,,,,,380690000000,0.071,9578000000,,9429000000,,,4096000000,,10.39,,,,,,1116397000000,555904000000,0.491,,548531000000,,,,,,,,,,,,true,false,3,2018-04-01,2018-06-30,0
2018-07-31,90640,2018-03-31,1,,,,,355478000000,0.040,-10000000000,,-9582000000,,,-7937000000,,-20.13,,,,,,,,,,,,,,,,,,,,,,true,false,3,2017-04-01,2017-06-30,-1
2018-07-31,90640,2019-03-31,1,,,,,780000000000,0.069,15000000000,,15000000000,,,9000000000,,22.83,,,,,,,,,,,,,,,,,,,,,,true,true,6,2018-04-01,2018-09-30,0
2018-07-31,90640,2019-03-31,1,,,,,1615000000000,0.050,61000000000,0.709,61000000000,0.690,,36000000000,,91.31,,,,,,,,,,,,,,,,,,,,,,true,true,12,2018-04-01,2019-03-31,0
2018-07-31,90640,2018-03-31,1,,,,,,,,,,,,,,,,,,,,1114870000000,557586000000,0.494,,550307000000,,,,,,,,,,,,true,false,12,2017-04-01,2018-03-31,-1
2018-07-31,90640,2018-03-31,1,,,,,,,,,,,,,,,,,,,,,,,,,,,,,27.00,,,,411339992,17064197,,false,false,12,2017-04-01,2018-03-31,-1
2018-07-31,90640,2019-03-31,1,,,,,,,,,,,,,,,,,,,,,,,,,,,,,28.00,,,,,,,false,true,12,2018-04-01,2019-03-31,0
2018-07-31,90640,2019-03-31,1,,,,,,,,,,,,,,,,,,,,,,,,,,,,,,,,,411339992,17064434,394275707,false,false,3,2018-04-01,2018-06-30,0
2018-07-31,90640,2018-03-31,1,,,,,,,,,,,,,,,,,,,,,,,,,,,,,,,,,,,394277367,false,false,3,2017-04-01,2017-06-30,-1
2018-07-31,90640,2019-03-31,1,,,,,380690000000,0.071,9578000000,,9429000000,,,2638000000,,6.69,,,,,,1114870000000,554410000000,0.491,,547038000000,,,,,,,,,,,,true,false,3,2018-04-01,2018-06-30,0
2018-07-31,90640,2018-03-31,1,,,,,355478000000,0.040,-10000000000,,-9582000000,,,-7937000000,,-20.13,,,,,,,,,,,,,,,,,,,,,,true,false,3,2017-04-01,2017-06-30,-1
2018-07-31,90640,2019-03-31,1,,,,,780000000000,0.069,15000000000,,15000000000,,,9000000000,,22.83,,,,,,,,,,,,,,,,,,,,,,true,true,6,2018-04-01,2018-09-30,0
2018-07-31,90640,2019-03-31,1,,,,,1615000000000,0.050,61000000000,0.709,61000000000,0.690,,36000000000,,91.31,,,,,,,,,,,,,,,,,,,,,,true,true,12,2018-04-01,2019-03-31,0
2018-07-31,90640,2018-03-31,1,,,,,,,,,,,,,,,,,,,,1114870000000,557586000000,0.494,,550307000000,,,,,,,,,,,,true,false,12,2017-04-01,2018-03-31,-1
2018-07-31,90640,2018-03-31,1,,,,,,,,,,,,,,,,,,,,,,,,,,,,,27.00,,,,411339992,17064197,,false,false,12,2017-04-01,2018-03-31,-1
2018-07-31,90640,2019-03-31,1,,,,,,,,,,,,,,,,,,,,,,,,,,,,,28.00,,,,,,,false,true,12,2018-04-01,2019-03-31,0
2018-07-31,90640,2019-03-31,1,,,,,,,,,,,,,,,,,,,,,,,,,,,,,,,,,411339992,17064434,394275707,false,false,3,2018-04-01,2018-06-30,0
2018-07-31,90640,2018-03-31,1,,,,,,,,,,,,,,,,,,,,,,,,,,,,,,,,,,,394277367,false,false,3,2017-04-01,2017-06-30,-1
2018-10-31,90640,2019-03-31,2,,,,,789131000000,0.081,23435000000,,22756000000,,,9981000000,,25.32,,,,,,1102872000000,563520000000,0.504,,555879000000,,,,,,,,,,,,true,false,6,2018-04-01,2018-09-30,0
2018-10-31,90640,2018-03-31,2,,,,,729802000000,0.033,-12887000000,,-12600000000,,,-12087000000,,-30.66,,,,,,,,,,,,,,,,,,,,,,true,false,6,2017-04-01,2017-09-30,-1
2018-10-31,90640,2019-03-31,2,,,,,1620000000000,0.053,66000000000,0.849,66000000000,0.829,,37000000000,,93.84,,,,,,,,,,,,,,,,,,,,,,true,true,12,2018-04-01,2019-03-31,0
2018-10-31,90640,2018-03-31,2,,,,,,,,,,,,,,,,,,,,1114870000000,557586000000,0.494,,550307000000,,,,,,,,,,,,true,false,12,2017-04-01,2018-03-31,-1
2018-10-31,90640,2018-03-31,2,,,,,,,,,,,,,,,,,,,,,,,,,,,,,27.00,,,,411339992,17064197,,false,false,12,2017-04-01,2018-03-31,-1
2018-10-31,90640,2019-03-31,2,,,,,,,,,,,,,,,,,,,,,,,,,,,,,14.00,,,,,,,false,false,12,2018-04-01,2019-03-31,0
2018-10-31,90640,2019-03-31,2,,,,,,,,,,,,,,,,,,,,,,,,,,,,,28.00,,,,,,,false,true,12,2018-04-01,2019-03-31,0
2018-10-31,90640,2019-03-31,2,,,,,,,,,,,,,,,,,,,,,,,,,,,,,,,,,411339992,17065006,394275419,false,false,6,2018-04-01,2018-09-30,0
2018-10-31,90640,2018-03-31,2,,,,,,,,,,,,,,,,,,,,,,,,,,,,,,,,,,,394277124,false,false,6,2017-04-01,2017-09-30,-1
2019-01-30,90640,2019-03-31,3,,,,,1257610000000,0.073,74343000000,1.314,73644000000,1.275,,43194000000,,109.55,,,,,,1216355000000,587666000000,0.477,,580351000000,,,,,,,,,,,,true,false,9,2018-04-01,2018-12-31,0
2019-01-30,90640,2018-03-31,3,,,,,1171775000000,0.048,32131000000,-0.447,32378000000,-0.444,,17429000000,,44.21,,,,,,,,,,,,,,,,,,,,,,true,false,9,2017-04-01,2017-12-31,-1
2019-01-30,90640,2019-03-31,3,,,,,1630000000000,0.059,67000000000,0.878,67000000000,0.857,,37000000000,,93.84,,,,,,,,,,,,,,,,,,,,,,true,true,12,2018-04-01,2019-03-31,0
2019-01-30,90640,2018-03-31,3,,,,,,,,,,,,,,,,,,,,1114870000000,557586000000,0.494,,550307000000,,,,,,,,,,,,true,false,12,2017-04-01,2018-03-31,-1
2019-01-30,90640,2018-03-31,3,,,,,,,,,,,,,,,,,,,,,,,,,,,,,27.00,,,,411339992,17064197,,false,false,12,2017-04-01,2018-03-31,-1
2019-01-30,90640,2019-03-31,3,,,,,,,,,,,,,,,,,,,,,,,,,,,,,14.00,,,,,,,false,false,12,2018-04-01,2019-03-31,0
2019-01-30,90640,2019-03-31,3,,,,,,,,,,,,,,,,,,,,,,,,,,,,,28.00,,,,,,,false,true,12,2018-04-01,2019-03-31,0
2019-01-30,90640,2019-03-31,3,,,,,,,,,,,,,,,,,,,,,,,,,,,,,,,,,411339992,17065319,394275213,false,false,9,2018-04-01,2018-12-31,0
2019-01-30,90640,2018-03-31,3,,,,,,,,,,,,,,,,,,,,,,,,,,,,,,,,,,,394276825,false,false,9,2017-04-01,2017-12-31,-1
2019-04-18,90640,2019-03-31,,,,,,1625000000000,-0.003,58000000000,-0.134,54000000000,-0.194,,25000000000,,63.41,,,,,,,,,,,,,,,,,,,,,,true,true,12,2018-04-01,2019-03-31,0
2019-04-18,90640,2018-03-31,,,,,,1538813000000,,35685000000,,36085000000,,,18231000000,,46.24,,,,,,,,,,,,,,,,,,,,,,true,false,12,2017-04-01,2018-03-31,-1
2019-04-26,90640,2019-03-31,,,,,,1625315000000,0.056,58345000000,0.635,54259000000,0.504,,25682000000,,65.14,,0.046,0.048,,,1123659000000,573388000000,0.504,1435.15,565841000000,118093000000,-54872000000,-70947000000,194650000000,,0.430,,,,,,true,false,12,2018-04-01,2019-03-31,0
2019-04-26,90640,2018-03-31,,,,,,1538813000000,0.049,35685000000,0.023,36085000000,0.034,,18231000000,,46.24,,0.033,0.032,,,1114870000000,557586000000,0.494,1395.74,550307000000,51728000000,-41174000000,-36930000000,202863000000,,0.584,,,,,,true,false,12,2017-04-01,2018-03-31,-1
2019-04-26,90640,2020-03-31,,,,,,807000000000,0.023,12000000000,-0.488,12000000000,-0.473,,4000000000,,10.15,,,,,,,,,,,,,,,,,,,,,,true,true,6,2019-04-01,2019-09-30,1
2019-04-26,90640,2020-03-31,,,,,,1695000000000,0.043,72000000000,0.234,72000000000,0.327,,40000000000,,101.45,,,,,,,,,,,,,,,,0.306,,,,,,true,true,12,2019-04-01,2020-03-31,1
2019-04-26,90640,2018-03-31,,,,,,,,,,,,,,,,,,,,,,,,,,,,,,27.00,,,,411339992,17064197,394276572,false,false,12,2017-04-01,2018-03-31,-1
2019-04-26,90640,2019-03-31,,,,,,,,,,,,,,,,,,,,,,,,,,,,,,28.00,,,,411339992,17065526,394275053,false,false,12,2018-04-01,2019-03-31,0
2019-04-26,90640,2020-03-31,,,,,,,,,,,,,,,,,,,,,,,,,,,,,,31.00,,,,,,,false,true,12,2019-04-01,2020-03-31,1
2019-07-31,90640,2020-03-31,1,,,,,381726000000,0.003,-6100000000,,-9323000000,,,-9747000000,,-24.72,,,,,,1100227000000,556376000000,0.499,,549035000000,,,,,,,,,,,,true,false,3,2019-04-01,2019-06-30,0
2019-07-31,90640,2019-03-31,1,,,,,380690000000,0.071,9578000000,,9429000000,,,2638000000,,6.69,,,,,,,,,,,,,,,,,,,,,,true,false,3,2018-04-01,2018-06-30,-1
2019-07-31,90640,2020-03-31,1,,,,,807000000000,0.023,12000000000,-0.488,9000000000,-0.605,,1000000000,,2.54,,,,,,,,,,,,,,,,,,,,,,true,true,6,2019-04-01,2019-09-30,0
2019-07-31,90640,2020-03-31,1,,,,,1695000000000,0.043,72000000000,0.234,69000000000,0.272,,38000000000,,96.38,,,,,,,,,,,,,,,,,,,,,,true,true,12,2019-04-01,2020-03-31,0
2019-07-31,90640,2019-03-31,1,,,,,,,,,,,,,,,,,,,,1123659000000,573388000000,0.504,,565841000000,,,,,,,,,,,,true,false,12,2018-04-01,2019-03-31,-1
2019-07-31,90640,2019-03-31,1,,,,,,,,,,,,,,,,,,,,,,,,,,,,,28.00,,,,411339992,17065526,,false,false,12,2018-04-01,2019-03-31,-1
2019-07-31,90640,2020-03-31,1,,,,,,,,,,,,,,,,,,,,,,,,,,,,,31.00,,,,,,,false,true,12,2019-04-01,2020-03-31,0
2019-07-31,90640,2020-03-31,1,,,,,,,,,,,,,,,,,,,,,,,,,,,,,,,,,411339992,17065587,394274405,false,false,3,2019-04-01,2019-06-30,0
2019-07-31,90640,2019-03-31,1,,,,,,,,,,,,,,,,,,,,,,,,,,,,,,,,,,,394275707,false,false,3,2018-04-01,2018-06-30,-1
2019-10-31,90640,2020-03-31,2,,,,,800126000000,0.014,6213000000,-0.735,2730000000,-0.880,,-3459000000,,-8.77,,,,,,1071966000000,562760000000,0.518,,555182000000,,,,,,,,,,,,true,false,6,2019-04-01,2019-09-30,0
2019-10-31,90640,2019-03-31,2,,,,,789131000000,0.081,23435000000,,22756000000,,,9981000000,,25.32,,,,,,,,,,,,,,,,,,,,,,true,false,6,2018-04-01,2018-09-30,-1
2019-10-31,90640,2020-03-31,2,,,,,1670000000000,0.027,62000000000,0.063,59000000000,0.087,,32000000000,,81.16,,,,,,,,,,,,,,,,,,,,,,true,true,12,2019-04-01,2020-03-31,0
2019-10-31,90640,2019-03-31,2,,,,,,,,,,,,,,,,,,,,1123659000000,573388000000,0.504,,565841000000,,,,,,,,,,,,true,false,12,2018-04-01,2019-03-31,-1
2019-10-31,90640,2019-03-31,2,,,,,,,,,,,,,,,,,,,,,,,,,,,,,28.00,,,,411339992,17065526,,false,false,12,2018-04-01,2019-03-31,-1
2019-10-31,90640,2020-03-31,2,,,,,,,,,,,,,,,,,,,,,,,,,,,,,15.00,,,,,,,false,false,12,2019-04-01,2020-03-31,0
2019-10-31,90640,2020-03-31,2,,,,,,,,,,,,,,,,,,,,,,,,,,,,,31.00,,,,,,,false,true,12,2019-04-01,2020-03-31,0
2019-10-31,90640,2020-03-31,2,,,,,,,,,,,,,,,,,,,,,,,,,,,,,,,,,411339992,17065648,394274361,false,false,6,2019-04-01,2019-09-30,0
2019-10-31,90640,2019-03-31,2,,,,,,,,,,,,,,,,,,,,,,,,,,,,,,,,,,,394275419,false,false,6,2018-04-01,2018-09-30,-1
2020-01-30,90640,2020-03-31,3,,,,,1257724000000,0.000,50077000000,-0.326,46830000000,-0.364,,31406000000,,79.66,,,,,,1161765000000,593459000000,0.504,,585585000000,,,,,,,,,,,,true,false,9,2019-04-01,2019-12-31,0
2020-01-30,90640,2019-03-31,3,,,,,1257610000000,0.073,74343000000,1.314,73644000000,1.275,,43194000000,,109.55,,,,,,,,,,,,,,,,,,,,,,true,false,9,2018-04-01,2018-12-31,-1
2020-01-30,90640,2020-03-31,3,,,,,1630000000000,0.003,40000000000,-0.314,37000000000,-0.318,,20000000000,,50.86,,,,,,,,,,,,,,,,,,,,,,true,true,12,2019-04-01,2020-03-31,0
2020-01-30,90640,2019-03-31,3,,,,,,,,,,,,,,,,,,,,1123659000000,573388000000,0.504,,565841000000,,,,,,,,,,,,true,false,12,2018-04-01,2019-03-31,-1
2020-01-30,90640,2019-03-31,3,,,,,,,,,,,,,,,,,,,,,,,,,,,,,28.00,,,,411339992,17065526,,false,false,12,2018-04-01,2019-03-31,-1
2020-01-30,90640,2020-03-31,3,,,,,,,,,,,,,,,,,,,,,,,,,,,,,15.00,,,,,,,false,false,12,2019-04-01,2020-03-31,0
2020-01-30,90640,2020-03-31,3,,,,,,,,,,,,,,,,,,,,,,,,,,,,,41.00,,,,,,,false,true,12,2019-04-01,2020-03-31,0
2020-01-30,90640,2020-03-31,3,,,,,,,,,,,,,,,,,,,,,,,,,,,,,,,,,411339992,17065974,394274306,false,false,9,2019-04-01,2019-12-31,0
2020-01-30,90640,2019-03-31,3,,,,,,,,,,,,,,,,,,,,,,,,,,,,,,,,,,,394275213,false,false,9,2018-04-01,2018-12-31,-1
2020-05-15,90640,2020-03-31,,,,,,1630146000000,0.003,44701000000,-0.234,40625000000,-0.251,,22324000000,,56.78,,0.040,0.037,,,1100739000000,562835000000,0.504,1441.20,555173000000,74433000000,-49943000000,-22368000000,196662000000,,0.722,,,,,,true,false,12,2019-04-01,2020-03-31,0
2020-05-15,90640,2019-03-31,,,,,,1625315000000,0.056,58345000000,0.635,54259000000,0.504,,25682000000,,65.14,,0.046,0.048,,,1123659000000,573388000000,0.504,1435.15,565841000000,118093000000,-54872000000,-70947000000,194650000000,,0.430,,,,,,true,false,12,2018-04-01,2019-03-31,-1
2020-05-15,90640,2019-03-31,,,,,,,,,,,,,,,,,,,,,,,,,,,,,,28.00,,,,411339992,17065526,394275053,false,false,12,2018-04-01,2019-03-31,-1
2020-05-15,90640,2020-03-31,,,,,,,,,,,,,,,,,,,,,,,,,,,,,,41.00,,,,411339992,26124409,393170633,false,false,12,2019-04-01,2020-03-31,0
2020-07-31,90640,2021-03-31,1,,,,,392015000000,0.027,9953000000,,10532000000,,,3453000000,,9.04,,,,,,1083474000000,540896000000,0.492,,533253000000,,,,,,,,,,,,true,false,3,2020-04-01,2020-06-30,0
2020-07-31,90640,2020-03-31,1,,,,,381726000000,0.003,-6100000000,,-9323000000,,,-9747000000,,-24.72,,,,,,,,,,,,,,,,,,,,,,true,false,3,2019-04-01,2019-06-30,-1
2020-07-31,90640,2021-03-31,1,,,,,805000000000,0.006,24000000000,2.862,24000000000,7.790,,14000000000,,37.12,,,,,,,,,,,,,,,,,,,,,,true,true,6,2020-04-01,2020-09-30,0
2020-07-31,90640,2021-03-31,1,,,,,1638000000000,0.005,64000000000,0.432,63000000000,0.551,,33000000000,,88.28,,,,,,,,,,,,,,,,,,,,,,true,true,12,2020-04-01,2021-03-31,0
2020-07-31,90640,2020-03-31,1,,,,,,,,,,,,,,,,,,,,1100739000000,562835000000,0.504,,555173000000,,,,,,,,,,,,true,false,12,2019-04-01,2020-03-31,-1
2020-07-31,90640,2020-03-31,1,,,,,,,,,,,,,,,,,,,,,,,,,,,,,41.00,,,,411339992,26124409,,false,false,12,2019-04-01,2020-03-31,-1
2020-07-31,90640,2021-03-31,1,,,,,,,,,,,,,,,,,,,,,,,,,,,,,32.00,,,,,,,false,true,12,2020-04-01,2021-03-31,0
2020-07-31,90640,2021-03-31,1,,,,,,,,,,,,,,,,,,,,,,,,,,,,,,,,,411339992,33270666,381972729,false,false,3,2020-04-01,2020-06-30,0
2020-07-31,90640,2020-03-31,1,,,,,,,,,,,,,,,,,,,,,,,,,,,,,,,,,,,394274405,false,false,3,2019-04-01,2019-06-30,-1
2020-10-30,90640,2021-03-31,2,,,,,806067000000,0.007,26915000000,3.332,27933000000,9.230,,14186000000,,37.60,,,,,,1042443000000,533895000000,0.505,,526179000000,,,,,,,,,,,,true,false,6,2020-04-01,2020-09-30,0
2020-10-30,90640,2020-03-31,2,,,,,800126000000,0.014,6213000000,-0.735,2730000000,-0.880,,-3459000000,,-8.77,,,,,,,,,,,,,,,,,,,,,,true,false,6,2019-04-01,2019-09-30,-1
2020-10-30,90640,2021-03-31,2,,,,,1646000000000,0.010,68000000000,0.521,68000000000,0.674,,35000000000,,93.55,,,,,,,,,,,,,,,,,,,,,,true,true,12,2020-04-01,2021-03-31,0
2020-10-30,90640,2020-03-31,2,,,,,,,,,,,,,,,,,,,,1100739000000,562835000000,0.504,,555173000000,,,,,,,,,,,,true,false,12,2019-04-01,2020-03-31,-1
2020-10-30,90640,2020-03-31,2,,,,,,,,,,,,,,,,,,,,,,,,,,,,,41.00,,,,411339992,26124409,,false,false,12,2019-04-01,2020-03-31,-1
2020-10-30,90640,2021-03-31,2,,,,,,,,,,,,,,,,,,,,,,,,,,,,,16.00,,,,,,,false,false,12,2020-04-01,2021-03-31,0
2020-10-30,90640,2021-03-31,2,,,,,,,,,,,,,,,,,,,,,,,,,,,,,32.00,,,,,,,false,true,12,2020-04-01,2021-03-31,0
2020-10-30,90640,2021-03-31,2,,,,,,,,,,,,,,,,,,,,,,,,,,,,,,,,,411339992,40314605,377257203,false,false,6,2020-04-01,2020-09-30,0
2020-10-30,90640,2020-03-31,2,,,,,,,,,,,,,,,,,,,,,,,,,,,,,,,,,,,394274361,false,false,6,2019-04-01,2019-09-30,-1
2021-01-29,90640,2021-03-31,3,,,,,1295676000000,0.030,89747000000,0.792,91130000000,0.946,,56870000000,,151.58,,,,,,1139507000000,573104000000,0.496,,565208000000,,,,,,,,,,,,true,false,9,2020-04-01,2020-12-31,0
2021-01-29,90640,2020-03-31,3,,,,,1257724000000,0.000,50077000000,-0.326,46830000000,-0.364,,31406000000,,79.66,,,,,,,,,,,,,,,,,,,,,,true,false,9,2019-04-01,2019-12-31,-1
2021-01-29,90640,2021-03-31,3,,,,,1680000000000,0.031,82000000000,0.834,82000000000,1.018,,43000000000,,114.93,,,,,,,,,,,,,,,,,,,,,,true,true,12,2020-04-01,2021-03-31,0
2021-01-29,90640,2020-03-31,3,,,,,,,,,,,,,,,,,,,,1100739000000,562835000000,0.504,,555173000000,,,,,,,,,,,,true,false,12,2019-04-01,2020-03-31,-1
2021-01-29,90640,2020-03-31,3,,,,,,,,,,,,,,,,,,,,,,,,,,,,,41.00,,,,411339992,26124409,,false,false,12,2019-04-01,2020-03-31,-1
2021-01-29,90640,2021-03-31,3,,,,,,,,,,,,,,,,,,,,,,,,,,,,,16.00,,,,,,,false,false,12,2020-04-01,2021-03-31,0
2021-01-29,90640,2021-03-31,3,,,,,,,,,,,,,,,,,,,,,,,,,,,,,35.00,,,,,,,false,true,12,2020-04-01,2021-03-31,0
2021-01-29,90640,2021-03-31,3,,,,,,,,,,,,,,,,,,,,,,,,,,,,,,,,,388575592,17550271,375172368,false,false,9,2020-04-01,2020-12-31,0
2021-01-29,90640,2020-03-31,3,,,,,,,,,,,,,,,,,,,,,,,,,,,,,,,,,,,394274306,false,false,9,2019-04-01,2019-12-31,-1
2021-04-28,90640,2021-03-31,,,,,,1695867000000,0.040,92121000000,1.061,94019000000,1.314,,56700000000,,151.55,,0.100,0.086,,,1089991000000,584287000000,0.529,1553.45,576367000000,123921000000,44078000000,-123247000000,241284000000,,0.304,,,,,,true,false,12,2020-04-01,2021-03-31,0
2021-04-28,90640,2020-03-31,,,,,,1630146000000,0.003,44701000000,-0.234,40625000000,-0.251,,22324000000,,56.78,,0.040,0.037,,,1100739000000,562835000000,0.504,1441.20,555173000000,74433000000,-49943000000,-22368000000,196662000000,,0.722,,,,,,true,false,12,2019-04-01,2020-03-31,-1
2021-04-28,90640,2022-03-31,,,,,,840000000000,0.042,28000000000,0.040,28000000000,0.002,,6000000000,,16.17,,,,,,,,,,,,,,,,,,,,,,true,true,6,2021-04-01,2021-09-30,1
2021-04-28,90640,2022-03-31,,,,,,1775000000000,0.047,95000000000,0.031,95000000000,0.010,,53000000000,,142.85,,,,,,,,,,,,,,,,0.322,,,,,,true,true,12,2021-04-01,2022-03-31,1
2021-04-28,90640,2020-03-31,,,,,,,,,,,,,,,,,,,,,,,,,,,,,,41.00,,,,411339992,26124409,393170633,false,false,12,2019-04-01,2020-03-31,-1
2021-04-28,90640,2021-03-31,,,,,,,,,,,,,,,,,,,,,,,,,,,,,,46.00,,,,388575592,17550515,374149762,false,false,12,2020-04-01,2021-03-31,0
2021-04-28,90640,2022-03-31,,,,,,,,,,,,,,,,,,,,,,,,,,,,,,46.00,,,,,,,false,true,12,2021-04-01,2022-03-31,1
2021-08-12,90640,2022-03-31,1,,,,,419841000000,0.071,12734000000,0.279,16249000000,0.543,,11705000000,,31.55,,,,,,1119518000000,586940000000,0.517,,579094000000,,,,,,,,,,,,true,false,3,2021-04-01,2021-06-30,0
2021-08-12,90640,2021-03-31,1,,,,,392015000000,0.027,9953000000,,10532000000,,,3453000000,,9.04,,,,,,,,,,,,,,,,,,,,,,true,false,3,2020-04-01,2020-06-30,-1
2021-08-12,90640,2022-03-31,1,,,,,840000000000,0.042,28000000000,0.040,31000000000,0.110,,11000000000,,29.65,,,,,,,,,,,,,,,,,,,,,,true,true,6,2021-04-01,2021-09-30,0
2021-08-12,90640,2022-03-31,1,,,,,1765000000000,0.041,95000000000,0.031,98000000000,0.042,,54000000000,,145.54,,,,,,,,,,,,,,,,,,,,,,true,true,12,2021-04-01,2022-03-31,0
2021-08-12,90640,2021-03-31,1,,,,,,,,,,,,,,,,,,,,1089991000000,584287000000,0.529,,576367000000,,,,,,,,,,,,true,false,12,2020-04-01,2021-03-31,-1
2021-08-12,90640,2021-03-31,1,,,,,,,,,,,,,,,,,,,,,,,,,,,,,46.00,,,,388575592,17550515,,false,false,12,2020-04-01,2021-03-31,-1
2021-08-12,90640,2022-03-31,1,,,,,,,,,,,,,,,,,,,,,,,,,,,,,46.00,,,,,,,false,true,12,2021-04-01,2022-03-31,0
2021-08-12,90640,2022-03-31,1,,,,,,,,,,,,,,,,,,,,,,,,,,,,,,,,,388575592,17550686,371024970,false,false,3,2021-04-01,2021-06-30,0
2021-08-12,90640,2021-03-31,1,,,,,,,,,,,,,,,,,,,,,,,,,,,,,,,,,,,381972729,false,false,3,2020-04-01,2020-06-30,-1
2021-11-12,90640,2022-03-31,2,,,,,865470000000,0.074,31690000000,0.177,36921000000,0.322,,14631000000,,39.44,,,,,,1096540000000,590222000000,0.531,,582095000000,,,,,,,,,,,,true,false,6,2021-04-01,2021-09-30,0
2021-11-12,90640,2021-03-31,2,,,,,806067000000,0.007,26915000000,3.332,27933000000,9.230,,14186000000,,37.60,,,,,,,,,,,,,,,,,,,,,,true,false,6,2020-04-01,2020-09-30,-1
2021-11-12,90640,2022-03-31,2,,,,,1790000000000,0.056,95000000000,0.031,100000000000,0.064,,55000000000,,148.24,,,,,,,,,,,,,,,,,,,,,,true,true,12,2021-04-01,2022-03-31,0
2021-11-12,90640,2021-03-31,2,,,,,,,,,,,,,,,,,,,,1089991000000,584287000000,0.529,,576367000000,,,,,,,,,,,,true,false,12,2020-04-01,2021-03-31,-1
2021-11-12,90640,2021-03-31,2,,,,,,,,,,,,,,,,,,,,,,,,,,,,,46.00,,,,388575592,17550515,,false,false,12,2020-04-01,2021-03-31,-1
2021-11-12,90640,2022-03-31,2,,,,,,,,,,,,,,,,,,,,,,,,,,,,,23.00,,,,,,,false,false,12,2021-04-01,2022-03-31,0
2021-11-12,90640,2022-03-31,2,,,,,,,,,,,,,,,,,,,,,,,,,,,,,46.00,,,,,,,false,true,12,2021-04-01,2022-03-31,0
2021-11-12,90640,2022-03-31,2,,,,,,,,,,,,,,,,,,,,,,,,,,,,,,,,,388575592,17550947,371024853,false,false,6,2021-04-01,2021-09-30,0
2021-11-12,90640,2021-03-31,2,,,,,,,,,,,,,,,,,,,,,,,,,,,,,,,,,,,377257203,false,false,6,2020-04-01,2020-09-30,-1
2022-02-09,90640,2022-03-31,3,,,,,1372386000000,0.059,79172000000,-0.118,85183000000,-0.065,,47779000000,,128.78,,,,,,1195800000000,610240000000,0.504,,602136000000,,,,,,,,,,,,true,false,9,2021-04-01,2021-12-31,0
2022-02-09,90640,2021-03-31,3,,,,,1295676000000,0.030,89747000000,0.792,91130000000,0.946,,56870000000,,151.58,,,,,,,,,,,,,,,,,,,,,,true,false,9,2020-04-01,2020-12-31,-1
2022-02-09,90640,2022-03-31,3,,,,,1780000000000,0.050,70000000000,-0.240,76200000000,-0.190,,50000000000,,134.95,,,,,,,,,,,,,,,,,,,,,,true,true,12,2021-04-01,2022-03-31,0
2022-02-09,90640,2021-03-31,3,,,,,,,,,,,,,,,,,,,,1089991000000,584287000000,0.529,,576367000000,,,,,,,,,,,,true,false,12,2020-04-01,2021-03-31,-1
2022-02-09,90640,2021-03-31,3,,,,,,,,,,,,,,,,,,,,,,,,,,,,,46.00,,,,388575592,17550515,,false,false,12,2020-04-01,2021-03-31,-1
2022-02-09,90640,2022-03-31,3,,,,,,,,,,,,,,,,,,,,,,,,,,,,,23.00,,,,,,,false,false,12,2021-04-01,2022-03-31,0
2022-02-09,90640,2022-03-31,3,,,,,,,,,,,,,,,,,,,,,,,,,,,,,46.00,,,,,,,false,true,12,2021-04-01,2022-03-31,0
2022-02-09,90640,2022-03-31,3,,,,,,,,,,,,,,,,,,,,,,,,,,,,,,,,,388575592,17551317,371024707,false,false,9,2021-04-01,2021-12-31,0
2022-02-09,90640,2021-03-31,3,,,,,,,,,,,,,,,,,,,,,,,,,,,,,,,,,,,375172368,false,false,9,2020-04-01,2020-12-31,-1
2022-05-10,90640,2022-03-31,,,,,,1793618000000,0.058,77199000000,-0.162,84330000000,-0.103,,55956000000,,151.03,,0.096,0.077,,,1086854000000,598233000000,0.543,1611.34,590542000000,52016000000,-58943000000,-54456000000,180603000000,,0.305,,,,,,true,false,12,2021-04-01,2022-03-31,0
2022-05-10,90640,2021-03-31,,,,,,1695867000000,0.040,92121000000,1.061,94019000000,1.314,,56700000000,,151.55,,0.100,0.086,,,1089991000000,584287000000,0.529,1553.45,576367000000,123921000000,44078000000,-123247000000,241284000000,,0.304,,,,,,true,false,12,2020-04-01,2021-03-31,-1
2022-05-10,90640,2023-03-31,,,,,,874000000000,0.010,31000000000,-0.022,31000000000,-0.160,,19000000000,,52.40,,,,,,,,,,,,,,,,,,,,,,true,true,6,2022-04-01,2022-09-30,1
2022-05-10,90640,2023-03-31,,,,,,1820000000000,0.015,91000000000,0.179,91000000000,0.079,,57000000000,,157.26,,,,,,,,,,,,,,,,0.293,,,,,,true,true,12,2022-04-01,2023-03-31,1
2022-05-10,90640,2021-03-31,,,,,,,,,,,,,,,,,,,,,,,,,,,,,,46.00,,,,388575592,17550515,374149762,false,false,12,2020-04-01,2021-03-31,-1
2022-05-10,90640,2022-03-31,,,,,,,,,,,,,,,,,,,,,,,,,,,,,,46.00,,,,388575592,22084421,370487598,false,false,12,2021-04-01,2022-03-31,0
2022-05-10,90640,2023-03-31,,,,,,,,,,,,,,,,,,,,,,,,,,,,,,46.00,,,,,,,false,true,12,2022-04-01,2023-03-31,1
2022-08-08,90640,2023-03-31,1,,,,,424159000000,0.010,2416000000,-0.810,2493000000,-0.847,,320000000,,0.88,,,,,,1120326000000,580489000000,0.512,,573119000000,,,,,,,,,,,,true,false,3,2022-04-01,2022-06-30,0
2022-08-08,90640,2022-03-31,1,,,,,419841000000,0.071,12734000000,0.279,16249000000,0.543,,11705000000,,31.55,,,,,,,,,,,,,,,,,,,,,,true,false,3,2021-04-01,2021-06-30,-1
2022-08-08,90640,2023-03-31,1,,,,,874000000000,0.010,23000000000,-0.274,23000000000,-0.377,,14000000000,,38.61,,,,,,,,,,,,,,,,,,,,,,true,true,6,2022-04-01,2022-09-30,0
2022-08-08,90640,2023-03-31,1,,,,,1820000000000,0.015,91000000000,0.179,91000000000,0.079,,57000000000,,157.26,,,,,,,,,,,,,,,,,,,,,,true,true,12,2022-04-01,2023-03-31,0
2022-08-08,90640,2022-03-31,1,,,,,,,,,,,,,,,,,,,,1086854000000,598233000000,0.543,,590542000000,,,,,,,,,,,,true,false,12,2021-04-01,2022-03-31,-1
2022-08-08,90640,2022-03-31,1,,,,,,,,,,,,,,,,,,,,,,,,,,,,,46.00,,,,388575592,22084421,,false,false,12,2021-04-01,2022-03-31,-1
2022-08-08,90640,2023-03-31,1,,,,,,,,,,,,,,,,,,,,,,,,,,,,,46.00,,,,,,,false,true,12,2022-04-01,2023-03-31,0
2022-08-08,90640,2023-03-31,1,,,,,,,,,,,,,,,,,,,,,,,,,,,,,,,,,379824892,17551422,362964294,false,false,3,2022-04-01,2022-06-30,0
2022-08-08,90640,2022-03-31,1,,,,,,,,,,,,,,,,,,,,,,,,,,,,,,,,,,,371024970,false,false,3,2021-04-01,2021-06-30,-1
2022-11-07,90640,2023-03-31,2,,,,,883755000000,0.021,18048000000,-0.430,18275000000,-0.505,,10358000000,,28.57,,,,,,1074028000000,590990000000,0.544,,584196000000,,,,,,,,,,,,true,false,6,2022-04-01,2022-09-30,0
2022-11-07,90640,2022-03-31,2,,,,,865470000000,0.074,31690000000,0.177,36921000000,0.322,,14631000000,,39.44,,,,,,,,,,,,,,,,,,,,,,true,false,6,2021-04-01,2021-09-30,-1
2022-11-07,90640,2023-03-31,2,,,,,1835000000000,0.023,75000000000,-0.028,72000000000,-0.146,,45000000000,,124.16,,,,,,,,,,,,,,,,,,,,,,true,true,12,2022-04-01,2023-03-31,0
2022-11-07,90640,2022-03-31,2,,,,,,,,,,,,,,,,,,,,1086854000000,598233000000,0.543,,590542000000,,,,,,,,,,,,true,false,12,2021-04-01,2022-03-31,-1
2022-11-07,90640,2022-03-31,2,,,,,,,,,,,,,,,,,,,,,,,,,,,,,46.00,,,,388575592,22084421,,false,false,12,2021-04-01,2022-03-31,-1
2022-11-07,90640,2023-03-31,2,,,,,,,,,,,,,,,,,,,,,,,,,,,,,23.00,,,,,,,false,false,12,2022-04-01,2023-03-31,0
2022-11-07,90640,2023-03-31,2,,,,,,,,,,,,,,,,,,,,,,,,,,,,,46.00,,,,,,,false,true,12,2022-04-01,2023-03-31,0
2022-11-07,90640,2023-03-31,2,,,,,,,,,,,,,,,,,,,,,,,,,,,,,,,,,379824892,17551571,362616940,false,false,6,2022-04-01,2022-09-30,0
2022-11-07,90640,2022-03-31,2,,,,,,,,,,,,,,,,,,,,,,,,,,,,,,,,,,,371024853,false,false,6,2021-04-01,2021-09-30,-1
2023-02-06,90640,2023-03-31,3,,,,,1395967000000,0.017,66400000000,-0.161,64235000000,-0.246,,39087000000,,107.83,,,,,,1160733000000,611581000000,0.522,,605367000000,,,,,,,,,,,,true,false,9,2022-04-01,2022-12-31,0
2023-02-06,90640,2022-03-31,3,,,,,1372386000000,0.059,79172000000,-0.118,85183000000,-0.065,,47779000000,,128.78,,,,,,,,,,,,,,,,,,,,,,true,false,9,2021-04-01,2021-12-31,-1
2023-02-06,90640,2023-03-31,3,,,,,1809000000000,0.009,61000000000,-0.210,58000000000,-0.312,,45000000000,,124.16,,,,,,,,,,,,,,,,,,,,,,true,true,12,2022-04-01,2023-03-31,0
2023-02-06,90640,2022-03-31,3,,,,,,,,,,,,,,,,,,,,1086854000000,598233000000,0.543,,590542000000,,,,,,,,,,,,true,false,12,2021-04-01,2022-03-31,-1
2023-02-06,90640,2022-03-31,3,,,,,,,,,,,,,,,,,,,,,,,,,,,,,46.00,,,,388575592,22084421,,false,false,12,2021-04-01,2022-03-31,-1
2023-02-06,90640,2023-03-31,3,,,,,,,,,,,,,,,,,,,,,,,,,,,,,23.00,,,,,,,false,false,12,2022-04-01,2023-03-31,0
2023-02-06,90640,2023-03-31,3,,,,,,,,,,,,,,,,,,,,,,,,,,,,,46.00,,,,,,,false,true,12,2022-04-01,2023-03-31,0
2023-02-06,90640,2023-03-31,3,,,,,,,,,,,,,,,,,,,,,,,,,,,,,,,,,379824892,17551621,362501978,false,false,9,2022-04-01,2022-12-31,0
2023-02-06,90640,2022-03-31,3,,,,,,,,,,,,,,,,,,,,,,,,,,,,,,,,,,,371024707,false,false,9,2021-04-01,2021-12-31,-1
2023-05-10,90640,2023-03-31,,,,,,1800668000000,0.004,60085000000,-0.222,58066000000,-0.311,,45898000000,,126.64,,0.076,0.053,,,1107587000000,616430000000,0.551,1684.87,610380000000,89953000000,-49420000000,-38617000000,183225000000,,0.363,,,,,,true,false,12,2022-04-01,2023-03-31,0
2023-05-10,90640,2022-03-31,,,,,,1793618000000,0.058,77199000000,-0.162,84330000000,-0.103,,55956000000,,151.03,,0.096,0.077,,,1086854000000,598233000000,0.543,1611.34,590542000000,52016000000,-58943000000,-54456000000,180603000000,,0.305,,,,,,true,false,12,2021-04-01,2022-03-31,-1
2023-05-10,90640,2024-03-31,,,,,,896000000000,0.014,13000000000,-0.280,13000000000,-0.289,,6000000000,,16.81,,,,,,,,,,,,,,,,,,,,,,true,true,6,2023-04-01,2023-09-30,1
2023-05-10,90640,2024-03-31,,,,,,1860000000000,0.033,80000000000,0.331,81000000000,0.395,,50000000000,,142.78,,,,,,,,,,,,,,,,0.322,,,,,,true,true,12,2023-04-01,2024-03-31,1
2023-05-10,90640,2022-03-31,,,,,,,,,,,,,,,,,,,,,,,,,,,,,,46.00,,,,388575592,22084421,370487598,false,false,12,2021-04-01,2022-03-31,-1
2023-05-10,90640,2023-03-31,,,,,,,,,,,,,,,,,,,,,,,,,,,,,,46.00,,,,379824892,17552067,362445520,false,false,12,2022-04-01,2023-03-31,0
2023-05-10,90640,2024-03-31,,,,,,,,,,,,,,,,,,,,,,,,,,,,,,46.00,,,,,,,false,true,12,2023-04-01,2024-03-31,1
2023-08-03,90640,2024-03-31,1,,,,,420212000000,-0.009,1598000000,-0.339,1837000000,-0.263,,-133000000,,-0.37,,,,,,1112780000000,601652000000,0.535,,595475000000,,,,,,,,,,,,true,false,3,2023-04-01,2023-06-30,0
2023-08-03,90640,2023-03-31,1,,,,,424159000000,0.010,2416000000,-0.810,2493000000,-0.847,,320000000,,0.88,,,,,,,,,,,,,,,,,,,,,,true,false,3,2022-04-01,2022-06-30,-1
2023-08-03,90640,2024-03-31,1,,,,,873000000000,-0.012,13000000000,-0.280,13000000000,-0.289,,4400000000,,12.32,,,,,,,,,,,,,,,,,,,,,,true,true,6,2023-04-01,2023-09-30,0
2023-08-03,90640,2024-03-31,1,,,,,1820000000000,0.011,80000000000,0.331,80000000000,0.378,,58000000000,,165.37,,,,,,,,,,,,,,,,,,,,,,true,true,12,2023-04-01,2024-03-31,0
2023-08-03,90640,2023-03-31,1,,,,,,,,,,,,,,,,,,,,1107587000000,616430000000,0.551,,610380000000,,,,,,,,,,,,true,false,12,2022-04-01,2023-03-31,-1
2023-08-03,90640,2023-03-31,1,,,,,,,,,,,,,,,,,,,,,,,,,,,,,46.00,,,,379824892,17552067,,false,false,12,2022-04-01,2023-03-31,-1
2023-08-03,90640,2024-03-31,1,,,,,,,,,,,,,,,,,,,,,,,,,,,,,46.00,,,,,,,false,true,12,2023-04-01,2024-03-31,0
2023-08-03,90640,2024-03-31,1,,,,,,,,,,,,,,,,,,,,,,,,,,,,,,,,,379824892,21192178,360674211,false,false,3,2023-04-01,2023-06-30,0
2023-08-03,90640,2023-03-31,1,,,,,,,,,,,,,,,,,,,,,,,,,,,,,,,,,,,362964294,false,false,3,2022-04-01,2022-06-30,-1
2023-11-01,90640,2024-03-31,2,,,,,866582000000,-0.019,12358000000,-0.315,12641000000,-0.308,,5384000000,,15.07,,,,,,1117973000000,589556000000,0.522,,583267000000,,,,,,,,,,,,true,false,6,2023-04-01,2023-09-30,0
2023-11-01,90640,2023-03-31,2,,,,,883755000000,0.021,18048000000,-0.430,18275000000,-0.505,,10358000000,,28.57,,,,,,,,,,,,,,,,,,,,,,true,false,6,2022-04-01,2022-09-30,-1
2023-11-01,90640,2024-03-31,2,,,,,1785000000000,-0.009,65000000000,0.082,65000000000,0.119,,52000000000,,148.21,,,,,,,,,,,,,,,,,,,,,,true,true,12,2023-04-01,2024-03-31,0
2023-11-01,90640,2023-03-31,2,,,,,,,,,,,,,,,,,,,,1107587000000,616430000000,0.551,,610380000000,,,,,,,,,,,,true,false,12,2022-04-01,2023-03-31,-1
2023-11-01,90640,2023-03-31,2,,,,,,,,,,,,,,,,,,,,,,,,,,,,,46.00,,,,379824892,17552067,,false,false,12,2022-04-01,2023-03-31,-1
2023-11-01,90640,2024-03-31,2,,,,,,,,,,,,,,,,,,,,,,,,,,,,,23.00,,,,,,,false,false,12,2023-04-01,2024-03-31,0
2023-11-01,90640,2024-03-31,2,,,,,,,,,,,,,,,,,,,,,,,,,,,,,46.00,,,,,,,false,true,12,2023-04-01,2024-03-31,0
2023-11-01,90640,2024-03-31,2,,,,,,,,,,,,,,,,,,,,,,,,,,,,,,,,,379824892,28598758,357157582,false,false,6,2023-04-01,2023-09-30,0
2023-11-01,90640,2023-03-31,2,,,,,,,,,,,,,,,,,,,,,,,,,,,,,,,,,,,362616940,false,false,6,2022-04-01,2022-09-30,-1
2024-02-05,90640,2024-03-31,3,,,,,1366827000000,-0.021,50362000000,-0.242,50615000000,-0.212,,46927000000,,132.75,,,,,,1209463000000,603538000000,0.494,,597281000000,,,,,,,,,,,,true,false,9,2023-04-01,2023-12-31,0
2024-02-05,90640,2023-03-31,3,,,,,1395967000000,0.017,66400000000,-0.161,64235000000,-0.246,,39087000000,,107.83,,,,,,,,,,,,,,,,,,,,,,true,false,9,2022-04-01,2022-12-31,-1
2024-02-05,90640,2024-03-31,3,,,,,1765000000000,-0.020,40000000000,-0.334,40000000000,-0.311,,36000000000,,102.60,,,,,,,,,,,,,,,,,,,,,,true,true,12,2023-04-01,2024-03-31,0
2024-02-05,90640,2023-03-31,3,,,,,,,,,,,,,,,,,,,,1107587000000,616430000000,0.551,,610380000000,,,,,,,,,,,,true,false,12,2022-04-01,2023-03-31,-1
2024-02-05,90640,2023-03-31,3,,,,,,,,,,,,,,,,,,,,,,,,,,,,,46.00,,,,379824892,17552067,,false,false,12,2022-04-01,2023-03-31,-1
2024-02-05,90640,2024-03-31,3,,,,,,,,,,,,,,,,,,,,,,,,,,,,,23.00,,,,,,,false,false,12,2023-04-01,2024-03-31,0
2024-02-05,90640,2024-03-31,3,,,,,,,,,,,,,,,,,,,,,,,,,,,,,46.00,,,,,,,false,true,12,2023-04-01,2024-03-31,0
2024-02-05,90640,2024-03-31,3,,,,,,,,,,,,,,,,,,,,,,,,,,,,,,,,,379824892,36008968,353506367,false,false,9,2023-04-01,2023-12-31,0
2024-02-05,90640,2023-03-31,3,,,,,,,,,,,,,,,,,,,,,,,,,,,,,,,,,,,362501978,false,false,9,2022-04-01,2022-12-31,-1
2024-05-08,90640,2024-03-31,,,,,,1758626000000,-0.023,40059000000,-0.333,40458000000,-0.303,,37626000000,,107.23,,0.063,0.036,,,1135895000000,591980000000,0.516,1708.00,585755000000,64333000000,-22435000000,-30777000000,194702000000,,0.429,,,,,,true,false,12,2023-04-01,2024-03-31,0
2024-05-08,90640,2023-03-31,,,,,,1800668000000,0.004,60085000000,-0.222,58066000000,-0.311,,45898000000,,126.64,,0.076,0.053,,,1107587000000,616430000000,0.551,1684.87,610380000000,89953000000,-49420000000,-38617000000,183225000000,,0.363,,,,,,true,false,12,2022-04-01,2023-03-31,-1
2024-05-08,90640,2025-03-31,,,,,,865000000000,-0.002,-5000000000,,-5000000000,,,-7000000000,,-20.41,,,,,,,,,,,,,,,,,,,,,,true,true,6,2024-04-01,2024-09-30,1
2024-05-08,90640,2025-03-31,,,,,,1820000000000,0.035,50000000000,0.248,50000000000,0.236,,32000000000,,93.31,,,,,,,,,,,,,,,,0.493,,,,,,true,true,12,2024-04-01,2025-03-31,1
2024-05-08,90640,2023-03-31,,,,,,,,,,,,,,,,,,,,,,,,,,,,,,46.00,,,,379824892,17552067,362445520,false,false,12,2022-04-01,2023-03-31,-1
2024-05-08,90640,2024-03-31,,,,,,,,,,,,,,,,,,,,,,,,,,,,,,46.00,,,,360496492,17548985,350881081,false,false,12,2023-04-01,2024-03-31,0
2024-05-08,90640,2025-03-31,,,,,,,,,,,,,,,,,,,,,,,,,,,,,,46.00,,,,,,,false,true,12,2024-04-01,2025-03-31,1
2024-08-01,90640,2025-03-31,1,,,,,405632000000,-0.035,-14204000000,,-14875000000,,,-10112000000,,-29.49,,,,,,1120179000000,579425000000,0.512,,573278000000,,,,,,,,,,,,true,false,3,2024-04-01,2024-06-30,0
2024-08-01,90640,2024-03-31,1,,,,,420212000000,-0.009,1598000000,-0.339,1837000000,-0.263,,-133000000,,-0.37,,,,,,,,,,,,,,,,,,,,,,true,false,3,2023-04-01,2023-06-30,-1
2024-08-01,90640,2025-03-31,1,,,,,850000000000,-0.019,-5000000000,,-5000000000,,,-7000000000,,-20.41,,,,,,,,,,,,,,,,,,,,,,true,true,6,2024-04-01,2024-09-30,0
2024-08-01,90640,2025-03-31,1,,,,,1780000000000,0.012,50000000000,0.248,50000000000,0.236,,32000000000,,93.31,,,,,,,,,,,,,,,,,,,,,,true,true,12,2024-04-01,2025-03-31,0
2024-08-01,90640,2024-03-31,1,,,,,,,,,,,,,,,,,,,,1135895000000,591980000000,0.516,,585755000000,,,,,,,,,,,,true,false,12,2023-04-01,2024-03-31,-1
2024-08-01,90640,2024-03-31,1,,,,,,,,,,,,,,,,,,,,,,,,,,,,,46.00,,,,360496492,17548985,,false,false,12,2023-04-01,2024-03-31,-1
2024-08-01,90640,2025-03-31,1,,,,,,,,,,,,,,,,,,,,,,,,,,,,,46.00,,,,,,,false,true,12,2024-04-01,2025-03-31,0
2024-08-01,90640,2025-03-31,1,,,,,,,,,,,,,,,,,,,,,,,,,,,,,,,,,360496492,17549248,342947320,false,false,3,2024-04-01,2024-06-30,0
2024-08-01,90640,2024-03-31,1,,,,,,,,,,,,,,,,,,,,,,,,,,,,,,,,,,,360674211,false,false,3,2023-04-01,2023-06-30,-1
2024-11-05,90640,2025-03-31,2,,,,,840413000000,-0.030,-15001000000,,-13652000000,,,-11174000000,,-32.58,,,,,,1099278000000,574800000000,0.517,,568652000000,,,,,,,,,,,,true,false,6,2024-04-01,2024-09-30,0
2024-11-05,90640,2024-03-31,2,,,,,866582000000,-0.019,12358000000,-0.315,12641000000,-0.308,,5384000000,,15.07,,,,,,,,,,,,,,,,,,,,,,true,false,6,2023-04-01,2023-09-30,-1
2024-11-05,90640,2025-03-31,2,,,,,1730000000000,-0.016,10000000000,-0.750,10000000000,-0.753,,5000000000,,14.75,,,,,,,,,,,,,,,,,,,,,,true,true,12,2024-04-01,2025-03-31,0
2024-11-05,90640,2024-03-31,2,,,,,,,,,,,,,,,,,,,,1135895000000,591980000000,0.516,,585755000000,,,,,,,,,,,,true,false,12,2023-04-01,2024-03-31,-1
2024-11-05,90640,2024-03-31,2,,,,,,,,,,,,,,,,,,,,,,,,,,,,,46.00,,,,360496492,17548985,,false,false,12,2023-04-01,2024-03-31,-1
2024-11-05,90640,2025-03-31,2,,,,,,,,,,,,,,,,,,,,,,,,,,,,,23.00,,,,,,,false,false,12,2024-04-01,2025-03-31,0
2024-11-05,90640,2025-03-31,2,,,,,,,,,,,,,,,,,,,,,,,,,,,,,46.00,,,,,,,false,true,12,2024-04-01,2025-03-31,0
2024-11-05,90640,2025-03-31,2,,,,,,,,,,,,,,,,,,,,,,,,,,,,,,,,,360496492,17541016,342951433,false,false,6,2024-04-01,2024-09-30,0
2024-11-05,90640,2024-03-31,2,,,,,,,,,,,,,,,,,,,,,,,,,,,,,,,,,,,357157582,false,false,6,2023-04-01,2023-09-30,-1
2025-02-03,90640,2025-03-31,3,,,,,1344531000000,-0.016,26263000000,-0.478,26719000000,-0.472,,28875000000,,84.40,,,,,,1312969000000,597761000000,0.449,,588972000000,,,,,,,,,,,,true,false,9,2024-04-01,2024-12-31,0
2025-02-03,90640,2024-03-31,3,,,,,1366827000000,-0.021,50362000000,-0.242,50615000000,-0.212,,46927000000,,132.75,,,,,,,,,,,,,,,,,,,,,,true,false,9,2023-04-01,2023-12-31,-1
2025-02-03,90640,2025-03-31,3,,,,,1760000000000,0.001,10000000000,-0.750,13000000000,-0.679,,18000000000,,53.08,,,,,,,,,,,,,,,,,,,,,,true,true,12,2024-04-01,2025-03-31,0
2025-02-03,90640,2024-03-31,3,,,,,,,,,,,,,,,,,,,,1135895000000,591980000000,0.516,,585755000000,,,,,,,,,,,,true,false,12,2023-04-01,2024-03-31,-1
2025-02-03,90640,2024-03-31,3,,,,,,,,,,,,,,,,,,,,,,,,,,,,,46.00,,,,360496492,17548985,,false,false,12,2023-04-01,2024-03-31,-1
2025-02-03,90640,2025-03-31,3,,,,,,,,,,,,,,,,,,,,,,,,,,,,,23.00,,,,,,,false,false,12,2024-04-01,2025-03-31,0
2025-02-03,90640,2025-03-31,3,,,,,,,,,,,,,,,,,,,,,,,,,,,,,46.00,,,,,,,false,true,12,2024-04-01,2025-03-31,0
2025-02-03,90640,2025-03-31,3,,,,,,,,,,,,,,,,,,,,,,,,,,,,,,,,,360496492,23131153,342134982,false,false,9,2024-04-01,2024-12-31,0
2025-02-03,90640,2024-03-31,3,,,,,,,,,,,,,,,,,,,,,,,,,,,,,,,,,,,353506367,false,false,9,2023-04-01,2023-12-31,-1
2025-03-21,90640,2025-03-31,,,,,,1760000000000,0.000,10000000000,0.000,13000000000,0.000,,36000000000,,106.16,,,,,,,,,,,,,,,,,,,,,,true,true,12,2024-04-01,2025-03-31,0
2025-03-21,90640,2024-03-31,,,,,,1758626000000,,40059000000,,40458000000,,,37626000000,,107.23,,,,,,,,,,,,,,,,,,,,,,true,false,12,2023-04-01,2024-03-31,-1
2025-05-01,90640,2025-03-31,,,,,,1762696000000,0.002,14206000000,-0.645,19587000000,-0.516,,37937000000,,111.87,,0.065,0.016,,,1267428000000,600350000000,0.465,1806.52,589259000000,47732000000,-44356000000,9421000000,208057000000,,0.411,,,,,,true,false,12,2024-04-01,2025-03-31,0
2025-05-01,90640,2024-03-31,,,,,,1758626000000,-0.023,40059000000,-0.333,40458000000,-0.303,,37626000000,,107.23,,0.063,0.035,,,1181782000000,591980000000,0.496,1708.00,585755000000,64333000000,-22435000000,-30777000000,194702000000,,0.429,,,,,,true,false,12,2023-04-01,2024-03-31,-1
2025-05-01,90640,2026-03-31,,,,,,910000000000,0.083,-5000000000,,-5000000000,,,-5000000000,,-15.74,,,,,,,,,,,,,,,,,,,,,,true,true,6,2025-04-01,2025-09-30,1
2025-05-01,90640,2026-03-31,,,,,,1880000000000,0.067,40000000000,1.816,40000000000,1.042,,24000000000,,75.69,,,,,,,,,,,,,,,,0.608,,,,,,true,true,12,2025-04-01,2026-03-31,1
2025-05-01,90640,2024-03-31,,,,,,,,,,,,,,,,,,,,,,,,,,,,,,46.00,,,,360496492,17548985,350881081,false,false,12,2023-04-01,2024-03-31,-1
2025-05-01,90640,2025-03-31,,,,,,,,,,,,,,,,,,,,,,,,,,,,,,46.00,,,,360496492,34311351,339121659,false,false,12,2024-04-01,2025-03-31,0
2025-05-01,90640,2026-03-31,,,,,,,,,,,,,,,,,,,,,,,,,,,,,,46.00,,,,,,,false,true,12,2025-04-01,2026-03-31,1
