filing_date,code,fiscal_year_end,quarterly_period,net_sales,net_sales_change,revenue,revenue_change,operating_revenue,operating_revenue_change,operating_profit,operating_profit_change,ordinary_profit,ordinary_profit_change,net_income,net_income_of_parent,net_income_change,eps,diluted_eps,roe,roa,operating_profit_to_net_sales,operating_profit_to_revenue,total_assets,net_assets,equity_ratio,bps,owner_equity,operating_cash_flow,investing_cash_flow,financing_cash_flow,cash,dividend_per_share,payout_ratio,commemorative_dividend,extra_dividend,number_of_shares,number_of_treqsury_shares,avg_number_of_shares,is_consolidated,is_forecast,duration,period_start,period_end,period_pos
2015-05-12,90650,2015-03-31,,481291000000,0.108,,,,,21253000000,0.283,21459000000,0.422,11750000000,,0.284,39.03,,0.086,0.060,0.044,,375184000000,145383000000,0.379,472.65,142282000000,43611000000,-18139000000,-15604000000,38504000000,,0.256,,,,,,true,false,12,2014-04-01,2015-03-31,0
2015-05-12,90650,2014-03-31,,434445000000,0.082,,,,,16568000000,-0.071,15094000000,-0.159,9153000000,,-0.058,30.40,,0.074,0.046,0.038,,343421000000,133143000000,0.379,432.16,130122000000,19550000000,-19069000000,1143000000,27076000000,,0.296,,,,,,true,false,12,2013-04-01,2014-03-31,-1
2015-05-12,90650,2016-03-31,,235000000000,-0.004,,,,,10000000000,0.013,9800000000,-0.006,,6100000000,,20.26,,,,,,,,,,,,,,,,,,,,,,true,true,6,2015-04-01,2015-09-30,1
2015-05-12,90650,2016-03-31,,480000000000,-0.003,,,,,22000000000,0.035,21300000000,-0.007,,13600000000,,45.18,,,,,,,,,,,,,,,,0.221,,,,,,true,true,12,2015-04-01,2016-03-31,1
2015-05-12,90650,2015-03-31,,346094000000,0.096,,,,,16766000000,0.495,17617000000,0.549,10956000000,,0.438,36.32,,,,,,281298000000,94587000000,0.336,313.57,94587000000,,,,,10.00,,,,326078030,25043383,301067635,false,false,12,2014-04-01,2015-03-31,0
2015-05-12,90650,2014-03-31,,315883000000,-0.001,,,,,11213000000,-0.108,11376000000,-0.149,7621000000,,-0.014,25.26,,,,,,270516000000,88488000000,0.327,293.30,88488000000,,,,,9.00,,,,326078030,24980135,301133832,false,false,12,2013-04-01,2014-03-31,-1
2015-05-12,90650,2016-03-31,,167000000000,-0.047,,,,,6800000000,-0.248,7100000000,-0.268,4700000000,,-0.248,15.58,,,,,,,,,,,,,,,,,,,,,,false,true,6,2015-04-01,2015-09-30,1
2015-05-12,90650,2016-03-31,,335000000000,-0.032,,,,,14200000000,-0.153,14200000000,-0.194,9400000000,,-0.142,31.16,,,,,,,,,,,,,,,10.00,,,,,,,false,true,12,2015-04-01,2016-03-31,1
2015-07-31,90650,2016-03-31,1,117588000000,0.020,,,,,4486000000,-0.167,3867000000,-0.317,,2120000000,,7.04,,,,,,374357000000,145711000000,0.380,,142406000000,,,,,,,,,,,,true,false,3,2015-04-01,2015-06-30,0
2015-07-31,90650,2015-03-31,1,115294000000,0.139,,,,,5384000000,1.238,5663000000,1.179,,3421000000,,11.36,,,,,,,,,,,,,,,,,,,,,,true,false,3,2014-04-01,2014-06-30,-1
2015-07-31,90650,2016-03-31,1,235000000000,-0.004,,,,,10000000000,0.013,9800000000,-0.006,,6100000000,,20.26,,,,,,,,,,,,,,,,,,,,,,true,true,6,2015-04-01,2015-09-30,0
2015-07-31,90650,2016-03-31,1,480000000000,-0.003,,,,,22000000000,0.035,21300000000,-0.007,,13600000000,,45.18,,,,,,,,,,,,,,,,,,,,,,true,true,12,2015-04-01,2016-03-31,0
2015-07-31,90650,2015-03-31,1,,,,,,,,,,,,,,,,,,,,375184000000,145383000000,0.379,,142282000000,,,,,,,,,,,,true,false,12,2014-04-01,2015-03-31,-1
2015-07-31,90650,2015-03-31,1,,,,,,,,,,,,,,,,,,,,,,,,,,,,,10.00,,,,326078030,25043383,,false,false,12,2014-04-01,2015-03-31,-1
2015-07-31,90650,2016-03-31,1,,,,,,,,,,,,,,,,,,,,,,,,,,,,,10.00,,,,,,,false,true,12,2015-04-01,2016-03-31,0
2015-07-31,90650,2016-03-31,1,,,,,,,,,,,,,,,,,,,,,,,,,,,,,,,,,326078030,25064936,301023481,false,false,3,2015-04-01,2015-06-30,0
2015-07-31,90650,2015-03-31,1,,,,,,,,,,,,,,,,,,,,,,,,,,,,,,,,,,,301093238,false,false,3,2014-04-01,2014-06-30,-1
2015-10-29,90650,2016-03-31,2,238436000000,0.011,,,,,10591000000,0.073,9517000000,-0.035,,5695000000,,18.92,,,,,,366246000000,145573000000,0.388,,142255000000,,,,,,,,,,,,true,false,6,2015-04-01,2015-09-30,0
2015-10-29,90650,2015-03-31,2,235854000000,0.126,,,,,9869000000,0.558,9859000000,0.583,,5724000000,,19.01,,,,,,,,,,,,,,,,,,,,,,true,false,6,2014-04-01,2014-09-30,-1
2015-10-29,90650,2016-03-31,2,480000000000,-0.003,,,,,22000000000,0.035,21300000000,-0.007,,13600000000,,45.18,,,,,,,,,,,,,,,,,,,,,,true,true,12,2015-04-01,2016-03-31,0
2015-10-29,90650,2015-03-31,2,,,,,,,,,,,,,,,,,,,,375184000000,145383000000,0.379,,142282000000,,,,,,,,,,,,true,false,12,2014-04-01,2015-03-31,-1
2015-10-29,90650,2015-03-31,2,,,,,,,,,,,,,,,,,,,,,,,,,,,,,10.00,,,,326078030,25043383,,false,false,12,2014-04-01,2015-03-31,-1
2015-10-29,90650,2016-03-31,2,,,,,,,,,,,,,,,,,,,,,,,,,,,,,0.00,,,,,,,false,false,12,2015-04-01,2016-03-31,0
2015-10-29,90650,2016-03-31,2,,,,,,,,,,,,,,,,,,,,,,,,,,,,,10.00,,,,,,,false,true,12,2015-04-01,2016-03-31,0
2015-10-29,90650,2016-03-31,2,,,,,,,,,,,,,,,,,,,,,,,,,,,,,,,,,326078030,25079957,301014157,false,false,6,2015-04-01,2015-09-30,0
2015-10-29,90650,2015-03-31,2,,,,,,,,,,,,,,,,,,,,,,,,,,,,,,,,,,,301083764,false,false,6,2014-04-01,2014-09-30,-1
2016-01-28,90650,2016-03-31,3,359596000000,0.015,,,,,17586000000,0.184,14464000000,-0.045,,8754000000,,29.08,,,,,,371342000000,145268000000,0.383,,142294000000,,,,,,,,,,,,true,false,9,2015-04-01,2015-12-31,0
2016-01-28,90650,2015-03-31,3,354377000000,0.108,,,,,14854000000,0.312,15140000000,0.404,,8699000000,,28.90,,,,,,,,,,,,,,,,,,,,,,true,false,9,2014-04-01,2014-12-31,-1
2016-01-28,90650,2016-03-31,3,480000000000,-0.003,,,,,22000000000,0.035,21300000000,-0.007,,13600000000,,45.18,,,,,,,,,,,,,,,,,,,,,,true,true,12,2015-04-01,2016-03-31,0
2016-01-28,90650,2015-03-31,3,,,,,,,,,,,,,,,,,,,,375184000000,145383000000,0.379,,142282000000,,,,,,,,,,,,true,false,12,2014-04-01,2015-03-31,-1
2016-01-28,90650,2015-03-31,3,,,,,,,,,,,,,,,,,,,,,,,,,,,,,10.00,,,,326078030,25043383,,false,false,12,2014-04-01,2015-03-31,-1
2016-01-28,90650,2016-03-31,3,,,,,,,,,,,,,,,,,,,,,,,,,,,,,0.00,,,,,,,false,false,12,2015-04-01,2016-03-31,0
2016-01-28,90650,2016-03-31,3,,,,,,,,,,,,,,,,,,,,,,,,,,,,,10.00,,,,,,,false,true,12,2015-04-01,2016-03-31,0
2016-01-28,90650,2016-03-31,3,,,,,,,,,,,,,,,,,,,,,,,,,,,,,,,,,326078030,25094390,301006745,false,false,9,2015-04-01,2015-12-31,0
2016-01-28,90650,2015-03-31,3,,,,,,,,,,,,,,,,,,,,,,,,,,,,,,,,,,,301075767,false,false,9,2014-04-01,2014-12-31,-1
2016-05-10,90650,2016-03-31,,489441000000,0.017,,,,,24317000000,0.144,20706000000,-0.035,,12911000000,,42.88,,0.090,0.055,0.050,,371243000000,147756000000,0.389,477.63,144543000000,7078000000,-22805000000,-830000000,21719000000,,0.257,,,,,,true,false,12,2015-04-01,2016-03-31,0
2016-05-10,90650,2015-03-31,,481291000000,0.108,,,,,21253000000,0.283,21459000000,0.422,,11750000000,,39.03,,0.086,0.060,0.044,,375184000000,145383000000,0.379,472.65,142282000000,43611000000,-18139000000,-15604000000,38504000000,,0.256,,,,,,true,false,12,2014-04-01,2015-03-31,-1
2016-05-10,90650,2017-03-31,,248000000000,0.040,,,,,12300000000,0.161,12700000000,0.334,,8700000000,,28.75,,,,,,,,,,,,,,,,,,,,,,true,true,6,2016-04-01,2016-09-30,1
2016-05-10,90650,2017-03-31,,494000000000,0.009,,,,,24500000000,0.008,24300000000,0.174,,16200000000,,53.53,,,,,,,,,,,,,,,,0.205,,,,,,true,true,12,2016-04-01,2017-03-31,1
2016-05-10,90650,2016-03-31,,343449000000,-0.008,,,,,16475000000,-0.017,16065000000,-0.088,10074000000,,-0.080,33.38,,,,,,294439000000,100744000000,0.342,330.88,100744000000,,,,,11.00,,,,326078030,23447477,301126996,false,false,12,2015-04-01,2016-03-31,0
2016-05-10,90650,2015-03-31,,346094000000,0.096,,,,,16766000000,0.495,17617000000,0.549,10956000000,,0.438,36.32,,,,,,281298000000,94587000000,0.336,313.57,94587000000,,,,,10.00,,,,326078030,25043383,301067635,false,false,12,2014-04-01,2015-03-31,-1
2016-05-10,90650,2017-03-31,,178000000000,0.061,,,,,8100000000,0.101,8500000000,0.136,5800000000,,0.191,19.05,,,,,,,,,,,,,,,,,,,,,,false,true,6,2016-04-01,2016-09-30,1
2016-05-10,90650,2017-03-31,,350000000000,0.019,,,,,15700000000,-0.047,15800000000,-0.017,10800000000,,0.072,35.47,,,,,,,,,,,,,,,11.00,,,,,,,false,true,12,2016-04-01,2017-03-31,1
2016-07-29,90650,2017-03-31,1,125478000000,0.067,,,,,6341000000,0.414,6109000000,0.580,,4126000000,,13.63,,,,,,381110000000,146712000000,0.377,,143570000000,,,,,,,,,,,,true,false,3,2016-04-01,2016-06-30,0
2016-07-29,90650,2016-03-31,1,117588000000,0.020,,,,,4486000000,-0.167,3867000000,-0.317,,2120000000,,7.04,,,,,,,,,,,,,,,,,,,,,,true,false,3,2015-04-01,2015-06-30,-1
2016-07-29,90650,2017-03-31,1,248000000000,0.040,,,,,12300000000,0.161,12700000000,0.334,,8700000000,,28.75,,,,,,,,,,,,,,,,,,,,,,true,true,6,2016-04-01,2016-09-30,0
2016-07-29,90650,2017-03-31,1,494000000000,0.009,,,,,24500000000,0.008,24300000000,0.174,,16200000000,,53.53,,,,,,,,,,,,,,,,,,,,,,true,true,12,2016-04-01,2017-03-31,0
2016-07-29,90650,2016-03-31,1,,,,,,,,,,,,,,,,,,,,371243000000,147756000000,0.389,,144543000000,,,,,,,,,,,,true,false,12,2015-04-01,2016-03-31,-1
2016-07-29,90650,2016-03-31,1,,,,,,,,,,,,,,,,,,,,,,,,,,,,,11.00,,,,326078030,23447477,,false,false,12,2015-04-01,2016-03-31,-1
2016-07-29,90650,2017-03-31,1,,,,,,,,,,,,,,,,,,,,,,,,,,,,,11.00,,,,,,,false,true,12,2016-04-01,2017-03-31,0
2016-07-29,90650,2017-03-31,1,,,,,,,,,,,,,,,,,,,,,,,,,,,,,,,,,326078030,23449549,302629616,false,false,3,2016-04-01,2016-06-30,0
2016-07-29,90650,2016-03-31,1,,,,,,,,,,,,,,,,,,,,,,,,,,,,,,,,,,,301023481,false,false,3,2015-04-01,2015-06-30,-1
2016-10-27,90650,2017-03-31,2,254405000000,0.067,,,,,13597000000,0.284,13243000000,0.391,,8859000000,,29.28,,,,,,376545000000,149659000000,0.390,,146870000000,,,,,,,,,,,,true,false,6,2016-04-01,2016-09-30,0
2016-10-27,90650,2016-03-31,2,238436000000,0.011,,,,,10591000000,0.073,9517000000,-0.035,,5695000000,,18.92,,,,,,,,,,,,,,,,,,,,,,true,false,6,2015-04-01,2015-09-30,-1
2016-10-27,90650,2017-03-31,2,494000000000,0.009,,,,,24500000000,0.008,24300000000,0.174,,16200000000,,53.53,,,,,,,,,,,,,,,,,,,,,,true,true,12,2016-04-01,2017-03-31,0
2016-10-27,90650,2016-03-31,2,,,,,,,,,,,,,,,,,,,,371243000000,147756000000,0.389,,144543000000,,,,,,,,,,,,true,false,12,2015-04-01,2016-03-31,-1
2016-10-27,90650,2016-03-31,2,,,,,,,,,,,,,,,,,,,,,,,,,,,,,11.00,,,,326078030,23447477,,false,false,12,2015-04-01,2016-03-31,-1
2016-10-27,90650,2017-03-31,2,,,,,,,,,,,,,,,,,,,,,,,,,,,,,5.00,,,,,,,false,false,12,2016-04-01,2017-03-31,0
2016-10-27,90650,2017-03-31,2,,,,,,,,,,,,,,,,,,,,,,,,,,,,,11.00,,,,,,,false,true,12,2016-04-01,2017-03-31,0
2016-10-27,90650,2017-03-31,2,,,,,,,,,,,,,,,,,,,,,,,,,,,,,,,,,326078030,23460647,302626220,false,false,6,2016-04-01,2016-09-30,0
2016-10-27,90650,2016-03-31,2,,,,,,,,,,,,,,,,,,,,,,,,,,,,,,,,,,,301014157,false,false,6,2015-04-01,2015-09-30,-1
2017-01-30,90650,2017-03-31,3,382275000000,0.063,,,,,21307000000,0.212,21424000000,0.481,,14344000000,,47.40,,,,,,386428000000,155420000000,0.395,,152586000000,,,,,,,,,,,,true,false,9,2016-04-01,2016-12-31,0
2017-01-30,90650,2016-03-31,3,359596000000,0.015,,,,,17586000000,0.184,14464000000,-0.045,,8754000000,,29.08,,,,,,,,,,,,,,,,,,,,,,true,false,9,2015-04-01,2015-12-31,-1
2017-01-30,90650,2017-03-31,3,500000000000,0.022,,,,,26000000000,0.069,26500000000,0.280,,17500000000,,57.83,,,,,,,,,,,,,,,,,,,,,,true,true,12,2016-04-01,2017-03-31,0
2017-01-30,90650,2016-03-31,3,,,,,,,,,,,,,,,,,,,,371243000000,147756000000,0.389,,144543000000,,,,,,,,,,,,true,false,12,2015-04-01,2016-03-31,-1
2017-01-30,90650,2016-03-31,3,,,,,,,,,,,,,,,,,,,,,,,,,,,,,11.00,,,,326078030,23447477,,false,false,12,2015-04-01,2016-03-31,-1
2017-01-30,90650,2017-03-31,3,,,,,,,,,,,,,,,,,,,,,,,,,,,,,5.00,,,,,,,false,false,12,2016-04-01,2017-03-31,0
2017-01-30,90650,2017-03-31,3,,,,,,,,,,,,,,,,,,,,,,,,,,,,,11.00,,,,,,,false,true,12,2016-04-01,2017-03-31,0
2017-01-30,90650,2017-03-31,3,,,,,,,,,,,,,,,,,,,,,,,,,,,,,,,,,326078030,23474072,302621673,false,false,9,2016-04-01,2016-12-31,0
2017-01-30,90650,2016-03-31,3,,,,,,,,,,,,,,,,,,,,,,,,,,,,,,,,,,,301006745,false,false,9,2015-04-01,2015-12-31,-1
2017-05-10,90650,2017-03-31,,510027000000,0.042,,,,,27086000000,0.114,28066000000,0.355,,18208000000,,60.17,,0.120,0.074,0.053,,383448000000,162881000000,0.417,527.90,159736000000,37990000000,-10750000000,-22472000000,25909000000,,0.199,,,,,,true,false,12,2016-04-01,2017-03-31,0
2017-05-10,90650,2016-03-31,,489441000000,0.017,,,,,24317000000,0.144,20706000000,-0.035,,12911000000,,42.88,,0.090,0.055,0.050,,371243000000,147756000000,0.389,477.63,144543000000,7078000000,-22805000000,-830000000,21719000000,,0.257,,,,,,true,false,12,2015-04-01,2016-03-31,-1
2017-05-10,90650,2018-03-31,,252500000000,-0.007,,,,,12600000000,-0.073,12800000000,-0.033,,8400000000,,27.26,,,,,,,,,,,,,,,,,,,,,,true,true,6,2017-04-01,2017-09-30,1
2017-05-10,90650,2018-03-31,,505000000000,-0.010,,,,,25500000000,-0.059,25700000000,-0.084,,16800000000,,277.61,,,,,,,,,,,,,,,,0.216,,,,,,true,true,12,2017-04-01,2018-03-31,1
2017-05-10,90650,2017-03-31,,371062000000,0.080,,,,,18615000000,0.130,18880000000,0.175,13133000000,,0.304,43.14,,,,,,306926000000,111264000000,0.363,365.48,111264000000,,,,,12.00,,,,326078030,23490393,302615433,false,false,12,2016-04-01,2017-03-31,0
2017-05-10,90650,2016-03-31,,343449000000,-0.008,,,,,16475000000,-0.017,16065000000,-0.088,10074000000,,-0.080,33.38,,,,,,294439000000,100744000000,0.342,330.88,100744000000,,,,,11.00,,,,326078030,23447477,301126996,false,false,12,2015-04-01,2016-03-31,-1
2017-05-10,90650,2018-03-31,,175500000000,-0.059,,,,,8300000000,-0.138,9100000000,-0.035,6300000000,,-0.074,20.69,,,,,,,,,,,,,,,,,,,,,,false,true,6,2017-04-01,2017-09-30,1
2017-05-10,90650,2018-03-31,,350000000000,-0.057,,,,,16800000000,-0.098,17700000000,-0.063,12200000000,,-0.071,200.37,,,,,,,,,,,,,,,35.00,,,,,,,false,true,12,2017-04-01,2018-03-31,1
2017-07-28,90650,2018-03-31,1,127426000000,0.016,,,,,7232000000,0.140,7427000000,0.216,,5178000000,,17.11,,,,,,392798000000,165327000000,0.413,,162276000000,,,,,,,,,,,,true,false,3,2017-04-01,2017-06-30,0
2017-07-28,90650,2017-03-31,1,125478000000,0.067,,,,,6341000000,0.414,6109000000,0.580,,4126000000,,13.63,,,,,,,,,,,,,,,,,,,,,,true,false,3,2016-04-01,2016-06-30,-1
2017-07-28,90650,2018-03-31,1,252500000000,-0.007,,,,,12600000000,-0.073,12800000000,-0.033,,8400000000,,27.26,,,,,,,,,,,,,,,,,,,,,,true,true,6,2017-04-01,2017-09-30,0
2017-07-28,90650,2018-03-31,1,505000000000,-0.010,,,,,25500000000,-0.059,25700000000,-0.084,,16800000000,,277.61,,,,,,,,,,,,,,,,,,,,,,true,true,12,2017-04-01,2018-03-31,0
2017-07-28,90650,2017-03-31,1,,,,,,,,,,,,,,,,,,,,383448000000,162881000000,0.417,,159736000000,,,,,,,,,,,,true,false,12,2016-04-01,2017-03-31,-1
2017-07-28,90650,2017-03-31,1,,,,,,,,,,,,,,,,,,,,,,,,,,,,,12.00,,,,326078030,23490393,,false,false,12,2016-04-01,2017-03-31,-1
2017-07-28,90650,2018-03-31,1,,,,,,,,,,,,,,,,,,,,,,,,,,,,,35.00,,,,,,,false,true,12,2017-04-01,2018-03-31,0
2017-07-28,90650,2018-03-31,1,,,,,,,,,,,,,,,,,,,,,,,,,,,,,,,,,326078030,23499990,302583337,false,false,3,2017-04-01,2017-06-30,0
2017-07-28,90650,2017-03-31,1,,,,,,,,,,,,,,,,,,,,,,,,,,,,,,,,,,,302629616,false,false,3,2016-04-01,2016-06-30,-1
2017-10-31,90650,2018-03-31,2,259431000000,0.020,,,,,14973000000,0.101,15097000000,0.140,,9844000000,,162.67,,,,,,389115000000,170951000000,0.431,,167876000000,,,,,,,,,,,,true,false,6,2017-04-01,2017-09-30,0
2017-10-31,90650,2017-03-31,2,254405000000,0.067,,,,,13597000000,0.284,13243000000,0.391,,8859000000,,146.38,,,,,,,,,,,,,,,,,,,,,,true,false,6,2016-04-01,2016-09-30,-1
2017-10-31,90650,2018-03-31,2,512000000000,0.004,,,,,28000000000,0.034,28000000000,-0.002,,18200000000,,300.77,,,,,,,,,,,,,,,,,,,,,,true,true,12,2017-04-01,2018-03-31,0
2017-10-31,90650,2017-03-31,2,,,,,,,,,,,,,,,,,,,,383448000000,162881000000,0.417,,159736000000,,,,,,,,,,,,true,false,12,2016-04-01,2017-03-31,-1
2017-10-31,90650,2017-03-31,2,,,,,,,,,,,,,,,,,,,,,,,,,,,,,12.00,,,,65215606,4698079,,false,false,12,2016-04-01,2017-03-31,-1
2017-10-31,90650,2018-03-31,2,,,,,,,,,,,,,,,,,,,,,,,,,,,,,6.00,,,,,,,false,false,12,2017-04-01,2018-03-31,0
2017-10-31,90650,2018-03-31,2,,,,,,,,,,,,,,,,,,,,,,,,,,,,,35.00,,,,,,,false,true,12,2017-04-01,2018-03-31,0
2017-10-31,90650,2018-03-31,2,,,,,,,,,,,,,,,,,,,,,,,,,,,,,,,,,65215606,4705195,60514935,false,false,6,2017-04-01,2017-09-30,0
2017-10-31,90650,2017-03-31,2,,,,,,,,,,,,,,,,,,,,,,,,,,,,,,,,,,,60525244,false,false,6,2016-04-01,2016-09-30,-1
2018-01-31,90650,2018-03-31,3,394076000000,0.031,,,,,23493000000,0.103,23667000000,0.105,,15789000000,,260.93,,,,,,408087000000,178040000000,0.428,,174750000000,,,,,,,,,,,,true,false,9,2017-04-01,2017-12-31,0
2018-01-31,90650,2017-03-31,3,382275000000,0.063,,,,,21307000000,0.212,21424000000,0.481,,14344000000,,237.00,,,,,,,,,,,,,,,,,,,,,,true,false,9,2016-04-01,2016-12-31,-1
2018-01-31,90650,2018-03-31,3,512000000000,0.004,,,,,28000000000,0.034,28000000000,-0.002,,18200000000,,300.77,,,,,,,,,,,,,,,,,,,,,,true,true,12,2017-04-01,2018-03-31,0
2018-01-31,90650,2017-03-31,3,,,,,,,,,,,,,,,,,,,,383448000000,162881000000,0.417,,159736000000,,,,,,,,,,,,true,false,12,2016-04-01,2017-03-31,-1
2018-01-31,90650,2017-03-31,3,,,,,,,,,,,,,,,,,,,,,,,,,,,,,12.00,,,,65215606,4698079,,false,false,12,2016-04-01,2017-03-31,-1
2018-01-31,90650,2018-03-31,3,,,,,,,,,,,,,,,,,,,,,,,,,,,,,6.00,,,,,,,false,false,12,2017-04-01,2018-03-31,0
2018-01-31,90650,2018-03-31,3,,,,,,,,,,,,,,,,,,,,,,,,,,,,,35.00,,,,,,,false,true,12,2017-04-01,2018-03-31,0
2018-01-31,90650,2018-03-31,3,,,,,,,,,,,,,,,,,,,,,,,,,,,,,,,,,65215606,4707667,60513065,false,false,9,2017-04-01,2017-12-31,0
2018-01-31,90650,2017-03-31,3,,,,,,,,,,,,,,,,,,,,,,,,,,,,,,,,,,,60524335,false,false,9,2016-04-01,2016-12-31,-1
2018-05-10,90650,2018-03-31,,531956000000,0.043,,,,,31581000000,0.166,31125000000,0.109,,19402000000,,320.63,,0.115,0.079,0.059,,402028000000,182212000000,0.445,2956.07,178862000000,22759000000,-10735000000,-10212000000,28300000000,,0.234,,,,,,true,false,12,2017-04-01,2018-03-31,0
2018-05-10,90650,2017-03-31,,510027000000,0.042,,,,,27086000000,0.114,28066000000,0.355,,18208000000,,300.86,,0.120,0.074,0.053,,383448000000,162881000000,0.417,2639.51,159736000000,37990000000,-10750000000,-22472000000,25909000000,,0.199,,,,,,true,false,12,2016-04-01,2017-03-31,-1
2018-05-10,90650,2019-03-31,,275000000000,0.060,,,,,16600000000,0.109,16800000000,0.113,,11200000000,,185.10,,,,,,,,,,,,,,,,,,,,,,true,true,6,2018-04-01,2018-09-30,1
2018-05-10,90650,2019-03-31,,540000000000,0.015,,,,,32000000000,0.013,32200000000,0.035,,21000000000,,347.07,,,,,,,,,,,,,,,,0.288,,,,,,true,true,12,2018-04-01,2019-03-31,1
2018-05-10,90650,2018-03-31,,375385000000,0.012,,,,,20496000000,0.101,21485000000,0.138,13065000000,,-0.005,215.42,,,,,,317911000000,120923000000,0.380,1998.51,120923000000,,,,,45.00,,,,65215606,4708729,60511698,false,false,12,2017-04-01,2018-03-31,0
2018-05-10,90650,2017-03-31,,371062000000,0.080,,,,,18615000000,0.130,18880000000,0.175,13133000000,,0.304,215.68,,,,,,306926000000,111264000000,0.363,1827.41,111264000000,,,,,12.00,,,,65215606,4698079,60523087,false,false,12,2016-04-01,2017-03-31,-1
2018-05-10,90650,2019-03-31,,200000000000,0.078,,,,,11500000000,0.144,12200000000,0.076,8200000000,,0.059,135.52,,,,,,,,,,,,,,,,,,,,,,false,true,6,2018-04-01,2018-09-30,1
2018-05-10,90650,2019-03-31,,390000000000,0.039,,,,,21500000000,0.049,22300000000,0.038,15000000000,,0.148,247.91,,,,,,,,,,,,,,,100.00,,,,,,,false,true,12,2018-04-01,2019-03-31,1
2018-07-30,90650,2019-03-31,1,141744000000,0.112,,,,,10322000000,0.427,10612000000,0.429,,6825000000,,112.81,,,,,,422270000000,184549000000,0.429,,181171000000,,,,,,,,,,,,true,false,3,2018-04-01,2018-06-30,0
2018-07-30,90650,2018-03-31,1,127426000000,0.016,,,,,7232000000,0.140,7427000000,0.216,,5178000000,,85.57,,,,,,,,,,,,,,,,,,,,,,true,false,3,2017-04-01,2017-06-30,-1
2018-07-30,90650,2019-03-31,1,275000000000,0.060,,,,,16600000000,0.109,16800000000,0.113,,11200000000,,185.10,,,,,,,,,,,,,,,,,,,,,,true,true,6,2018-04-01,2018-09-30,0
2018-07-30,90650,2019-03-31,1,540000000000,0.015,,,,,32000000000,0.013,32200000000,0.035,,21000000000,,347.07,,,,,,,,,,,,,,,,,,,,,,true,true,12,2018-04-01,2019-03-31,0
2018-07-30,90650,2018-03-31,1,,,,,,,,,,,,,,,,,,,,402010000000,182212000000,0.445,,178862000000,,,,,,,,,,,,true,false,12,2017-04-01,2018-03-31,-1
2018-07-30,90650,2018-03-31,1,,,,,,,,,,,,,,,,,,,,,,,,,,,,,45.00,,,,65215606,4708729,,false,false,12,2017-04-01,2018-03-31,-1
2018-07-30,90650,2019-03-31,1,,,,,,,,,,,,,,,,,,,,,,,,,,,,,100.00,,,,,,,false,true,12,2018-04-01,2019-03-31,0
2018-07-30,90650,2019-03-31,1,,,,,,,,,,,,,,,,,,,,,,,,,,,,,,,,,65215606,4709191,60506696,false,false,3,2018-04-01,2018-06-30,0
2018-07-30,90650,2018-03-31,1,,,,,,,,,,,,,,,,,,,,,,,,,,,,,,,,,,,60516667,false,false,3,2017-04-01,2017-06-30,-1
2018-10-31,90650,2019-03-31,2,286060000000,0.103,,,,,19622000000,0.310,19599000000,0.298,,13257000000,,219.10,,,,,,409185000000,191752000000,0.461,,188702000000,,,,,,,,,,,,true,false,6,2018-04-01,2018-09-30,0
2018-10-31,90650,2018-03-31,2,259431000000,0.020,,,,,14973000000,0.101,15097000000,0.140,,9844000000,,162.67,,,,,,,,,,,,,,,,,,,,,,true,false,6,2017-04-01,2017-09-30,-1
2018-10-31,90650,2019-03-31,2,551000000000,0.036,,,,,35000000000,0.108,35000000000,0.124,,23000000000,,380.13,,,,,,,,,,,,,,,,,,,,,,true,true,12,2018-04-01,2019-03-31,0
2018-10-31,90650,2018-03-31,2,,,,,,,,,,,,,,,,,,,,402010000000,182212000000,0.445,,178862000000,,,,,,,,,,,,true,false,12,2017-04-01,2018-03-31,-1
2018-10-31,90650,2018-03-31,2,,,,,,,,,,,,,,,,,,,,,,,,,,,,,45.00,,,,65215606,4708729,,false,false,12,2017-04-01,2018-03-31,-1
2018-10-31,90650,2019-03-31,2,,,,,,,,,,,,,,,,,,,,,,,,,,,,,55.00,,,,,,,false,false,12,2018-04-01,2019-03-31,0
2018-10-31,90650,2019-03-31,2,,,,,,,,,,,,,,,,,,,,,,,,,,,,,100.00,,,,,,,false,true,12,2018-04-01,2019-03-31,0
2018-10-31,90650,2019-03-31,2,,,,,,,,,,,,,,,,,,,,,,,,,,,,,,,,,65215606,4710252,60506290,false,false,6,2018-04-01,2018-09-30,0
2018-10-31,90650,2018-03-31,2,,,,,,,,,,,,,,,,,,,,,,,,,,,,,,,,,,,60514935,false,false,6,2017-04-01,2017-09-30,-1
2019-01-31,90650,2019-03-31,3,427671000000,0.085,,,,,29632000000,0.261,29344000000,0.240,,20683000000,,341.84,,,,,,416526000000,193281000000,0.456,,190022000000,,,,,,,,,,,,true,false,9,2018-04-01,2018-12-31,0
2019-01-31,90650,2018-03-31,3,394076000000,0.031,,,,,23493000000,0.103,23667000000,0.105,,15789000000,,260.93,,,,,,,,,,,,,,,,,,,,,,true,false,9,2017-04-01,2017-12-31,-1
2019-01-31,90650,2019-03-31,3,557000000000,0.047,,,,,37000000000,0.172,37000000000,0.189,,24400000000,,403.27,,,,,,,,,,,,,,,,,,,,,,true,true,12,2018-04-01,2019-03-31,0
2019-01-31,90650,2018-03-31,3,,,,,,,,,,,,,,,,,,,,402010000000,182212000000,0.445,,178862000000,,,,,,,,,,,,true,false,12,2017-04-01,2018-03-31,-1
2019-01-31,90650,2018-03-31,3,,,,,,,,,,,,,,,,,,,,,,,,,,,,,45.00,,,,65215606,4708729,,false,false,12,2017-04-01,2018-03-31,-1
2019-01-31,90650,2019-03-31,3,,,,,,,,,,,,,,,,,,,,,,,,,,,,,55.00,,,,,,,false,false,12,2018-04-01,2019-03-31,0
2019-01-31,90650,2019-03-31,3,,,,,,,,,,,,,,,,,,,,,,,,,,,,,100.00,,,,,,,false,true,12,2018-04-01,2019-03-31,0
2019-01-31,90650,2019-03-31,3,,,,,,,,,,,,,,,,,,,,,,,,,,,,,,,,,65215606,4710874,60505869,false,false,9,2018-04-01,2018-12-31,0
2019-01-31,90650,2018-03-31,3,,,,,,,,,,,,,,,,,,,,,,,,,,,,,,,,,,,60513065,false,false,9,2017-04-01,2017-12-31,-1
2019-04-24,90650,2019-03-31,,572500000000,0.028,,,,,39200000000,0.059,39100000000,0.057,27400000000,,0.123,452.85,,,,,,,,,,,,,,,,,,,,,,true,true,12,2018-04-01,2019-03-31,0
2019-04-24,90650,2018-03-31,,531956000000,,,,,,31581000000,,31125000000,,19402000000,,,320.63,,,,,,,,,,,,,,,,,,,,,,true,false,12,2017-04-01,2018-03-31,-1
2019-04-24,90650,2019-03-31,,408100000000,0.046,,,,,24900000000,0.158,26400000000,0.184,19500000000,,0.300,322.28,,,,,,,,,,,,,,,,,,,,,,false,true,12,2018-04-01,2019-03-31,0
2019-04-24,90650,2018-03-31,,375385000000,,,,,,20496000000,,21485000000,,13065000000,,,215.42,,,,,,,,,,,,,,,,,,,,,,false,false,12,2017-04-01,2018-03-31,-1
2019-05-10,90650,2019-03-31,,572516000000,0.076,,,,,39247000000,0.243,39184000000,0.259,,27470000000,,454.02,,0.146,0.097,0.069,,409513000000,198355000000,0.479,3242.58,196190000000,49587000000,-9812000000,-31757000000,35653000000,,0.242,,,,,,true,false,12,2018-04-01,2019-03-31,0
2019-05-10,90650,2018-03-31,,531956000000,0.043,,,,,31581000000,0.166,31125000000,0.109,,19402000000,,320.63,,0.115,0.079,0.059,,402010000000,182212000000,0.445,2956.07,178862000000,22759000000,-10735000000,-10212000000,28300000000,,0.234,,,,,,true,false,12,2017-04-01,2018-03-31,-1
2019-05-10,90650,2020-03-31,,281000000000,-0.018,,,,,17500000000,-0.108,18000000000,-0.082,,12000000000,,198.33,,,,,,,,,,,,,,,,,,,,,,true,true,6,2019-04-01,2019-09-30,1
2019-05-10,90650,2020-03-31,,565000000000,-0.013,,,,,35000000000,-0.108,35500000000,-0.094,,24000000000,,396.67,,,,,,,,,,,,,,,,0.252,,,,,,true,true,12,2019-04-01,2020-03-31,1
2019-05-10,90650,2019-03-31,,408102000000,0.087,,,,,24957000000,0.218,26465000000,0.232,19528000000,,0.495,322.75,,,,,,326110000000,132115000000,0.405,2183.57,132115000000,,,,,110.00,,,,65215606,4711316,60505551,false,false,12,2018-04-01,2019-03-31,0
2019-05-10,90650,2018-03-31,,375385000000,0.012,,,,,20496000000,0.101,21485000000,0.138,13065000000,,-0.005,215.42,,,,,,317911000000,120923000000,0.380,1998.51,120923000000,,,,,45.00,,,,65215606,4708729,60511698,false,false,12,2017-04-01,2018-03-31,-1
2019-05-10,90650,2020-03-31,,199000000000,-0.052,,,,,11000000000,-0.179,12000000000,-0.169,8100000000,,-0.201,133.87,,,,,,,,,,,,,,,,,,,,,,false,true,6,2019-04-01,2019-09-30,1
2019-05-10,90650,2020-03-31,,400000000000,-0.020,,,,,22500000000,-0.098,23500000000,-0.112,16000000000,,-0.181,264.44,,,,,,,,,,,,,,,100.00,,,,,,,false,true,12,2019-04-01,2020-03-31,1
2019-07-30,90650,2020-03-31,1,141079000000,-0.005,,,,,9500000000,-0.080,9774000000,-0.079,,6362000000,,105.15,,,,,,424880000000,201532000000,0.469,,199247000000,,,,,,,,,,,,true,false,3,2019-04-01,2019-06-30,0
2019-07-30,90650,2019-03-31,1,141744000000,0.112,,,,,10322000000,0.427,10612000000,0.429,,6825000000,,112.81,,,,,,,,,,,,,,,,,,,,,,true,false,3,2018-04-01,2018-06-30,-1
2019-07-30,90650,2020-03-31,1,281000000000,-0.018,,,,,17500000000,-0.108,18000000000,-0.082,,12000000000,,198.33,,,,,,,,,,,,,,,,,,,,,,true,true,6,2019-04-01,2019-09-30,0
2019-07-30,90650,2020-03-31,1,565000000000,-0.013,,,,,35000000000,-0.108,35500000000,-0.094,,24000000000,,396.67,,,,,,,,,,,,,,,,,,,,,,true,true,12,2019-04-01,2020-03-31,0
2019-07-30,90650,2019-03-31,1,,,,,,,,,,,,,,,,,,,,409513000000,198355000000,0.479,,196190000000,,,,,,,,,,,,true,false,12,2018-04-01,2019-03-31,-1
2019-07-30,90650,2019-03-31,1,,,,,,,,,,,,,,,,,,,,,,,,,,,,,110.00,,,,65215606,4711316,,false,false,12,2018-04-01,2019-03-31,-1
2019-07-30,90650,2020-03-31,1,,,,,,,,,,,,,,,,,,,,,,,,,,,,,100.00,,,,,,,false,true,12,2019-04-01,2020-03-31,0
2019-07-30,90650,2020-03-31,1,,,,,,,,,,,,,,,,,,,,,,,,,,,,,,,,,65215606,4711514,60504210,false,false,3,2019-04-01,2019-06-30,0
2019-07-30,90650,2019-03-31,1,,,,,,,,,,,,,,,,,,,,,,,,,,,,,,,,,,,60506696,false,false,3,2018-04-01,2018-06-30,-1
2019-10-31,90650,2020-03-31,2,284865000000,-0.004,,,,,19189000000,-0.022,19211000000,-0.020,,12729000000,,210.38,,,,,,415511000000,206579000000,0.491,,203870000000,,,,,,,,,,,,true,false,6,2019-04-01,2019-09-30,0
2019-10-31,90650,2019-03-31,2,286060000000,0.103,,,,,19622000000,0.310,19599000000,0.298,,13257000000,,219.10,,,,,,,,,,,,,,,,,,,,,,true,false,6,2018-04-01,2018-09-30,-1
2019-10-31,90650,2020-03-31,2,568900000000,-0.006,,,,,36700000000,-0.065,36700000000,-0.063,,24100000000,,398.33,,,,,,,,,,,,,,,,,,,,,,true,true,12,2019-04-01,2020-03-31,0
2019-10-31,90650,2019-03-31,2,,,,,,,,,,,,,,,,,,,,409513000000,198355000000,0.479,,196190000000,,,,,,,,,,,,true,false,12,2018-04-01,2019-03-31,-1
2019-10-31,90650,2019-03-31,2,,,,,,,,,,,,,,,,,,,,,,,,,,,,,110.00,,,,65215606,4711316,,false,false,12,2018-04-01,2019-03-31,-1
2019-10-31,90650,2020-03-31,2,,,,,,,,,,,,,,,,,,,,,,,,,,,,,55.00,,,,,,,false,false,12,2019-04-01,2020-03-31,0
2019-10-31,90650,2020-03-31,2,,,,,,,,,,,,,,,,,,,,,,,,,,,,,105.00,,,,,,,false,true,12,2019-04-01,2020-03-31,0
2019-10-31,90650,2020-03-31,2,,,,,,,,,,,,,,,,,,,,,,,,,,,,,,,,,65215606,4712306,60503936,false,false,6,2019-04-01,2019-09-30,0
2019-10-31,90650,2019-03-31,2,,,,,,,,,,,,,,,,,,,,,,,,,,,,,,,,,,,60506290,false,false,6,2018-04-01,2018-09-30,-1
2019-10-31,90650,2020-03-31,,568900000000,0.007,,,,,36700000000,0.049,36700000000,0.034,,24100000000,,398.33,,,,,,,,,,,,,,,,,,,,,,true,true,12,2019-04-01,2020-03-31,0
2019-10-31,90650,2019-03-31,,572516000000,,,,,,39247000000,,39184000000,,,27470000000,,454.02,,,,,,,,,,,,,,,,,,,,,,true,false,12,2018-04-01,2019-03-31,-1
2019-10-31,90650,2020-03-31,,406500000000,0.016,,,,,24600000000,0.093,25500000000,0.085,17700000000,,0.106,292.55,,,,,,,,,,,,,,,,,,,,,,false,true,12,2019-04-01,2020-03-31,0
2019-10-31,90650,2019-03-31,,408102000000,,,,,,24957000000,,26465000000,,19528000000,,,322.75,,,,,,,,,,,,,,,,,,,,,,false,false,12,2018-04-01,2019-03-31,-1
,90650,2020-03-31,,,,,,,,,,,,,,,,,,,,,,,,,,,,,,105.00,,,,,,,false,true,12,2019-04-01,2020-03-31,0
,90650,2020-03-31,,,,,,,,,,,,,,,,,,,,,,,,,,,,,,55.00,,,,,,,false,false,12,2019-04-01,2020-03-31,0
,90650,2019-03-31,,,,,,,,,,,,,,,,,,,,,,,,,,,,,,110.00,,,,,,,false,false,12,2018-04-01,2019-03-31,-1
2020-01-31,90650,2020-03-31,3,427027000000,-0.002,,,,,30352000000,0.024,30240000000,0.031,,19344000000,,319.73,,,,,,439495000000,210941000000,0.474,,208170000000,,,,,,,,,,,,true,false,9,2019-04-01,2019-12-31,0
2020-01-31,90650,2019-03-31,3,427671000000,0.085,,,,,29632000000,0.261,29344000000,0.240,,20683000000,,341.84,,,,,,,,,,,,,,,,,,,,,,true,false,9,2018-04-01,2018-12-31,-1
2020-01-31,90650,2020-03-31,3,568900000000,-0.006,,,,,36700000000,-0.065,36700000000,-0.063,,24100000000,,398.33,,,,,,,,,,,,,,,,,,,,,,true,true,12,2019-04-01,2020-03-31,0
2020-01-31,90650,2019-03-31,3,,,,,,,,,,,,,,,,,,,,409513000000,198355000000,0.479,,196190000000,,,,,,,,,,,,true,false,12,2018-04-01,2019-03-31,-1
2020-01-31,90650,2019-03-31,3,,,,,,,,,,,,,,,,,,,,,,,,,,,,,110.00,,,,65215606,4711316,,false,false,12,2018-04-01,2019-03-31,-1
2020-01-31,90650,2020-03-31,3,,,,,,,,,,,,,,,,,,,,,,,,,,,,,55.00,,,,,,,false,false,12,2019-04-01,2020-03-31,0
2020-01-31,90650,2020-03-31,3,,,,,,,,,,,,,,,,,,,,,,,,,,,,,105.00,,,,,,,false,true,12,2019-04-01,2020-03-31,0
2020-01-31,90650,2020-03-31,3,,,,,,,,,,,,,,,,,,,,,,,,,,,,,,,,,65215606,4713109,60503577,false,false,9,2019-04-01,2019-12-31,0
2020-01-31,90650,2019-03-31,3,,,,,,,,,,,,,,,,,,,,,,,,,,,,,,,,,,,60505869,false,false,9,2018-04-01,2018-12-31,-1
2020-05-11,90650,2020-03-31,,569461000000,-0.005,,,,,40374000000,0.029,40119000000,0.024,,25619000000,,423.44,,0.126,0.095,0.071,,434052000000,214204000000,0.487,3493.55,211367000000,22317000000,-12772000000,-10721000000,34556000000,,0.248,,,,,,true,false,12,2019-04-01,2020-03-31,0
2020-05-11,90650,2019-03-31,,572516000000,0.076,,,,,39247000000,0.243,39184000000,0.259,,27470000000,,454.02,,0.146,0.097,0.069,,409513000000,198355000000,0.479,3242.58,196190000000,49587000000,-9812000000,-31757000000,35653000000,,0.242,,,,,,true,false,12,2018-04-01,2019-03-31,-1
2020-05-11,90650,2020-03-31,,410287000000,0.005,,,,,27221000000,0.091,27889000000,0.054,18999000000,,-0.027,314.02,,,,,,342602000000,141675000000,0.414,2341.66,141675000000,,,,,105.00,,,,65215606,4713443,60503256,false,false,12,2019-04-01,2020-03-31,0
2020-05-11,90650,2019-03-31,,408102000000,0.087,,,,,24957000000,0.218,26465000000,0.232,19528000000,,0.495,322.75,,,,,,326110000000,132115000000,0.405,2183.57,132115000000,,,,,110.00,,,,65215606,4711316,60505551,false,false,12,2018-04-01,2019-03-31,-1
2020-07-30,90650,2021-03-31,1,137484000000,-0.025,,,,,9130000000,-0.039,8615000000,-0.119,,4765000000,,78.77,,,,,,453378000000,213769000000,0.467,,211559000000,,,,,,,,,,,,true,false,3,2020-04-01,2020-06-30,0
2020-07-30,90650,2020-03-31,1,141079000000,-0.005,,,,,9500000000,-0.080,9774000000,-0.079,,6362000000,,105.15,,,,,,,,,,,,,,,,,,,,,,true,false,3,2019-04-01,2019-06-30,-1
2020-07-30,90650,2020-03-31,1,,,,,,,,,,,,,,,,,,,,434052000000,214204000000,0.487,,211367000000,,,,,,,,,,,,true,false,12,2019-04-01,2020-03-31,-1
2020-07-30,90650,2020-03-31,1,,,,,,,,,,,,,,,,,,,,,,,,,,,,,105.00,,,,65215606,4713443,,false,false,12,2019-04-01,2020-03-31,-1
2020-07-30,90650,2021-03-31,1,,,,,,,,,,,,,,,,,,,,,,,,,,,,,,,,,65215606,4713583,60502098,false,false,3,2020-04-01,2020-06-30,0
2020-07-30,90650,2020-03-31,1,,,,,,,,,,,,,,,,,,,,,,,,,,,,,,,,,,,60504210,false,false,3,2019-04-01,2019-06-30,-1
2020-09-24,90650,2021-03-31,,269000000000,,,,,,17500000000,,18000000000,,,11100000000,,183.47,,,,,,,,,,,,,,,,,,,,,,true,true,6,2020-04-01,2020-09-30,0
2020-09-24,90650,2020-03-31,,284865000000,,,,,,19189000000,,19211000000,,,12729000000,,210.38,,,,,,,,,,,,,,,,,,,,,,true,false,6,2019-04-01,2019-09-30,-1
2020-09-24,90650,2021-03-31,,196300000000,,,,,,12300000000,,14600000000,,10100000000,,,166.94,,,,,,,,,,,,,,,,,,,,,,false,true,6,2020-04-01,2020-09-30,0
2020-09-24,90650,2020-03-31,,205478000000,,,,,,13142000000,,13953000000,,9764000000,,,161.38,,,,,,,,,,,,,,,,,,,,,,false,false,6,2019-04-01,2019-09-30,-1
2020-09-24,90650,2021-03-31,,,,,,,,,,,,,,,,,,,,,,,,,,,,,,50.00,,,,,,,false,true,12,2020-04-01,2021-03-31,0
2020-09-24,90650,2020-03-31,,,,,,,,,,,,,,,,,,,,,,,,,,,,,,105.00,,,,,,,false,false,12,2019-04-01,2020-03-31,-1
2020-10-30,90650,2021-03-31,2,269550000000,-0.054,,,,,17464000000,-0.090,17959000000,-0.065,,11022000000,,182.19,,,,,,415292000000,220725000000,0.527,,218701000000,,,,,,,,,,,,true,false,6,2020-04-01,2020-09-30,0
2020-10-30,90650,2020-03-31,2,284865000000,-0.004,,,,,19189000000,-0.022,19211000000,-0.020,,12729000000,,210.38,,,,,,,,,,,,,,,,,,,,,,true,false,6,2019-04-01,2019-09-30,-1
2020-10-30,90650,2021-03-31,2,526600000000,-0.075,,,,,30000000000,-0.257,30000000000,-0.252,,20000000000,,330.57,,,,,,,,,,,,,,,,,,,,,,true,true,12,2020-04-01,2021-03-31,0
2020-10-30,90650,2020-03-31,2,,,,,,,,,,,,,,,,,,,,434052000000,214204000000,0.487,,211367000000,,,,,,,,,,,,true,false,12,2019-04-01,2020-03-31,-1
2020-10-30,90650,2020-03-31,2,,,,,,,,,,,,,,,,,,,,,,,,,,,,,105.00,,,,65215606,4713443,,false,false,12,2019-04-01,2020-03-31,-1
2020-10-30,90650,2021-03-31,2,,,,,,,,,,,,,,,,,,,,,,,,,,,,,50.00,,,,,,,false,false,12,2020-04-01,2021-03-31,0
2020-10-30,90650,2021-03-31,2,,,,,,,,,,,,,,,,,,,,,,,,,,,,,100.00,,,,,,,false,true,12,2020-04-01,2021-03-31,0
2020-10-30,90650,2021-03-31,2,,,,,,,,,,,,,,,,,,,,,,,,,,,,,,,,,65215606,4714041,60501935,false,false,6,2020-04-01,2020-09-30,0
2020-10-30,90650,2020-03-31,2,,,,,,,,,,,,,,,,,,,,,,,,,,,,,,,,,,,60503936,false,false,6,2019-04-01,2019-09-30,-1
2020-10-30,90650,2021-03-31,,526600000000,,,,,,30000000000,,30000000000,,,20000000000,,330.57,,,,,,,,,,,,,,,,,,,,,,true,true,12,2020-04-01,2021-03-31,0
2020-10-30,90650,2020-03-31,,569461000000,,,,,,40374000000,,40119000000,,,25619000000,,423.44,,,,,,,,,,,,,,,,,,,,,,true,false,12,2019-04-01,2020-03-31,-1
2020-10-30,90650,2021-03-31,,383700000000,,,,,,20900000000,,23300000000,,17400000000,,,287.60,,,,,,,,,,,,,,,100.00,,,,,,,false,true,12,2020-04-01,2021-03-31,0
2020-10-30,90650,2020-03-31,,410287000000,,,,,,27221000000,,27889000000,,18999000000,,,314.02,,,,,,,,,,,,,,,105.00,,,,,,,false,false,12,2019-04-01,2020-03-31,-1
2020-10-30,90650,2021-03-31,,,,,,,,,,,,,,,,,,,,,,,,,,,,,,50.00,,,,,,,false,false,12,2020-04-01,2021-03-31,0
2021-01-29,90650,2021-03-31,3,400654000000,-0.062,,,,,26236000000,-0.136,26752000000,-0.115,,18363000000,,303.51,,,,,,452175000000,225885000000,0.495,,223900000000,,,,,,,,,,,,true,false,9,2020-04-01,2020-12-31,0
2021-01-29,90650,2020-03-31,3,427027000000,-0.002,,,,,30352000000,0.024,30240000000,0.031,,19344000000,,319.73,,,,,,,,,,,,,,,,,,,,,,true,false,9,2019-04-01,2019-12-31,-1
2021-01-29,90650,2021-03-31,3,531000000000,-0.068,,,,,32000000000,-0.207,32500000000,-0.190,,22000000000,,363.63,,,,,,,,,,,,,,,,,,,,,,true,true,12,2020-04-01,2021-03-31,0
2021-01-29,90650,2020-03-31,3,,,,,,,,,,,,,,,,,,,,434052000000,214204000000,0.487,,211367000000,,,,,,,,,,,,true,false,12,2019-04-01,2020-03-31,-1
2021-01-29,90650,2020-03-31,3,,,,,,,,,,,,,,,,,,,,,,,,,,,,,105.00,,,,65215606,4713443,,false,false,12,2019-04-01,2020-03-31,-1
2021-01-29,90650,2021-03-31,3,,,,,,,,,,,,,,,,,,,,,,,,,,,,,50.00,,,,,,,false,false,12,2020-04-01,2021-03-31,0
2021-01-29,90650,2021-03-31,3,,,,,,,,,,,,,,,,,,,,,,,,,,,,,105.00,,,,,,,false,true,12,2020-04-01,2021-03-31,0
2021-01-29,90650,2021-03-31,3,,,,,,,,,,,,,,,,,,,,,,,,,,,,,,,,,65215606,4714268,60501782,false,false,9,2020-04-01,2020-12-31,0
2021-01-29,90650,2020-03-31,3,,,,,,,,,,,,,,,,,,,,,,,,,,,,,,,,,,,60503577,false,false,9,2019-04-01,2019-12-31,-1
2021-01-29,90650,2021-03-31,,531000000000,0.008,,,,,32000000000,0.067,32500000000,0.083,,22000000000,,363.63,,,,,,,,,,,,,,,,,,,,,,true,true,12,2020-04-01,2021-03-31,0
2021-01-29,90650,2020-03-31,,569461000000,,,,,,40374000000,,40119000000,,,25619000000,,423.44,,,,,,,,,,,,,,,,,,,,,,true,false,12,2019-04-01,2020-03-31,-1
2021-01-29,90650,2021-03-31,,386500000000,0.007,,,,,22200000000,0.062,24800000000,0.064,18300000000,,0.052,302.47,,,,,,,,,,,,,,,105.00,,,,,,,false,true,12,2020-04-01,2021-03-31,0
2021-01-29,90650,2020-03-31,,410287000000,,,,,,27221000000,,27889000000,,18999000000,,,314.02,,,,,,,,,,,,,,,105.00,,,,,,,false,false,12,2019-04-01,2020-03-31,-1
2021-01-29,90650,2021-03-31,,,,,,,,,,,,,,,,,,,,,,,,,,,,,,50.00,,,,,,,false,false,12,2020-04-01,2021-03-31,0
2021-05-10,90650,2021-03-31,,533870000000,-0.062,,,,,33928000000,-0.160,34997000000,-0.128,,23540000000,,389.09,,0.105,0.079,0.064,,456830000000,237035000000,0.514,3882.98,234923000000,25043000000,-15296000000,-7113000000,36250000000,,0.283,,,,,,true,false,12,2020-04-01,2021-03-31,0
2021-05-10,90650,2020-03-31,,569461000000,-0.005,,,,,40374000000,0.029,40119000000,0.024,,25619000000,,423.44,,0.126,0.095,0.071,,434052000000,214204000000,0.487,3493.55,211367000000,22317000000,-12772000000,-10721000000,34556000000,,0.248,,,,,,true,false,12,2019-04-01,2020-03-31,-1
2021-05-10,90650,2022-03-31,,265500000000,-0.015,,,,,15000000000,-0.141,15000000000,-0.165,,9500000000,,157.02,,,,,,,,,,,,,,,,,,,,,,true,true,6,2021-04-01,2021-09-30,1
2021-05-10,90650,2022-03-31,,534000000000,0.000,,,,,30500000000,-0.101,30500000000,-0.129,,19500000000,,322.31,,,,,,,,,,,,,,,,0.341,,,,,,true,true,12,2021-04-01,2022-03-31,1
2021-05-10,90650,2021-03-31,,390909000000,-0.047,,,,,23442000000,-0.139,26213000000,-0.060,19520000000,,0.027,322.65,,,,,,369856000000,159143000000,0.430,2630.44,159143000000,,,,,110.00,,,,65215606,4714769,60501591,false,false,12,2020-04-01,2021-03-31,0
2021-05-10,90650,2020-03-31,,410287000000,0.005,,,,,27221000000,0.091,27889000000,0.054,18999000000,,-0.027,314.02,,,,,,342602000000,141675000000,0.414,2341.66,141675000000,,,,,105.00,,,,65215606,4713443,60503256,false,false,12,2019-04-01,2020-03-31,-1
2021-05-10,90650,2022-03-31,,191000000000,-0.035,,,,,9500000000,-0.219,12500000000,-0.132,9000000000,,-0.094,148.76,,,,,,,,,,,,,,,,,,,,,,false,true,6,2021-04-01,2021-09-30,1
2021-05-10,90650,2022-03-31,,384000000000,-0.018,,,,,19500000000,-0.168,23000000000,-0.123,16000000000,,-0.180,264.46,,,,,,,,,,,,,,,110.00,,,,,,,false,true,12,2021-04-01,2022-03-31,1
2021-07-30,90650,2022-03-31,1,136898000000,-0.004,,,,,8404000000,-0.080,8716000000,0.012,,5533000000,,91.86,,,,,,471445000000,237115000000,0.498,,234848000000,,,,,,,,,,,,true,false,3,2021-04-01,2021-06-30,0
2021-07-30,90650,2021-03-31,1,137484000000,-0.025,,,,,9130000000,-0.039,8615000000,-0.119,,4765000000,,78.77,,,,,,,,,,,,,,,,,,,,,,true,false,3,2020-04-01,2020-06-30,-1
2021-07-30,90650,2022-03-31,1,265500000000,-0.015,,,,,15000000000,-0.141,15000000000,-0.165,,9500000000,,157.02,,,,,,,,,,,,,,,,,,,,,,true,true,6,2021-04-01,2021-09-30,0
2021-07-30,90650,2022-03-31,1,534000000000,0.000,,,,,30500000000,-0.101,30500000000,-0.129,,19500000000,,322.31,,,,,,,,,,,,,,,,,,,,,,true,true,12,2021-04-01,2022-03-31,0
2021-07-30,90650,2021-03-31,1,,,,,,,,,,,,,,,,,,,,456830000000,237035000000,0.514,,234923000000,,,,,,,,,,,,true,false,12,2020-04-01,2021-03-31,-1
2021-07-30,90650,2021-03-31,1,,,,,,,,,,,,,,,,,,,,,,,,,,,,,110.00,,,,65215606,4714769,,false,false,12,2020-04-01,2021-03-31,-1
2021-07-30,90650,2022-03-31,1,,,,,,,,,,,,,,,,,,,,,,,,,,,,,110.00,,,,,,,false,true,12,2021-04-01,2022-03-31,0
2021-07-30,90650,2022-03-31,1,,,,,,,,,,,,,,,,,,,,,,,,,,,,,,,,,65215606,5444597,60235311,false,false,3,2021-04-01,2021-06-30,0
2021-07-30,90650,2021-03-31,1,,,,,,,,,,,,,,,,,,,,,,,,,,,,,,,,,,,60502098,false,false,3,2020-04-01,2020-06-30,-1
2021-10-29,90650,2022-03-31,2,273656000000,0.015,,,,,17865000000,0.023,18357000000,0.022,,12021000000,,201.13,,,,,,459572000000,240357000000,0.518,,238041000000,,,,,,,,,,,,true,false,6,2021-04-01,2021-09-30,0
2021-10-29,90650,2021-03-31,2,269550000000,-0.054,,,,,17464000000,-0.090,17959000000,-0.065,,11022000000,,182.19,,,,,,,,,,,,,,,,,,,,,,true,false,6,2020-04-01,2020-09-30,-1
2021-10-29,90650,2022-03-31,2,547500000000,0.026,,,,,33500000000,-0.013,34000000000,-0.029,,22000000000,,373.88,,,,,,,,,,,,,,,,,,,,,,true,true,12,2021-04-01,2022-03-31,0
2021-10-29,90650,2021-03-31,2,,,,,,,,,,,,,,,,,,,,456830000000,237035000000,0.514,,234923000000,,,,,,,,,,,,true,false,12,2020-04-01,2021-03-31,-1
2021-10-29,90650,2021-03-31,2,,,,,,,,,,,,,,,,,,,,,,,,,,,,,110.00,,,,65215606,4714769,,false,false,12,2020-04-01,2021-03-31,-1
2021-10-29,90650,2022-03-31,2,,,,,,,,,,,,,,,,,,,,,,,,,,,,,55.00,,,,,,,false,false,12,2021-04-01,2022-03-31,0
2021-10-29,90650,2022-03-31,2,,,,,,,,,,,,,,,,,,,,,,,,,,,,,110.00,,,,,,,false,true,12,2021-04-01,2022-03-31,0
2021-10-29,90650,2022-03-31,2,,,,,,,,,,,,,,,,,,,,,,,,,,,,,,,,,65215606,6372448,59766534,false,false,6,2021-04-01,2021-09-30,0
2021-10-29,90650,2021-03-31,2,,,,,,,,,,,,,,,,,,,,,,,,,,,,,,,,,,,60501935,false,false,6,2020-04-01,2020-09-30,-1
2021-10-29,90650,2022-03-31,,547500000000,0.025,,,,,33500000000,0.098,34000000000,0.115,,22000000000,,373.88,,,,,,,,,,,,,,,,,,,,,,true,true,12,2021-04-01,2022-03-31,0
2021-10-29,90650,2021-03-31,,533870000000,,,,,,33928000000,,34997000000,,,23540000000,,389.09,,,,,,,,,,,,,,,,,,,,,,true,false,12,2020-04-01,2021-03-31,-1
2021-10-29,90650,2022-03-31,,390000000000,0.016,,,,,21500000000,0.103,24500000000,0.065,17500000000,,0.094,297.40,,,,,,,,,,,,,,,,,,,,,,false,true,12,2021-04-01,2022-03-31,0
2021-10-29,90650,2021-03-31,,390909000000,,,,,,23442000000,,26213000000,,19520000000,,,322.65,,,,,,,,,,,,,,,,,,,,,,false,false,12,2020-04-01,2021-03-31,-1
2022-01-28,90650,2022-03-31,3,411464000000,0.027,,,,,26288000000,0.002,26656000000,-0.004,,17019000000,,286.59,,,,,,466806000000,238979000000,0.507,,236497000000,,,,,,,,,,,,true,false,9,2021-04-01,2021-12-31,0
2022-01-28,90650,2021-03-31,3,400654000000,-0.062,,,,,26236000000,-0.136,26752000000,-0.115,,18363000000,,303.51,,,,,,,,,,,,,,,,,,,,,,true,false,9,2020-04-01,2020-12-31,-1
2022-01-28,90650,2022-03-31,3,547500000000,0.026,,,,,33500000000,-0.013,34000000000,-0.029,,22000000000,,373.88,,,,,,,,,,,,,,,,,,,,,,true,true,12,2021-04-01,2022-03-31,0
2022-01-28,90650,2021-03-31,3,,,,,,,,,,,,,,,,,,,,456830000000,237035000000,0.514,,234923000000,,,,,,,,,,,,true,false,12,2020-04-01,2021-03-31,-1
2022-01-28,90650,2021-03-31,3,,,,,,,,,,,,,,,,,,,,,,,,,,,,,110.00,,,,65215606,4714769,,false,false,12,2020-04-01,2021-03-31,-1
2022-01-28,90650,2022-03-31,3,,,,,,,,,,,,,,,,,,,,,,,,,,,,,55.00,,,,,,,false,false,12,2021-04-01,2022-03-31,0
2022-01-28,90650,2022-03-31,3,,,,,,,,,,,,,,,,,,,,,,,,,,,,,110.00,,,,,,,false,true,12,2021-04-01,2022-03-31,0
2022-01-28,90650,2022-03-31,3,,,,,,,,,,,,,,,,,,,,,,,,,,,,,,,,,61757978,3261164,59385670,false,false,9,2021-04-01,2021-12-31,0
2022-01-28,90650,2021-03-31,3,,,,,,,,,,,,,,,,,,,,,,,,,,,,,,,,,,,60501782,false,false,9,2020-04-01,2020-12-31,-1
2022-05-10,90650,2022-03-31,,553831000000,0.037,,,,,34465000000,0.016,35432000000,0.012,,22636000000,,382.50,,0.094,0.077,0.062,,462467000000,248725000000,0.532,4204.60,245954000000,43692000000,-14938000000,-24491000000,42479000000,,0.288,,,,,,true,false,12,2021-04-01,2022-03-31,0
2022-05-10,90650,2021-03-31,,533870000000,-0.062,,,,,33928000000,-0.160,34997000000,-0.128,,23540000000,,389.09,,0.105,0.079,0.064,,456830000000,237035000000,0.514,3882.98,234923000000,25043000000,-15296000000,-7113000000,36250000000,,0.283,,,,,,true,false,12,2020-04-01,2021-03-31,-1
2022-05-10,90650,2023-03-31,,282700000000,0.033,,,,,17500000000,-0.020,17800000000,-0.030,,11200000000,,191.46,,,,,,,,,,,,,,,,,,,,,,true,true,6,2022-04-01,2022-09-30,1
2022-05-10,90650,2023-03-31,,563500000000,0.017,,,,,35000000000,0.016,35500000000,0.002,,23000000000,,393.19,,,,,,,,,,,,,,,,0.280,,,,,,true,true,12,2022-04-01,2023-03-31,1
2022-05-10,90650,2022-03-31,,392469000000,0.004,,,,,21638000000,-0.077,25177000000,-0.040,17352000000,,-0.111,293.22,,,,,,363208000000,160399000000,0.442,2742.04,160399000000,,,,,110.00,,,,61757978,3261422,59180500,false,false,12,2021-04-01,2022-03-31,0
2022-05-10,90650,2021-03-31,,390909000000,-0.047,,,,,23442000000,-0.139,26213000000,-0.060,19520000000,,0.027,322.65,,,,,,369856000000,159143000000,0.430,2630.44,159143000000,,,,,110.00,,,,65215606,4714769,60501591,false,false,12,2020-04-01,2021-03-31,-1
2022-05-10,90650,2023-03-31,,202300000000,0.034,,,,,12100000000,0.059,15400000000,0.043,10900000000,,-0.002,186.34,,,,,,,,,,,,,,,,,,,,,,false,true,6,2022-04-01,2022-09-30,1
2022-05-10,90650,2023-03-31,,396900000000,0.011,,,,,22900000000,0.058,26400000000,0.049,18600000000,,0.072,317.97,,,,,,,,,,,,,,,110.00,,,,,,,false,true,12,2022-04-01,2023-03-31,1
2022-07-29,90650,2023-03-31,1,141717000000,0.035,,,,,8876000000,0.056,10021000000,0.150,,6062000000,,103.64,,,,,,485317000000,255358000000,0.520,,252383000000,,,,,,,,,,,,true,false,3,2022-04-01,2022-06-30,0
2022-07-29,90650,2022-03-31,1,136898000000,-0.004,,,,,8404000000,-0.080,8716000000,0.012,,5533000000,,91.86,,,,,,,,,,,,,,,,,,,,,,true,false,3,2021-04-01,2021-06-30,-1
2022-07-29,90650,2023-03-31,1,282700000000,0.033,,,,,17500000000,-0.020,17800000000,-0.030,,11200000000,,191.46,,,,,,,,,,,,,,,,,,,,,,true,true,6,2022-04-01,2022-09-30,0
2022-07-29,90650,2023-03-31,1,563500000000,0.017,,,,,35000000000,0.016,35500000000,0.002,,23000000000,,393.19,,,,,,,,,,,,,,,,,,,,,,true,true,12,2022-04-01,2023-03-31,0
2022-07-29,90650,2022-03-31,1,,,,,,,,,,,,,,,,,,,,462467000000,248725000000,0.532,,245954000000,,,,,,,,,,,,true,false,12,2021-04-01,2022-03-31,-1
2022-07-29,90650,2022-03-31,1,,,,,,,,,,,,,,,,,,,,,,,,,,,,,110.00,,,,61757978,3261422,,false,false,12,2021-04-01,2022-03-31,-1
2022-07-29,90650,2023-03-31,1,,,,,,,,,,,,,,,,,,,,,,,,,,,,,110.00,,,,,,,false,true,12,2022-04-01,2023-03-31,0
2022-07-29,90650,2023-03-31,1,,,,,,,,,,,,,,,,,,,,,,,,,,,,,,,,,61757978,3261771,58496439,false,false,3,2022-04-01,2022-06-30,0
2022-07-29,90650,2022-03-31,1,,,,,,,,,,,,,,,,,,,,,,,,,,,,,,,,,,,60235311,false,false,3,2021-04-01,2021-06-30,-1
2022-10-31,90650,2023-03-31,2,289293000000,0.057,,,,,19132000000,0.071,21844000000,0.190,,13881000000,,237.31,,,,,,490962000000,266346000000,0.536,,263181000000,,,,,,,,,,,,true,false,6,2022-04-01,2022-09-30,0
2022-10-31,90650,2022-03-31,2,273656000000,0.015,,,,,17865000000,0.023,18357000000,0.022,,12021000000,,201.13,,,,,,,,,,,,,,,,,,,,,,true,false,6,2021-04-01,2021-09-30,-1
2022-10-31,90650,2023-03-31,2,579000000000,0.045,,,,,37500000000,0.088,40500000000,0.143,,26000000000,,444.47,,,,,,,,,,,,,,,,,,,,,,true,true,12,2022-04-01,2023-03-31,0
2022-10-31,90650,2022-03-31,2,,,,,,,,,,,,,,,,,,,,462467000000,248725000000,0.532,,245954000000,,,,,,,,,,,,true,false,12,2021-04-01,2022-03-31,-1
2022-10-31,90650,2022-03-31,2,,,,,,,,,,,,,,,,,,,,,,,,,,,,,110.00,,,,61757978,3261422,,false,false,12,2021-04-01,2022-03-31,-1
2022-10-31,90650,2023-03-31,2,,,,,,,,,,,,,,,,,,,,,,,,,,,,,70.00,,,,,,,false,false,12,2022-04-01,2023-03-31,0
2022-10-31,90650,2023-03-31,2,,,,,,,,,,,,,,,,,,,,,,,,,,,,,140.00,,,,,,,false,true,12,2022-04-01,2023-03-31,0
2022-10-31,90650,2023-03-31,2,,,,,,,,,,,,,,,,,,,,,,,,,,,,,,,,,61757978,3262135,58496219,false,false,6,2022-04-01,2022-09-30,0
2022-10-31,90650,2022-03-31,2,,,,,,,,,,,,,,,,,,,,,,,,,,,,,,,,,,,59766534,false,false,6,2021-04-01,2021-09-30,-1
2022-10-31,90650,2023-03-31,,579000000000,0.028,,,,,37500000000,0.071,40500000000,0.141,,26000000000,,444.47,,,,,,,,,,,,,,,,,,,,,,true,true,12,2022-04-01,2023-03-31,0
2022-10-31,90650,2022-03-31,,553831000000,,,,,,34465000000,,35432000000,,,22636000000,,382.50,,,,,,,,,,,,,,,,,,,,,,true,false,12,2021-04-01,2022-03-31,-1
2022-10-31,90650,2023-03-31,,407000000000,0.025,,,,,25500000000,0.114,30500000000,0.155,21000000000,,0.129,359.00,,,,,,,,,,,,,,,,,,,,,,false,true,12,2022-04-01,2023-03-31,0
2022-10-31,90650,2022-03-31,,392469000000,,,,,,21638000000,,25177000000,,17352000000,,,293.22,,,,,,,,,,,,,,,,,,,,,,false,false,12,2021-04-01,2022-03-31,-1
2023-01-30,90650,2023-03-31,3,436554000000,0.061,,,,,29757000000,0.132,32239000000,0.209,,20117000000,,343.90,,,,,,494238000000,270721000000,0.541,,267354000000,,,,,,,,,,,,true,false,9,2022-04-01,2022-12-31,0
2023-01-30,90650,2022-03-31,3,411464000000,0.027,,,,,26288000000,0.002,26656000000,-0.004,,17019000000,,286.59,,,,,,,,,,,,,,,,,,,,,,true,false,9,2021-04-01,2021-12-31,-1
2023-01-30,90650,2023-03-31,3,579000000000,0.045,,,,,37500000000,0.088,40500000000,0.143,,26000000000,,444.47,,,,,,,,,,,,,,,,,,,,,,true,true,12,2022-04-01,2023-03-31,0
2023-01-30,90650,2022-03-31,3,,,,,,,,,,,,,,,,,,,,462467000000,248725000000,0.532,,245954000000,,,,,,,,,,,,true,false,12,2021-04-01,2022-03-31,-1
2023-01-30,90650,2022-03-31,3,,,,,,,,,,,,,,,,,,,,,,,,,,,,,110.00,,,,61757978,3261422,,false,false,12,2021-04-01,2022-03-31,-1
2023-01-30,90650,2023-03-31,3,,,,,,,,,,,,,,,,,,,,,,,,,,,,,70.00,,,,,,,false,false,12,2022-04-01,2023-03-31,0
2023-01-30,90650,2023-03-31,3,,,,,,,,,,,,,,,,,,,,,,,,,,,,,140.00,,,,,,,false,true,12,2022-04-01,2023-03-31,0
2023-01-30,90650,2023-03-31,3,,,,,,,,,,,,,,,,,,,,,,,,,,,,,,,,,61757978,3262606,58496004,false,false,9,2022-04-01,2022-12-31,0
2023-01-30,90650,2022-03-31,3,,,,,,,,,,,,,,,,,,,,,,,,,,,,,,,,,,,59385670,false,false,9,2021-04-01,2021-12-31,-1
2023-05-10,90650,2023-03-31,,579226000000,0.046,,,,,38169000000,0.107,39631000000,0.118,,24959000000,,426.68,,0.097,0.084,0.066,,481661000000,272532000000,0.559,4603.55,269284000000,33277000000,-16533000000,-11106000000,50801000000,,0.352,,,,,,true,false,12,2022-04-01,2023-03-31,0
2023-05-10,90650,2022-03-31,,553831000000,0.037,,,,,34465000000,0.016,35432000000,0.012,,22636000000,,382.50,,0.094,0.077,0.062,,462467000000,248725000000,0.532,4204.60,245954000000,43692000000,-14938000000,-24491000000,42479000000,,0.288,,,,,,true,false,12,2021-04-01,2022-03-31,-1
2023-05-10,90650,2024-03-31,,281800000000,-0.026,,,,,17700000000,-0.075,18000000000,-0.176,,11300000000,,193.18,,,,,,,,,,,,,,,,,,,,,,true,true,6,2023-04-01,2023-09-30,1
2023-05-10,90650,2024-03-31,,568000000000,-0.019,,,,,37000000000,-0.031,37000000000,-0.066,,24500000000,,418.84,,,,,,,,,,,,,,,,0.401,,,,,,true,true,12,2023-04-01,2024-03-31,1
2023-05-10,90650,2023-03-31,,406546000000,0.036,,,,,26598000000,0.229,30035000000,0.193,20777000000,,0.197,355.20,,,,,,374646000000,175377000000,0.468,2998.17,175377000000,,,,,150.00,,,,61757978,3262953,58495809,false,false,12,2022-04-01,2023-03-31,0
2023-05-10,90650,2022-03-31,,392469000000,0.004,,,,,21638000000,-0.077,25177000000,-0.040,17352000000,,-0.111,293.22,,,,,,363208000000,160399000000,0.442,2742.04,160399000000,,,,,110.00,,,,61757978,3261422,59180500,false,false,12,2021-04-01,2022-03-31,-1
2023-05-10,90650,2024-03-31,,202100000000,-0.031,,,,,12700000000,-0.099,16000000000,-0.142,11500000000,,-0.129,196.60,,,,,,,,,,,,,,,,,,,,,,false,true,6,2023-04-01,2023-09-30,1
2023-05-10,90650,2024-03-31,,402500000000,-0.010,,,,,25000000000,-0.060,28500000000,-0.051,20500000000,,-0.013,350.46,,,,,,,,,,,,,,,168.00,,,,,,,false,true,12,2023-04-01,2024-03-31,1
2023-07-31,90650,2024-03-31,1,137515000000,-0.030,,,,,8786000000,-0.010,9700000000,-0.032,,5784000000,,99.35,,,,,,485273000000,273137000000,0.556,,269912000000,,,,,,,,,,,,true,false,3,2023-04-01,2023-06-30,0
2023-07-31,90650,2023-03-31,1,141717000000,0.035,,,,,8876000000,0.056,10021000000,0.150,,6062000000,,103.64,,,,,,,,,,,,,,,,,,,,,,true,false,3,2022-04-01,2022-06-30,-1
2023-07-31,90650,2024-03-31,1,281800000000,-0.026,,,,,17700000000,-0.075,18000000000,-0.176,,11300000000,,193.18,,,,,,,,,,,,,,,,,,,,,,true,true,6,2023-04-01,2023-09-30,0
2023-07-31,90650,2024-03-31,1,568000000000,-0.019,,,,,37000000000,-0.031,37000000000,-0.066,,24500000000,,418.84,,,,,,,,,,,,,,,,,,,,,,true,true,12,2023-04-01,2024-03-31,0
2023-07-31,90650,2023-03-31,1,,,,,,,,,,,,,,,,,,,,481661000000,272532000000,0.559,,269284000000,,,,,,,,,,,,true,false,12,2022-04-01,2023-03-31,-1
2023-07-31,90650,2023-03-31,1,,,,,,,,,,,,,,,,,,,,,,,,,,,,,150.00,,,,61757978,3262953,,false,false,12,2022-04-01,2023-03-31,-1
2023-07-31,90650,2024-03-31,1,,,,,,,,,,,,,,,,,,,,,,,,,,,,,168.00,,,,,,,false,true,12,2023-04-01,2024-03-31,0
2023-07-31,90650,2024-03-31,1,,,,,,,,,,,,,,,,,,,,,,,,,,,,,,,,,61757978,4030755,58223899,false,false,3,2023-04-01,2023-06-30,0
2023-07-31,90650,2023-03-31,1,,,,,,,,,,,,,,,,,,,,,,,,,,,,,,,,,,,58496439,false,false,3,2022-04-01,2022-06-30,-1
2023-10-31,90650,2024-03-31,2,277175000000,-0.042,,,,,16906000000,-0.116,18104000000,-0.171,,11460000000,,198.39,,,,,,471488000000,279534000000,0.586,,276179000000,,,,,,,,,,,,true,false,6,2023-04-01,2023-09-30,0
2023-10-31,90650,2023-03-31,2,289293000000,0.057,,,,,19132000000,0.071,21844000000,0.190,,13881000000,,237.31,,,,,,,,,,,,,,,,,,,,,,true,false,6,2022-04-01,2022-09-30,-1
2023-10-31,90650,2024-03-31,2,552500000000,-0.046,,,,,33500000000,-0.122,34500000000,-0.129,,23000000000,,404.18,,,,,,,,,,,,,,,,,,,,,,true,true,12,2023-04-01,2024-03-31,0
2023-10-31,90650,2023-03-31,2,,,,,,,,,,,,,,,,,,,,481661000000,272532000000,0.559,,269284000000,,,,,,,,,,,,true,false,12,2022-04-01,2023-03-31,-1
2023-10-31,90650,2023-03-31,2,,,,,,,,,,,,,,,,,,,,,,,,,,,,,150.00,,,,61757978,3262953,,false,false,12,2022-04-01,2023-03-31,-1
2023-10-31,90650,2024-03-31,2,,,,,,,,,,,,,,,,,,,,,,,,,,,,,84.00,,,,,,,false,false,12,2023-04-01,2024-03-31,0
2023-10-31,90650,2024-03-31,2,,,,,,,,,,,,,,,,,,,,,,,,,,,,,168.00,,,,,,,false,true,12,2023-04-01,2024-03-31,0
2023-10-31,90650,2024-03-31,2,,,,,,,,,,,,,,,,,,,,,,,,,,,,,,,,,61757978,4852636,57769347,false,false,6,2023-04-01,2023-09-30,0
2023-10-31,90650,2023-03-31,2,,,,,,,,,,,,,,,,,,,,,,,,,,,,,,,,,,,58496219,false,false,6,2022-04-01,2022-09-30,-1
2023-10-31,90650,2024-03-31,,552500000000,-0.027,,,,,33500000000,-0.095,34500000000,-0.068,,23000000000,,404.18,,,,,,,,,,,,,,,,,,,,,,true,true,12,2023-04-01,2024-03-31,0
2023-10-31,90650,2023-03-31,,579226000000,,,,,,38169000000,,39631000000,,,24959000000,,426.68,,,,,,,,,,,,,,,,,,,,,,true,false,12,2022-04-01,2023-03-31,-1
2023-10-31,90650,2024-03-31,,392000000000,-0.026,,,,,24500000000,-0.020,28500000000,0.000,21500000000,,0.049,377.82,,,,,,,,,,,,,,,,,,,,,,false,true,12,2023-04-01,2024-03-31,0
2023-10-31,90650,2023-03-31,,406546000000,,,,,,26598000000,,30035000000,,20777000000,,,355.20,,,,,,,,,,,,,,,,,,,,,,false,false,12,2022-04-01,2023-03-31,-1
2024-01-31,90650,2024-03-31,3,421917000000,-0.034,,,,,27024000000,-0.092,28180000000,-0.126,,18528000000,,323.44,,,,,,507712000000,276745000000,0.538,,273345000000,,,,,,,,,,,,true,false,9,2023-04-01,2023-12-31,0
2024-01-31,90650,2023-03-31,3,436554000000,0.061,,,,,29757000000,0.132,32239000000,0.209,,20117000000,,343.90,,,,,,,,,,,,,,,,,,,,,,true,false,9,2022-04-01,2022-12-31,-1
2024-01-31,90650,2024-03-31,3,552500000000,-0.046,,,,,33500000000,-0.122,34500000000,-0.129,,23000000000,,404.18,,,,,,,,,,,,,,,,,,,,,,true,true,12,2023-04-01,2024-03-31,0
2024-01-31,90650,2023-03-31,3,,,,,,,,,,,,,,,,,,,,481661000000,272532000000,0.559,,269284000000,,,,,,,,,,,,true,false,12,2022-04-01,2023-03-31,-1
2024-01-31,90650,2023-03-31,3,,,,,,,,,,,,,,,,,,,,,,,,,,,,,150.00,,,,61757978,3262953,,false,false,12,2022-04-01,2023-03-31,-1
2024-01-31,90650,2024-03-31,3,,,,,,,,,,,,,,,,,,,,,,,,,,,,,84.00,,,,,,,false,false,12,2023-04-01,2024-03-31,0
2024-01-31,90650,2024-03-31,3,,,,,,,,,,,,,,,,,,,,,,,,,,,,,168.00,,,,,,,false,true,12,2023-04-01,2024-03-31,0
2024-01-31,90650,2024-03-31,3,,,,,,,,,,,,,,,,,,,,,,,,,,,,,,,,,61757978,5924334,57283645,false,false,9,2023-04-01,2023-12-31,0
2024-01-31,90650,2023-03-31,3,,,,,,,,,,,,,,,,,,,,,,,,,,,,,,,,,,,58496004,false,false,9,2022-04-01,2022-12-31,-1
2024-05-13,90650,2024-03-31,,563547000000,-0.027,,,,,35216000000,-0.077,36631000000,-0.076,,24379000000,,428.60,,0.088,0.074,0.062,,505045000000,285433000000,0.558,5083.35,282047000000,21731000000,-18434000000,-9142000000,46847000000,,0.406,,,,,,true,false,12,2023-04-01,2024-03-31,0
2024-05-13,90650,2023-03-31,,579226000000,0.046,,,,,38169000000,0.107,39631000000,0.118,,24959000000,,426.68,,0.097,0.084,0.066,,481661000000,272532000000,0.559,4603.55,269284000000,33277000000,-16533000000,-11106000000,50801000000,,0.352,,,,,,true,false,12,2022-04-01,2023-03-31,-1
2024-05-13,90650,2025-03-31,,294000000000,0.061,,,,,18000000000,0.065,18500000000,0.022,,12000000000,,216.28,,,,,,,,,,,,,,,,,,,,,,true,true,6,2024-04-01,2024-09-30,1
2024-05-13,90650,2025-03-31,,587000000000,0.042,,,,,36500000000,0.036,37500000000,0.024,,25000000000,,450.58,,,,,,,,,,,,,,,,0.399,,,,,,true,true,12,2024-04-01,2025-03-31,1
2024-05-13,90650,2024-03-31,,394365000000,-0.030,,,,,26674000000,0.003,30770000000,0.024,22826000000,,0.099,401.30,,,,,,391113000000,178773000000,0.457,3222.04,178773000000,,,,,174.00,,,,61757978,6273407,56882167,false,false,12,2023-04-01,2024-03-31,0
2024-05-13,90650,2023-03-31,,406546000000,0.036,,,,,26598000000,0.229,30035000000,0.193,20777000000,,0.197,355.20,,,,,,374646000000,175377000000,0.468,2998.17,175377000000,,,,,150.00,,,,61757978,3262953,58495809,false,false,12,2022-04-01,2023-03-31,-1
2024-05-13,90650,2025-03-31,,210500000000,0.075,,,,,,,17000000000,0.019,12500000000,,0.026,225.29,,,,,,,,,,,,,,,,,,,,,,false,true,6,2024-04-01,2024-09-30,1
2024-05-13,90650,2025-03-31,,414000000000,0.050,,,,,,,30000000000,-0.025,22500000000,,-0.014,405.52,,,,,,,,,,,,,,,180.00,,,,,,,false,true,12,2024-04-01,2025-03-31,1
2024-07-31,90650,2025-03-31,1,143020000000,0.040,,,,,8754000000,-0.004,9492000000,-0.021,,5653000000,,102.25,,,,,,517273000000,286239000000,0.547,,282734000000,,,,,,,,,,,,true,false,3,2024-04-01,2024-06-30,0
2024-07-31,90650,2024-03-31,1,137515000000,-0.030,,,,,8786000000,-0.010,9700000000,-0.032,,5784000000,,99.35,,,,,,,,,,,,,,,,,,,,,,true,false,3,2023-04-01,2023-06-30,-1
2024-07-31,90650,2025-03-31,1,294000000000,0.061,,,,,18000000000,0.065,18500000000,0.022,,12000000000,,216.28,,,,,,,,,,,,,,,,,,,,,,true,true,6,2024-04-01,2024-09-30,0
2024-07-31,90650,2025-03-31,1,587000000000,0.042,,,,,36500000000,0.036,37500000000,0.024,,25000000000,,450.58,,,,,,,,,,,,,,,,,,,,,,true,true,12,2024-04-01,2025-03-31,0
2024-07-31,90650,2024-03-31,1,,,,,,,,,,,,,,,,,,,,505045000000,285433000000,0.558,,282047000000,,,,,,,,,,,,true,false,12,2023-04-01,2024-03-31,-1
2024-07-31,90650,2024-03-31,1,,,,,,,,,,,,,,,,,,,,,,,,,,,,,174.00,,,,61757978,6273407,,false,false,12,2023-04-01,2024-03-31,-1
2024-07-31,90650,2025-03-31,1,,,,,,,,,,,,,,,,,,,,,,,,,,,,,180.00,,,,,,,false,true,12,2024-04-01,2025-03-31,0
2024-07-31,90650,2025-03-31,1,,,,,,,,,,,,,,,,,,,,,,,,,,,,,,,,,58572769,3612840,55289722,false,false,3,2024-04-01,2024-06-30,0
2024-07-31,90650,2024-03-31,1,,,,,,,,,,,,,,,,,,,,,,,,,,,,,,,,,,,58223899,false,false,3,2023-04-01,2023-06-30,-1
2024-10-31,90650,2025-03-31,2,299098000000,0.079,,,,,20038000000,0.185,20259000000,0.119,,13231000000,,241.67,,,,,,530699000000,289295000000,0.538,,285712000000,,,,,,,,,,,,true,false,6,2024-04-01,2024-09-30,0
2024-10-31,90650,2024-03-31,2,277175000000,-0.042,,,,,16906000000,-0.116,18104000000,-0.171,,11460000000,,198.39,,,,,,,,,,,,,,,,,,,,,,true,false,6,2023-04-01,2023-09-30,-1
2024-10-31,90650,2025-03-31,2,596000000000,0.058,,,,,39000000000,0.107,39500000000,0.078,,27000000000,,503.42,,,,,,,,,,,,,,,,,,,,,,true,true,12,2024-04-01,2025-03-31,0
2024-10-31,90650,2024-03-31,2,,,,,,,,,,,,,,,,,,,,505045000000,285433000000,0.558,,282047000000,,,,,,,,,,,,true,false,12,2023-04-01,2024-03-31,-1
2024-10-31,90650,2024-03-31,2,,,,,,,,,,,,,,,,,,,,,,,,,,,,,174.00,,,,61757978,6273407,,false,false,12,2023-04-01,2024-03-31,-1
2024-10-31,90650,2025-03-31,2,,,,,,,,,,,,,,,,,,,,,,,,,,,,,102.00,,,,,,,false,false,12,2024-04-01,2025-03-31,0
2024-10-31,90650,2025-03-31,2,,,,,,,,,,,,,,,,,,,,,,,,,,,,,204.00,,,,,,,false,true,12,2024-04-01,2025-03-31,0
2024-10-31,90650,2025-03-31,2,,,,,,,,,,,,,,,,,,,,,,,,,,,,,,,,,58572769,4939963,54749869,false,false,6,2024-04-01,2024-09-30,0
2024-10-31,90650,2024-03-31,2,,,,,,,,,,,,,,,,,,,,,,,,,,,,,,,,,,,57769347,false,false,6,2023-04-01,2023-09-30,-1
2024-10-31,90650,2025-03-31,,596000000000,0.015,,,,,39000000000,0.068,39500000000,0.053,,27000000000,,503.42,,,,,,,,,,,,,,,,,,,,,,true,true,12,2024-04-01,2025-03-31,0
2024-10-31,90650,2024-03-31,,563547000000,,,,,,35216000000,,36631000000,,,24379000000,,428.60,,,,,,,,,,,,,,,,,,,,,,true,false,12,2023-04-01,2024-03-31,-1
2024-10-31,90650,2025-03-31,,418500000000,0.011,,,,,,,31000000000,0.033,23000000000,,0.022,428.84,,,,,,,,,,,,,,,,,,,,,,false,true,12,2024-04-01,2025-03-31,0
2024-10-31,90650,2024-03-31,,394365000000,,,,,,,,30770000000,,22826000000,,,401.30,,,,,,,,,,,,,,,,,,,,,,false,false,12,2023-04-01,2024-03-31,-1
2025-01-31,90650,2025-03-31,3,455679000000,0.080,,,,,32870000000,0.216,33435000000,0.186,,22278000000,,410.86,,,,,,549679000000,283955000000,0.510,,280342000000,,,,,,,,,,,,true,false,9,2024-04-01,2024-12-31,0
2025-01-31,90650,2024-03-31,3,421917000000,-0.034,,,,,27024000000,-0.092,28180000000,-0.126,,18528000000,,323.44,,,,,,,,,,,,,,,,,,,,,,true,false,9,2023-04-01,2023-12-31,-1
2025-01-31,90650,2025-03-31,3,604000000000,0.072,,,,,41000000000,0.164,41000000000,0.119,,28000000000,,529.42,,,,,,,,,,,,,,,,,,,,,,true,true,12,2024-04-01,2025-03-31,0
2025-01-31,90650,2024-03-31,3,,,,,,,,,,,,,,,,,,,,505045000000,285433000000,0.558,,282047000000,,,,,,,,,,,,true,false,12,2023-04-01,2024-03-31,-1
2025-01-31,90650,2024-03-31,3,,,,,,,,,,,,,,,,,,,,,,,,,,,,,174.00,,,,61757978,6273407,,false,false,12,2023-04-01,2024-03-31,-1
2025-01-31,90650,2025-03-31,3,,,,,,,,,,,,,,,,,,,,,,,,,,,,,102.00,,,,,,,false,false,12,2024-04-01,2025-03-31,0
2025-01-31,90650,2025-03-31,3,,,,,,,,,,,,,,,,,,,,,,,,,,,,,204.00,,,,,,,false,true,12,2024-04-01,2025-03-31,0
2025-01-31,90650,2025-03-31,3,,,,,,,,,,,,,,,,,,,,,,,,,,,,,,,,,58572769,5684214,54225525,false,false,9,2024-04-01,2024-12-31,0
2025-01-31,90650,2024-03-31,3,,,,,,,,,,,,,,,,,,,,,,,,,,,,,,,,,,,57283645,false,false,9,2023-04-01,2023-12-31,-1
2025-01-31,90650,2025-03-31,,604000000000,0.013,,,,,41000000000,0.051,41000000000,0.038,,28000000000,,529.42,,,,,,,,,,,,,,,,,,,,,,true,true,12,2024-04-01,2025-03-31,0
2025-01-31,90650,2024-03-31,,563547000000,,,,,,35216000000,,36631000000,,,24379000000,,428.60,,,,,,,,,,,,,,,,,,,,,,true,false,12,2023-04-01,2024-03-31,-1
2025-01-31,90650,2025-03-31,,426500000000,0.019,,,,,,,32000000000,0.032,23500000000,,0.022,444.33,,,,,,,,,,,,,,,,,,,,,,false,true,12,2024-04-01,2025-03-31,0
2025-01-31,90650,2024-03-31,,394365000000,,,,,,,,30770000000,,22826000000,,,401.30,,,,,,,,,,,,,,,,,,,,,,false,false,12,2023-04-01,2024-03-31,-1
2025-05-12,90650,2025-03-31,,606791000000,0.077,,,,,43945000000,0.248,44679000000,0.220,,30747000000,,570.99,,0.107,0.085,0.072,,545189000000,297063000000,0.538,5580.58,293211000000,43532000000,-26472000000,-25313000000,41384000000,,0.406,,,,,,true,false,12,2024-04-01,2025-03-31,0
2025-05-12,90650,2024-03-31,,563547000000,-0.027,,,,,35216000000,-0.077,36631000000,-0.076,,24379000000,,428.60,,0.088,0.074,0.062,,505045000000,285433000000,0.558,5083.35,282047000000,21731000000,-18434000000,-9142000000,46847000000,,0.406,,,,,,true,false,12,2023-04-01,2024-03-31,-1
2025-05-12,90650,2026-03-31,,311000000000,0.040,,,,,20000000000,-0.002,20500000000,0.012,,14000000000,,266.46,,,,,,,,,,,,,,,,,,,,,,true,true,6,2025-04-01,2025-09-30,1
2025-05-12,90650,2026-03-31,,618000000000,0.018,,,,,41000000000,-0.067,41000000000,-0.082,,29500000000,,561.46,,,,,,,,,,,,,,,,0.413,,,,,,true,true,12,2025-04-01,2026-03-31,1
2025-05-12,90650,2025-03-31,,430568000000,0.092,,,,,31398000000,0.177,33870000000,0.101,24814000000,,0.087,460.80,,,,,,416031000000,175840000000,0.423,3346.70,175840000000,,,,,232.00,,,,55470257,2928798,53850082,false,false,12,2024-04-01,2025-03-31,0
2025-05-12,90650,2024-03-31,,394365000000,-0.030,,,,,26674000000,0.003,30770000000,0.024,22826000000,,0.099,401.30,,,,,,391113000000,178773000000,0.457,3222.04,178773000000,,,,,174.00,,,,61757978,6273407,56882167,false,false,12,2023-04-01,2024-03-31,-1
2025-05-12,90650,2026-03-31,,217000000000,0.016,,,,,,,17000000000,-0.055,12500000000,,-0.037,237.91,,,,,,,,,,,,,,,,,,,,,,false,true,6,2025-04-01,2025-09-30,1
2025-05-12,90650,2026-03-31,,435000000000,0.010,,,,,,,32000000000,-0.055,25000000000,,0.007,475.81,,,,,,,,,,,,,,,232.00,,,,,,,false,true,12,2025-04-01,2026-03-31,1
