filing_date,code,fiscal_year_end,quarterly_period,net_sales,net_sales_change,revenue,revenue_change,operating_revenue,operating_revenue_change,operating_profit,operating_profit_change,ordinary_profit,ordinary_profit_change,net_income,net_income_of_parent,net_income_change,eps,diluted_eps,roe,roa,operating_profit_to_net_sales,operating_profit_to_revenue,total_assets,net_assets,equity_ratio,bps,owner_equity,operating_cash_flow,investing_cash_flow,financing_cash_flow,cash,dividend_per_share,payout_ratio,commemorative_dividend,extra_dividend,number_of_shares,number_of_treqsury_shares,avg_number_of_shares,is_consolidated,is_forecast,duration,period_start,period_end,period_pos
2015-07-31,91040,2016-03-31,1,449435000000,0.012,,,,,1805000000,-0.544,10892000000,0.444,,12783000000,,10.69,9.87,,,,,2592346000000,890520000000,0.303,656.61,785259000000,,,,,,,,,,,,true,false,3,2015-04-01,2015-06-30,0
2015-07-31,91040,2015-03-31,1,443913000000,0.078,,,,,3959000000,-0.655,7543000000,-0.507,,8512000000,,7.12,6.79,,,,,,,,,,,,,,,,,,,,,true,false,3,2014-04-01,2014-06-30,-1
2015-07-31,91040,2016-03-31,1,907000000000,0.019,,,,,6000000000,0.419,24000000000,0.648,,20000000000,,16.72,,,,,,,,,,,,,,,,,,,,,,true,true,6,2015-04-01,2015-09-30,0
2015-07-31,91040,2016-03-31,1,1806000000000,-0.006,,,,,24000000000,0.391,60000000000,0.169,,43000000000,,35.95,,,,,,,,,,,,,,,,,,,,,,true,true,12,2015-04-01,2016-03-31,0
2015-07-31,91040,2015-03-31,1,,,,,,,,,,,,,,,,,,,,2624049000000,892435000000,0.298,654.26,782556000000,,,,,,,,,,,,true,false,12,2014-04-01,2015-03-31,-1
2015-07-31,91040,2015-03-31,1,,,,,,,,,,,,,,,,,,,,,,,,,,,,,7.00,,,,1206286115,10186509,,false,false,12,2014-04-01,2015-03-31,-1
2015-07-31,91040,2016-03-31,1,,,,,,,,,,,,,,,,,,,,,,,,,,,,,7.00,,,,,,,false,true,12,2015-04-01,2016-03-31,0
2015-07-31,91040,2016-03-31,1,,,,,,,,,,,,,,,,,,,,,,,,,,,,,,,,,1206286115,10347774,1196102165,false,false,3,2015-04-01,2015-06-30,0
2015-07-31,91040,2015-03-31,1,,,,,,,,,,,,,,,,,,,,,,,,,,,,,,,,,,,1195907587,false,false,3,2014-04-01,2014-06-30,-1
2015-10-30,91040,2016-03-31,2,904684000000,0.016,,,,,8185000000,0.936,27799000000,0.909,,-241000000,,-0.20,,,,,,2514167000000,873900000000,0.305,642.12,768040000000,,,,,,,,,,,,true,false,6,2015-04-01,2015-09-30,0
2015-10-30,91040,2015-03-31,2,890158000000,0.053,,,,,4227000000,-0.806,14561000000,-0.433,,11520000000,,9.63,9.04,,,,,,,,,,,,,,,,,,,,,true,false,6,2014-04-01,2014-09-30,-1
2015-10-30,91040,2016-03-31,2,1758000000000,-0.033,,,,,5000000000,-0.710,42000000000,-0.182,,17000000000,,14.21,,,,,,,,,,,,,,,,,,,,,,true,true,12,2015-04-01,2016-03-31,0
2015-10-30,91040,2015-03-31,2,,,,,,,,,,,,,,,,,,,,2624049000000,892435000000,0.298,654.26,782556000000,,,,,,,,,,,,true,false,12,2014-04-01,2015-03-31,-1
2015-10-30,91040,2015-03-31,2,,,,,,,,,,,,,,,,,,,,,,,,,,,,,7.00,,,,1206286115,10186509,,false,false,12,2014-04-01,2015-03-31,-1
2015-10-30,91040,2016-03-31,2,,,,,,,,,,,,,,,,,,,,,,,,,,,,,3.50,,,,,,,false,false,12,2015-04-01,2016-03-31,0
2015-10-30,91040,2016-03-31,2,,,,,,,,,,,,,,,,,,,,,,,,,,,,,5.00,,,,,,,false,true,12,2015-04-01,2016-03-31,0
2015-10-30,91040,2016-03-31,2,,,,,,,,,,,,,,,,,,,,,,,,,,,,,,,,,1206286115,10180387,1196101236,false,false,6,2015-04-01,2015-09-30,0
2015-10-30,91040,2015-03-31,2,,,,,,,,,,,,,,,,,,,,,,,,,,,,,,,,,,,1195921698,false,false,6,2014-04-01,2014-09-30,-1
2016-01-29,91040,2016-03-31,3,1317134000000,-0.021,,,,,9586000000,0.270,38792000000,0.302,,13294000000,,11.11,10.27,,,,,2479074000000,855717000000,0.302,626.62,749471000000,,,,,,,,,,,,true,false,9,2015-04-01,2015-12-31,0
2016-01-29,91040,2015-03-31,3,1344906000000,0.055,,,,,7550000000,-0.746,29786000000,-0.194,,24885000000,,20.81,19.43,,,,,,,,,,,,,,,,,,,,,true,false,9,2014-04-01,2014-12-31,-1
2016-01-29,91040,2016-03-31,3,1720000000000,-0.053,,,,,-5000000000,,32000000000,-0.377,,-175000000000,,-146.31,,,,,,,,,,,,,,,,,,,,,,true,true,12,2015-04-01,2016-03-31,0
2016-01-29,91040,2015-03-31,3,,,,,,,,,,,,,,,,,,,,2624049000000,892435000000,0.298,654.26,782556000000,,,,,,,,,,,,true,false,12,2014-04-01,2015-03-31,-1
2016-01-29,91040,2015-03-31,3,,,,,,,,,,,,,,,,,,,,,,,,,,,,,7.00,,,,1206286115,10186509,,false,false,12,2014-04-01,2015-03-31,-1
2016-01-29,91040,2016-03-31,3,,,,,,,,,,,,,,,,,,,,,,,,,,,,,3.50,,,,,,,false,false,12,2015-04-01,2016-03-31,0
2016-01-29,91040,2016-03-31,3,,,,,,,,,,,,,,,,,,,,,,,,,,,,,5.00,,,,,,,false,true,12,2015-04-01,2016-03-31,0
2016-01-29,91040,2016-03-31,3,,,,,,,,,,,,,,,,,,,,,,,,,,,,,,,,,1206286115,10227654,1196095808,false,false,9,2015-04-01,2015-12-31,0
2016-01-29,91040,2015-03-31,3,,,,,,,,,,,,,,,,,,,,,,,,,,,,,,,,,,,1195940963,false,false,9,2014-04-01,2014-12-31,-1
2016-04-28,91040,2016-03-31,,1712222000000,-0.058,,,,,2323000000,-0.865,36267000000,-0.293,,-170447000000,,-142.50,,-0.258,0.015,0.001,,2219587000000,646924000000,0.244,452.28,540951000000,209189000000,-26681000000,-148735000000,159449000000,,,,,,,,true,false,12,2015-04-01,2016-03-31,0
2016-04-28,91040,2015-03-31,,1817069000000,0.051,,,,,17249000000,-0.580,51330000000,-0.066,,42356000000,,35.42,32.98,0.058,0.021,0.009,,2624049000000,892435000000,0.298,654.26,782556000000,92494000000,-159150000000,6511000000,128801000000,,0.198,,,,,,true,false,12,2014-04-01,2015-03-31,-1
2016-04-28,91040,2017-03-31,,759000000000,-0.161,,,,,-500000000,,7500000000,-0.730,,7500000000,,6.27,,,,,,,,,,,,,,,,,,,,,,true,true,6,2016-04-01,2016-09-30,1
2016-04-28,91040,2017-03-31,,1516000000000,-0.115,,,,,3000000000,0.291,20000000000,-0.449,,20000000000,,16.72,,,,,,,,,,,,,,,,0.239,,,,,,true,true,12,2016-04-01,2017-03-31,1
2016-04-28,91040,2016-03-31,,1200518000000,-0.059,,,,,-14255000000,,5691000000,-0.762,-193748000000,,,-161.98,,,,,,959570000000,244572000000,0.252,202.23,241891000000,,,,,5.00,,,,1206286115,10222184,1196086948,false,false,12,2015-04-01,2016-03-31,0
2016-04-28,91040,2015-03-31,,1275969000000,0.037,,,,,-12129000000,,23929000000,-0.285,17883000000,,-0.705,14.95,13.92,,,,,1101677000000,467309000000,0.422,388.55,464756000000,,,,,7.00,,,,1206286115,10186509,1195970545,false,false,12,2014-04-01,2015-03-31,-1
2016-04-28,91040,2017-03-31,,,,,,,,,,,,,,,,,,,,,,,,,,,,,,4.00,,,,,,,false,true,12,2016-04-01,2017-03-31,1
2016-07-29,91040,2017-03-31,1,360079000000,-0.199,,,,,-3573000000,,733000000,-0.933,,1401000000,,1.17,1.08,,,,,2183555000000,619006000000,0.236,430.45,514843000000,,,,,,,,,,,,true,false,3,2016-04-01,2016-06-30,0
2016-07-29,91040,2016-03-31,1,449435000000,0.012,,,,,1805000000,-0.544,10892000000,0.444,,12783000000,,10.69,9.87,,,,,,,,,,,,,,,,,,,,,true,false,3,2015-04-01,2015-06-30,-1
2016-07-29,91040,2017-03-31,1,714500000000,-0.210,,,,,-3000000000,,3000000000,-0.892,,10000000000,,8.36,,,,,,,,,,,,,,,,,,,,,,true,true,6,2016-04-01,2016-09-30,0
2016-07-29,91040,2017-03-31,1,1493000000000,-0.128,,,,,-5000000000,,10000000000,-0.724,,15000000000,,12.54,,,,,,,,,,,,,,,,,,,,,,true,true,12,2016-04-01,2017-03-31,0
2016-07-29,91040,2016-03-31,1,,,,,,,,,,,,,,,,,,,,2219587000000,646924000000,0.244,452.28,540951000000,,,,,,,,,,,,true,false,12,2015-04-01,2016-03-31,-1
2016-07-29,91040,2016-03-31,1,,,,,,,,,,,,,,,,,,,,,,,,,,,,,5.00,,,,1206286115,10222184,,false,false,12,2015-04-01,2016-03-31,-1
2016-07-29,91040,2017-03-31,1,,,,,,,,,,,,,,,,,,,,,,,,,,,,,4.00,,,,,,,false,true,12,2016-04-01,2017-03-31,0
2016-07-29,91040,2017-03-31,1,,,,,,,,,,,,,,,,,,,,,,,,,,,,,,,,,1206286115,10228276,1196060257,false,false,3,2016-04-01,2016-06-30,0
2016-07-29,91040,2016-03-31,1,,,,,,,,,,,,,,,,,,,,,,,,,,,,,,,,,,,1196102165,false,false,3,2015-04-01,2015-06-30,-1
2016-10-31,91040,2017-03-31,2,713560000000,-0.211,,,,,-2020000000,,5498000000,-0.802,,16058000000,,13.43,12.41,,,,,2103167000000,603685000000,0.238,417.77,499671000000,,,,,,,,,,,,true,false,6,2016-04-01,2016-09-30,0
2016-10-31,91040,2016-03-31,2,904684000000,0.016,,,,,8185000000,0.936,27799000000,0.909,,-241000000,,-0.20,,,,,,,,,,,,,,,,,,,,,,true,false,6,2015-04-01,2015-09-30,-1
2016-10-31,91040,2017-03-31,2,1413000000000,-0.175,,,,,-15000000000,,-3000000000,,,7000000000,,5.85,,,,,,,,,,,,,,,,,,,,,,true,true,12,2016-04-01,2017-03-31,0
2016-10-31,91040,2016-03-31,2,,,,,,,,,,,,,,,,,,,,2219587000000,646924000000,0.244,452.28,540951000000,,,,,,,,,,,,true,false,12,2015-04-01,2016-03-31,-1
2016-10-31,91040,2016-03-31,2,,,,,,,,,,,,,,,,,,,,,,,,,,,,,5.00,,,,1206286115,10222184,,false,false,12,2015-04-01,2016-03-31,-1
2016-10-31,91040,2017-03-31,2,,,,,,,,,,,,,,,,,,,,,,,,,,,,,2.00,,,,,,,false,false,12,2016-04-01,2017-03-31,0
2016-10-31,91040,2017-03-31,2,,,,,,,,,,,,,,,,,,,,,,,,,,,,,,,,,1206286115,10238412,1196056800,false,false,6,2016-04-01,2016-09-30,0
2016-10-31,91040,2016-03-31,2,,,,,,,,,,,,,,,,,,,,,,,,,,,,,,,,,,,1196101236,false,false,6,2015-04-01,2015-09-30,-1
2017-01-31,91040,2017-03-31,3,1081440000000,-0.179,,,,,-2078000000,,13811000000,-0.644,,19026000000,,15.91,14.70,,,,,2191309000000,629444000000,0.238,436.43,521981000000,,,,,,,,,,,,true,false,9,2016-04-01,2016-12-31,0
2017-01-31,91040,2016-03-31,3,1317134000000,-0.021,,,,,9586000000,0.270,38792000000,0.302,,13294000000,,11.11,10.27,,,,,,,,,,,,,,,,,,,,,true,false,9,2015-04-01,2015-12-31,-1
2017-01-31,91040,2017-03-31,3,1482000000000,-0.134,,,,,-8000000000,,8000000000,-0.779,,0,,0.00,,,,,,,,,,,,,,,,,,,,,,true,true,12,2016-04-01,2017-03-31,0
2017-01-31,91040,2016-03-31,3,,,,,,,,,,,,,,,,,,,,2219587000000,646924000000,0.244,452.28,540951000000,,,,,,,,,,,,true,false,12,2015-04-01,2016-03-31,-1
2017-01-31,91040,2016-03-31,3,,,,,,,,,,,,,,,,,,,,,,,,,,,,,5.00,,,,1206286115,10222184,,false,false,12,2015-04-01,2016-03-31,-1
2017-01-31,91040,2017-03-31,3,,,,,,,,,,,,,,,,,,,,,,,,,,,,,2.00,,,,,,,false,false,12,2016-04-01,2017-03-31,0
2017-01-31,91040,2017-03-31,3,,,,,,,,,,,,,,,,,,,,,,,,,,,,,2.00,,,,,,,false,true,12,2016-04-01,2017-03-31,0
2017-01-31,91040,2017-03-31,3,,,,,,,,,,,,,,,,,,,,,,,,,,,,,,,,,1206286115,10261794,1196049835,false,false,9,2016-04-01,2016-12-31,0
2017-01-31,91040,2016-03-31,3,,,,,,,,,,,,,,,,,,,,,,,,,,,,,,,,,,,1196095808,false,false,9,2015-04-01,2015-12-31,-1
2017-04-28,91040,2017-03-31,,1504373000000,-0.121,,,,,2558000000,0.101,25426000000,-0.299,,5257000000,,4.40,4.06,0.009,0.011,0.002,,2217528000000,683621000000,0.258,478.23,571983000000,17623000000,-73941000000,87129000000,186844000000,,0.455,,,,,,true,false,12,2016-04-01,2017-03-31,0
2017-04-28,91040,2016-03-31,,1712222000000,-0.058,,,,,2323000000,-0.865,36267000000,-0.293,,-170447000000,,-142.50,,-0.258,0.015,0.001,,2219587000000,646924000000,0.244,452.28,540951000000,209189000000,-26681000000,-148735000000,159449000000,,,,,,,,true,false,12,2015-04-01,2016-03-31,-1
2017-04-28,91040,2018-03-31,,805000000000,0.128,,,,,4000000000,,11000000000,1.000,,7000000000,,5.85,,,,,,,,,,,,,,,,,,,,,,true,true,6,2017-04-01,2017-09-30,1
2017-04-28,91040,2018-03-31,,1610000000000,0.070,,,,,9000000000,2.518,22000000000,-0.135,,10000000000,,8.36,,,,,,,,,,,,,,,,0.239,,,,,,true,true,12,2017-04-01,2018-03-31,1
2017-04-28,91040,2017-03-31,,1052200000000,-0.124,,,,,-27450000000,,13119000000,1.305,-9950000000,,,-8.32,,,,,,1055752000000,236370000000,0.222,197.62,233922000000,,,,,2.00,,,,1206286115,10231846,1196046518,false,false,12,2016-04-01,2017-03-31,0
2017-04-28,91040,2016-03-31,,1200518000000,-0.059,,,,,-14255000000,,5691000000,-0.762,-193748000000,,,-161.98,,,,,,959570000000,244572000000,0.252,202.23,241891000000,,,,,5.00,,,,1206286115,10222184,1196086948,false,false,12,2015-04-01,2016-03-31,-1
2017-04-28,91040,2018-03-31,,,,,,,,,,,,,,,,,,,,,,,,,,,,,,2.00,,,,,,,false,true,12,2017-04-01,2018-03-31,1
2017-07-31,91040,2018-03-31,1,403284000000,0.120,,,,,1147000000,,5885000000,7.026,,5251000000,,4.39,4.06,,,,,2198561000000,679362000000,0.258,474.56,567585000000,,,,,,,,,,,,true,false,3,2017-04-01,2017-06-30,0
2017-07-31,91040,2017-03-31,1,360079000000,-0.199,,,,,-3573000000,,733000000,-0.933,,1401000000,,1.17,1.08,,,,,,,,,,,,,,,,,,,,,true,false,3,2016-04-01,2016-06-30,-1
2017-07-31,91040,2018-03-31,1,820000000000,0.149,,,,,10000000000,,16000000000,1.910,,13000000000,,108.69,,,,,,,,,,,,,,,,,,,,,,true,true,6,2017-04-01,2017-09-30,0
2017-07-31,91040,2018-03-31,1,1615000000000,0.074,,,,,18000000000,6.036,25000000000,-0.017,,12000000000,,100.33,,,,,,,,,,,,,,,,,,,,,,true,true,12,2017-04-01,2018-03-31,0
2017-07-31,91040,2017-03-31,1,,,,,,,,,,,,,,,,,,,,2217528000000,683621000000,0.258,478.23,571983000000,,,,,,,,,,,,true,false,12,2016-04-01,2017-03-31,-1
2017-07-31,91040,2017-03-31,1,,,,,,,,,,,,,,,,,,,,,,,,,,,,,2.00,,,,1206286115,10231846,,false,false,12,2016-04-01,2017-03-31,-1
2017-07-31,91040,2018-03-31,1,,,,,,,,,,,,,,,,,,,,,,,,,,,,,10.00,,,,,,,false,true,12,2017-04-01,2018-03-31,0
2017-07-31,91040,2018-03-31,1,,,,,,,,,,,,,,,,,,,,,,,,,,,,,,,,,1206286115,10253473,1196043472,false,false,3,2017-04-01,2017-06-30,0
2017-07-31,91040,2017-03-31,1,,,,,,,,,,,,,,,,,,,,,,,,,,,,,,,,,,,1196060257,false,false,3,2016-04-01,2016-06-30,-1
2017-10-31,91040,2018-03-31,2,818901000000,0.148,,,,,11146000000,,17347000000,2.155,,13123000000,,109.72,101.33,,,,,2188391000000,687223000000,0.262,4799.75,574073000000,,,,,,,,,,,,true,false,6,2017-04-01,2017-09-30,0
2017-10-31,91040,2017-03-31,2,713560000000,-0.211,,,,,-2020000000,,5498000000,-0.802,,16058000000,,134.26,124.06,,,,,,,,,,,,,,,,,,,,,true,false,6,2016-04-01,2016-09-30,-1
2017-10-31,91040,2018-03-31,2,1615000000000,0.074,,,,,20000000000,6.818,25000000000,-0.017,,12000000000,,100.33,,,,,,,,,,,,,,,,,,,,,,true,true,12,2017-04-01,2018-03-31,0
2017-10-31,91040,2017-03-31,2,,,,,,,,,,,,,,,,,,,,2217528000000,683621000000,0.258,4782.25,571983000000,,,,,,,,,,,,true,false,12,2016-04-01,2017-03-31,-1
2017-10-31,91040,2017-03-31,2,,,,,,,,,,,,,,,,,,,,,,,,,,,,,2.00,,,,120628611,1023184,,false,false,12,2016-04-01,2017-03-31,-1
2017-10-31,91040,2018-03-31,2,,,,,,,,,,,,,,,,,,,,,,,,,,,,,1.00,,,,,,,false,false,12,2017-04-01,2018-03-31,0
2017-10-31,91040,2018-03-31,2,,,,,,,,,,,,,,,,,,,,,,,,,,,,,10.00,,,,,,,false,true,12,2017-04-01,2018-03-31,0
2017-10-31,91040,2018-03-31,2,,,,,,,,,,,,,,,,,,,,,,,,,,,,,,,,,120628611,1023846,119604346,false,false,6,2017-04-01,2017-09-30,0
2017-10-31,91040,2017-03-31,2,,,,,,,,,,,,,,,,,,,,,,,,,,,,,,,,,,,119605680,false,false,6,2016-04-01,2016-09-30,-1
2018-01-31,91040,2018-03-31,3,1239661000000,0.146,,,,,24364000000,,34564000000,1.503,,29229000000,,244.40,225.70,,,,,2251848000000,714061000000,0.266,5003.19,598322000000,,,,,,,,,,,,true,false,9,2017-04-01,2017-12-31,0
2018-01-31,91040,2017-03-31,3,1081440000000,-0.179,,,,,-2078000000,,13811000000,-0.644,,19026000000,,159.08,146.99,,,,,,,,,,,,,,,,,,,,,true,false,9,2016-04-01,2016-12-31,-1
2018-01-31,91040,2018-03-31,3,1630000000000,0.084,,,,,25000000000,8.773,25000000000,-0.017,,10000000000,,83.61,,,,,,,,,,,,,,,,,,,,,,true,true,12,2017-04-01,2018-03-31,0
2018-01-31,91040,2017-03-31,3,,,,,,,,,,,,,,,,,,,,2217528000000,683621000000,0.258,4782.25,571983000000,,,,,,,,,,,,true,false,12,2016-04-01,2017-03-31,-1
2018-01-31,91040,2017-03-31,3,,,,,,,,,,,,,,,,,,,,,,,,,,,,,2.00,,,,120628611,1023184,,false,false,12,2016-04-01,2017-03-31,-1
2018-01-31,91040,2018-03-31,3,,,,,,,,,,,,,,,,,,,,,,,,,,,,,1.00,,,,,,,false,false,12,2017-04-01,2018-03-31,0
2018-01-31,91040,2018-03-31,3,,,,,,,,,,,,,,,,,,,,,,,,,,,,,10.00,,,,,,,false,true,12,2017-04-01,2018-03-31,0
2018-01-31,91040,2018-03-31,3,,,,,,,,,,,,,,,,,,,,,,,,,,,,,,,,,120628611,1040323,119600258,false,false,9,2017-04-01,2017-12-31,0
2018-01-31,91040,2017-03-31,3,,,,,,,,,,,,,,,,,,,,,,,,,,,,,,,,,,,119604984,false,false,9,2016-04-01,2016-12-31,-1
2018-04-27,91040,2018-03-31,,1652393000000,0.098,,,,,22684000000,7.867,31473000000,0.238,,-47380000000,,-396.16,,-0.087,0.014,0.014,,2225636000000,628044000000,0.230,4274.81,511242000000,98380000000,-100851000000,9243000000,189591000000,,,,,,,,true,false,12,2017-04-01,2018-03-31,0
2018-04-27,91040,2017-03-31,,1504373000000,-0.121,,,,,2558000000,0.101,25426000000,-0.299,,5257000000,,43.95,40.61,0.009,0.011,0.002,,2217528000000,683621000000,0.258,4782.25,571983000000,17623000000,-73941000000,87129000000,186844000000,,0.455,,,,,,true,false,12,2016-04-01,2017-03-31,-1
2018-04-27,91040,2019-03-31,,576000000000,-0.297,,,,,8000000000,-0.282,14000000000,-0.193,,10000000000,,83.61,,,,,,,,,,,,,,,,,,,,,,true,true,6,2018-04-01,2018-09-30,1
2018-04-27,91040,2019-03-31,,1130000000000,-0.316,,,,,23000000000,0.014,40000000000,0.271,,30000000000,,250.84,,,,,,,,,,,,,,,,0.199,,,,,,true,true,12,2018-04-01,2019-03-31,1
2018-04-27,91040,2018-03-31,,1222574000000,0.162,,,,,2828000000,,17744000000,0.352,-65936000000,,,-551.30,,,,,,1062651000000,172673000000,0.161,1426.85,170647000000,,,,,10.00,,,,120628611,1034392,119598346,false,false,12,2017-04-01,2018-03-31,0
2018-04-27,91040,2017-03-31,,1052200000000,-0.124,,,,,-27450000000,,13119000000,1.305,-9950000000,,,-83.19,,,,,,1055752000000,236370000000,0.222,1955.75,233922000000,,,,,2.00,,,,120628611,1023184,119604652,false,false,12,2016-04-01,2017-03-31,-1
2018-04-27,91040,2019-03-31,,,,,,,,,,,,,,,,,,,,,,,,,,,,,,50.00,,,,,,,false,true,12,2018-04-01,2019-03-31,1
2018-07-31,91040,2019-03-31,1,304434000000,-0.245,,,,,3691000000,2.216,251000000,-0.957,,-1682000000,,-14.07,,,,,,2206323000000,619337000000,0.228,4204.51,502828000000,,,,,,,,,,,,true,false,3,2018-04-01,2018-06-30,0
2018-07-31,91040,2018-03-31,1,403284000000,0.120,,,,,1147000000,,5885000000,7.026,,5251000000,,43.91,40.55,,,,,,,,,,,,,,,,,,,,,true,false,3,2017-04-01,2017-06-30,-1
2018-07-31,91040,2019-03-31,1,584000000000,-0.287,,,,,9000000000,-0.193,12000000000,-0.308,,8000000000,,66.89,,,,,,,,,,,,,,,,,,,,,,true,true,6,2018-04-01,2018-09-30,0
2018-07-31,91040,2019-03-31,1,1140000000000,-0.310,,,,,25000000000,0.102,40000000000,0.271,,30000000000,,250.85,,,,,,,,,,,,,,,,,,,,,,true,true,12,2018-04-01,2019-03-31,0
2018-07-31,91040,2018-03-31,1,,,,,,,,,,,,,,,,,,,,2225096000000,628044000000,0.230,4274.81,511242000000,,,,,,,,,,,,true,false,12,2017-04-01,2018-03-31,-1
2018-07-31,91040,2018-03-31,1,,,,,,,,,,,,,,,,,,,,,,,,,,,,,10.00,,,,120628611,1034392,,false,false,12,2017-04-01,2018-03-31,-1
2018-07-31,91040,2019-03-31,1,,,,,,,,,,,,,,,,,,,,,,,,,,,,,50.00,,,,,,,false,true,12,2018-04-01,2019-03-31,0
2018-07-31,91040,2019-03-31,1,,,,,,,,,,,,,,,,,,,,,,,,,,,,,,,,,120628611,1035791,119593512,false,false,3,2018-04-01,2018-06-30,0
2018-07-31,91040,2018-03-31,1,,,,,,,,,,,,,,,,,,,,,,,,,,,,,,,,,,,119604347,false,false,3,2017-04-01,2017-06-30,-1
2018-10-16,91040,2019-03-31,,618000000000,0.058,,,,,14000000000,0.555,9500000000,-0.208,,5500000000,,45.99,,,,,,,,,,,,,,,,,,,,,,true,true,6,2018-04-01,2018-09-30,0
2018-10-16,91040,2018-03-31,,818901000000,,,,,,11146000000,,17347000000,,,13123000000,,109.72,,,,,,,,,,,,,,,,,,,,,,true,false,6,2017-04-01,2017-09-30,-1
2018-10-31,91040,2019-03-31,2,619895000000,-0.243,,,,,14761000000,0.324,10277000000,-0.408,,5725000000,,47.88,46.24,,,,,2262672000000,653536000000,0.236,4471.18,534716000000,,,,,,,,,,,,true,false,6,2018-04-01,2018-09-30,0
2018-10-31,91040,2018-03-31,2,818901000000,0.148,,,,,11146000000,,17347000000,2.155,,13123000000,,109.72,101.33,,,,,,,,,,,,,,,,,,,,,true,false,6,2017-04-01,2017-09-30,-1
2018-10-31,91040,2019-03-31,2,1200000000000,-0.274,,,,,30000000000,0.323,22000000000,-0.301,,17000000000,,142.15,,,,,,,,,,,,,,,,,,,,,,true,true,12,2018-04-01,2019-03-31,0
2018-10-31,91040,2018-03-31,2,,,,,,,,,,,,,,,,,,,,2225096000000,628044000000,0.230,4274.81,511242000000,,,,,,,,,,,,true,false,12,2017-04-01,2018-03-31,-1
2018-10-31,91040,2018-03-31,2,,,,,,,,,,,,,,,,,,,,,,,,,,,,,10.00,,,,120628611,1034392,,false,false,12,2017-04-01,2018-03-31,-1
2018-10-31,91040,2019-03-31,2,,,,,,,,,,,,,,,,,,,,,,,,,,,,,20.00,,,,,,,false,false,12,2018-04-01,2019-03-31,0
2018-10-31,91040,2019-03-31,2,,,,,,,,,,,,,,,,,,,,,,,,,,,,,40.00,,,,,,,false,true,12,2018-04-01,2019-03-31,0
2018-10-31,91040,2019-03-31,2,,,,,,,,,,,,,,,,,,,,,,,,,,,,,,,,,120628611,1036945,119592910,false,false,6,2018-04-01,2018-09-30,0
2018-10-31,91040,2018-03-31,2,,,,,,,,,,,,,,,,,,,,,,,,,,,,,,,,,,,119604346,false,false,6,2017-04-01,2017-09-30,-1
2019-01-31,91040,2019-03-31,3,942226000000,-0.240,,,,,29679000000,0.218,24677000000,-0.286,,20095000000,,168.03,162.31,,,,,2171741000000,661690000000,0.247,4482.00,536009000000,,,,,,,,,,,,true,false,9,2018-04-01,2018-12-31,0
2019-01-31,91040,2018-03-31,3,1239661000000,0.146,,,,,24364000000,,34564000000,1.503,,29229000000,,244.40,225.70,,,,,,,,,,,,,,,,,,,,,true,false,9,2017-04-01,2017-12-31,-1
2019-01-31,91040,2019-03-31,3,1210000000000,-0.268,,,,,35000000000,0.543,28000000000,-0.110,,21000000000,,175.60,,,,,,,,,,,,,,,,,,,,,,true,true,12,2018-04-01,2019-03-31,0
2019-01-31,91040,2018-03-31,3,,,,,,,,,,,,,,,,,,,,2225096000000,628044000000,0.230,4274.81,511242000000,,,,,,,,,,,,true,false,12,2017-04-01,2018-03-31,-1
2019-01-31,91040,2018-03-31,3,,,,,,,,,,,,,,,,,,,,,,,,,,,,,10.00,,,,120628611,1034392,,false,false,12,2017-04-01,2018-03-31,-1
2019-01-31,91040,2019-03-31,3,,,,,,,,,,,,,,,,,,,,,,,,,,,,,20.00,,,,,,,false,false,12,2018-04-01,2019-03-31,0
2019-01-31,91040,2019-03-31,3,,,,,,,,,,,,,,,,,,,,,,,,,,,,,40.00,,,,,,,false,true,12,2018-04-01,2019-03-31,0
2019-01-31,91040,2019-03-31,3,,,,,,,,,,,,,,,,,,,,,,,,,,,,,,,,,120628611,1036836,119592898,false,false,9,2018-04-01,2018-12-31,0
2019-01-31,91040,2018-03-31,3,,,,,,,,,,,,,,,,,,,,,,,,,,,,,,,,,,,119600258,false,false,9,2017-04-01,2017-12-31,-1
2019-04-26,91040,2019-03-31,,1234077000000,-0.253,,,,,37718000000,0.663,38574000000,0.226,,26875000000,,224.72,217.09,0.052,0.018,0.031,,2134477000000,651607000000,0.246,4390.39,525064000000,55248000000,-198341000000,70520000000,119155000000,,0.200,,,,,,true,false,12,2018-04-01,2019-03-31,0
2019-04-26,91040,2018-03-31,,1652393000000,0.098,,,,,22684000000,7.867,31473000000,0.238,,-47380000000,,-396.16,,-0.087,0.014,0.014,,2225096000000,628044000000,0.230,4274.81,511242000000,98380000000,-100851000000,9243000000,189591000000,,,,,,,,true,false,12,2017-04-01,2018-03-31,-1
2019-04-26,91040,2020-03-31,,595000000000,-0.040,,,,,13000000000,-0.119,28000000000,1.724,,25000000000,,209.04,,,,,,,,,,,,,,,,,,,,,,true,true,6,2019-04-01,2019-09-30,1
2019-04-26,91040,2020-03-31,,1194000000000,-0.032,,,,,26000000000,-0.311,50000000000,0.296,,40000000000,,334.47,,,,,,,,,,,,,,,,0.194,,,,,,true,true,12,2019-04-01,2020-03-31,1
2019-04-26,91040,2019-03-31,,760166000000,-0.378,,,,,12055000000,3.263,36260000000,1.044,36946000000,,,308.93,298.44,,,,,1031335000000,199606000000,0.192,1653.92,197803000000,,,,,45.00,,,,120628611,1034487,119592702,false,false,12,2018-04-01,2019-03-31,0
2019-04-26,91040,2018-03-31,,1222574000000,0.162,,,,,2828000000,,17744000000,0.352,-65936000000,,,-551.30,,,,,,1062651000000,172673000000,0.161,1426.85,170647000000,,,,,10.00,,,,120628611,1034392,119598346,false,false,12,2017-04-01,2018-03-31,-1
2019-04-26,91040,2020-03-31,,,,,,,,,,,,,,,,,,,,,,,,,,,,,,65.00,,,,,,,false,true,12,2019-04-01,2020-03-31,1
2019-07-31,91040,2020-03-31,1,283147000000,-0.070,,,,,6854000000,0.857,14007000000,,,12273000000,,102.63,99.16,,,,,2082641000000,639824000000,0.246,4287.67,512774000000,,,,,,,,,,,,true,false,3,2019-04-01,2019-06-30,0
2019-07-31,91040,2019-03-31,1,304434000000,-0.245,,,,,3691000000,2.216,251000000,-0.957,,-1682000000,,-14.07,,,,,,,,,,,,,,,,,,,,,,true,false,3,2018-04-01,2018-06-30,-1
2019-07-31,91040,2020-03-31,1,583000000000,-0.060,,,,,15000000000,0.016,30000000000,1.919,,27000000000,,225.77,,,,,,,,,,,,,,,,,,,,,,true,true,6,2019-04-01,2019-09-30,0
2019-07-31,91040,2020-03-31,1,1173000000000,-0.049,,,,,26000000000,-0.311,50000000000,0.296,,40000000000,,334.47,,,,,,,,,,,,,,,,,,,,,,true,true,12,2019-04-01,2020-03-31,0
2019-07-31,91040,2019-03-31,1,,,,,,,,,,,,,,,,,,,,2134477000000,651607000000,0.246,4390.39,525064000000,,,,,,,,,,,,true,false,12,2018-04-01,2019-03-31,-1
2019-07-31,91040,2019-03-31,1,,,,,,,,,,,,,,,,,,,,,,,,,,,,,45.00,,,,120628611,1034487,,false,false,12,2018-04-01,2019-03-31,-1
2019-07-31,91040,2020-03-31,1,,,,,,,,,,,,,,,,,,,,,,,,,,,,,65.00,,,,,,,false,true,12,2019-04-01,2020-03-31,0
2019-07-31,91040,2020-03-31,1,,,,,,,,,,,,,,,,,,,,,,,,,,,,,,,,,120628611,1035798,119593410,false,false,3,2019-04-01,2019-06-30,0
2019-07-31,91040,2019-03-31,1,,,,,,,,,,,,,,,,,,,,,,,,,,,,,,,,,,,119593512,false,false,3,2018-04-01,2018-06-30,-1
2019-10-31,91040,2020-03-31,2,574350000000,-0.073,,,,,12045000000,-0.184,28154000000,1.739,,25636000000,,214.37,207.11,,,,,2069083000000,633474000000,0.245,4231.03,505988000000,,,,,,,,,,,,true,false,6,2019-04-01,2019-09-30,0
2019-10-31,91040,2019-03-31,2,619895000000,-0.243,,,,,14761000000,0.324,10277000000,-0.408,,5725000000,,47.88,46.24,,,,,,,,,,,,,,,,,,,,,true,false,6,2018-04-01,2018-09-30,-1
2019-10-31,91040,2020-03-31,2,1173000000000,-0.049,,,,,26000000000,-0.311,50000000000,0.296,,40000000000,,334.47,,,,,,,,,,,,,,,,,,,,,,true,true,12,2019-04-01,2020-03-31,0
2019-10-31,91040,2019-03-31,2,,,,,,,,,,,,,,,,,,,,2134477000000,651607000000,0.246,4390.39,525064000000,,,,,,,,,,,,true,false,12,2018-04-01,2019-03-31,-1
2019-10-31,91040,2019-03-31,2,,,,,,,,,,,,,,,,,,,,,,,,,,,,,45.00,,,,120628611,1034487,,false,false,12,2018-04-01,2019-03-31,-1
2019-10-31,91040,2020-03-31,2,,,,,,,,,,,,,,,,,,,,,,,,,,,,,30.00,,,,,,,false,false,12,2019-04-01,2020-03-31,0
2019-10-31,91040,2020-03-31,2,,,,,,,,,,,,,,,,,,,,,,,,,,,,,65.00,,,,,,,false,true,12,2019-04-01,2020-03-31,0
2019-10-31,91040,2020-03-31,2,,,,,,,,,,,,,,,,,,,,,,,,,,,,,,,,,120628611,1038527,119592243,false,false,6,2019-04-01,2019-09-30,0
2019-10-31,91040,2019-03-31,2,,,,,,,,,,,,,,,,,,,,,,,,,,,,,,,,,,,119592910,false,false,6,2018-04-01,2018-09-30,-1
2020-01-31,91040,2020-03-31,3,867269000000,-0.080,,,,,24303000000,-0.181,49281000000,0.997,,48486000000,,405.43,391.67,,,,,2078425000000,654706000000,0.252,4384.82,524385000000,,,,,,,,,,,,true,false,9,2019-04-01,2019-12-31,0
2020-01-31,91040,2019-03-31,3,942226000000,-0.240,,,,,29679000000,0.218,24677000000,-0.286,,20095000000,,168.03,162.31,,,,,,,,,,,,,,,,,,,,,true,false,9,2018-04-01,2018-12-31,-1
2020-01-31,91040,2020-03-31,3,1140000000000,-0.076,,,,,25000000000,-0.337,50000000000,0.296,,40000000000,,334.47,,,,,,,,,,,,,,,,,,,,,,true,true,12,2019-04-01,2020-03-31,0
2020-01-31,91040,2019-03-31,3,,,,,,,,,,,,,,,,,,,,2134477000000,651607000000,0.246,4390.39,525064000000,,,,,,,,,,,,true,false,12,2018-04-01,2019-03-31,-1
2020-01-31,91040,2019-03-31,3,,,,,,,,,,,,,,,,,,,,,,,,,,,,,45.00,,,,120628611,1034487,,false,false,12,2018-04-01,2019-03-31,-1
2020-01-31,91040,2020-03-31,3,,,,,,,,,,,,,,,,,,,,,,,,,,,,,30.00,,,,,,,false,false,12,2019-04-01,2020-03-31,0
2020-01-31,91040,2020-03-31,3,,,,,,,,,,,,,,,,,,,,,,,,,,,,,65.00,,,,,,,false,true,12,2019-04-01,2020-03-31,0
2020-01-31,91040,2020-03-31,3,,,,,,,,,,,,,,,,,,,,,,,,,,,,,,,,,120628611,1037438,119592278,false,false,9,2019-04-01,2019-12-31,0
2020-01-31,91040,2019-03-31,3,,,,,,,,,,,,,,,,,,,,,,,,,,,,,,,,,,,119592898,false,false,9,2018-04-01,2018-12-31,-1
2020-04-30,91040,2020-03-31,,1155404000000,-0.064,,,,,23779000000,-0.370,55090000000,0.428,,32623000000,,272.79,263.55,0.063,0.026,0.021,,2098717000000,641235000000,0.245,4292.31,513335000000,100723000000,-107250000000,-728000000,102283000000,,0.238,,,,,,true,false,12,2019-04-01,2020-03-31,0
2020-04-30,91040,2019-03-31,,1234077000000,-0.253,,,,,37718000000,0.663,38574000000,0.226,,26875000000,,224.72,217.09,0.052,0.018,0.031,,2134477000000,651607000000,0.246,4390.39,525064000000,55248000000,-198341000000,70520000000,119155000000,,0.200,,,,,,true,false,12,2018-04-01,2019-03-31,-1
2020-04-30,91040,2020-03-31,,700120000000,-0.079,,,,,12689000000,0.053,32443000000,-0.105,15793000000,,-0.573,132.05,127.58,,,,,1008170000000,198234000000,0.195,1643.76,196588000000,,,,,65.00,,,,120628611,1034427,119592239,false,false,12,2019-04-01,2020-03-31,0
2020-04-30,91040,2019-03-31,,760166000000,-0.378,,,,,12055000000,3.263,36260000000,1.044,36946000000,,,308.93,298.44,,,,,1031335000000,199606000000,0.192,1653.92,197803000000,,,,,45.00,,,,120628611,1034487,119592702,false,false,12,2018-04-01,2019-03-31,-1
2020-04-30,91040,2021-03-31,,,,,,,,,,-7000000000,,,,,,,,,,,,,,,,,,,,,,,,,,,true,true,3,2020-04-01,2020-06-30,1
2020-04-30,91040,2021-03-31,,,,,,,,,,-10000000000,,,,,,,,,,,,,,,,,,,,,,,,,,,true,true,12,2020-04-01,2021-03-31,1
2020-04-30,91040,2021-03-31,,,,,,,,,,-40000000000,,,,,,,,,,,,,,,,,,,,,,,,,,,true,true,12,2020-04-01,2021-03-31,1
2020-06-17,91040,2020-03-31,,1155404000000,,,,,,23779000000,,55090000000,,,32623000000,,272.79,,,,,,,,,,,,,,,,,,,,,,true,false,12,2019-04-01,2020-03-31,-1
2020-06-17,91040,2021-03-31,,,,,,,,,,-40000000000,,,,,,,,,,,,,,,,,,,,,,,,,,,true,true,12,2020-04-01,2021-03-31,0
2020-06-17,91040,2021-03-31,,,,,,,,,,-10000000000,,,,,,,,,,,,,,,,,,,,,,,,,,,true,true,12,2020-04-01,2021-03-31,0
2020-06-17,91040,2021-03-31,,,,,,,,,,0,,,,,,,,,,,,,,,,,,,,,,,,,,,true,true,12,2020-04-01,2021-03-31,0
2020-07-31,91040,2021-03-31,1,251471000000,-0.112,,,,,-5126000000,,7358000000,-0.475,,5491000000,,45.92,45.13,,,,,2036451000000,614648000000,0.242,,492609000000,,,,,,,,,,,,true,false,3,2020-04-01,2020-06-30,0
2020-07-31,91040,2020-03-31,1,283147000000,-0.070,,,,,6854000000,0.857,14007000000,,,12273000000,,102.63,99.16,,,,,,,,,,,,,,,,,,,,,true,false,3,2019-04-01,2019-06-30,-1
2020-07-31,91040,2021-03-31,1,,,,,,,,,0,,,,,,,,,,,,,,,,,,,,,,,,,,,true,true,12,2020-04-01,2021-03-31,0
2020-07-31,91040,2020-03-31,1,,,,,,,,,,,,,,,,,,,,2098717000000,641235000000,0.245,,513335000000,,,,,,,,,,,,true,false,12,2019-04-01,2020-03-31,-1
2020-07-31,91040,2020-03-31,1,,,,,,,,,,,,,,,,,,,,,,,,,,,,,65.00,,,,120628611,1034427,,false,false,12,2019-04-01,2020-03-31,-1
2020-07-31,91040,2021-03-31,1,,,,,,,,,,,,,,,,,,,,,,,,,,,,,,,,,120628611,1035176,119593870,false,false,3,2020-04-01,2020-06-30,0
2020-07-31,91040,2020-03-31,1,,,,,,,,,,,,,,,,,,,,,,,,,,,,,,,,,,,119593410,false,false,3,2019-04-01,2019-06-30,-1
2020-09-24,91040,2021-03-31,,500000000000,,,,,,-9000000000,,22000000000,,,22000000000,,183.96,,,,,,,,,,,,,,,,,,,,,,true,true,6,2020-04-01,2020-09-30,0
2020-09-24,91040,2020-03-31,,574350000000,,,,,,12045000000,,28154000000,,,25636000000,,214.37,,,,,,,,,,,,,,,,,,,,,,true,false,6,2019-04-01,2019-09-30,-1
2020-09-24,91040,2020-03-31,,1155404000000,,,,,,23779000000,,55090000000,,,32623000000,,272.79,,,,,,,,,,,,,,,,,,,,,,true,false,12,2019-04-01,2020-03-31,-1
2020-09-24,91040,2021-03-31,,,,,,,,,,0,,,,,,,,,,,,,,,,,,,,,,,,,,,true,true,12,2020-04-01,2021-03-31,0
2020-09-24,91040,2021-03-31,,,,,,,,,,,,,,,,,,,,,,,,,,,,,,10.00,,,,,,,false,true,12,2020-04-01,2021-03-31,0
2020-09-24,91040,2020-03-31,,,,,,,,,,,,,,,,,,,,,,,,,,,,,,65.00,,,,,,,false,false,12,2019-04-01,2020-03-31,-1
2020-10-30,91040,2021-03-31,2,484686000000,-0.156,,,,,-4222000000,,32732000000,0.163,,30251000000,,252.96,251.62,,,,,2053393000000,632667000000,0.249,,510434000000,,,,,,,,,,,,true,false,6,2020-04-01,2020-09-30,0
2020-10-30,91040,2020-03-31,2,574350000000,-0.073,,,,,12045000000,-0.184,28154000000,1.739,,25636000000,,214.37,207.11,,,,,,,,,,,,,,,,,,,,,true,false,6,2019-04-01,2019-09-30,-1
2020-10-30,91040,2021-03-31,2,975000000000,-0.156,,,,,-13000000000,,40000000000,-0.274,,20000000000,,167.23,,,,,,,,,,,,,,,,,,,,,,true,true,12,2020-04-01,2021-03-31,0
2020-10-30,91040,2020-03-31,2,,,,,,,,,,,,,,,,,,,,2098717000000,641235000000,0.245,,513335000000,,,,,,,,,,,,true,false,12,2019-04-01,2020-03-31,-1
2020-10-30,91040,2020-03-31,2,,,,,,,,,,,,,,,,,,,,,,,,,,,,,65.00,,,,120628611,1034427,,false,false,12,2019-04-01,2020-03-31,-1
2020-10-30,91040,2021-03-31,2,,,,,,,,,,,,,,,,,,,,,,,,,,,,,15.00,,,,,,,false,false,12,2020-04-01,2021-03-31,0
2020-10-30,91040,2021-03-31,2,,,,,,,,,,,,,,,,,,,,,,,,,,,,,35.00,,,,,,,false,true,12,2020-04-01,2021-03-31,0
2020-10-30,91040,2021-03-31,2,,,,,,,,,,,,,,,,,,,,,,,,,,,,,,,,,120628611,1036766,119593280,false,false,6,2020-04-01,2020-09-30,0
2020-10-30,91040,2020-03-31,2,,,,,,,,,,,,,,,,,,,,,,,,,,,,,,,,,,,119592243,false,false,6,2019-04-01,2019-09-30,-1
2021-01-29,91040,2021-03-31,3,731684000000,-0.156,,,,,-1082000000,,72984000000,0.481,,64409000000,,538.58,536.49,,,,,2056306000000,656153000000,0.259,,533343000000,,,,,,,,,,,,true,false,9,2020-04-01,2020-12-31,0
2021-01-29,91040,2020-03-31,3,867269000000,-0.080,,,,,24303000000,-0.181,49281000000,0.997,,48486000000,,405.43,391.67,,,,,,,,,,,,,,,,,,,,,true,false,9,2019-04-01,2019-12-31,-1
2021-01-29,91040,2021-03-31,3,985000000000,-0.147,,,,,-2000000000,,95000000000,0.724,,60000000000,,501.70,,,,,,,,,,,,,,,,,,,,,,true,true,12,2020-04-01,2021-03-31,0
2021-01-29,91040,2020-03-31,3,,,,,,,,,,,,,,,,,,,,2098717000000,641235000000,0.245,,513335000000,,,,,,,,,,,,true,false,12,2019-04-01,2020-03-31,-1
2021-01-29,91040,2020-03-31,3,,,,,,,,,,,,,,,,,,,,,,,,,,,,,65.00,,,,120628611,1034427,,false,false,12,2019-04-01,2020-03-31,-1
2021-01-29,91040,2021-03-31,3,,,,,,,,,,,,,,,,,,,,,,,,,,,,,15.00,,,,,,,false,false,12,2020-04-01,2021-03-31,0
2021-01-29,91040,2021-03-31,3,,,,,,,,,,,,,,,,,,,,,,,,,,,,,100.00,,,,,,,false,true,12,2020-04-01,2021-03-31,0
2021-01-29,91040,2021-03-31,3,,,,,,,,,,,,,,,,,,,,,,,,,,,,,,,,,120628611,1037235,119592626,false,false,9,2020-04-01,2020-12-31,0
2021-01-29,91040,2020-03-31,3,,,,,,,,,,,,,,,,,,,,,,,,,,,,,,,,,,,119592278,false,false,9,2019-04-01,2019-12-31,-1
2021-04-02,91040,2021-03-31,,985000000000,0.000,,,,,-2000000000,0.000,120000000000,0.263,60000000000,,0.000,501.70,,,,,,,,,,,,,,,,,,,,,,true,true,12,2020-04-01,2021-03-31,0
2021-04-02,91040,2020-03-31,,1155404000000,,,,,,23779000000,,55090000000,,32623000000,,,272.79,,,,,,,,,,,,,,,,,,,,,,true,false,12,2019-04-01,2020-03-31,-1
2021-04-30,91040,2021-03-31,,991426000000,-0.142,,,,,-5303000000,,133604000000,1.425,,90052000000,,752.98,750.66,0.165,0.064,-0.005,,2095559000000,699150000000,0.276,4830.12,577782000000,98898000000,-54660000000,-61705000000,83436000000,,0.199,,,,,,true,false,12,2020-04-01,2021-03-31,0
2021-04-30,91040,2020-03-31,,1155404000000,-0.064,,,,,23779000000,-0.370,55090000000,0.428,,32623000000,,272.79,263.55,0.063,0.026,0.021,,2098717000000,641235000000,0.245,4292.31,513335000000,100723000000,-107250000000,-728000000,102283000000,,0.238,,,,,,true,false,12,2019-04-01,2020-03-31,-1
2021-04-30,91040,2022-03-31,,540000000000,0.114,,,,,15000000000,,65000000000,0.986,,50000000000,,418.08,,,,,,,,,,,,,,,,,,,,,,true,true,6,2021-04-01,2021-09-30,1
2021-04-30,91040,2022-03-31,,1060000000000,0.069,,,,,28000000000,,100000000000,-0.251,,90000000000,,752.52,,,,,,,,,,,,,,,,0.199,,,,,,true,true,12,2021-04-01,2022-03-31,1
2021-04-30,91040,2021-03-31,,585630000000,-0.164,,,,,-13267000000,,23457000000,-0.277,-9169000000,,,-76.67,,,,,,1009922000000,194574000000,0.191,1615.29,193226000000,,,,,150.00,,,,120628611,1008005,119594990,false,false,12,2020-04-01,2021-03-31,0
2021-04-30,91040,2020-03-31,,700120000000,-0.079,,,,,12689000000,0.053,32443000000,-0.105,15793000000,,-0.573,132.05,127.58,,,,,1008170000000,198234000000,0.195,1643.76,196588000000,,,,,65.00,,,,120628611,1034427,119592239,false,false,12,2019-04-01,2020-03-31,-1
2021-04-30,91040,2022-03-31,,,,,,,,,,,,,,,,,,,,,,,,,,,,,,150.00,,,,,,,false,true,12,2021-04-01,2022-03-31,1
2021-06-21,91040,2022-03-31,,560000000000,0.037,,,,,15000000000,0.000,185000000000,1.846,,170000000000,,1421.43,,,,,,,,,,,,,,,,,,,,,,true,true,6,2021-04-01,2021-09-30,0
2021-06-21,91040,2021-03-31,,484686000000,,,,,,-4222000000,,32732000000,,,30251000000,,252.96,,,,,,,,,,,,,,,,,,,,,,true,false,6,2020-04-01,2020-09-30,-1
2021-06-21,91040,2022-03-31,,1080000000000,0.019,,,,,28000000000,0.000,220000000000,1.200,,210000000000,,1755.88,,,,,,,,,,,,,,,,,,,,,,true,true,12,2021-04-01,2022-03-31,0
2021-06-21,91040,2021-03-31,,991426000000,,,,,,-5303000000,,133604000000,,,90052000000,,752.98,,,,,,,,,,,,,,,,,,,,,,true,false,12,2020-04-01,2021-03-31,-1
2021-07-30,91040,2022-03-31,1,288874000000,0.149,,,,,8042000000,,104268000000,,,104147000000,,870.21,867.75,,,,,2217926000000,827625000000,0.317,,704089000000,,,,,,,,,,,,true,false,3,2021-04-01,2021-06-30,0
2021-07-30,91040,2021-03-31,1,251471000000,-0.112,,,,,-5126000000,,7358000000,-0.475,,5491000000,,45.92,45.13,,,,,,,,,,,,,,,,,,,,,true,false,3,2020-04-01,2020-06-30,-1
2021-07-30,91040,2022-03-31,1,570000000000,0.176,,,,,16000000000,,232000000000,6.088,,225000000000,,1878.68,,,,,,,,,,,,,,,,,,,,,,true,true,6,2021-04-01,2021-09-30,0
2021-07-30,91040,2022-03-31,1,1100000000000,0.110,,,,,35000000000,,350000000000,1.620,,335000000000,,2797.15,,,,,,,,,,,,,,,,,,,,,,true,true,12,2021-04-01,2022-03-31,0
2021-07-30,91040,2021-03-31,1,,,,,,,,,,,,,,,,,,,,2095559000000,699150000000,0.276,,577782000000,,,,,,,,,,,,true,false,12,2020-04-01,2021-03-31,-1
2021-07-30,91040,2021-03-31,1,,,,,,,,,,,,,,,,,,,,,,,,,,,,,150.00,,,,120628611,1008005,,false,false,12,2020-04-01,2021-03-31,-1
2021-07-30,91040,2022-03-31,1,,,,,,,,,,,,,,,,,,,,,,,,,,,,,550.00,,,,,,,false,true,12,2021-04-01,2022-03-31,0
2021-07-30,91040,2022-03-31,1,,,,,,,,,,,,,,,,,,,,,,,,,,,,,,,,,120628611,863859,119681568,false,false,3,2021-04-01,2021-06-30,0
2021-07-30,91040,2021-03-31,1,,,,,,,,,,,,,,,,,,,,,,,,,,,,,,,,,,,119593870,false,false,3,2020-04-01,2020-06-30,-1
2021-07-30,9104,2022-03-31,1,288874000000,0.149,,,,,8042000000,,104268000000,,,104147000000,,870.21,867.85,,,,,2217926000000,827605000000,0.317,,704089000000,,,,,,,,,,,,true,false,3,2021-04-01,2021-06-30,0
2021-07-30,9104,2021-03-31,1,251471000000,-0.112,,,,,-5126000000,,7358000000,-0.475,,5491000000,,45.92,45.13,,,,,,,,,,,,,,,,,,,,,true,false,3,2020-04-01,2020-06-30,-1
2021-07-30,9104,2022-03-31,1,570000000000,0.176,,,,,16000000000,,232000000000,6.088,,225000000000,,1878.68,,,,,,,,,,,,,,,,,,,,,,true,true,6,2021-04-01,2021-09-30,0
2021-07-30,9104,2022-03-31,1,1100000000000,0.110,,,,,35000000000,,350000000000,1.620,,335000000000,,2797.15,,,,,,,,,,,,,,,,,,,,,,true,true,12,2021-04-01,2022-03-31,0
2021-07-30,9104,2021-03-31,1,,,,,,,,,,,,,,,,,,,,2095559000000,699150000000,0.276,,577782000000,,,,,,,,,,,,true,false,12,2020-04-01,2021-03-31,-1
2021-07-30,9104,2021-03-31,1,,,,,,,,,,,,,,,,,,,,,,,,,,,,,150.00,,,,120628611,1008005,,false,false,12,2020-04-01,2021-03-31,-1
2021-07-30,9104,2022-03-31,1,,,,,,,,,,,,,,,,,,,,,,,,,,,,,550.00,,,,,,,false,true,12,2021-04-01,2022-03-31,0
2021-07-30,9104,2022-03-31,1,,,,,,,,,,,,,,,,,,,,,,,,,,,,,,,,,120628611,863859,119681568,false,false,3,2021-04-01,2021-06-30,0
2021-07-30,9104,2021-03-31,1,,,,,,,,,,,,,,,,,,,,,,,,,,,,,,,,,,,119593870,false,false,3,2020-04-01,2020-06-30,-1
2021-10-29,9104,2022-03-31,2,597087000000,0.232,,,,,20392000000,,271843000000,7.305,,274848000000,,2294.95,2285.56,,,,,2415856000000,997357000000,0.361,,871916000000,,,,,,,,,,,,true,false,6,2021-04-01,2021-09-30,0
2021-10-29,9104,2021-03-31,2,484686000000,-0.156,,,,,-4222000000,,32732000000,0.163,,30251000000,,252.96,251.62,,,,,,,,,,,,,,,,,,,,,true,false,6,2020-04-01,2020-09-30,-1
2021-10-29,9104,2022-03-31,2,1220000000000,0.231,,,,,45000000000,,480000000000,2.593,,480000000000,,4004.94,,,,,,,,,,,,,,,,,,,,,,true,true,12,2021-04-01,2022-03-31,0
2021-10-29,9104,2021-03-31,2,,,,,,,,,,,,,,,,,,,,2095559000000,699150000000,0.276,,577782000000,,,,,,,,,,,,true,false,12,2020-04-01,2021-03-31,-1
2021-10-29,9104,2021-03-31,2,,,,,,,,,,,,,,,,,,,,,,,,,,,,,150.00,,,,120628611,1008005,,false,false,12,2020-04-01,2021-03-31,-1
2021-10-29,9104,2022-03-31,2,,,,,,,,,,,,,,,,,,,,,,,,,,,,,300.00,,,,,,,false,false,12,2021-04-01,2022-03-31,0
2021-10-29,9104,2022-03-31,2,,,,,,,,,,,,,,,,,,,,,,,,,,,,,800.00,,,,,,,false,true,12,2021-04-01,2022-03-31,0
2021-10-29,9104,2022-03-31,2,,,,,,,,,,,,,,,,,,,,,,,,,,,,,,,,,120628611,670240,119762159,false,false,6,2021-04-01,2021-09-30,0
2021-10-29,9104,2021-03-31,2,,,,,,,,,,,,,,,,,,,,,,,,,,,,,,,,,,,119593280,false,false,6,2020-04-01,2020-09-30,-1
2022-01-31,9104,2022-03-31,3,928500000000,0.269,,,,,42412000000,,487691000000,5.682,,487187000000,,4065.12,4047.22,,,,,2556362000000,1185367000000,0.414,,1058858000000,,,,,,,,,,,,true,false,9,2021-04-01,2021-12-31,0
2022-01-31,9104,2021-03-31,3,731684000000,-0.156,,,,,-1082000000,,72984000000,0.481,,64409000000,,538.58,536.49,,,,,,,,,,,,,,,,,,,,,true,false,9,2020-04-01,2020-12-31,-1
2022-01-31,9104,2022-03-31,3,1260000000000,0.271,,,,,54000000000,,650000000000,3.865,,630000000000,,5254.68,,,,,,,,,,,,,,,,,,,,,,true,true,12,2021-04-01,2022-03-31,0
2022-01-31,9104,2021-03-31,3,,,,,,,,,,,,,,,,,,,,2095559000000,699150000000,0.276,,577782000000,,,,,,,,,,,,true,false,12,2020-04-01,2021-03-31,-1
2022-01-31,9104,2021-03-31,3,,,,,,,,,,,,,,,,,,,,,,,,,,,,,150.00,,,,120628611,1008005,,false,false,12,2020-04-01,2021-03-31,-1
2022-01-31,9104,2022-03-31,3,,,,,,,,,,,,,,,,,,,,,,,,,,,,,300.00,,,,,,,false,false,12,2021-04-01,2022-03-31,0
2022-01-31,9104,2022-03-31,3,,,,,,,,,,,,,,,,,,,,,,,,,,,,,1050.00,,,,,,,false,true,12,2021-04-01,2022-03-31,0
2022-01-31,9104,2022-03-31,3,,,,,,,,,,,,,,,,,,,,,,,,,,,,,,,,,120628611,567542,119845978,false,false,9,2021-04-01,2021-12-31,0
2022-01-31,9104,2021-03-31,3,,,,,,,,,,,,,,,,,,,,,,,,,,,,,,,,,,,119592626,false,false,9,2020-04-01,2020-12-31,-1
2022-04-28,9104,2022-03-31,,1269310000000,0.280,,,,,55005000000,,721779000000,4.402,,708819000000,,1970.16,1960.97,0.765,0.302,0.043,,2686701000000,1334866000000,0.474,3532.32,1274570000000,307637000000,-107450000000,-191784000000,97135000000,,0.203,,,,,,true,false,12,2021-04-01,2022-03-31,0
2022-04-28,9104,2021-03-31,,991426000000,-0.142,,,,,-5303000000,,133604000000,1.425,,90052000000,,250.99,250.22,0.165,0.064,-0.005,,2095559000000,699150000000,0.276,1610.04,577782000000,98898000000,-54660000000,-61705000000,83436000000,,0.199,,,,,,true,false,12,2020-04-01,2021-03-31,-1
2022-04-28,9104,2023-03-31,,695000000000,0.164,,,,,30000000000,0.471,350000000000,0.288,,340000000000,,944.95,,,,,,,,,,,,,,,,,,,,,,true,true,6,2022-04-01,2022-09-30,1
2022-04-28,9104,2023-03-31,,1353000000000,0.066,,,,,46000000000,-0.164,525000000000,-0.273,,500000000000,,1389.63,,,,,,,,,,,,,,,,0.252,,,,,,true,true,12,2022-04-01,2023-03-31,1
2022-04-28,9104,2022-03-31,,765214000000,0.307,,,,,33376000000,,260240000000,,270004000000,,,750.46,746.96,,,,,1231491000000,419739000000,0.340,1161.06,418957000000,,,,,1200.00,,,,361885833,1054725,359778363,false,false,12,2021-04-01,2022-03-31,0
2022-04-28,9104,2021-03-31,,585630000000,-0.164,,,,,-13267000000,,23457000000,-0.277,-9169000000,,,-25.56,,,,,,1009922000000,194574000000,0.191,538.43,193226000000,,,,,150.00,,,,361885833,3024016,358784971,false,false,12,2020-04-01,2021-03-31,-1
2022-04-28,9104,2023-03-31,,,,,,,,,,,,,,,,,,,,,,,,,,,,,,350.00,,,,,,,false,true,12,2022-04-01,2023-03-31,1
2022-07-21,91040,2023-03-31,,770000000000,0.108,,,,,47000000000,0.567,500000000000,0.429,,500000000000,,1385.42,,,,,,,,,,,,,,,,,,,,,,true,true,6,2022-04-01,2022-09-30,0
2022-07-21,91040,2022-03-31,,597087000000,,,,,,20392000000,,271843000000,,,274848000000,,764.98,,,,,,,,,,,,,,,,,,,,,,true,false,6,2021-04-01,2021-09-30,-1
2022-07-21,91040,2023-03-31,,1470000000000,0.086,,,,,70000000000,0.522,710000000000,0.352,,700000000000,,1939.37,,,,,,,,,,,,,,,,,,,,,,true,true,12,2022-04-01,2023-03-31,0
2022-07-21,91040,2022-03-31,,1269310000000,,,,,,55005000000,,721779000000,,,708819000000,,1970.16,,,,,,,,,,,,,,,,,,,,,,true,false,12,2021-04-01,2022-03-31,-1
2022-07-29,9104,2023-03-31,1,374783000000,0.297,,,,,23597000000,1.934,284191000000,1.726,,285779000000,,791.96,788.68,,,,,3134568000000,1465448000000,0.461,,1446498000000,,,,,,,,,,,,true,false,3,2022-04-01,2022-06-30,0
2022-07-29,9104,2022-03-31,1,288874000000,0.149,,,,,8042000000,,104268000000,,,104147000000,,290.07,289.28,,,,,,,,,,,,,,,,,,,,,true,false,3,2021-04-01,2021-06-30,-1
2022-07-29,9104,2023-03-31,1,770000000000,0.290,,,,,47000000000,1.305,500000000000,0.839,,500000000000,,1385.42,,,,,,,,,,,,,,,,,,,,,,true,true,6,2022-04-01,2022-09-30,0
2022-07-29,9104,2023-03-31,1,1470000000000,0.158,,,,,70000000000,0.273,710000000000,-0.016,,700000000000,,1939.37,,,,,,,,,,,,,,,,,,,,,,true,true,12,2022-04-01,2023-03-31,0
2022-07-29,9104,2022-03-31,1,,,,,,,,,,,,,,,,,,,,2686701000000,1334866000000,0.474,,1274570000000,,,,,,,,,,,,true,false,12,2021-04-01,2022-03-31,-1
2022-07-29,9104,2022-03-31,1,,,,,,,,,,,,,,,,,,,,,,,,,,,,,1200.00,,,,361885833,1054725,,false,false,12,2021-04-01,2022-03-31,-1
2022-07-29,9104,2023-03-31,1,,,,,,,,,,,,,,,,,,,,,,,,,,,,,500.00,,,,,,,false,true,12,2022-04-01,2023-03-31,0
2022-07-29,9104,2023-03-31,1,,,,,,,,,,,,,,,,,,,,,,,,,,,,,,,,,361885833,1009973,360849687,false,false,3,2022-04-01,2022-06-30,0
2022-07-29,9104,2022-03-31,1,,,,,,,,,,,,,,,,,,,,,,,,,,,,,,,,,,,359044703,false,false,3,2021-04-01,2021-06-30,-1
2022-10-31,9104,2023-03-31,2,821337000000,0.376,,,,,56087000000,1.750,599795000000,1.206,,601523000000,,1666.39,1659.94,,,,,3588441000000,1879559000000,0.518,,1859238000000,,,,,,,,,,,,true,false,6,2022-04-01,2022-09-30,0
2022-10-31,9104,2022-03-31,2,597087000000,0.232,,,,,20392000000,,271843000000,7.305,,274848000000,,764.98,761.85,,,,,,,,,,,,,,,,,,,,,true,false,6,2021-04-01,2021-09-30,-1
2022-10-31,9104,2023-03-31,2,1600000000000,0.261,,,,,86000000000,0.563,800000000000,0.108,,790000000000,,2187.69,,,,,,,,,,,,,,,,,,,,,,true,true,12,2022-04-01,2023-03-31,0
2022-10-31,9104,2022-03-31,2,,,,,,,,,,,,,,,,,,,,2686701000000,1334866000000,0.474,,1274570000000,,,,,,,,,,,,true,false,12,2021-04-01,2022-03-31,-1
2022-10-31,9104,2022-03-31,2,,,,,,,,,,,,,,,,,,,,,,,,,,,,,1200.00,,,,361885833,1054725,,false,false,12,2021-04-01,2022-03-31,-1
2022-10-31,9104,2023-03-31,2,,,,,,,,,,,,,,,,,,,,,,,,,,,,,300.00,,,,,,,false,false,12,2022-04-01,2023-03-31,0
2022-10-31,9104,2023-03-31,2,,,,,,,,,,,,,,,,,,,,,,,,,,,,,550.00,,,,,,,false,true,12,2022-04-01,2023-03-31,0
2022-10-31,9104,2023-03-31,2,,,,,,,,,,,,,,,,,,,,,,,,,,,,,,,,,362010900,726897,360974115,false,false,6,2022-04-01,2022-09-30,0
2022-10-31,9104,2022-03-31,2,,,,,,,,,,,,,,,,,,,,,,,,,,,,,,,,,,,359286476,false,false,6,2021-04-01,2021-09-30,-1
2023-01-31,9104,2023-03-31,3,1257968000000,0.355,,,,,96244000000,1.269,739254000000,0.516,,723245000000,,2003.07,1995.50,,,,,3522800000000,1917992000000,0.541,,1905385000000,,,,,,,,,,,,true,false,9,2022-04-01,2022-12-31,0
2023-01-31,9104,2022-03-31,3,928500000000,0.269,,,,,42412000000,,487691000000,5.682,,487187000000,,1355.04,1349.07,,,,,,,,,,,,,,,,,,,,,true,false,9,2021-04-01,2021-12-31,-1
2023-01-31,9104,2023-03-31,3,1600000000000,0.261,,,,,105000000000,0.909,785000000000,0.088,,800000000000,,2215.35,,,,,,,,,,,,,,,,,,,,,,true,true,12,2022-04-01,2023-03-31,0
2023-01-31,9104,2022-03-31,3,,,,,,,,,,,,,,,,,,,,2686701000000,1334866000000,0.474,,1274570000000,,,,,,,,,,,,true,false,12,2021-04-01,2022-03-31,-1
2023-01-31,9104,2022-03-31,3,,,,,,,,,,,,,,,,,,,,,,,,,,,,,1200.00,,,,361885833,1054725,,false,false,12,2021-04-01,2022-03-31,-1
2023-01-31,9104,2023-03-31,3,,,,,,,,,,,,,,,,,,,,,,,,,,,,,300.00,,,,,,,false,false,12,2022-04-01,2023-03-31,0
2023-01-31,9104,2023-03-31,3,,,,,,,,,,,,,,,,,,,,,,,,,,,,,560.00,,,,,,,false,true,12,2022-04-01,2023-03-31,0
2023-01-31,9104,2023-03-31,3,,,,,,,,,,,,,,,,,,,,,,,,,,,,,,,,,362010900,713315,361068116,false,false,9,2022-04-01,2022-12-31,0
2023-01-31,9104,2022-03-31,3,,,,,,,,,,,,,,,,,,,,,,,,,,,,,,,,,,,359537934,false,false,9,2021-04-01,2021-12-31,-1
2023-04-28,9104,2023-03-31,,1611984000000,0.270,,,,,108709000000,0.976,811589000000,0.124,,796060000000,,2204.04,2196.51,0.498,0.260,0.067,,3564247000000,1937621000000,0.540,5322.35,1925346000000,549925000000,-281995000000,-281709000000,91047000000,,0.254,,,,,,true,false,12,2022-04-01,2023-03-31,0
2023-04-28,9104,2022-03-31,,1269310000000,0.280,,,,,55005000000,,721779000000,4.402,,708819000000,,1970.16,1960.97,0.765,0.302,0.043,,2686701000000,1334866000000,0.474,3532.32,1274570000000,307637000000,-107450000000,-191784000000,97135000000,,0.203,,,,,,true,false,12,2021-04-01,2022-03-31,-1
2023-04-28,9104,2024-03-31,,747000000000,-0.091,,,,,50000000000,-0.109,105000000000,-0.825,,120000000000,,332.22,,,,,,,,,,,,,,,,,,,,,,true,true,6,2023-04-01,2023-09-30,1
2023-04-28,9104,2024-03-31,,1490000000000,-0.076,,,,,105000000000,-0.034,200000000000,-0.754,,210000000000,,581.38,,,,,,,,,,,,,,,,0.310,,,,,,true,true,12,2023-04-01,2024-03-31,1
2023-04-28,9104,2023-03-31,,821375000000,0.073,,,,,61705000000,0.849,469984000000,0.806,462022000000,,0.711,1279.16,1274.79,,,,,1595956000000,655609000000,0.410,1810.77,655059000000,,,,,560.00,,,,362010900,263310,361183288,false,false,12,2022-04-01,2023-03-31,0
2023-04-28,9104,2022-03-31,,765214000000,0.307,,,,,33376000000,,260240000000,,270004000000,,,750.46,746.96,,,,,1231491000000,419739000000,0.340,1161.06,418957000000,,,,,1200.00,,,,361885833,1054725,359778363,false,false,12,2021-04-01,2022-03-31,-1
2023-04-28,9104,2024-03-31,,375000000000,-0.078,,,,,22000000000,-0.158,115000000000,-0.304,130000000000,,-0.229,,,,,,,,,,,,,,,,,,,,,,,false,true,6,2023-04-01,2023-09-30,1
2023-04-28,9104,2024-03-31,,730000000000,-0.111,,,,,50000000000,-0.190,150000000000,-0.681,160000000000,,-0.654,,,,,,,,,,,,,,,,180.00,,,,,,,false,true,12,2023-04-01,2024-03-31,1
2023-07-31,9104,2024-03-31,1,385183000000,0.028,,,,,24472000000,0.037,90369000000,-0.682,,91155000000,,251.98,251.34,,,,,3737672000000,2015352000000,0.536,,2002087000000,,,,,,,,,,,,true,false,3,2023-04-01,2023-06-30,0
2023-07-31,9104,2023-03-31,1,374783000000,0.297,,,,,23597000000,1.934,284191000000,1.726,,285779000000,,791.96,788.68,,,,,,,,,,,,,,,,,,,,,true,false,3,2022-04-01,2022-06-30,-1
2023-07-31,9104,2024-03-31,1,797000000000,-0.030,,,,,50000000000,-0.109,135000000000,-0.775,,135000000000,,373.14,,,,,,,,,,,,,,,,,,,,,,true,true,6,2023-04-01,2023-09-30,0
2023-07-31,9104,2024-03-31,1,1530000000000,-0.051,,,,,100000000000,-0.080,220000000000,-0.729,,215000000000,,594.21,,,,,,,,,,,,,,,,,,,,,,true,true,12,2023-04-01,2024-03-31,0
2023-07-31,9104,2023-03-31,1,,,,,,,,,,,,,,,,,,,,3564247000000,1937621000000,0.540,,1925346000000,,,,,,,,,,,,true,false,12,2022-04-01,2023-03-31,-1
2023-07-31,9104,2023-03-31,1,,,,,,,,,,,,,,,,,,,,,,,,,,,,,560.00,,,,362010900,263310,,false,false,12,2022-04-01,2023-03-31,-1
2023-07-31,9104,2024-03-31,1,,,,,,,,,,,,,,,,,,,,,,,,,,,,,180.00,,,,,,,false,true,12,2023-04-01,2024-03-31,0
2023-07-31,9104,2024-03-31,1,,,,,,,,,,,,,,,,,,,,,,,,,,,,,,,,,362012634,246325,361757629,false,false,3,2023-04-01,2023-06-30,0
2023-07-31,9104,2023-03-31,1,,,,,,,,,,,,,,,,,,,,,,,,,,,,,,,,,,,360849687,false,false,3,2022-04-01,2022-06-30,-1
2023-10-31,9104,2024-03-31,2,790102000000,-0.038,,,,,49300000000,-0.121,154531000000,-0.742,,150792000000,,416.74,415.66,,,,,3954754000000,2174320000000,0.546,,2160329000000,,,,,,,,,,,,true,false,6,2023-04-01,2023-09-30,0
2023-10-31,9104,2023-03-31,2,821337000000,0.376,,,,,56087000000,1.750,599795000000,1.206,,601523000000,,1666.39,1659.94,,,,,,,,,,,,,,,,,,,,,true,false,6,2022-04-01,2022-09-30,-1
2023-10-31,9104,2024-03-31,2,1590000000000,-0.014,,,,,90000000000,-0.172,220000000000,-0.729,,220000000000,,607.88,,,,,,,,,,,,,,,,,,,,,,true,true,12,2023-04-01,2024-03-31,0
2023-10-31,9104,2023-03-31,2,,,,,,,,,,,,,,,,,,,,3564247000000,1937621000000,0.540,,1925346000000,,,,,,,,,,,,true,false,12,2022-04-01,2023-03-31,-1
2023-10-31,9104,2023-03-31,2,,,,,,,,,,,,,,,,,,,,,,,,,,,,,560.00,,,,362010900,263310,,false,false,12,2022-04-01,2023-03-31,-1
2023-10-31,9104,2024-03-31,2,,,,,,,,,,,,,,,,,,,,,,,,,,,,,110.00,,,,,,,false,false,12,2023-04-01,2024-03-31,0
2023-10-31,9104,2024-03-31,2,,,,,,,,,,,,,,,,,,,,,,,,,,,,,190.00,,,,,,,false,true,12,2023-04-01,2024-03-31,0
2023-10-31,9104,2024-03-31,2,,,,,,,,,,,,,,,,,,,,,,,,,,,,,,,,,362114258,100169,361838110,false,false,6,2023-04-01,2023-09-30,0
2023-10-31,9104,2023-03-31,2,,,,,,,,,,,,,,,,,,,,,,,,,,,,,,,,,,,360974115,false,false,6,2022-04-01,2022-09-30,-1
2023-10-31,91040,2024-03-31,,790000000000,0.082,,,,,,,40000000000,-0.200,230000000000,,0.533,230000.00,,,,,,,,,,,,,,,190.00,,,,,,,false,true,12,2023-04-01,2024-03-31,0
2023-10-31,91040,2023-03-31,,821375000000,,,,,,,,61705000000,,469984000000,,,462022.00,,,,,,,,,,,,,,,560.00,,,,,,,false,false,12,2022-04-01,2023-03-31,-1
2023-10-31,91040,2024-03-31,,,,,,,,,,,,,,,,,,,,,,,,,,,,,,110.00,,,,,,,false,false,12,2023-04-01,2024-03-31,0
2023-10-31,91040,2024-03-31,,790000000000,0.082,,,,,40000000000,-0.200,230000000000,0.533,230000000000,,0.438,,,,,,,,,,,,,,,,190.00,,,,,,,false,true,12,2023-04-01,2024-03-31,0
2023-10-31,91040,2023-03-31,,821375000000,,,,,,61705000000,,469984000000,,462022000000,,,,,,,,,,,,,,,,,,560.00,,,,,,,false,false,12,2022-04-01,2023-03-31,-1
2023-10-31,91040,2024-03-31,,,,,,,,,,,,,,,,,,,,,,,,,,,,,,110.00,,,,,,,false,false,12,2023-04-01,2024-03-31,0
2024-01-31,9104,2024-03-31,3,1218664000000,-0.031,,,,,80126000000,-0.167,197263000000,-0.733,,203604000000,,562.61,561.12,,,,,3924154000000,2292074000000,0.580,,2277290000000,,,,,,,,,,,,true,false,9,2023-04-01,2023-12-31,0
2024-01-31,9104,2023-03-31,3,1257968000000,0.355,,,,,96244000000,1.269,739254000000,0.516,,723245000000,,2003.07,1995.50,,,,,,,,,,,,,,,,,,,,,true,false,9,2022-04-01,2022-12-31,-1
2024-01-31,9104,2024-03-31,3,1615000000000,0.002,,,,,93000000000,-0.145,225000000000,-0.723,,235000000000,,649.33,,,,,,,,,,,,,,,,,,,,,,true,true,12,2023-04-01,2024-03-31,0
2024-01-31,9104,2023-03-31,3,,,,,,,,,,,,,,,,,,,,3564247000000,1937621000000,0.540,,1925346000000,,,,,,,,,,,,true,false,12,2022-04-01,2023-03-31,-1
2024-01-31,9104,2023-03-31,3,,,,,,,,,,,,,,,,,,,,,,,,,,,,,560.00,,,,362010900,263310,,false,false,12,2022-04-01,2023-03-31,-1
2024-01-31,9104,2024-03-31,3,,,,,,,,,,,,,,,,,,,,,,,,,,,,,110.00,,,,,,,false,false,12,2023-04-01,2024-03-31,0
2024-01-31,9104,2024-03-31,3,,,,,,,,,,,,,,,,,,,,,,,,,,,,,200.00,,,,,,,false,true,12,2023-04-01,2024-03-31,0
2024-01-31,9104,2024-03-31,3,,,,,,,,,,,,,,,,,,,,,,,,,,,,,,,,,362114258,94853,361892077,false,false,9,2023-04-01,2023-12-31,0
2024-01-31,9104,2023-03-31,3,,,,,,,,,,,,,,,,,,,,,,,,,,,,,,,,,,,361068116,false,false,9,2022-04-01,2022-12-31,-1
2024-04-30,9104,2024-03-31,,1627912000000,0.010,,,,,103132000000,-0.051,258986000000,-0.681,,261651000000,,722.85,721.05,0.122,0.067,0.063,,4120552000000,2369682000000,0.571,6496.19,2353860000000,314202000000,-355239000000,49725000000,113148000000,,0.304,,,,,,true,false,12,2023-04-01,2024-03-31,0
2024-04-30,9104,2023-03-31,,1611984000000,0.270,,,,,108709000000,0.976,811589000000,0.124,,796060000000,,2204.04,2196.51,0.498,0.260,0.067,,3564247000000,1937621000000,0.540,5322.35,1925346000000,549925000000,-281995000000,-281709000000,91047000000,,0.254,,,,,,true,false,12,2022-04-01,2023-03-31,-1
2024-04-30,9104,2025-03-31,,953000000000,0.206,,,,,77000000000,0.562,130000000000,-0.159,,127000000000,,350.85,,,,,,,,,,,,,,,,,,,,,,true,true,6,2024-04-01,2024-09-30,1
2024-04-30,9104,2025-03-31,,1800000000000,0.106,,,,,152000000000,0.474,230000000000,-0.112,,215000000000,,593.96,,,,,,,,,,,,,,,,0.303,,,,,,true,true,12,2024-04-01,2025-03-31,1
2024-04-30,9104,2024-03-31,,839607000000,0.022,,,,,53476000000,-0.133,292163000000,-0.378,288428000000,,-0.376,796.81,794.83,,,,,1820131000000,848442000000,0.466,2340.60,848126000000,,,,,220.00,,,,362386058,41575,361970339,false,false,12,2023-04-01,2024-03-31,0
2024-04-30,9104,2023-03-31,,821375000000,0.073,,,,,61705000000,0.849,469984000000,0.806,462022000000,,0.711,1279.16,1274.79,,,,,1595956000000,655609000000,0.410,1810.77,655059000000,,,,,560.00,,,,362010900,263310,361183288,false,false,12,2022-04-01,2023-03-31,-1
2024-04-30,9104,2025-03-31,,473000000000,0.174,,,,,45000000000,1.561,98000000000,-0.474,96000000000,,-0.424,,,,,,,,,,,,,,,,,,,,,,,false,true,6,2024-04-01,2024-09-30,1
2024-04-30,9104,2025-03-31,,840000000000,0.000,,,,,87000000000,0.627,160000000000,-0.452,145000000000,,-0.497,,,,,,,,,,,,,,,,180.00,,,,,,,false,true,12,2024-04-01,2025-03-31,1
2024-07-31,9104,2025-03-31,1,435949000000,0.132,,,,,40666000000,0.662,108651000000,0.202,,107103000000,,295.58,294.95,,,,,4401021000000,2567053000000,0.579,,2549651000000,,,,,,,,,,,,true,false,3,2024-04-01,2024-06-30,0
2024-07-31,9104,2024-03-31,1,385183000000,0.028,,,,,24472000000,0.037,90369000000,-0.682,,91155000000,,251.98,251.34,,,,,,,,,,,,,,,,,,,,,true,false,3,2023-04-01,2023-06-30,-1
2024-07-31,9104,2025-03-31,1,933000000000,0.181,,,,,81000000000,0.643,230000000000,0.488,,230000000000,,634.67,,,,,,,,,,,,,,,,,,,,,,true,true,6,2024-04-01,2024-09-30,0
2024-07-31,9104,2025-03-31,1,1815000000000,0.115,,,,,156000000000,0.513,350000000000,0.351,,335000000000,,924.31,,,,,,,,,,,,,,,,,,,,,,true,true,12,2024-04-01,2025-03-31,0
2024-07-31,9104,2024-03-31,1,,,,,,,,,,,,,,,,,,,,4120552000000,2369682000000,0.571,,2353860000000,,,,,,,,,,,,true,false,12,2023-04-01,2024-03-31,-1
2024-07-31,9104,2024-03-31,1,,,,,,,,,,,,,,,,,,,,,,,,,,,,,220.00,,,,362386058,41575,,false,false,12,2023-04-01,2024-03-31,-1
2024-07-31,9104,2025-03-31,1,,,,,,,,,,,,,,,,,,,,,,,,,,,,,280.00,,,,,,,false,true,12,2024-04-01,2025-03-31,0
2024-07-31,9104,2025-03-31,1,,,,,,,,,,,,,,,,,,,,,,,,,,,,,,,,,362412458,44094,362355646,false,false,3,2024-04-01,2024-06-30,0
2024-07-31,9104,2024-03-31,1,,,,,,,,,,,,,,,,,,,,,,,,,,,,,,,,,,,361757629,false,false,3,2023-04-01,2023-06-30,-1
2024-10-31,9104,2025-03-31,2,900628000000,0.140,,,,,89185000000,0.809,249028000000,0.612,,246697000000,,680.73,679.36,,,,,4473647000000,2679006000000,0.595,,2662209000000,,,,,,,,,,,,true,false,6,2024-04-01,2024-09-30,0
2024-10-31,9104,2024-03-31,2,790102000000,-0.038,,,,,49300000000,-0.121,154531000000,-0.742,,150792000000,,416.74,415.66,,,,,,,,,,,,,,,,,,,,,true,false,6,2023-04-01,2023-09-30,-1
2024-10-31,9104,2025-03-31,2,1790000000000,0.100,,,,,153000000000,0.484,365000000000,0.409,,350000000000,,972.77,,,,,,,,,,,,,,,,,,,,,,true,true,12,2024-04-01,2025-03-31,0
2024-10-31,9104,2024-03-31,2,,,,,,,,,,,,,,,,,,,,4120552000000,2369682000000,0.571,,2353860000000,,,,,,,,,,,,true,false,12,2023-04-01,2024-03-31,-1
2024-10-31,9104,2024-03-31,2,,,,,,,,,,,,,,,,,,,,,,,,,,,,,220.00,,,,362386058,41575,,false,false,12,2023-04-01,2024-03-31,-1
2024-10-31,9104,2025-03-31,2,,,,,,,,,,,,,,,,,,,,,,,,,,,,,180.00,,,,,,,false,false,12,2024-04-01,2025-03-31,0
2024-10-31,9104,2025-03-31,2,,,,,,,,,,,,,,,,,,,,,,,,,,,,,300.00,,,,,,,false,true,12,2024-04-01,2025-03-31,0
2024-10-31,9104,2025-03-31,2,,,,,,,,,,,,,,,,,,,,,,,,,,,,,,,,,362554227,47632,362401778,false,false,6,2024-04-01,2024-09-30,0
2024-10-31,9104,2024-03-31,2,,,,,,,,,,,,,,,,,,,,,,,,,,,,,,,,,,,361838110,false,false,6,2023-04-01,2023-09-30,-1
2024-10-31,91040,2025-03-31,,920000000000,0.095,,,,,78000000000,-0.103,245000000000,0.531,248000000000,,0.710,,,,,,,,,,,,,,,,300.00,,,,,,,false,true,12,2024-04-01,2025-03-31,0
2024-10-31,91040,2024-03-31,,839607000000,,,,,,53476000000,,292163000000,,288428000000,,,,,,,,,,,,,,,,,,220.00,,,,,,,false,false,12,2023-04-01,2024-03-31,-1
2024-10-31,91040,2025-03-31,,,,,,,,,,,,,,,,,,,,,,,,,,,,,,180.00,,,,,,,false,false,12,2024-04-01,2025-03-31,0
2025-01-31,9104,2025-03-31,3,1318676000000,0.082,,,,,122321000000,0.527,374869000000,0.900,,368133000000,,1019.35,1017.26,,,,,4623361000000,2604232000000,0.560,,2587162000000,,,,,,,,,,,,true,false,9,2024-04-01,2024-12-31,0
2025-01-31,9104,2024-03-31,3,1218664000000,-0.031,,,,,80126000000,-0.167,197263000000,-0.733,,203604000000,,562.61,561.12,,,,,,,,,,,,,,,,,,,,,true,false,9,2023-04-01,2023-12-31,-1
2025-01-31,9104,2025-03-31,3,1790000000000,0.100,,,,,154000000000,0.493,410000000000,0.583,,400000000000,,1114.83,,,,,,,,,,,,,,,,,,,,,,true,true,12,2024-04-01,2025-03-31,0
2025-01-31,9104,2024-03-31,3,,,,,,,,,,,,,,,,,,,,4120552000000,2369682000000,0.571,,2353860000000,,,,,,,,,,,,true,false,12,2023-04-01,2024-03-31,-1
2025-01-31,9104,2024-03-31,3,,,,,,,,,,,,,,,,,,,,,,,,,,,,,220.00,,,,362386058,41575,,false,false,12,2023-04-01,2024-03-31,-1
2025-01-31,9104,2025-03-31,3,,,,,,,,,,,,,,,,,,,,,,,,,,,,,180.00,,,,,,,false,false,12,2024-04-01,2025-03-31,0
2025-01-31,9104,2025-03-31,3,,,,,,,,,,,,,,,,,,,,,,,,,,,,,340.00,,,,,,,false,true,12,2024-04-01,2025-03-31,0
2025-01-31,9104,2025-03-31,3,,,,,,,,,,,,,,,,,,,,,,,,,,,,,,,,,362554227,8386554,361145523,false,false,9,2024-04-01,2024-12-31,0
2025-01-31,9104,2024-03-31,3,,,,,,,,,,,,,,,,,,,,,,,,,,,,,,,,,,,361892077,false,false,9,2023-04-01,2023-12-31,-1
2025-04-30,9104,2025-03-31,,1775470000000,0.091,,,,,150851000000,0.463,419703000000,0.621,,425492000000,,1186.60,1184.45,0.169,0.092,0.085,,4984449000000,2724218000000,0.539,7687.49,2686461000000,360499000000,-450803000000,117060000000,155984000000,,0.303,,,,,,true,false,12,2024-04-01,2025-03-31,0
2025-04-30,9104,2024-03-31,,1627912000000,0.010,,,,,103132000000,-0.051,258986000000,-0.681,,261651000000,,722.85,721.05,0.122,0.067,0.063,,4122148000000,2369682000000,0.571,6496.19,2353860000000,314202000000,-352868000000,49725000000,115519000000,,0.304,,,,,,true,false,12,2023-04-01,2024-03-31,-1
2025-04-30,9104,2026-03-31,,837000000000,-0.071,,,,,50000000000,-0.439,80000000000,-0.679,,85000000000,,244.97,,,,,,,,,,,,,,,,,,,,,,true,true,6,2025-04-01,2025-09-30,1
2025-04-30,9104,2026-03-31,,1700000000000,-0.043,,,,,100000000000,-0.337,150000000000,-0.643,,170000000000,,492.10,,,,,,,,,,,,,,,,0.305,,,,,,true,true,12,2025-04-01,2026-03-31,1
2025-04-30,9104,2025-03-31,,920006000000,0.096,,,,,80489000000,0.505,240072000000,-0.178,218499000000,,-0.242,609.33,608.23,,,,,1831938000000,869266000000,0.474,2486.80,869058000000,,,,,360.00,,,,362841027,13382338,358581011,false,false,12,2024-04-01,2025-03-31,0
2025-04-30,9104,2024-03-31,,839607000000,0.022,,,,,53476000000,-0.133,292163000000,-0.378,288428000000,,-0.376,796.81,794.83,,,,,1820131000000,848442000000,0.466,2340.60,848126000000,,,,,220.00,,,,362386058,41575,361970339,false,false,12,2023-04-01,2024-03-31,-1
2025-04-30,9104,2026-03-31,,395000000000,-0.165,,,,,16000000000,-0.671,136000000000,0.056,146000000000,,0.117,,,,,,,,,,,,,,,,,,,,,,,false,true,6,2025-04-01,2025-09-30,1
2025-04-30,9104,2026-03-31,,760000000000,-0.174,,,,,19000000000,-0.764,157000000000,-0.346,163000000000,,-0.254,,,,,,,,,,,,,,,,150.00,,,,,,,false,true,12,2025-04-01,2026-03-31,1
