filing_date,code,fiscal_year_end,quarterly_period,net_sales,net_sales_change,revenue,revenue_change,operating_revenue,operating_revenue_change,operating_profit,operating_profit_change,ordinary_profit,ordinary_profit_change,net_income,net_income_of_parent,net_income_change,eps,diluted_eps,roe,roa,operating_profit_to_net_sales,operating_profit_to_revenue,total_assets,net_assets,equity_ratio,bps,owner_equity,operating_cash_flow,investing_cash_flow,financing_cash_flow,cash,dividend_per_share,payout_ratio,commemorative_dividend,extra_dividend,number_of_shares,number_of_treqsury_shares,avg_number_of_shares,is_consolidated,is_forecast,duration,period_start,period_end,period_pos
2015-07-31,91100,2016-03-31,1,36025000000,-0.083,,,,,1920000000,-0.315,1913000000,-0.159,,1641000000,,7.11,,,,,,223650000000,77110000000,0.333,,74438000000,,,,,,,,,,,,true,false,3,2015-04-01,2015-06-30,0
2015-07-31,91100,2015-03-31,1,39266000000,0.032,,,,,2804000000,0.629,2274000000,0.080,,2372000000,,10.28,,,,,,,,,,,,,,,,,,,,,,true,false,3,2014-04-01,2014-06-30,-1
2015-07-31,91100,2016-03-31,1,71000000000,-0.110,,,,,3300000000,-0.412,3000000000,-0.498,,2800000000,,12.06,,,,,,,,,,,,,,,,,,,,,,true,true,6,2015-04-01,2015-09-30,0
2015-07-31,91100,2016-03-31,1,158000000000,0.002,,,,,8200000000,-0.134,6100000000,-0.412,,5100000000,,21.82,,,,,,,,,,,,,,,,,,,,,,true,true,12,2015-04-01,2016-03-31,0
2015-07-31,91100,2015-03-31,1,,,,,,,,,,,,,,,,,,,,227663000000,76481000000,0.324,,73714000000,,,,,,,,,,,,true,false,12,2014-04-01,2015-03-31,-1
2015-07-31,91100,2015-03-31,1,,,,,,,,,,,,,,,,,,,,,,,,,,,,,9.00,,,,230764400,91308,,false,false,12,2014-04-01,2015-03-31,-1
2015-07-31,91100,2016-03-31,1,,,,,,,,,,,,,,,,,,,,,,,,,,,,,0.00,,,,,,,false,true,12,2015-04-01,2016-03-31,0
2015-07-31,91100,2016-03-31,1,,,,,,,,,,,,,,,,,,,,,,,,,,,,,,,,,230764400,91883,230672661,false,false,3,2015-04-01,2015-06-30,0
2015-07-31,91100,2015-03-31,1,,,,,,,,,,,,,,,,,,,,,,,,,,,,,,,,,,,230674273,false,false,3,2014-04-01,2014-06-30,-1
2015-07-31,91100,2016-03-31,,71000000000,-0.078,,,,,3300000000,0.222,3000000000,1.143,,2800000000,,12.06,,,,,,,,,,,,,,,,,,,,,,true,true,6,2015-04-01,2015-09-30,0
2015-07-31,91100,2015-03-31,,79755000000,,,,,,5610000000,,5970000000,,,5318000000,,23.05,,,,,,,,,,,,,,,,,,,,,,true,false,6,2014-04-01,2014-09-30,-1
2015-07-31,91100,2016-03-31,,,,,,,,,,,,,,,,,,,,,,,,,,,,,,0.00,,,,,,,false,true,12,2015-04-01,2016-03-31,0
2015-07-31,91100,2015-03-31,,,,,,,,,,,,,,,,,,,,,,,,,,,,,,9.00,,,,,,,false,false,12,2014-04-01,2015-03-31,-1
2015-10-30,91100,2016-03-31,2,72366000000,-0.093,,,,,3837000000,-0.316,3099000000,-0.481,,2593000000,,11.13,,,,,,218898000000,76629000000,0.350,,76609000000,,,,,,,,,,,,true,false,6,2015-04-01,2015-09-30,0
2015-10-30,91100,2015-03-31,2,79755000000,0.045,,,,,5610000000,0.354,5970000000,0.499,,5318000000,,23.05,,,,,,,,,,,,,,,,,,,,,,true,false,6,2014-04-01,2014-09-30,-1
2015-10-30,91100,2016-03-31,2,148000000000,-0.061,,,,,8200000000,-0.134,6100000000,-0.412,,5100000000,,21.77,,,,,,,,,,,,,,,,,,,,,,true,true,12,2015-04-01,2016-03-31,0
2015-10-30,91100,2015-03-31,2,,,,,,,,,,,,,,,,,,,,227663000000,76481000000,0.324,,73714000000,,,,,,,,,,,,true,false,12,2014-04-01,2015-03-31,-1
2015-10-30,91100,2015-03-31,2,,,,,,,,,,,,,,,,,,,,,,,,,,,,,9.00,,,,230764400,91308,,false,false,12,2014-04-01,2015-03-31,-1
2015-10-30,91100,2016-03-31,2,,,,,,,,,,,,,,,,,,,,,,,,,,,,,0.00,,,,,,,false,false,12,2015-04-01,2016-03-31,0
2015-10-30,91100,2016-03-31,2,,,,,,,,,,,,,,,,,,,,,,,,,,,,,,,,,239706793,4022108,232922894,false,false,6,2015-04-01,2015-09-30,0
2015-10-30,91100,2015-03-31,2,,,,,,,,,,,,,,,,,,,,,,,,,,,,,,,,,,,230673973,false,false,6,2014-04-01,2014-09-30,-1
2016-01-29,91100,2016-03-31,3,107182000000,-0.112,,,,,5834000000,-0.298,4791000000,-0.507,,4055000000,,17.34,,,,,,227054000000,78210000000,0.344,,78195000000,,,,,,,,,,,,true,false,9,2015-04-01,2015-12-31,0
2016-01-29,91100,2015-03-31,3,120710000000,0.053,,,,,8310000000,0.297,9721000000,0.330,,8036000000,,34.84,,,,,,,,,,,,,,,,,,,,,,true,false,9,2014-04-01,2014-12-31,-1
2016-01-29,91100,2016-03-31,3,138000000000,-0.125,,,,,6100000000,-0.356,4300000000,-0.586,,4200000000,,17.93,,,,,,,,,,,,,,,,,,,,,,true,true,12,2015-04-01,2016-03-31,0
2016-01-29,91100,2015-03-31,3,,,,,,,,,,,,,,,,,,,,227663000000,76481000000,0.324,,73714000000,,,,,,,,,,,,true,false,12,2014-04-01,2015-03-31,-1
2016-01-29,91100,2015-03-31,3,,,,,,,,,,,,,,,,,,,,,,,,,,,,,9.00,,,,230764400,91308,,false,false,12,2014-04-01,2015-03-31,-1
2016-01-29,91100,2016-03-31,3,,,,,,,,,,,,,,,,,,,,,,,,,,,,,0.00,,,,,,,false,false,12,2015-04-01,2016-03-31,0
2016-01-29,91100,2016-03-31,3,,,,,,,,,,,,,,,,,,,,,,,,,,,,,,,,,239706793,4023123,233846792,false,false,9,2015-04-01,2015-12-31,0
2016-01-29,91100,2015-03-31,3,,,,,,,,,,,,,,,,,,,,,,,,,,,,,,,,,,,230673825,false,false,9,2014-04-01,2014-12-31,-1
2016-01-29,91100,2016-03-31,,138000000000,-0.068,,,,,6100000000,-0.256,4300000000,-0.295,4200000000,,-0.176,17.93,,,,,,,,,,,,,,,,,,,,,,true,true,12,2015-04-01,2016-03-31,0
2016-01-29,91100,2015-03-31,,157625000000,,,,,,9474000000,,10380000000,,8626000000,,,37.40,,,,,,,,,,,,,,,,,,,,,,true,false,12,2014-04-01,2015-03-31,-1
2016-03-17,91100,2016-03-31,,136000000000,-0.014,,,,,6000000000,-0.016,3700000000,-0.140,,3800000000,,16.22,,,,,,,,,,,,,,,,,,,,,,true,true,12,2015-04-01,2016-03-31,0
2016-03-17,91100,2015-03-31,,157625000000,,,,,,9474000000,,10380000000,,,8626000000,,37.40,,,,,,,,,,,,,,,,,,,,,,true,false,12,2014-04-01,2015-03-31,-1
2016-03-17,91100,2016-03-31,,,,,,,,,,,,,,,,,,,,,,,,,,,,,,4.00,,,,,,,false,true,12,2015-04-01,2016-03-31,0
2016-03-17,91100,2016-03-31,,,,,,,,,,,,,,,,,,,,,,,,,,,,,,0.00,,,,,,,false,false,12,2015-04-01,2016-03-31,0
2016-03-17,91100,2015-03-31,,,,,,,,,,,,,,,,,,,,,,,,,,,,,,9.00,,,,,,,false,false,12,2014-04-01,2015-03-31,-1
2016-04-28,91100,2016-03-31,,137148000000,-0.130,,,,,6475000000,-0.317,4064000000,-0.608,,4110000000,,17.54,,0.055,0.018,0.047,,217524000000,75372000000,0.346,319.72,75352000000,19915000000,-19326000000,-6909000000,24035000000,,0.228,,,,,,true,false,12,2015-04-01,2016-03-31,0
2016-04-28,91100,2015-03-31,,157625000000,0.026,,,,,9474000000,0.071,10380000000,0.164,,8626000000,,37.40,,0.127,0.046,0.060,,227663000000,76481000000,0.324,319.56,73714000000,24581000000,-10782000000,-11978000000,30485000000,,0.241,,,,,,true,false,12,2014-04-01,2015-03-31,-1
2016-04-28,91100,2017-03-31,,62000000000,-0.143,,,,,1300000000,-0.661,600000000,-0.806,,600000000,,2.54,,,,,,,,,,,,,,,,,,,,,,true,true,6,2016-04-01,2016-09-30,1
2016-04-28,91100,2017-03-31,,128000000000,-0.067,,,,,5200000000,-0.197,3600000000,-0.114,,3500000000,,14.85,,,,,,,,,,,,,,,,,,,,,,true,true,12,2016-04-01,2017-03-31,1
2016-04-28,91100,2016-03-31,,112126000000,-0.150,,,,,2631000000,-0.515,2349000000,-0.733,2662000000,,-0.612,11.36,,,,,,106293000000,60162000000,0.566,255.27,60162000000,,,,,4.00,,,,239706793,4023123,234303538,false,false,12,2015-04-01,2016-03-31,0
2016-04-28,91100,2015-03-31,,131940000000,0.027,,,,,5424000000,0.099,8805000000,0.299,6858000000,,-0.037,29.73,,,,,,110973000000,58458000000,0.527,253.42,58458000000,,,,,9.00,,,,230764400,91308,230673673,false,false,12,2014-04-01,2015-03-31,-1
2016-07-29,91100,2017-03-31,1,29781000000,-0.173,,,,,1421000000,-0.260,-333000000,,,-114000000,,-0.49,,,,,,207990000000,70515000000,0.339,,70497000000,,,,,,,,,,,,true,false,3,2016-04-01,2016-06-30,0
2016-07-29,91100,2016-03-31,1,36025000000,-0.083,,,,,1920000000,-0.315,1913000000,-0.159,,1641000000,,7.11,,,,,,,,,,,,,,,,,,,,,,true,false,3,2015-04-01,2015-06-30,-1
2016-07-29,91100,2017-03-31,1,57000000000,-0.212,,,,,1700000000,-0.557,0,-1.000,,200000000,,0.85,,,,,,,,,,,,,,,,,,,,,,true,true,6,2016-04-01,2016-09-30,0
2016-07-29,91100,2017-03-31,1,120000000000,-0.125,,,,,5200000000,-0.197,2600000000,-0.360,,3000000000,,12.73,,,,,,,,,,,,,,,,,,,,,,true,true,12,2016-04-01,2017-03-31,0
2016-07-29,91100,2016-03-31,1,,,,,,,,,,,,,,,,,,,,217524000000,75372000000,0.346,,75352000000,,,,,,,,,,,,true,false,12,2015-04-01,2016-03-31,-1
2016-07-29,91100,2016-03-31,1,,,,,,,,,,,,,,,,,,,,,,,,,,,,,4.00,,,,239706793,4023123,,false,false,12,2015-04-01,2016-03-31,-1
2016-07-29,91100,2017-03-31,1,,,,,,,,,,,,,,,,,,,,,,,,,,,,,0.00,,,,,,,false,true,12,2016-04-01,2017-03-31,0
2016-07-29,91100,2017-03-31,1,,,,,,,,,,,,,,,,,,,,,,,,,,,,,,,,,239706793,4023438,235683434,false,false,3,2016-04-01,2016-06-30,0
2016-07-29,91100,2016-03-31,1,,,,,,,,,,,,,,,,,,,,,,,,,,,,,,,,,,,230672661,false,false,3,2015-04-01,2015-06-30,-1
2016-07-29,91100,2017-03-31,,57000000000,-0.081,,,,,1700000000,0.308,0,-1.000,,200000000,,0.85,,,,,,,,,,,,,,,,,,,,,,true,true,6,2016-04-01,2016-09-30,0
2016-07-29,91100,2016-03-31,,72366000000,,,,,,3837000000,,3099000000,,,2593000000,,11.13,,,,,,,,,,,,,,,,,,,,,,true,false,6,2015-04-01,2015-09-30,-1
2016-07-29,91100,2017-03-31,,120000000000,-0.063,,,,,5200000000,0.000,2600000000,-0.278,,3000000000,,12.73,,,,,,,,,,,,,,,,,,,,,,true,true,12,2016-04-01,2017-03-31,0
2016-07-29,91100,2016-03-31,,137148000000,,,,,,6475000000,,4064000000,,,4110000000,,17.54,,,,,,,,,,,,,,,,,,,,,,true,false,12,2015-04-01,2016-03-31,-1
2016-07-29,91100,2017-03-31,,,,,,,,,,,,,,,,,,,,,,,,,,,,,,0.00,,,,,,,false,true,12,2016-04-01,2017-03-31,0
2016-07-29,91100,2016-03-31,,,,,,,,,,,,,,,,,,,,,,,,,,,,,,4.00,,,,,,,false,false,12,2015-04-01,2016-03-31,-1
2016-10-31,91100,2017-03-31,2,59769000000,-0.174,,,,,2359000000,-0.385,-75000000,,,-65000000,,-0.28,,,,,,209325000000,69573000000,0.332,,69558000000,,,,,,,,,,,,true,false,6,2016-04-01,2016-09-30,0
2016-10-31,91100,2016-03-31,2,72366000000,-0.093,,,,,3837000000,-0.316,3099000000,-0.481,,2593000000,,11.13,,,,,,,,,,,,,,,,,,,,,,true,false,6,2015-04-01,2015-09-30,-1
2016-10-31,91100,2017-03-31,2,123000000000,-0.103,,,,,4900000000,-0.243,2100000000,-0.483,,2900000000,,12.30,,,,,,,,,,,,,,,,,,,,,,true,true,12,2016-04-01,2017-03-31,0
2016-10-31,91100,2016-03-31,2,,,,,,,,,,,,,,,,,,,,217524000000,75372000000,0.346,,75352000000,,,,,,,,,,,,true,false,12,2015-04-01,2016-03-31,-1
2016-10-31,91100,2016-03-31,2,,,,,,,,,,,,,,,,,,,,,,,,,,,,,4.00,,,,239706793,4023123,,false,false,12,2015-04-01,2016-03-31,-1
2016-10-31,91100,2017-03-31,2,,,,,,,,,,,,,,,,,,,,,,,,,,,,,0.00,,,,,,,false,false,12,2016-04-01,2017-03-31,0
2016-10-31,91100,2017-03-31,2,,,,,,,,,,,,,,,,,,,,,,,,,,,,,,,,,239706793,4024234,235683077,false,false,6,2016-04-01,2016-09-30,0
2016-10-31,91100,2016-03-31,2,,,,,,,,,,,,,,,,,,,,,,,,,,,,,,,,,,,232922894,false,false,6,2015-04-01,2015-09-30,-1
2017-01-31,91100,2017-03-31,3,91614000000,-0.145,,,,,4647000000,-0.203,3478000000,-0.274,,3204000000,,13.60,,,,,,223682000000,76881000000,0.344,,76865000000,,,,,,,,,,,,true,false,9,2016-04-01,2016-12-31,0
2017-01-31,91100,2016-03-31,3,107182000000,-0.112,,,,,5834000000,-0.298,4791000000,-0.507,,4055000000,,17.34,,,,,,,,,,,,,,,,,,,,,,true,false,9,2015-04-01,2015-12-31,-1
2017-01-31,91100,2017-03-31,3,123000000000,-0.103,,,,,5700000000,-0.120,3500000000,-0.139,,2900000000,,12.30,,,,,,,,,,,,,,,,,,,,,,true,true,12,2016-04-01,2017-03-31,0
2017-01-31,91100,2016-03-31,3,,,,,,,,,,,,,,,,,,,,217524000000,75372000000,0.346,,75352000000,,,,,,,,,,,,true,false,12,2015-04-01,2016-03-31,-1
2017-01-31,91100,2016-03-31,3,,,,,,,,,,,,,,,,,,,,,,,,,,,,,4.00,,,,239706793,4023123,,false,false,12,2015-04-01,2016-03-31,-1
2017-01-31,91100,2017-03-31,3,,,,,,,,,,,,,,,,,,,,,,,,,,,,,0.00,,,,,,,false,false,12,2016-04-01,2017-03-31,0
2017-01-31,91100,2017-03-31,3,,,,,,,,,,,,,,,,,,,,,,,,,,,,,,,,,239706793,4024745,235682870,false,false,9,2016-04-01,2016-12-31,0
2017-01-31,91100,2016-03-31,3,,,,,,,,,,,,,,,,,,,,,,,,,,,,,,,,,,,233846792,false,false,9,2015-04-01,2015-12-31,-1
2017-01-31,91100,2017-03-31,,123000000000,,,,,,5700000000,0.163,3500000000,0.667,,2900000000,,12.30,,,,,,,,,,,,,,,,,,,,,,true,true,12,2016-04-01,2017-03-31,0
2017-01-31,91100,2016-03-31,,137148000000,,,,,,6475000000,,4064000000,,,4110000000,,17.54,,,,,,,,,,,,,,,,,,,,,,true,false,12,2015-04-01,2016-03-31,-1
,91100,2017-03-31,,,,,,,,,,,,,,,,,,,,,,,,,,,,,,4.00,,,,,,,false,true,12,2016-04-01,2017-03-31,0
,91100,2017-03-31,,,,,,,,,,,,,,,,,,,,,,,,,,,,,,0.00,,,,,,,false,false,12,2016-04-01,2017-03-31,0
,91100,2016-03-31,,,,,,,,,,,,,,,,,,,,,,,,,,,,,,4.00,,,,,,,false,false,12,2015-04-01,2016-03-31,-1
2017-04-28,91100,2017-03-31,,125276000000,-0.087,,,,,6558000000,0.013,4607000000,0.134,,3322000000,,14.09,,0.044,0.020,0.052,,233071000000,76826000000,0.330,325.90,76809000000,18944000000,-27141000000,10643000000,26485000000,,0.284,,,,,,true,false,12,2016-04-01,2017-03-31,0
2017-04-28,91100,2016-03-31,,137148000000,-0.130,,,,,6475000000,-0.317,4064000000,-0.608,,4110000000,,17.54,,0.055,0.018,0.047,,217524000000,75372000000,0.346,319.72,75352000000,19915000000,-19326000000,-6909000000,24035000000,,0.228,,,,,,true,false,12,2015-04-01,2016-03-31,-1
2017-04-28,91100,2018-03-31,,67000000000,0.121,,,,,3100000000,0.314,2100000000,,,2200000000,,9.33,,,,,,,,,,,,,,,,,,,,,,true,true,6,2017-04-01,2017-09-30,1
2017-04-28,91100,2018-03-31,,136000000000,0.086,,,,,6700000000,0.022,4900000000,0.064,,5700000000,,241.85,,,,,,,,,,,,,,,,,,,,,,true,true,12,2017-04-01,2018-03-31,1
2017-04-28,91100,2017-03-31,,102141000000,-0.089,,,,,3290000000,0.251,3195000000,0.360,1864000000,,-0.300,7.91,,,,,,121293000000,61291000000,0.505,260.06,61291000000,,,,,4.00,,,,239706793,4025621,235682527,false,false,12,2016-04-01,2017-03-31,0
2017-04-28,91100,2016-03-31,,112126000000,-0.150,,,,,2631000000,-0.515,2349000000,-0.733,2662000000,,-0.612,11.36,,,,,,106293000000,60162000000,0.566,255.27,60162000000,,,,,4.00,,,,239706793,4023123,234303538,false,false,12,2015-04-01,2016-03-31,-1
2017-07-31,91100,2018-03-31,1,34335000000,0.153,,,,,1952000000,0.374,1563000000,,,1977000000,,8.39,,,,,,228374000000,77867000000,0.341,,77850000000,,,,,,,,,,,,true,false,3,2017-04-01,2017-06-30,0
2017-07-31,91100,2017-03-31,1,29781000000,-0.173,,,,,1421000000,-0.260,-333000000,,,-114000000,,-0.49,,,,,,,,,,,,,,,,,,,,,,true,false,3,2016-04-01,2016-06-30,-1
2017-07-31,91100,2018-03-31,1,66000000000,0.104,,,,,3100000000,0.314,2100000000,,,2800000000,,11.88,,,,,,,,,,,,,,,,,,,,,,true,true,6,2017-04-01,2017-09-30,0
2017-07-31,91100,2018-03-31,1,136000000000,0.086,,,,,6700000000,0.022,4900000000,0.064,,5700000000,,241.85,,,,,,,,,,,,,,,,,,,,,,true,true,12,2017-04-01,2018-03-31,0
2017-07-31,91100,2017-03-31,1,,,,,,,,,,,,,,,,,,,,233071000000,76826000000,0.330,,76809000000,,,,,,,,,,,,true,false,12,2016-04-01,2017-03-31,-1
2017-07-31,91100,2017-03-31,1,,,,,,,,,,,,,,,,,,,,,,,,,,,,,4.00,,,,239706793,4025621,,false,false,12,2016-04-01,2017-03-31,-1
2017-07-31,91100,2018-03-31,1,,,,,,,,,,,,,,,,,,,,,,,,,,,,,0.00,,,,,,,false,true,12,2017-04-01,2018-03-31,0
2017-07-31,91100,2018-03-31,1,,,,,,,,,,,,,,,,,,,,,,,,,,,,,,,,,239706793,4026121,235680922,false,false,3,2017-04-01,2017-06-30,0
2017-07-31,91100,2017-03-31,1,,,,,,,,,,,,,,,,,,,,,,,,,,,,,,,,,,,235683434,false,false,3,2016-04-01,2016-06-30,-1
,91100,2018-03-31,,,,,,,,,,,,,,,,,,,,,,,,,,,,,,0.00,,,,,,,false,true,12,2017-04-01,2018-03-31,0
,91100,2017-03-31,,,,,,,,,,,,,,,,,,,,,,,,,,,,,,4.00,,,,,,,false,false,12,2016-04-01,2017-03-31,-1
2017-10-31,91100,2018-03-31,2,67720000000,0.133,,,,,3832000000,0.624,3118000000,,,3661000000,,155.35,,,,,,227344000000,80332000000,0.353,,80316000000,,,,,,,,,,,,true,false,6,2017-04-01,2017-09-30,0
2017-10-31,91100,2017-03-31,2,59769000000,-0.174,,,,,2359000000,-0.385,-75000000,,,-65000000,,-2.75,,,,,,,,,,,,,,,,,,,,,,true,false,6,2016-04-01,2016-09-30,-1
2017-10-31,91100,2018-03-31,2,138000000000,0.102,,,,,7600000000,0.159,5900000000,0.281,,6500000000,,275.80,,,,,,,,,,,,,,,,,,,,,,true,true,12,2017-04-01,2018-03-31,0
2017-10-31,91100,2017-03-31,2,,,,,,,,,,,,,,,,,,,,233071000000,76826000000,0.330,,76809000000,,,,,,,,,,,,true,false,12,2016-04-01,2017-03-31,-1
2017-10-31,91100,2017-03-31,2,,,,,,,,,,,,,,,,,,,,,,,,,,,,,4.00,,,,23970679,402562,,false,false,12,2016-04-01,2017-03-31,-1
2017-10-31,91100,2018-03-31,2,,,,,,,,,,,,,,,,,,,,,,,,,,,,,0.00,,,,,,,false,false,12,2017-04-01,2018-03-31,0
2017-10-31,91100,2018-03-31,2,,,,,,,,,,,,,,,,,,,,,,,,,,,,,,,,,23970679,402647,23568076,false,false,6,2017-04-01,2017-09-30,0
2017-10-31,91100,2017-03-31,2,,,,,,,,,,,,,,,,,,,,,,,,,,,,,,,,,,,23568308,false,false,6,2016-04-01,2016-09-30,-1
2018-01-31,91100,2018-03-31,3,103787000000,0.133,,,,,6570000000,0.414,5478000000,0.575,,6287000000,,266.77,,,,,,230975000000,83367000000,0.361,,83352000000,,,,,,,,,,,,true,false,9,2017-04-01,2017-12-31,0
2018-01-31,91100,2017-03-31,3,91614000000,-0.145,,,,,4647000000,-0.203,3478000000,-0.274,,3204000000,,135.96,,,,,,,,,,,,,,,,,,,,,,true,false,9,2016-04-01,2016-12-31,-1
2018-01-31,91100,2018-03-31,3,138000000000,0.102,,,,,7600000000,0.159,5900000000,0.281,,6500000000,,275.80,,,,,,,,,,,,,,,,,,,,,,true,true,12,2017-04-01,2018-03-31,0
2018-01-31,91100,2017-03-31,3,,,,,,,,,,,,,,,,,,,,233071000000,76826000000,0.330,,76809000000,,,,,,,,,,,,true,false,12,2016-04-01,2017-03-31,-1
2018-01-31,91100,2017-03-31,3,,,,,,,,,,,,,,,,,,,,,,,,,,,,,4.00,,,,23970679,402562,,false,false,12,2016-04-01,2017-03-31,-1
2018-01-31,91100,2018-03-31,3,,,,,,,,,,,,,,,,,,,,,,,,,,,,,0.00,,,,,,,false,false,12,2017-04-01,2018-03-31,0
2018-01-31,91100,2018-03-31,3,,,,,,,,,,,,,,,,,,,,,,,,,,,,,,,,,23970679,403281,23567887,false,false,9,2017-04-01,2017-12-31,0
2018-01-31,91100,2017-03-31,3,,,,,,,,,,,,,,,,,,,,,,,,,,,,,,,,,,,23568287,false,false,9,2016-04-01,2016-12-31,-1
2018-03-22,91100,2018-03-31,,138000000000,0.000,,,,,7200000000,-0.053,5500000000,-0.068,,6500000000,,275.80,,,,,,,,,,,,,,,,,,,,,,true,true,12,2017-04-01,2018-03-31,0
2018-03-22,91100,2017-03-31,,125276000000,,,,,,6558000000,,4607000000,,,3322000000,,140.95,,,,,,,,,,,,,,,,,,,,,,true,false,12,2016-04-01,2017-03-31,-1
2018-03-22,91100,2018-03-31,,,,,,,,,,,,,,,,,,,,,,,,,,,,,,85.00,,,,,,,false,true,12,2017-04-01,2018-03-31,0
2018-03-22,91100,2018-03-31,,,,,,,,,,,,,,,,,,,,,,,,,,,,,,0.00,,,,,,,false,false,12,2017-04-01,2018-03-31,0
2018-03-22,91100,2017-03-31,,,,,,,,,,,,,,,,,,,,,,,,,,,,,,4.00,,,,,,,false,false,12,2016-04-01,2017-03-31,-1
2018-04-27,91100,2018-03-31,,139000000000,0.110,,,,,7361000000,0.122,5555000000,0.206,,6613000000,,280.61,,0.084,0.024,0.053,,228781000000,80691000000,0.353,3423.24,80677000000,15783000000,-6514000000,-8383000000,27276000000,,0.303,,,,,,true,false,12,2017-04-01,2018-03-31,0
2018-04-27,91100,2017-03-31,,125276000000,-0.087,,,,,6558000000,0.013,4607000000,0.134,,3322000000,,140.95,,0.044,0.020,0.052,,233071000000,76826000000,0.330,3259.00,76809000000,18944000000,-27141000000,10643000000,26485000000,,0.284,,,,,,true,false,12,2016-04-01,2017-03-31,-1
2018-04-27,91100,2019-03-31,,73000000000,0.078,,,,,1800000000,-0.530,1300000000,-0.583,,2800000000,,118.81,,,,,,,,,,,,,,,,,,,,,,true,true,6,2018-04-01,2018-09-30,1
2018-04-27,91100,2019-03-31,,145000000000,0.043,,,,,6500000000,-0.117,5300000000,-0.046,,7400000000,,313.99,,,,,,,,,,,,,,,,,,,,,,true,true,12,2018-04-01,2019-03-31,1
2018-04-27,91100,2018-03-31,,116545000000,0.141,,,,,4890000000,0.486,5103000000,0.597,4496000000,,1.412,190.76,,,,,,115448000000,64904000000,0.562,2753.98,64904000000,,,,,85.00,,,,23970679,403359,23567756,false,false,12,2017-04-01,2018-03-31,0
2018-04-27,91100,2017-03-31,,102141000000,-0.089,,,,,3290000000,0.251,3195000000,0.360,1864000000,,-0.300,79.08,,,,,,121293000000,61291000000,0.505,2600.58,61291000000,,,,,4.00,,,,23970679,402562,23568253,false,false,12,2016-04-01,2017-03-31,-1
2018-07-31,91100,2019-03-31,1,37454000000,0.091,,,,,1900000000,-0.026,1840000000,0.177,,1204000000,,51.10,,,,,,225006000000,81710000000,0.363,,81694000000,,,,,,,,,,,,true,false,3,2018-04-01,2018-06-30,0
2018-07-31,91100,2018-03-31,1,34335000000,0.153,,,,,1952000000,0.374,1563000000,,,1977000000,,83.87,,,,,,,,,,,,,,,,,,,,,,true,false,3,2017-04-01,2017-06-30,-1
2018-07-31,91100,2019-03-31,1,73000000000,0.078,,,,,3500000000,-0.087,3000000000,-0.038,,3600000000,,152.75,,,,,,,,,,,,,,,,,,,,,,true,true,6,2018-04-01,2018-09-30,0
2018-07-31,91100,2019-03-31,1,145000000000,0.043,,,,,7500000000,0.019,6100000000,0.098,,7800000000,,330.97,,,,,,,,,,,,,,,,,,,,,,true,true,12,2018-04-01,2019-03-31,0
2018-07-31,91100,2018-03-31,1,,,,,,,,,,,,,,,,,,,,228229000000,80691000000,0.353,,80677000000,,,,,,,,,,,,true,false,12,2017-04-01,2018-03-31,-1
2018-07-31,91100,2018-03-31,1,,,,,,,,,,,,,,,,,,,,,,,,,,,,,85.00,,,,23970679,403359,,false,false,12,2017-04-01,2018-03-31,-1
2018-07-31,91100,2019-03-31,1,,,,,,,,,,,,,,,,,,,,,,,,,,,,,,,,,23970679,403502,23567284,false,false,3,2018-04-01,2018-06-30,0
2018-07-31,91100,2018-03-31,1,,,,,,,,,,,,,,,,,,,,,,,,,,,,,,,,,,,23568092,false,false,3,2017-04-01,2017-06-30,-1
2018-07-31,91100,2019-03-31,,73000000000,0.000,,,,,3500000000,0.944,3000000000,1.308,3600000000,,0.286,152.75,,,,,,,,,,,,,,,,,,,,,,true,true,6,2018-04-01,2018-09-30,0
2018-07-31,91100,2018-03-31,,67720000000,,,,,,3832000000,,3118000000,,3661000000,,,155.35,,,,,,,,,,,,,,,,,,,,,,true,false,6,2017-04-01,2017-09-30,-1
2018-07-31,91100,2019-03-31,,145000000000,0.000,,,,,7500000000,0.154,6100000000,0.151,,7800000000,,330.97,,,,,,,,,,,,,,,,,,,,,,true,true,12,2018-04-01,2019-03-31,0
2018-07-31,91100,2018-03-31,,139000000000,,,,,,7361000000,,5555000000,,,6613000000,,280.61,,,,,,,,,,,,,,,,,,,,,,true,false,12,2017-04-01,2018-03-31,-1
,91100,2019-03-31,,,,,,,,,,,,,,,,,,,,,,,,,,,,,,50.00,,,,,,,false,true,12,2018-04-01,2019-03-31,0
,91100,2018-03-31,,,,,,,,,,,,,,,,,,,,,,,,,,,,,,85.00,,,,,,,false,false,12,2017-04-01,2018-03-31,-1
2018-10-18,91100,2019-03-31,,76000000000,0.041,,,,,4700000000,0.343,4400000000,0.467,4300000000,,0.194,182.46,,,,,,,,,,,,,,,,,,,,,,true,true,6,2018-04-01,2018-09-30,0
2018-10-18,91100,2018-03-31,,67720000000,,,,,,3832000000,,3118000000,,3661000000,,,155.35,,,,,,,,,,,,,,,,,,,,,,true,false,6,2017-04-01,2017-09-30,-1
2018-10-31,91100,2019-03-31,2,76081000000,0.123,,,,,4761000000,0.243,4464000000,0.432,,4392000000,,186.36,,,,,,225247000000,86802000000,0.385,,86787000000,,,,,,,,,,,,true,false,6,2018-04-01,2018-09-30,0
2018-10-31,91100,2018-03-31,2,67720000000,0.133,,,,,3832000000,0.624,3118000000,,,3661000000,,155.35,,,,,,,,,,,,,,,,,,,,,,true,false,6,2017-04-01,2017-09-30,-1
2018-10-31,91100,2019-03-31,2,152000000000,0.094,,,,,9300000000,0.263,8100000000,0.458,,9000000000,,381.89,,,,,,,,,,,,,,,,,,,,,,true,true,12,2018-04-01,2019-03-31,0
2018-10-31,91100,2018-03-31,2,,,,,,,,,,,,,,,,,,,,228229000000,80691000000,0.353,,80677000000,,,,,,,,,,,,true,false,12,2017-04-01,2018-03-31,-1
2018-10-31,91100,2018-03-31,2,,,,,,,,,,,,,,,,,,,,,,,,,,,,,85.00,,,,23970679,403359,,false,false,12,2017-04-01,2018-03-31,-1
2018-10-31,91100,2019-03-31,2,,,,,,,,,,,,,,,,,,,,,,,,,,,,,50.00,,,,,,,false,false,12,2018-04-01,2019-03-31,0
2018-10-31,91100,2019-03-31,2,,,,,,,,,,,,,,,,,,,,,,,,,,,,,115.00,,,,,,,false,true,12,2018-04-01,2019-03-31,0
2018-10-31,91100,2019-03-31,2,,,,,,,,,,,,,,,,,,,,,,,,,,,,,,,,,23970679,403621,23567187,false,false,6,2018-04-01,2018-09-30,0
2018-10-31,91100,2018-03-31,2,,,,,,,,,,,,,,,,,,,,,,,,,,,,,,,,,,,23568076,false,false,6,2017-04-01,2017-09-30,-1
2019-01-31,91100,2019-03-31,3,115824000000,0.116,,,,,7229000000,0.100,6407000000,0.170,,7006000000,,297.28,,,,,,222026000000,86288000000,0.389,,86288000000,,,,,,,,,,,,true,false,9,2018-04-01,2018-12-31,0
2019-01-31,91100,2018-03-31,3,103787000000,0.133,,,,,6570000000,0.414,5478000000,0.575,,6287000000,,266.77,,,,,,,,,,,,,,,,,,,,,,true,false,9,2017-04-01,2017-12-31,-1
2019-01-31,91100,2019-03-31,3,152000000000,0.094,,,,,9300000000,0.263,8100000000,0.458,,9000000000,,381.89,,,,,,,,,,,,,,,,,,,,,,true,true,12,2018-04-01,2019-03-31,0
2019-01-31,91100,2018-03-31,3,,,,,,,,,,,,,,,,,,,,228229000000,80691000000,0.353,,80677000000,,,,,,,,,,,,true,false,12,2017-04-01,2018-03-31,-1
2019-01-31,91100,2018-03-31,3,,,,,,,,,,,,,,,,,,,,,,,,,,,,,85.00,,,,23970679,403359,,false,false,12,2017-04-01,2018-03-31,-1
2019-01-31,91100,2019-03-31,3,,,,,,,,,,,,,,,,,,,,,,,,,,,,,50.00,,,,,,,false,false,12,2018-04-01,2019-03-31,0
2019-01-31,91100,2019-03-31,3,,,,,,,,,,,,,,,,,,,,,,,,,,,,,115.00,,,,,,,false,true,12,2018-04-01,2019-03-31,0
2019-01-31,91100,2019-03-31,3,,,,,,,,,,,,,,,,,,,,,,,,,,,,,,,,,23970679,403691,23567136,false,false,9,2018-04-01,2018-12-31,0
2019-01-31,91100,2018-03-31,3,,,,,,,,,,,,,,,,,,,,,,,,,,,,,,,,,,,23567887,false,false,9,2017-04-01,2017-12-31,-1
2019-04-26,91100,2019-03-31,,151068000000,0.087,,,,,8911000000,0.211,7784000000,0.401,,9343000000,,396.42,,0.110,0.034,0.059,,223528000000,89038000000,0.398,3778.08,89038000000,19957000000,-5031000000,-15491000000,26738000000,,0.290,,,,,,true,false,12,2018-04-01,2019-03-31,0
2019-04-26,91100,2018-03-31,,139000000000,0.110,,,,,7361000000,0.122,5555000000,0.206,,6613000000,,280.61,,0.084,0.024,0.053,,228229000000,80691000000,0.353,3423.24,80677000000,15783000000,-6514000000,-8383000000,27276000000,,0.303,,,,,,true,false,12,2017-04-01,2018-03-31,-1
2019-04-26,91100,2020-03-31,,73000000000,-0.041,,,,,2200000000,-0.538,1500000000,-0.664,,3300000000,,140.03,,,,,,,,,,,,,,,,,,,,,,true,true,6,2019-04-01,2019-09-30,1
2019-04-26,91100,2020-03-31,,154000000000,0.019,,,,,7700000000,-0.136,6200000000,-0.203,,7500000000,,318.24,,,,,,,,,,,,,,,,,,,,,,true,true,12,2019-04-01,2020-03-31,1
2019-04-26,91100,2019-03-31,,127971000000,0.098,,,,,5657000000,0.157,8400000000,0.646,8666000000,,0.928,367.72,,,,,,110619000000,70043000000,0.633,2972.08,70043000000,,,,,115.00,,,,23970679,403730,23567096,false,false,12,2018-04-01,2019-03-31,0
2019-04-26,91100,2018-03-31,,116545000000,0.141,,,,,4890000000,0.486,5103000000,0.597,4496000000,,1.412,190.76,,,,,,115448000000,64904000000,0.562,2753.98,64904000000,,,,,85.00,,,,23970679,403359,23567756,false,false,12,2017-04-01,2018-03-31,-1
2019-07-31,91100,2020-03-31,1,36244000000,-0.032,,,,,1520000000,-0.200,960000000,-0.478,,1171000000,,49.67,,,,,,223817000000,86902000000,0.388,,86902000000,,,,,,,,,,,,true,false,3,2019-04-01,2019-06-30,0
2019-07-31,91100,2019-03-31,1,37454000000,0.091,,,,,1900000000,-0.026,1840000000,0.177,,1204000000,,51.10,,,,,,,,,,,,,,,,,,,,,,true,false,3,2018-04-01,2018-06-30,-1
2019-07-31,91100,2020-03-31,1,70000000000,-0.080,,,,,2600000000,-0.454,1700000000,-0.619,,3600000000,,152.76,,,,,,,,,,,,,,,,,,,,,,true,true,6,2019-04-01,2019-09-30,0
2019-07-31,91100,2020-03-31,1,151000000000,-0.000,,,,,8100000000,-0.091,6400000000,-0.178,,7800000000,,330.97,,,,,,,,,,,,,,,,,,,,,,true,true,12,2019-04-01,2020-03-31,0
2019-07-31,91100,2019-03-31,1,,,,,,,,,,,,,,,,,,,,223528000000,89038000000,0.398,,89038000000,,,,,,,,,,,,true,false,12,2018-04-01,2019-03-31,-1
2019-07-31,91100,2019-03-31,1,,,,,,,,,,,,,,,,,,,,,,,,,,,,,115.00,,,,23970679,403730,,false,false,12,2018-04-01,2019-03-31,-1
2019-07-31,91100,2020-03-31,1,,,,,,,,,,,,,,,,,,,,,,,,,,,,,45.00,,,,,,,false,true,12,2019-04-01,2020-03-31,0
2019-07-31,91100,2020-03-31,1,,,,,,,,,,,,,,,,,,,,,,,,,,,,,,,,,23970679,403761,23566933,false,false,3,2019-04-01,2019-06-30,0
2019-07-31,91100,2019-03-31,1,,,,,,,,,,,,,,,,,,,,,,,,,,,,,,,,,,,23567284,false,false,3,2018-04-01,2018-06-30,-1
2019-10-31,91100,2020-03-31,2,71943000000,-0.054,,,,,2904000000,-0.390,1888000000,-0.577,,3731000000,,158.32,,,,,,226284000000,89155000000,0.394,,89155000000,,,,,,,,,,,,true,false,6,2019-04-01,2019-09-30,0
2019-10-31,91100,2019-03-31,2,76081000000,0.123,,,,,4761000000,0.243,4464000000,0.432,,4392000000,,186.36,,,,,,,,,,,,,,,,,,,,,,true,false,6,2018-04-01,2018-09-30,-1
2019-10-31,91100,2020-03-31,2,151000000000,-0.000,,,,,8100000000,-0.091,6400000000,-0.178,,7800000000,,330.97,,,,,,,,,,,,,,,,,,,,,,true,true,12,2019-04-01,2020-03-31,0
2019-10-31,91100,2019-03-31,2,,,,,,,,,,,,,,,,,,,,223528000000,89038000000,0.398,,89038000000,,,,,,,,,,,,true,false,12,2018-04-01,2019-03-31,-1
2019-10-31,91100,2019-03-31,2,,,,,,,,,,,,,,,,,,,,,,,,,,,,,115.00,,,,23970679,403730,,false,false,12,2018-04-01,2019-03-31,-1
2019-10-31,91100,2020-03-31,2,,,,,,,,,,,,,,,,,,,,,,,,,,,,,45.00,,,,,,,false,false,12,2019-04-01,2020-03-31,0
2019-10-31,91100,2020-03-31,2,,,,,,,,,,,,,,,,,,,,,,,,,,,,,,,,,23970679,403898,23566894,false,false,6,2019-04-01,2019-09-30,0
2019-10-31,91100,2019-03-31,2,,,,,,,,,,,,,,,,,,,,,,,,,,,,,,,,,,,23567187,false,false,6,2018-04-01,2018-09-30,-1
2020-01-31,91100,2020-03-31,3,109978000000,-0.050,,,,,5825000000,-0.194,4724000000,-0.263,,5791000000,,245.75,,,,,,245606000000,91165000000,0.371,,91165000000,,,,,,,,,,,,true,false,9,2019-04-01,2019-12-31,0
2020-01-31,91100,2019-03-31,3,115824000000,0.116,,,,,7229000000,0.100,6407000000,0.170,,7006000000,,297.28,,,,,,,,,,,,,,,,,,,,,,true,false,9,2018-04-01,2018-12-31,-1
2020-01-31,91100,2020-03-31,3,151000000000,-0.000,,,,,8100000000,-0.091,6400000000,-0.178,,7800000000,,330.97,,,,,,,,,,,,,,,,,,,,,,true,true,12,2019-04-01,2020-03-31,0
2020-01-31,91100,2019-03-31,3,,,,,,,,,,,,,,,,,,,,223528000000,89038000000,0.398,,89038000000,,,,,,,,,,,,true,false,12,2018-04-01,2019-03-31,-1
2020-01-31,91100,2019-03-31,3,,,,,,,,,,,,,,,,,,,,,,,,,,,,,115.00,,,,23970679,403730,,false,false,12,2018-04-01,2019-03-31,-1
2020-01-31,91100,2020-03-31,3,,,,,,,,,,,,,,,,,,,,,,,,,,,,,45.00,,,,,,,false,false,12,2019-04-01,2020-03-31,0
2020-01-31,91100,2020-03-31,3,,,,,,,,,,,,,,,,,,,,,,,,,,,,,95.00,,,,,,,false,true,12,2019-04-01,2020-03-31,0
2020-01-31,91100,2020-03-31,3,,,,,,,,,,,,,,,,,,,,,,,,,,,,,,,,,23970679,403989,23566838,false,false,9,2019-04-01,2019-12-31,0
2020-01-31,91100,2019-03-31,3,,,,,,,,,,,,,,,,,,,,,,,,,,,,,,,,,,,23567136,false,false,9,2018-04-01,2018-12-31,-1
2020-04-16,91100,2020-03-31,,148000000000,-0.020,,,,,7000000000,-0.136,5400000000,-0.156,,5900000000,,250.35,,,,,,,,,,,,,,,,,,,,,,true,true,12,2019-04-01,2020-03-31,0
2020-04-16,91100,2019-03-31,,151068000000,,,,,,8911000000,,7784000000,,,9343000000,,396.42,,,,,,,,,,,,,,,,,,,,,,true,false,12,2018-04-01,2019-03-31,-1
2020-04-16,91100,2020-03-31,,,,,,,,,,,,,,,,,,,,,,,,,,,,,,80.00,,,,,,,false,true,12,2019-04-01,2020-03-31,0
2020-04-16,91100,2020-03-31,,,,,,,,,,,,,,,,,,,,,,,,,,,,,,45.00,,,,,,,false,false,12,2019-04-01,2020-03-31,0
2020-04-16,91100,2019-03-31,,,,,,,,,,,,,,,,,,,,,,,,,,,,,,115.00,,,,,,,false,false,12,2018-04-01,2019-03-31,-1
2020-05-11,91100,2020-03-31,,148415000000,-0.018,,,,,7040000000,-0.210,5479000000,-0.296,,5947000000,,252.33,,0.066,0.023,0.047,,248522000000,91110000000,0.367,3866.04,91110000000,16905000000,-39935000000,16099000000,19753000000,,0.317,,,,,,true,false,12,2019-04-01,2020-03-31,0
2020-05-11,91100,2019-03-31,,151068000000,0.087,,,,,8911000000,0.211,7784000000,0.401,,9343000000,,396.42,,0.110,0.034,0.059,,223528000000,89038000000,0.398,3778.08,89038000000,19957000000,-5031000000,-15491000000,26738000000,,0.290,,,,,,true,false,12,2018-04-01,2019-03-31,-1
2020-05-11,91100,2020-03-31,,125610000000,-0.018,,,,,4964000000,-0.123,8808000000,0.049,6235000000,,-0.281,264.58,,,,,,117316000000,73765000000,0.629,3130.07,73765000000,,,,,80.00,,,,23970679,403989,23566804,false,false,12,2019-04-01,2020-03-31,0
2020-05-11,91100,2019-03-31,,127971000000,0.098,,,,,5657000000,0.157,8400000000,0.646,8666000000,,0.928,367.72,,,,,,110619000000,70043000000,0.633,2972.08,70043000000,,,,,115.00,,,,23970679,403730,23567096,false,false,12,2018-04-01,2019-03-31,-1
2020-07-31,91100,2021-03-31,1,31565000000,-0.129,,,,,64000000,-0.958,-254000000,,,2133000000,,90.50,,,,,,251234000000,92455000000,0.368,,92455000000,,,,,,,,,,,,true,false,3,2020-04-01,2020-06-30,0
2020-07-31,91100,2020-03-31,1,36244000000,-0.032,,,,,1520000000,-0.200,960000000,-0.478,,1171000000,,49.67,,,,,,,,,,,,,,,,,,,,,,true,false,3,2019-04-01,2019-06-30,-1
2020-07-31,91100,2021-03-31,1,68000000000,-0.055,,,,,1200000000,-0.587,500000000,-0.735,,2700000000,,114.57,,,,,,,,,,,,,,,,,,,,,,true,true,6,2020-04-01,2020-09-30,0
2020-07-31,91100,2021-03-31,1,145000000000,-0.023,,,,,4300000000,-0.389,3000000000,-0.452,,5000000000,,212.16,,,,,,,,,,,,,,,,,,,,,,true,true,12,2020-04-01,2021-03-31,0
2020-07-31,91100,2020-03-31,1,,,,,,,,,,,,,,,,,,,,248522000000,91110000000,0.367,,91110000000,,,,,,,,,,,,true,false,12,2019-04-01,2020-03-31,-1
2020-07-31,91100,2020-03-31,1,,,,,,,,,,,,,,,,,,,,,,,,,,,,,80.00,,,,23970679,403989,,false,false,12,2019-04-01,2020-03-31,-1
2020-07-31,91100,2021-03-31,1,,,,,,,,,,,,,,,,,,,,,,,,,,,,,30.00,,,,,,,false,true,12,2020-04-01,2021-03-31,0
2020-07-31,91100,2021-03-31,1,,,,,,,,,,,,,,,,,,,,,,,,,,,,,,,,,23970679,403989,23566690,false,false,3,2020-04-01,2020-06-30,0
2020-07-31,91100,2020-03-31,1,,,,,,,,,,,,,,,,,,,,,,,,,,,,,,,,,,,23566933,false,false,3,2019-04-01,2019-06-30,-1
2020-07-31,91100,2021-03-31,,68000000000,,,,,,1200000000,,500000000,,,2700000000,,114.57,,,,,,,,,,,,,,,,,,,,,,true,true,6,2020-04-01,2020-09-30,0
2020-07-31,91100,2020-03-31,,71943000000,,,,,,2904000000,,1888000000,,,3731000000,,158.32,,,,,,,,,,,,,,,,,,,,,,true,false,6,2019-04-01,2019-09-30,-1
2020-07-31,91100,2021-03-31,,145000000000,,,,,,4300000000,,3000000000,,,5000000000,,212.16,,,,,,,,,,,,,,,,,,,,,,true,true,12,2020-04-01,2021-03-31,0
2020-07-31,91100,2020-03-31,,148415000000,,,,,,7040000000,,5479000000,,,5947000000,,252.33,,,,,,,,,,,,,,,,,,,,,,true,false,12,2019-04-01,2020-03-31,-1
2020-07-31,91100,2021-03-31,,,,,,,,,,,,,,,,,,,,,,,,,,,,,,30.00,,,,,,,false,true,12,2020-04-01,2021-03-31,0
2020-07-31,91100,2020-03-31,,,,,,,,,,,,,,,,,,,,,,,,,,,,,,80.00,,,,,,,false,false,12,2019-04-01,2020-03-31,-1
2020-09-24,91100,2021-03-31,,68000000000,0.000,,,,,1800000000,0.500,800000000,0.600,,2800000000,,118.81,,,,,,,,,,,,,,,,,,,,,,true,true,6,2020-04-01,2020-09-30,0
2020-09-24,91100,2020-03-31,,71943000000,,,,,,2904000000,,1888000000,,,3731000000,,158.32,,,,,,,,,,,,,,,,,,,,,,true,false,6,2019-04-01,2019-09-30,-1
2020-10-30,91100,2021-03-31,2,65722000000,-0.086,,,,,1785000000,-0.386,751000000,-0.602,,2927000000,,124.19,,,,,,263130000000,92697000000,0.352,,92697000000,,,,,,,,,,,,true,false,6,2020-04-01,2020-09-30,0
2020-10-30,91100,2020-03-31,2,71943000000,-0.054,,,,,2904000000,-0.390,1888000000,-0.577,,3731000000,,158.32,,,,,,,,,,,,,,,,,,,,,,true,false,6,2019-04-01,2019-09-30,-1
2020-10-30,91100,2021-03-31,2,133000000000,-0.104,,,,,3700000000,-0.474,2200000000,-0.598,,4200000000,,178.22,,,,,,,,,,,,,,,,,,,,,,true,true,12,2020-04-01,2021-03-31,0
2020-10-30,91100,2020-03-31,2,,,,,,,,,,,,,,,,,,,,248522000000,91110000000,0.367,,91110000000,,,,,,,,,,,,true,false,12,2019-04-01,2020-03-31,-1
2020-10-30,91100,2020-03-31,2,,,,,,,,,,,,,,,,,,,,,,,,,,,,,80.00,,,,23970679,403989,,false,false,12,2019-04-01,2020-03-31,-1
2020-10-30,91100,2021-03-31,2,,,,,,,,,,,,,,,,,,,,,,,,,,,,,30.00,,,,,,,false,false,12,2020-04-01,2021-03-31,0
2020-10-30,91100,2021-03-31,2,,,,,,,,,,,,,,,,,,,,,,,,,,,,,,,,,23970679,404046,23566674,false,false,6,2020-04-01,2020-09-30,0
2020-10-30,91100,2020-03-31,2,,,,,,,,,,,,,,,,,,,,,,,,,,,,,,,,,,,23566894,false,false,6,2019-04-01,2019-09-30,-1
2021-01-29,91100,2021-03-31,3,101608000000,-0.076,,,,,4332000000,-0.256,2946000000,-0.376,,5513000000,,233.94,,,,,,263286000000,94770000000,0.360,,94770000000,,,,,,,,,,,,true,false,9,2020-04-01,2020-12-31,0
2021-01-29,91100,2020-03-31,3,109978000000,-0.050,,,,,5825000000,-0.194,4724000000,-0.263,,5791000000,,245.75,,,,,,,,,,,,,,,,,,,,,,true,false,9,2019-04-01,2019-12-31,-1
2021-01-29,91100,2021-03-31,3,135000000000,-0.090,,,,,5500000000,-0.219,3600000000,-0.343,,4200000000,,178.22,,,,,,,,,,,,,,,,,,,,,,true,true,12,2020-04-01,2021-03-31,0
2021-01-29,91100,2020-03-31,3,,,,,,,,,,,,,,,,,,,,248522000000,91110000000,0.367,,91110000000,,,,,,,,,,,,true,false,12,2019-04-01,2020-03-31,-1
2021-01-29,91100,2020-03-31,3,,,,,,,,,,,,,,,,,,,,,,,,,,,,,80.00,,,,23970679,403989,,false,false,12,2019-04-01,2020-03-31,-1
2021-01-29,91100,2021-03-31,3,,,,,,,,,,,,,,,,,,,,,,,,,,,,,30.00,,,,,,,false,false,12,2020-04-01,2021-03-31,0
2021-01-29,91100,2021-03-31,3,,,,,,,,,,,,,,,,,,,,,,,,,,,,,55.00,,,,,,,false,true,12,2020-04-01,2021-03-31,0
2021-01-29,91100,2021-03-31,3,,,,,,,,,,,,,,,,,,,,,,,,,,,,,,,,,23970679,404046,23566661,false,false,9,2020-04-01,2020-12-31,0
2021-01-29,91100,2020-03-31,3,,,,,,,,,,,,,,,,,,,,,,,,,,,,,,,,,,,23566838,false,false,9,2019-04-01,2019-12-31,-1
2021-01-29,91100,2021-03-31,,135000000000,0.015,,,,,5500000000,0.486,3600000000,0.636,,4200000000,,178.22,,,,,,,,,,,,,,,,,,,,,,true,true,12,2020-04-01,2021-03-31,0
2021-01-29,91100,2020-03-31,,148415000000,,,,,,7040000000,,5479000000,,,5947000000,,252.33,,,,,,,,,,,,,,,,,,,,,,true,false,12,2019-04-01,2020-03-31,-1
2021-01-29,91100,2021-03-31,,,,,,,,,,,,,,,,,,,,,,,,,,,,,,55.00,,,,,,,false,true,12,2020-04-01,2021-03-31,0
2021-01-29,91100,2021-03-31,,,,,,,,,,,,,,,,,,,,,,,,,,,,,,30.00,,,,,,,false,false,12,2020-04-01,2021-03-31,0
2021-01-29,91100,2020-03-31,,,,,,,,,,,,,,,,,,,,,,,,,,,,,,80.00,,,,,,,false,false,12,2019-04-01,2020-03-31,-1
,91100,2021-03-31,,,,,,,,,,,,,,,,,,,,,,,,,,,,,,70.00,,,,,,,false,true,12,2020-04-01,2021-03-31,0
,91100,2021-03-31,,,,,,,,,,,,,,,,,,,,,,,,,,,,,,30.00,,,,,,,false,false,12,2020-04-01,2021-03-31,0
,91100,2020-03-31,,,,,,,,,,,,,,,,,,,,,,,,,,,,,,80.00,,,,,,,false,false,12,2019-04-01,2020-03-31,-1
2021-04-22,91100,2021-03-31,,138400000000,0.025,,,,,6700000000,0.218,5500000000,0.528,,6100000000,,258.84,,,,,,,,,,,,,,,,,,,,,,true,true,12,2020-04-01,2021-03-31,0
2021-04-22,91100,2020-03-31,,148415000000,,,,,,7040000000,,5479000000,,,5947000000,,252.33,,,,,,,,,,,,,,,,,,,,,,true,false,12,2019-04-01,2020-03-31,-1
2021-04-22,91100,2021-03-31,,,,,,,,,,,,,,,,,,,,,,,,,,,,,,80.00,,,,,,,false,true,12,2020-04-01,2021-03-31,0
2021-04-22,91100,2021-03-31,,,,,,,,,,,,,,,,,,,,,,,,,,,,,,30.00,,,,,,,false,false,12,2020-04-01,2021-03-31,0
2021-04-22,91100,2020-03-31,,,,,,,,,,,,,,,,,,,,,,,,,,,,,,80.00,,,,,,,false,false,12,2019-04-01,2020-03-31,-1
2021-04-30,91100,2021-03-31,,138454000000,-0.067,,,,,6736000000,-0.043,5532000000,0.010,,6131000000,,260.17,,0.065,0.021,0.049,,270760000000,96402000000,0.356,4090.63,96402000000,22654000000,-25012000000,10051000000,27613000000,,0.307,,,,,,true,false,12,2020-04-01,2021-03-31,0
2021-04-30,91100,2020-03-31,,148415000000,-0.018,,,,,7040000000,-0.210,5479000000,-0.296,,5947000000,,252.33,,0.066,0.023,0.047,,248522000000,91110000000,0.367,3866.04,91110000000,16905000000,-39935000000,16099000000,19753000000,,0.317,,,,,,true,false,12,2019-04-01,2020-03-31,-1
2021-04-30,91100,2022-03-31,,74000000000,0.126,,,,,5300000000,1.970,4300000000,4.724,,4000000000,,169.73,,,,,,,,,,,,,,,,,,,,,,true,true,6,2021-04-01,2021-09-30,1
2021-04-30,91100,2022-03-31,,146000000000,0.055,,,,,10600000000,0.574,8900000000,0.609,,8000000000,,339.46,,,,,,,,,,,,,,,,,,,,,,true,true,12,2021-04-01,2022-03-31,1
2021-04-30,91100,2021-03-31,,118067000000,-0.060,,,,,4609000000,-0.071,7440000000,-0.155,4436000000,,-0.289,188.24,,,,,,120244000000,77585000000,0.645,3292.16,77585000000,,,,,80.00,,,,23970679,404046,23566655,false,false,12,2020-04-01,2021-03-31,0
2021-04-30,91100,2020-03-31,,125610000000,-0.018,,,,,4964000000,-0.123,8808000000,0.049,6235000000,,-0.281,264.58,,,,,,117316000000,73765000000,0.629,3130.07,73765000000,,,,,80.00,,,,23970679,403989,23566804,false,false,12,2019-04-01,2020-03-31,-1
2021-07-29,91100,2022-03-31,,80000000000,0.081,,,,,10500000000,0.981,9500000000,1.209,,8000000000,,339.46,,,,,,,,,,,,,,,,,,,,,,true,true,6,2021-04-01,2021-09-30,0
2021-07-29,91100,2021-03-31,,65722000000,,,,,,1785000000,,751000000,,,2927000000,,124.19,,,,,,,,,,,,,,,,,,,,,,true,false,6,2020-04-01,2020-09-30,-1
2021-07-29,91100,2022-03-31,,150000000000,0.027,,,,,19000000000,0.792,17500000000,0.966,,15000000000,,636.50,,,,,,,,,,,,,,,,,,,,,,true,true,12,2021-04-01,2022-03-31,0
2021-07-29,91100,2021-03-31,,138454000000,,,,,,6736000000,,5532000000,,,6131000000,,260.17,,,,,,,,,,,,,,,,,,,,,,true,false,12,2020-04-01,2021-03-31,-1
2021-07-29,91100,2022-03-31,,,,,,,,,,,,,,,,,,,,,,,,,,,,,,95.00,,,,,,,false,true,12,2021-04-01,2022-03-31,0
2021-07-29,91100,2021-03-31,,,,,,,,,,,,,,,,,,,,,,,,,,,,,,80.00,,,,,,,false,false,12,2020-04-01,2021-03-31,-1
2021-07-30,91100,2022-03-31,1,42811000000,0.356,,,,,4690000000,,4127000000,,,3551000000,,150.66,,,,,,269561000000,98900000000,0.367,,98900000000,,,,,,,,,,,,true,false,3,2021-04-01,2021-06-30,0
2021-07-30,91100,2021-03-31,1,31565000000,-0.129,,,,,64000000,-0.958,-254000000,,,2133000000,,90.50,,,,,,,,,,,,,,,,,,,,,,true,false,3,2020-04-01,2020-06-30,-1
2021-07-30,91100,2022-03-31,1,80000000000,0.217,,,,,10500000000,4.884,9500000000,,,8000000000,,339.46,,,,,,,,,,,,,,,,,,,,,,true,true,6,2021-04-01,2021-09-30,0
2021-07-30,91100,2022-03-31,1,150000000000,0.083,,,,,19000000000,1.821,17500000000,2.163,,15000000000,,636.50,,,,,,,,,,,,,,,,,,,,,,true,true,12,2021-04-01,2022-03-31,0
2021-07-30,91100,2021-03-31,1,,,,,,,,,,,,,,,,,,,,270760000000,96402000000,0.356,,96402000000,,,,,,,,,,,,true,false,12,2020-04-01,2021-03-31,-1
2021-07-30,91100,2021-03-31,1,,,,,,,,,,,,,,,,,,,,,,,,,,,,,80.00,,,,23970679,404046,,false,false,12,2020-04-01,2021-03-31,-1
2021-07-30,91100,2022-03-31,1,,,,,,,,,,,,,,,,,,,,,,,,,,,,,95.00,,,,,,,false,true,12,2021-04-01,2022-03-31,0
2021-07-30,91100,2022-03-31,1,,,,,,,,,,,,,,,,,,,,,,,,,,,,,,,,,23970679,404162,23566594,false,false,3,2021-04-01,2021-06-30,0
2021-07-30,91100,2021-03-31,1,,,,,,,,,,,,,,,,,,,,,,,,,,,,,,,,,,,23566690,false,false,3,2020-04-01,2020-06-30,-1
2021-10-29,9110,2022-03-31,2,89698000000,0.365,,,,,11301000000,5.332,10464000000,,,8719000000,,369.97,,,,,,275117000000,104434000000,0.380,,104434000000,,,,,,,,,,,,true,false,6,2021-04-01,2021-09-30,0
2021-10-29,9110,2021-03-31,2,65722000000,-0.086,,,,,1785000000,-0.386,751000000,-0.602,,2927000000,,124.19,,,,,,,,,,,,,,,,,,,,,,true,false,6,2020-04-01,2020-09-30,-1
2021-10-29,9110,2022-03-31,2,186000000000,0.343,,,,,23000000000,2.414,22000000000,2.977,,19500000000,,827.45,,,,,,,,,,,,,,,,,,,,,,true,true,12,2021-04-01,2022-03-31,0
2021-10-29,9110,2021-03-31,2,,,,,,,,,,,,,,,,,,,,270760000000,96402000000,0.356,,96402000000,,,,,,,,,,,,true,false,12,2020-04-01,2021-03-31,-1
2021-10-29,9110,2021-03-31,2,,,,,,,,,,,,,,,,,,,,,,,,,,,,,80.00,,,,23970679,404046,,false,false,12,2020-04-01,2021-03-31,-1
2021-10-29,9110,2022-03-31,2,,,,,,,,,,,,,,,,,,,,,,,,,,,,,95.00,,,,,,,false,false,12,2021-04-01,2022-03-31,0
2021-10-29,9110,2022-03-31,2,,,,,,,,,,,,,,,,,,,,,,,,,,,,,,,,,23970679,404219,23566552,false,false,6,2021-04-01,2021-09-30,0
2021-10-29,9110,2021-03-31,2,,,,,,,,,,,,,,,,,,,,,,,,,,,,,,,,,,,23566674,false,false,6,2020-04-01,2020-09-30,-1
2021-10-29,91100,2022-03-31,,186000000000,0.240,,,,,23000000000,0.211,22000000000,0.257,,19500000000,,827.45,,,,,,,,,,,,,,,,,,,,,,true,true,12,2021-04-01,2022-03-31,0
2021-10-29,91100,2021-03-31,,138454000000,,,,,,6736000000,,5532000000,,,6131000000,,260.17,,,,,,,,,,,,,,,,,,,,,,true,false,12,2020-04-01,2021-03-31,-1
2022-01-31,9110,2022-03-31,3,144416000000,0.421,,,,,20089000000,3.637,19608000000,5.655,,15824000000,,671.45,,,,,,285217000000,109471000000,0.384,,109471000000,,,,,,,,,,,,true,false,9,2021-04-01,2021-12-31,0
2022-01-31,9110,2021-03-31,3,101608000000,-0.076,,,,,4332000000,-0.256,2946000000,-0.376,,5513000000,,233.94,,,,,,,,,,,,,,,,,,,,,,true,false,9,2020-04-01,2020-12-31,-1
2022-01-31,9110,2022-03-31,3,188000000000,0.358,,,,,25000000000,2.711,24000000000,3.338,,22000000000,,933.53,,,,,,,,,,,,,,,,,,,,,,true,true,12,2021-04-01,2022-03-31,0
2022-01-31,9110,2021-03-31,3,,,,,,,,,,,,,,,,,,,,270760000000,96402000000,0.356,,96402000000,,,,,,,,,,,,true,false,12,2020-04-01,2021-03-31,-1
2022-01-31,9110,2021-03-31,3,,,,,,,,,,,,,,,,,,,,,,,,,,,,,80.00,,,,23970679,404046,,false,false,12,2020-04-01,2021-03-31,-1
2022-01-31,9110,2022-03-31,3,,,,,,,,,,,,,,,,,,,,,,,,,,,,,95.00,,,,,,,false,false,12,2021-04-01,2022-03-31,0
2022-01-31,9110,2022-03-31,3,,,,,,,,,,,,,,,,,,,,,,,,,,,,,285.00,,,,,,,false,true,12,2021-04-01,2022-03-31,0
2022-01-31,9110,2022-03-31,3,,,,,,,,,,,,,,,,,,,,,,,,,,,,,,,,,23970679,404236,23566519,false,false,9,2021-04-01,2021-12-31,0
2022-01-31,9110,2021-03-31,3,,,,,,,,,,,,,,,,,,,,,,,,,,,,,,,,,,,23566661,false,false,9,2020-04-01,2020-12-31,-1
,91100,2022-03-31,,,,,,,,,,,,,,,,,,,,,,,,,,,,,,285.00,,,,,,,false,true,12,2021-04-01,2022-03-31,0
,91100,2022-03-31,,,,,,,,,,,,,,,,,,,,,,,,,,,,,,95.00,,,,,,,false,false,12,2021-04-01,2022-03-31,0
,91100,2021-03-31,,,,,,,,,,,,,,,,,,,,,,,,,,,,,,80.00,,,,,,,false,false,12,2020-04-01,2021-03-31,-1
2022-04-28,9110,2022-03-31,,195941000000,0.415,,,,,26711000000,2.965,26606000000,3.809,,23582000000,,1000.67,,0.220,0.098,0.136,,274871000000,118189000000,0.430,5015.17,118189000000,32881000000,139000000,-29915000000,31215000000,,0.285,,,,,,true,false,12,2021-04-01,2022-03-31,0
2022-04-28,9110,2021-03-31,,138454000000,-0.067,,,,,6736000000,-0.043,5532000000,0.010,,6131000000,,260.17,,0.065,0.021,0.049,,270760000000,96402000000,0.356,4090.63,96402000000,22654000000,-25012000000,10051000000,27613000000,,0.307,,,,,,true,false,12,2020-04-01,2021-03-31,-1
2022-04-28,9110,2023-03-31,,97000000000,0.081,,,,,12000000000,0.062,11000000000,0.051,,9300000000,,394.63,,,,,,,,,,,,,,,,,,,,,,true,true,6,2022-04-01,2022-09-30,1
2022-04-28,9110,2023-03-31,,190000000000,-0.030,,,,,21000000000,-0.214,20000000000,-0.248,,17800000000,,755.31,,,,,,,,,,,,,,,,,,,,,,true,true,12,2022-04-01,2023-03-31,1
2022-04-28,9110,2022-03-31,,172556000000,0.462,,,,,22834000000,3.954,30807000000,3.140,27461000000,,5.190,1165.25,,,,,,159114000000,102636000000,0.645,4355.22,102636000000,,,,,285.00,,,,23970679,404351,23566487,false,false,12,2021-04-01,2022-03-31,0
2022-04-28,9110,2021-03-31,,118067000000,-0.060,,,,,4609000000,-0.071,7440000000,-0.155,4436000000,,-0.289,188.24,,,,,,120244000000,77585000000,0.645,3292.16,77585000000,,,,,80.00,,,,23970679,404046,23566655,false,false,12,2020-04-01,2021-03-31,-1
2022-04-28,9110,2023-03-31,,,,,,,,,,,,,,,,,,,,,,,,,,,,,,125.00,,,,,,,false,true,12,2022-04-01,2023-03-31,1
2022-07-29,9110,2023-03-31,1,62312000000,0.456,,,,,11195000000,1.387,13116000000,2.178,,10498000000,,445.45,,,,,,285727000000,124039000000,0.434,,124039000000,,,,,,,,,,,,true,false,3,2022-04-01,2022-06-30,0
2022-07-29,9110,2022-03-31,1,42811000000,0.356,,,,,4690000000,,4127000000,,,3551000000,,150.66,,,,,,,,,,,,,,,,,,,,,,true,false,3,2021-04-01,2021-06-30,-1
2022-07-29,9110,2023-03-31,1,120000000000,0.338,,,,,19000000000,0.681,21000000000,1.007,,17000000000,,721.37,,,,,,,,,,,,,,,,,,,,,,true,true,6,2022-04-01,2022-09-30,0
2022-07-29,9110,2023-03-31,1,217000000000,0.107,,,,,29000000000,0.086,30000000000,0.128,,26000000000,,1103.27,,,,,,,,,,,,,,,,,,,,,,true,true,12,2022-04-01,2023-03-31,0
2022-07-29,9110,2022-03-31,1,,,,,,,,,,,,,,,,,,,,274871000000,118189000000,0.430,,118189000000,,,,,,,,,,,,true,false,12,2021-04-01,2022-03-31,-1
2022-07-29,9110,2022-03-31,1,,,,,,,,,,,,,,,,,,,,,,,,,,,,,285.00,,,,23970679,404351,,false,false,12,2021-04-01,2022-03-31,-1
2022-07-29,9110,2023-03-31,1,,,,,,,,,,,,,,,,,,,,,,,,,,,,,340.00,,,,,,,false,true,12,2022-04-01,2023-03-31,0
2022-07-29,9110,2023-03-31,1,,,,,,,,,,,,,,,,,,,,,,,,,,,,,,,,,23970679,404398,23566294,false,false,3,2022-04-01,2022-06-30,0
2022-07-29,9110,2022-03-31,1,,,,,,,,,,,,,,,,,,,,,,,,,,,,,,,,,,,23566594,false,false,3,2021-04-01,2021-06-30,-1
2022-10-31,9110,2023-03-31,2,130836000000,0.459,,,,,20673000000,0.829,24128000000,1.306,,19426000000,,824.33,,,,,,291593000000,132415000000,0.454,,132415000000,,,,,,,,,,,,true,false,6,2022-04-01,2022-09-30,0
2022-10-31,9110,2022-03-31,2,89698000000,0.365,,,,,11301000000,5.332,10464000000,,,8719000000,,369.97,,,,,,,,,,,,,,,,,,,,,,true,false,6,2021-04-01,2021-09-30,-1
2022-10-31,9110,2023-03-31,2,217000000000,0.107,,,,,29000000000,0.086,30000000000,0.128,,26000000000,,1103.27,,,,,,,,,,,,,,,,,,,,,,true,true,12,2022-04-01,2023-03-31,0
2022-10-31,9110,2022-03-31,2,,,,,,,,,,,,,,,,,,,,274871000000,118189000000,0.430,,118189000000,,,,,,,,,,,,true,false,12,2021-04-01,2022-03-31,-1
2022-10-31,9110,2022-03-31,2,,,,,,,,,,,,,,,,,,,,,,,,,,,,,285.00,,,,23970679,404351,,false,false,12,2021-04-01,2022-03-31,-1
2022-10-31,9110,2023-03-31,2,,,,,,,,,,,,,,,,,,,,,,,,,,,,,170.00,,,,,,,false,false,12,2022-04-01,2023-03-31,0
2022-10-31,9110,2023-03-31,2,,,,,,,,,,,,,,,,,,,,,,,,,,,,,340.00,,,,,,,false,true,12,2022-04-01,2023-03-31,0
2022-10-31,9110,2023-03-31,2,,,,,,,,,,,,,,,,,,,,,,,,,,,,,,,,,23970679,404526,23566261,false,false,6,2022-04-01,2022-09-30,0
2022-10-31,9110,2022-03-31,2,,,,,,,,,,,,,,,,,,,,,,,,,,,,,,,,,,,23566552,false,false,6,2021-04-01,2021-09-30,-1
2023-01-31,9110,2023-03-31,3,196863000000,0.363,,,,,29957000000,0.491,31394000000,0.601,,25358000000,,1076.02,,,,,,282477000000,135196000000,0.479,,135196000000,,,,,,,,,,,,true,false,9,2022-04-01,2022-12-31,0
2023-01-31,9110,2022-03-31,3,144416000000,0.421,,,,,20089000000,3.637,19608000000,5.655,,15824000000,,671.45,,,,,,,,,,,,,,,,,,,,,,true,false,9,2021-04-01,2021-12-31,-1
2023-01-31,9110,2023-03-31,3,245000000000,0.250,,,,,32000000000,0.198,32000000000,0.203,,27000000000,,1145.71,,,,,,,,,,,,,,,,,,,,,,true,true,12,2022-04-01,2023-03-31,0
2023-01-31,9110,2022-03-31,3,,,,,,,,,,,,,,,,,,,,274871000000,118189000000,0.430,,118189000000,,,,,,,,,,,,true,false,12,2021-04-01,2022-03-31,-1
2023-01-31,9110,2022-03-31,3,,,,,,,,,,,,,,,,,,,,,,,,,,,,,285.00,,,,23970679,404351,,false,false,12,2021-04-01,2022-03-31,-1
2023-01-31,9110,2023-03-31,3,,,,,,,,,,,,,,,,,,,,,,,,,,,,,170.00,,,,,,,false,false,12,2022-04-01,2023-03-31,0
2023-01-31,9110,2023-03-31,3,,,,,,,,,,,,,,,,,,,,,,,,,,,,,355.00,,,,,,,false,true,12,2022-04-01,2023-03-31,0
2023-01-31,9110,2023-03-31,3,,,,,,,,,,,,,,,,,,,,,,,,,,,,,,,,,23970679,404567,23566225,false,false,9,2022-04-01,2022-12-31,0
2023-01-31,9110,2022-03-31,3,,,,,,,,,,,,,,,,,,,,,,,,,,,,,,,,,,,23566519,false,false,9,2021-04-01,2021-12-31,-1
,91100,2023-03-31,,,,,,,,,,,,,,,,,,,,,,,,,,,,,,365.00,,,,,,,false,true,12,2022-04-01,2023-03-31,0
,91100,2023-03-31,,,,,,,,,,,,,,,,,,,,,,,,,,,,,,170.00,,,,,,,false,false,12,2022-04-01,2023-03-31,0
,91100,2022-03-31,,,,,,,,,,,,,,,,,,,,,,,,,,,,,,285.00,,,,,,,false,false,12,2021-04-01,2022-03-31,-1
2023-04-28,9110,2023-03-31,,250825000000,0.280,,,,,32487000000,0.216,33444000000,0.257,,27603000000,,1171.29,,0.216,0.121,0.130,,275784000000,137405000000,0.498,5830.65,137405000000,42930000000,-1958000000,-32392000000,40264000000,,0.312,,,,,,true,false,12,2022-04-01,2023-03-31,0
2023-04-28,9110,2022-03-31,,195941000000,0.415,,,,,26711000000,2.965,26606000000,3.809,,23582000000,,1000.67,,0.220,0.098,0.136,,274871000000,118189000000,0.430,5015.17,118189000000,32881000000,139000000,-29915000000,31215000000,,0.285,,,,,,true,false,12,2021-04-01,2022-03-31,-1
2023-04-28,9110,2024-03-31,,89000000000,-0.320,,,,,7400000000,-0.642,6500000000,-0.731,,4900000000,,207.93,,,,,,,,,,,,,,,,,,,,,,true,true,6,2023-04-01,2023-09-30,1
2023-04-28,9110,2024-03-31,,179000000000,-0.286,,,,,14700000000,-0.548,13200000000,-0.605,,11000000000,,466.77,,,,,,,,,,,,,,,,,,,,,,true,true,12,2023-04-01,2024-03-31,1
2023-04-28,9110,2023-03-31,,224381000000,0.300,,,,,31335000000,0.372,40145000000,0.303,32390000000,,0.180,1374.44,,,,,,175900000000,126387000000,0.719,5363.12,126387000000,,,,,365.00,,,,23970679,404688,23566186,false,false,12,2022-04-01,2023-03-31,0
2023-04-28,9110,2022-03-31,,172556000000,0.462,,,,,22834000000,3.954,30807000000,3.140,27461000000,,5.190,1165.25,,,,,,159114000000,102636000000,0.645,4355.22,102636000000,,,,,285.00,,,,23970679,404351,23566487,false,false,12,2021-04-01,2022-03-31,-1
2023-04-28,9110,2024-03-31,,,,,,,,,,,,,,,,,,,,,,,,,,,,,,65.00,,,,,,,false,true,12,2023-04-01,2024-03-31,1
2023-07-31,9110,2024-03-31,1,55404000000,-0.111,,,,,5831000000,-0.479,7856000000,-0.401,,6234000000,,264.55,,,,,,276830000000,138965000000,0.502,,138965000000,,,,,,,,,,,,true,false,3,2023-04-01,2023-06-30,0
2023-07-31,9110,2023-03-31,1,62312000000,0.456,,,,,11195000000,1.387,13116000000,2.178,,10498000000,,445.45,,,,,,,,,,,,,,,,,,,,,,true,false,3,2022-04-01,2022-06-30,-1
2023-07-31,9110,2024-03-31,1,104700000000,-0.200,,,,,9900000000,-0.521,10200000000,-0.577,,8200000000,,347.96,,,,,,,,,,,,,,,,,,,,,,true,true,6,2023-04-01,2023-09-30,0
2023-07-31,9110,2024-03-31,1,194100000000,-0.226,,,,,15600000000,-0.520,14600000000,-0.563,,12300000000,,521.94,,,,,,,,,,,,,,,,,,,,,,true,true,12,2023-04-01,2024-03-31,0
2023-07-31,9110,2023-03-31,1,,,,,,,,,,,,,,,,,,,,275784000000,137405000000,0.498,,137405000000,,,,,,,,,,,,true,false,12,2022-04-01,2023-03-31,-1
2023-07-31,9110,2023-03-31,1,,,,,,,,,,,,,,,,,,,,,,,,,,,,,365.00,,,,23970679,404688,,false,false,12,2022-04-01,2023-03-31,-1
2023-07-31,9110,2024-03-31,1,,,,,,,,,,,,,,,,,,,,,,,,,,,,,160.00,,,,,,,false,true,12,2023-04-01,2024-03-31,0
2023-07-31,9110,2024-03-31,1,,,,,,,,,,,,,,,,,,,,,,,,,,,,,,,,,23970679,404693,23565990,false,false,3,2023-04-01,2023-06-30,0
2023-07-31,9110,2023-03-31,1,,,,,,,,,,,,,,,,,,,,,,,,,,,,,,,,,,,23566294,false,false,3,2022-04-01,2022-06-30,-1
2023-10-31,9110,2024-03-31,2,112354000000,-0.141,,,,,12194000000,-0.410,13827000000,-0.427,,10989000000,,466.30,,,,,,282871000000,144122000000,0.509,,144122000000,,,,,,,,,,,,true,false,6,2023-04-01,2023-09-30,0
2023-10-31,9110,2023-03-31,2,130836000000,0.459,,,,,20673000000,0.829,24128000000,1.306,,19426000000,,824.33,,,,,,,,,,,,,,,,,,,,,,true,false,6,2022-04-01,2022-09-30,-1
2023-10-31,9110,2024-03-31,2,204200000000,-0.186,,,,,18100000000,-0.443,17300000000,-0.483,,13900000000,,589.84,,,,,,,,,,,,,,,,,,,,,,true,true,12,2023-04-01,2024-03-31,0
2023-10-31,9110,2023-03-31,2,,,,,,,,,,,,,,,,,,,,275784000000,137405000000,0.498,,137405000000,,,,,,,,,,,,true,false,12,2022-04-01,2023-03-31,-1
2023-10-31,9110,2023-03-31,2,,,,,,,,,,,,,,,,,,,,,,,,,,,,,365.00,,,,23970679,404688,,false,false,12,2022-04-01,2023-03-31,-1
2023-10-31,9110,2024-03-31,2,,,,,,,,,,,,,,,,,,,,,,,,,,,,,80.00,,,,,,,false,false,12,2023-04-01,2024-03-31,0
2023-10-31,9110,2024-03-31,2,,,,,,,,,,,,,,,,,,,,,,,,,,,,,180.00,,,,,,,false,true,12,2023-04-01,2024-03-31,0
2023-10-31,9110,2024-03-31,2,,,,,,,,,,,,,,,,,,,,,,,,,,,,,,,,,23970679,404834,23565951,false,false,6,2023-04-01,2023-09-30,0
2023-10-31,9110,2023-03-31,2,,,,,,,,,,,,,,,,,,,,,,,,,,,,,,,,,,,23566261,false,false,6,2022-04-01,2022-09-30,-1
2024-01-31,9110,2024-03-31,3,172520000000,-0.124,,,,,17228000000,-0.425,17473000000,-0.443,,14130000000,,599.59,,,,,,274509000000,145263000000,0.529,,145263000000,,,,,,,,,,,,true,false,9,2023-04-01,2023-12-31,0
2024-01-31,9110,2023-03-31,3,196863000000,0.363,,,,,29957000000,0.491,31394000000,0.601,,25358000000,,1076.02,,,,,,,,,,,,,,,,,,,,,,true,false,9,2022-04-01,2022-12-31,-1
2024-01-31,9110,2024-03-31,3,225300000000,-0.102,,,,,20400000000,-0.372,20300000000,-0.393,,16900000000,,717.14,,,,,,,,,,,,,,,,,,,,,,true,true,12,2023-04-01,2024-03-31,0
2024-01-31,9110,2023-03-31,3,,,,,,,,,,,,,,,,,,,,275784000000,137405000000,0.498,,137405000000,,,,,,,,,,,,true,false,12,2022-04-01,2023-03-31,-1
2024-01-31,9110,2023-03-31,3,,,,,,,,,,,,,,,,,,,,,,,,,,,,,365.00,,,,23970679,404688,,false,false,12,2022-04-01,2023-03-31,-1
2024-01-31,9110,2024-03-31,3,,,,,,,,,,,,,,,,,,,,,,,,,,,,,80.00,,,,,,,false,false,12,2023-04-01,2024-03-31,0
2024-01-31,9110,2024-03-31,3,,,,,,,,,,,,,,,,,,,,,,,,,,,,,220.00,,,,,,,false,true,12,2023-04-01,2024-03-31,0
2024-01-31,9110,2024-03-31,3,,,,,,,,,,,,,,,,,,,,,,,,,,,,,,,,,23970679,404869,23565916,false,false,9,2023-04-01,2023-12-31,0
2024-01-31,9110,2023-03-31,3,,,,,,,,,,,,,,,,,,,,,,,,,,,,,,,,,,,23566225,false,false,9,2022-04-01,2022-12-31,-1
2024-04-30,9110,2024-03-31,,233100000000,-0.071,,,,,21601000000,-0.335,22185000000,-0.337,,17986000000,,763.20,,0.125,0.079,0.093,,286344000000,149584000000,0.522,6347.53,149584000000,31015000000,-13059000000,-12067000000,47069000000,,0.301,,,,,,true,false,12,2023-04-01,2024-03-31,0
2024-04-30,9110,2023-03-31,,250825000000,0.280,,,,,32487000000,0.216,33444000000,0.257,,27603000000,,1171.29,,0.216,0.121,0.130,,275784000000,137405000000,0.498,5830.65,137405000000,42930000000,-1958000000,-32392000000,40264000000,,0.312,,,,,,true,false,12,2022-04-01,2023-03-31,-1
2024-04-30,9110,2025-03-31,,100000000000,-0.110,,,,,8000000000,-0.344,6000000000,-0.566,,5000000000,,212.17,,,,,,,,,,,,,,,,,,,,,,true,true,6,2024-04-01,2024-09-30,1
2024-04-30,9110,2025-03-31,,201000000000,-0.138,,,,,18000000000,-0.167,15000000000,-0.324,,14000000000,,594.08,,,,,,,,,,,,,,,,,,,,,,true,true,12,2024-04-01,2025-03-31,1
2024-04-30,9110,2024-03-31,,204617000000,-0.088,,,,,17680000000,-0.436,20580000000,-0.487,16691000000,,-0.485,708.26,,,,,,182255000000,137292000000,0.753,5825.92,137292000000,,,,,230.00,,,,23970679,404939,23565881,false,false,12,2023-04-01,2024-03-31,0
2024-04-30,9110,2023-03-31,,224381000000,0.300,,,,,31335000000,0.372,40145000000,0.303,32390000000,,0.180,1374.44,,,,,,175900000000,126387000000,0.719,5363.12,126387000000,,,,,365.00,,,,23970679,404688,23566186,false,false,12,2022-04-01,2023-03-31,-1
2024-04-30,9110,2025-03-31,,,,,,,,,,,,,,,,,,,,,,,,,,,,,,65.00,,,,,,,false,true,12,2024-04-01,2025-03-31,1
2024-07-31,9110,2025-03-31,1,62344000000,0.125,,,,,5848000000,0.003,6978000000,-0.112,,5697000000,,241.75,,,,,,285544000000,151594000000,0.531,,151594000000,,,,,,,,,,,,true,false,3,2024-04-01,2024-06-30,0
2024-07-31,9110,2024-03-31,1,55404000000,-0.111,,,,,5831000000,-0.479,7856000000,-0.401,,6234000000,,264.55,,,,,,,,,,,,,,,,,,,,,,true,false,3,2023-04-01,2023-06-30,-1
2024-07-31,9110,2025-03-31,1,121000000000,0.077,,,,,11600000000,-0.049,11400000000,-0.176,,10000000000,,424.35,,,,,,,,,,,,,,,,,,,,,,true,true,6,2024-04-01,2024-09-30,0
2024-07-31,9110,2025-03-31,1,228000000000,-0.022,,,,,22000000000,0.018,20000000000,-0.098,,18000000000,,763.82,,,,,,,,,,,,,,,,,,,,,,true,true,12,2024-04-01,2025-03-31,0
2024-07-31,9110,2024-03-31,1,,,,,,,,,,,,,,,,,,,,286344000000,149584000000,0.522,,149584000000,,,,,,,,,,,,true,false,12,2023-04-01,2024-03-31,-1
2024-07-31,9110,2024-03-31,1,,,,,,,,,,,,,,,,,,,,,,,,,,,,,230.00,,,,23970679,404939,,false,false,12,2023-04-01,2024-03-31,-1
2024-07-31,9110,2025-03-31,1,,,,,,,,,,,,,,,,,,,,,,,,,,,,,230.00,,,,,,,false,true,12,2024-04-01,2025-03-31,0
2024-07-31,9110,2025-03-31,1,,,,,,,,,,,,,,,,,,,,,,,,,,,,,,,,,23970679,404964,23565734,false,false,3,2024-04-01,2024-06-30,0
2024-07-31,9110,2024-03-31,1,,,,,,,,,,,,,,,,,,,,,,,,,,,,,,,,,,,23565990,false,false,3,2023-04-01,2023-06-30,-1
2024-10-31,9110,2025-03-31,2,128723000000,0.146,,,,,11706000000,-0.040,10105000000,-0.269,,9153000000,,388.39,,,,,,281739000000,154665000000,0.549,,154665000000,,,,,,,,,,,,true,false,6,2024-04-01,2024-09-30,0
2024-10-31,9110,2024-03-31,2,112354000000,-0.141,,,,,12194000000,-0.410,13827000000,-0.427,,10989000000,,466.30,,,,,,,,,,,,,,,,,,,,,,true,false,6,2023-04-01,2023-09-30,-1
2024-10-31,9110,2025-03-31,2,234000000000,0.004,,,,,21100000000,-0.023,19300000000,-0.130,,18000000000,,763.82,,,,,,,,,,,,,,,,,,,,,,true,true,12,2024-04-01,2025-03-31,0
2024-10-31,9110,2024-03-31,2,,,,,,,,,,,,,,,,,,,,286344000000,149584000000,0.522,,149584000000,,,,,,,,,,,,true,false,12,2023-04-01,2024-03-31,-1
2024-10-31,9110,2024-03-31,2,,,,,,,,,,,,,,,,,,,,,,,,,,,,,230.00,,,,23970679,404939,,false,false,12,2023-04-01,2024-03-31,-1
2024-10-31,9110,2025-03-31,2,,,,,,,,,,,,,,,,,,,,,,,,,,,,,115.00,,,,,,,false,false,12,2024-04-01,2025-03-31,0
2024-10-31,9110,2025-03-31,2,,,,,,,,,,,,,,,,,,,,,,,,,,,,,230.00,,,,,,,false,true,12,2024-04-01,2025-03-31,0
2024-10-31,9110,2025-03-31,2,,,,,,,,,,,,,,,,,,,,,,,,,,,,,,,,,23970679,404964,23565726,false,false,6,2024-04-01,2024-09-30,0
2024-10-31,9110,2024-03-31,2,,,,,,,,,,,,,,,,,,,,,,,,,,,,,,,,,,,23565951,false,false,6,2023-04-01,2023-09-30,-1
2025-01-31,9110,2025-03-31,3,189391000000,0.098,,,,,16862000000,-0.021,16933000000,-0.031,,14582000000,,618.78,,,,,,286311000000,159174000000,0.556,,159174000000,,,,,,,,,,,,true,false,9,2024-04-01,2024-12-31,0
2025-01-31,9110,2024-03-31,3,172520000000,-0.124,,,,,17228000000,-0.425,17473000000,-0.443,,14130000000,,599.59,,,,,,,,,,,,,,,,,,,,,,true,false,9,2023-04-01,2023-12-31,-1
2025-01-31,9110,2025-03-31,3,244000000000,0.047,,,,,20500000000,-0.051,19300000000,-0.130,,18000000000,,763.82,,,,,,,,,,,,,,,,,,,,,,true,true,12,2024-04-01,2025-03-31,0
2025-01-31,9110,2024-03-31,3,,,,,,,,,,,,,,,,,,,,286344000000,149584000000,0.522,,149584000000,,,,,,,,,,,,true,false,12,2023-04-01,2024-03-31,-1
2025-01-31,9110,2024-03-31,3,,,,,,,,,,,,,,,,,,,,,,,,,,,,,230.00,,,,23970679,404939,,false,false,12,2023-04-01,2024-03-31,-1
2025-01-31,9110,2025-03-31,3,,,,,,,,,,,,,,,,,,,,,,,,,,,,,115.00,,,,,,,false,false,12,2024-04-01,2025-03-31,0
2025-01-31,9110,2025-03-31,3,,,,,,,,,,,,,,,,,,,,,,,,,,,,,230.00,,,,,,,false,true,12,2024-04-01,2025-03-31,0
2025-01-31,9110,2025-03-31,3,,,,,,,,,,,,,,,,,,,,,,,,,,,,,,,,,23970679,404964,23565722,false,false,9,2024-04-01,2024-12-31,0
2025-01-31,9110,2024-03-31,3,,,,,,,,,,,,,,,,,,,,,,,,,,,,,,,,,,,23565916,false,false,9,2023-04-01,2023-12-31,-1
,91100,2025-03-31,,,,,,,,,,,,,,,,,,,,,,,,,,,,,,240.00,,,,,,,false,true,12,2024-04-01,2025-03-31,0
,91100,2025-03-31,,,,,,,,,,,,,,,,,,,,,,,,,,,,,,115.00,,,,,,,false,false,12,2024-04-01,2025-03-31,0
,91100,2024-03-31,,,,,,,,,,,,,,,,,,,,,,,,,,,,,,230.00,,,,,,,false,false,12,2023-04-01,2024-03-31,-1
2025-04-30,9110,2025-03-31,,247408000000,0.061,,,,,20224000000,-0.064,19015000000,-0.143,,18621000000,,790.18,,0.119,0.066,0.082,,287948000000,162738000000,0.565,6905.75,162738000000,34851000000,-8246000000,-17811000000,55784000000,,0.304,,,,,,true,false,12,2024-04-01,2025-03-31,0
2025-04-30,9110,2024-03-31,,233100000000,-0.071,,,,,21601000000,-0.335,22185000000,-0.337,,17986000000,,763.20,,0.125,0.079,0.093,,286344000000,149584000000,0.522,6347.53,149584000000,31015000000,-13059000000,-12067000000,47069000000,,0.301,,,,,,true,false,12,2023-04-01,2024-03-31,-1
2025-04-30,9110,2026-03-31,,101000000000,-0.215,,,,,6000000000,-0.487,5000000000,-0.505,,8000000000,,339.48,,,,,,,,,,,,,,,,,,,,,,true,true,6,2025-04-01,2025-09-30,1
2025-04-30,9110,2026-03-31,,201000000000,-0.188,,,,,13000000000,-0.357,10000000000,-0.474,,14000000000,,594.09,,,,,,,,,,,,,,,,,,,,,,true,true,12,2025-04-01,2026-03-31,1
2025-04-30,9110,2025-03-31,,216437000000,0.058,,,,,14630000000,-0.173,16011000000,-0.222,15077000000,,-0.097,639.80,,,,,,192660000000,146586000000,0.761,6220.35,146586000000,,,,,240.00,,,,23970679,405034,23565705,false,false,12,2024-04-01,2025-03-31,0
2025-04-30,9110,2024-03-31,,204617000000,-0.088,,,,,17680000000,-0.436,20580000000,-0.487,16691000000,,-0.485,708.26,,,,,,182255000000,137292000000,0.753,5825.92,137292000000,,,,,230.00,,,,23970679,404939,23565881,false,false,12,2023-04-01,2024-03-31,-1
2025-04-30,9110,2026-03-31,,,,,,,,,,,,,,,,,,,,,,,,,,,,,,90.00,,,,,,,false,true,12,2025-04-01,2026-03-31,1
2025-07-31,9110,2026-03-31,1,54833000000,-0.120,,,,,3725000000,-0.363,2910000000,-0.583,,5954000000,,252.65,,,,,,284221000000,164579000000,0.579,,164579000000,,,,,,,,,,,,true,false,3,2025-04-01,2025-06-30,0
2025-07-31,9110,2025-03-31,1,62344000000,0.125,,,,,5848000000,0.003,6978000000,-0.112,,5697000000,,241.75,,,,,,,,,,,,,,,,,,,,,,true,false,3,2024-04-01,2024-06-30,-1
2025-07-31,9110,2026-03-31,1,107000000000,-0.169,,,,,8000000000,-0.317,6900000000,-0.317,,9600000000,,407.37,,,,,,,,,,,,,,,,,,,,,,true,true,6,2025-04-01,2025-09-30,0
2025-07-31,9110,2026-03-31,1,207000000000,-0.163,,,,,15100000000,-0.253,13000000000,-0.316,,16400000000,,695.93,,,,,,,,,,,,,,,,,,,,,,true,true,12,2025-04-01,2026-03-31,0
2025-07-31,9110,2025-03-31,1,,,,,,,,,,,,,,,,,,,,287948000000,162738000000,0.565,,162738000000,,,,,,,,,,,,true,false,12,2024-04-01,2025-03-31,-1
2025-07-31,9110,2025-03-31,1,,,,,,,,,,,,,,,,,,,,,,,,,,,,,240.00,,,,23970679,405034,,false,false,12,2024-04-01,2025-03-31,-1
2025-07-31,9110,2026-03-31,1,,,,,,,,,,,,,,,,,,,,,,,,,,,,,210.00,,,,,,,false,true,12,2025-04-01,2026-03-31,0
2025-07-31,9110,2026-03-31,1,,,,,,,,,,,,,,,,,,,,,,,,,,,,,,,,,23970679,405051,23565632,false,false,3,2025-04-01,2025-06-30,0
2025-07-31,9110,2025-03-31,1,,,,,,,,,,,,,,,,,,,,,,,,,,,,,,,,,,,23565734,false,false,3,2024-04-01,2024-06-30,-1
