filing_date,code,fiscal_year_end,quarterly_period,net_sales,net_sales_change,revenue,revenue_change,operating_revenue,operating_revenue_change,operating_profit,operating_profit_change,ordinary_profit,ordinary_profit_change,net_income,net_income_of_parent,net_income_change,eps,diluted_eps,roe,roa,operating_profit_to_net_sales,operating_profit_to_revenue,total_assets,net_assets,equity_ratio,bps,owner_equity,operating_cash_flow,investing_cash_flow,financing_cash_flow,cash,dividend_per_share,payout_ratio,commemorative_dividend,extra_dividend,number_of_shares,number_of_treqsury_shares,avg_number_of_shares,is_consolidated,is_forecast,duration,period_start,period_end,period_pos
2015-05-15,91150,2015-03-31,,31940000000,0.135,,,,,2792000000,0.106,5601000000,-0.183,2446000000,,0.730,73.94,,0.225,0.040,0.087,,143568000000,29992000000,0.087,378.84,12539000000,9959000000,-5062000000,-4667000000,10412000000,,0.068,,,,,,true,false,12,2014-04-01,2015-03-31,0
2015-05-15,91150,2014-03-31,,28151000000,0.230,,,,,2524000000,2.027,6855000000,1.478,1414000000,,1.611,42.77,,0.178,0.050,0.090,,137047000000,23047000000,0.067,277.62,9186000000,11370000000,-323000000,-9272000000,9272000000,,0.164,,,,,,true,false,12,2013-04-01,2014-03-31,-1
2015-05-15,91150,2016-03-31,,16200000000,0.165,,,,,1200000000,-0.127,400000000,,,1000000000,,30.21,,,,,,,,,,,,,,,,,,,,,,true,true,6,2015-04-01,2015-09-30,1
2015-05-15,91150,2016-03-31,,34500000000,0.080,,,,,3600000000,0.289,2700000000,-0.518,,2300000000,,69.49,,,,,,,,,,,,,,,,,,,,,,true,true,12,2015-04-01,2016-03-31,1
2015-05-15,91150,2015-03-31,,8320000000,0.002,,,,,376000000,0.149,883000000,0.524,594000000,,0.740,16.52,,,,,,25368000000,5126000000,0.202,142.44,5126000000,,,,,5.00,,,,36000000,2901188,33095888,false,false,12,2014-04-01,2015-03-31,0
2015-05-15,91150,2014-03-31,,8304000000,0.256,,,,,328000000,0.583,579000000,0.044,341000000,,-0.006,9.49,,,,,,22852000000,4529000000,0.198,125.85,4529000000,,,,,7.00,,,,36000000,2909997,33069427,false,false,12,2013-04-01,2014-03-31,-1
2015-05-15,91150,2015-03-31,,31940000000,0.135,,,,,2792000000,0.106,5601000000,-0.183,2446000000,,0.730,73.94,,0.225,0.040,0.087,,143568000000,29992000000,0.087,378.84,12539000000,9959000000,-5062000000,-4667000000,10412000000,,0.068,,,,,,true,false,12,2014-04-01,2015-03-31,0
2015-05-15,91150,2014-03-31,,28151000000,0.230,,,,,2524000000,2.027,6855000000,1.478,1414000000,,1.611,42.77,,0.178,0.050,0.090,,137047000000,23047000000,0.067,277.62,9186000000,11370000000,-323000000,-9272000000,9272000000,,0.164,,,,,,true,false,12,2013-04-01,2014-03-31,-1
2015-05-15,91150,2016-03-31,,16200000000,0.165,,,,,1200000000,-0.127,400000000,,,1000000000,,30.21,,,,,,,,,,,,,,,,,,,,,,true,true,6,2015-04-01,2015-09-30,1
2015-05-15,91150,2016-03-31,,34500000000,0.080,,,,,3600000000,0.289,2700000000,-0.518,,2300000000,,69.49,,,,,,,,,,,,,,,,,,,,,,true,true,12,2015-04-01,2016-03-31,1
2015-05-15,91150,2015-03-31,,8320000000,0.002,,,,,376000000,0.149,883000000,0.524,594000000,,0.740,16.52,,,,,,25368000000,5126000000,0.202,142.44,5126000000,,,,,5.00,,,,36000000,2901188,33095888,false,false,12,2014-04-01,2015-03-31,0
2015-05-15,91150,2014-03-31,,8304000000,0.256,,,,,328000000,0.583,579000000,0.044,341000000,,-0.006,9.49,,,,,,22852000000,4529000000,0.198,125.85,4529000000,,,,,7.00,,,,36000000,2909997,33069427,false,false,12,2013-04-01,2014-03-31,-1
2015-07-31,91150,2016-03-31,1,8397000000,0.192,,,,,1045000000,0.313,1761000000,,,1810000000,,54.71,,,,,,150030000000,34687000000,0.096,,14342000000,,,,,,,,,,,,true,false,3,2015-04-01,2015-06-30,0
2015-07-31,91150,2015-03-31,1,7044000000,0.159,,,,,795000000,1.544,41000000,-0.987,,67000000,,2.04,,,,,,,,,,,,,,,,,,,,,,true,false,3,2014-04-01,2014-06-30,-1
2015-07-31,91150,2016-03-31,1,16200000000,0.165,,,,,1200000000,-0.127,400000000,,,1000000000,,30.21,,,,,,,,,,,,,,,,,,,,,,true,true,6,2015-04-01,2015-09-30,0
2015-07-31,91150,2016-03-31,1,34500000000,0.080,,,,,3600000000,0.289,2700000000,-0.518,,2300000000,,69.49,,,,,,,,,,,,,,,,,,,,,,true,true,12,2015-04-01,2016-03-31,0
2015-07-31,91150,2015-03-31,1,,,,,,,,,,,,,,,,,,,,143568000000,29992000000,0.087,,12539000000,,,,,,,,,,,,true,false,12,2014-04-01,2015-03-31,-1
2015-07-31,91150,2015-03-31,1,,,,,,,,,,,,,,,,,,,,,,,,,,,,,5.00,,,,36000000,2901188,,false,false,12,2014-04-01,2015-03-31,-1
2015-07-31,91150,2016-03-31,1,,,,,,,,,,,,,,,,,,,,,,,,,,,,,,,,,36000000,2901188,33098812,false,false,3,2015-04-01,2015-06-30,0
2015-07-31,91150,2015-03-31,1,,,,,,,,,,,,,,,,,,,,,,,,,,,,,,,,,,,33090003,false,false,3,2014-04-01,2014-06-30,-1
2015-10-16,91150,2016-03-31,,16700000000,0.031,,,,,1950000000,0.625,3100000000,6.750,2500000000,,1.500,75.53,,,,,,,,,,,,,,,,,,,,,,true,true,6,2015-04-01,2015-09-30,0
2015-10-16,91150,2015-03-31,,13904000000,,,,,,1374000000,,10000000,,95000000,,,2.87,,,,,,,,,,,,,,,,,,,,,,true,false,6,2014-04-01,2014-09-30,-1
2015-10-30,91150,2016-03-31,2,16724000000,0.203,,,,,1953000000,0.421,3100000000,,,2497000000,,75.45,,,,,,149109000000,36237000000,0.100,,14926000000,,,,,,,,,,,,true,false,6,2015-04-01,2015-09-30,0
2015-10-30,91150,2015-03-31,2,13904000000,0.060,,,,,1374000000,0.246,10000000,-0.998,,95000000,,2.87,,,,,,,,,,,,,,,,,,,,,,true,false,6,2014-04-01,2014-09-30,-1
2015-10-30,91150,2016-03-31,2,34500000000,0.080,,,,,3600000000,0.289,2700000000,-0.518,,2300000000,,69.49,,,,,,,,,,,,,,,,,,,,,,true,true,12,2015-04-01,2016-03-31,0
2015-10-30,91150,2015-03-31,2,,,,,,,,,,,,,,,,,,,,143568000000,29992000000,0.087,,12539000000,,,,,,,,,,,,true,false,12,2014-04-01,2015-03-31,-1
2015-10-30,91150,2015-03-31,2,,,,,,,,,,,,,,,,,,,,,,,,,,,,,5.00,,,,36000000,2901188,,false,false,12,2014-04-01,2015-03-31,-1
2015-10-30,91150,2016-03-31,2,,,,,,,,,,,,,,,,,,,,,,,,,,,,,,,,,36000000,2901188,33098812,false,false,6,2015-04-01,2015-09-30,0
2015-10-30,91150,2015-03-31,2,,,,,,,,,,,,,,,,,,,,,,,,,,,,,,,,,,,33092963,false,false,6,2014-04-01,2014-09-30,-1
2016-01-29,91150,2016-03-31,3,26437000000,0.145,,,,,3905000000,0.558,4556000000,0.276,,2102000000,,63.52,,,,,,150051000000,34912000000,0.096,,14416000000,,,,,,,,,,,,true,false,9,2015-04-01,2015-12-31,0
2016-01-29,91150,2015-03-31,3,23080000000,0.124,,,,,2505000000,0.222,3571000000,-0.312,,1982000000,,59.91,,,,,,,,,,,,,,,,,,,,,,true,false,9,2014-04-01,2014-12-31,-1
2016-01-29,91150,2016-03-31,3,35500000000,0.111,,,,,4500000000,0.612,4300000000,-0.232,,1200000000,,36.26,,,,,,,,,,,,,,,,,,,,,,true,true,12,2015-04-01,2016-03-31,0
2016-01-29,91150,2015-03-31,3,,,,,,,,,,,,,,,,,,,,143568000000,29992000000,0.087,,12539000000,,,,,,,,,,,,true,false,12,2014-04-01,2015-03-31,-1
2016-01-29,91150,2015-03-31,3,,,,,,,,,,,,,,,,,,,,,,,,,,,,,5.00,,,,36000000,2901188,,false,false,12,2014-04-01,2015-03-31,-1
2016-01-29,91150,2016-03-31,3,,,,,,,,,,,,,,,,,,,,,,,,,,,,,5.00,,,,,,,false,true,12,2015-04-01,2016-03-31,0
2016-01-29,91150,2016-03-31,3,,,,,,,,,,,,,,,,,,,,,,,,,,,,,,,,,36000000,2901188,33098812,false,false,9,2015-04-01,2015-12-31,0
2016-01-29,91150,2015-03-31,3,,,,,,,,,,,,,,,,,,,,,,,,,,,,,,,,,,,33094913,false,false,9,2014-04-01,2014-12-31,-1
2016-04-28,91150,2016-03-31,,35400000000,-0.003,,,,,4400000000,-0.022,4200000000,-0.023,,1000000000,,30.21,,,,,,,,,,,,,,,,,,,,,,true,true,12,2015-04-01,2016-03-31,0
2016-04-28,91150,2015-03-31,,31940000000,,,,,,2792000000,,5601000000,,,2446000000,,73.94,,,,,,,,,,,,,,,,,,,,,,true,false,12,2014-04-01,2015-03-31,-1
2016-05-13,91150,2016-03-31,,35469000000,0.110,,,,,4438000000,0.590,4237000000,-0.243,,1063000000,,32.16,,0.083,0.029,0.125,,147112000000,32084000000,0.088,393.55,12976000000,12533000000,-11941000000,2479000000,13297000000,,0.155,,,,,,true,false,12,2015-04-01,2016-03-31,0
2016-05-13,91150,2015-03-31,,31940000000,0.135,,,,,2792000000,0.106,5601000000,-0.183,,2446000000,,73.94,,0.225,0.040,0.087,,143568000000,29992000000,0.087,378.84,12539000000,9959000000,-5062000000,-4667000000,10412000000,,0.068,,,,,,true,false,12,2014-04-01,2015-03-31,-1
2016-05-13,91150,2017-03-31,,17500000000,0.046,,,,,2500000000,0.280,1500000000,-0.516,,100000000,,3.03,,,,,,,,,,,,,,,,,,,,,,true,true,6,2016-04-01,2016-09-30,1
2016-05-13,91150,2017-03-31,,36000000000,0.015,,,,,4700000000,0.059,3000000000,-0.292,,900000000,,27.30,,,,,,,,,,,,,,,,,,,,,,true,true,12,2016-04-01,2017-03-31,1
2016-05-13,91150,2016-03-31,,8108000000,-0.025,,,,,405000000,0.076,602000000,-0.318,409000000,,-0.311,11.38,,,,,,23884000000,5154000000,0.216,143.23,5154000000,,,,,5.00,,,,36000000,3027609,33087044,false,false,12,2015-04-01,2016-03-31,0
2016-05-13,91150,2015-03-31,,8320000000,0.002,,,,,376000000,0.149,883000000,0.524,594000000,,0.740,16.52,,,,,,25368000000,5126000000,0.202,142.44,5126000000,,,,,5.00,,,,36000000,2901188,33095888,false,false,12,2014-04-01,2015-03-31,-1
2016-07-29,91150,2017-03-31,1,8931000000,0.064,,,,,1657000000,0.585,947000000,-0.462,,160000000,,4.90,,,,,,140649000000,30739000000,0.086,,12081000000,,,,,,,,,,,,true,false,3,2016-04-01,2016-06-30,0
2016-07-29,91150,2016-03-31,1,8397000000,0.192,,,,,1045000000,0.313,1761000000,,,1810000000,,54.71,,,,,,,,,,,,,,,,,,,,,,true,false,3,2015-04-01,2015-06-30,-1
2016-07-29,91150,2017-03-31,1,17500000000,0.046,,,,,2500000000,0.280,1500000000,-0.516,,100000000,,3.03,,,,,,,,,,,,,,,,,,,,,,true,true,6,2016-04-01,2016-09-30,0
2016-07-29,91150,2017-03-31,1,36000000000,0.015,,,,,4700000000,0.059,3000000000,-0.292,,900000000,,27.30,,,,,,,,,,,,,,,,,,,,,,true,true,12,2016-04-01,2017-03-31,0
2016-07-29,91150,2016-03-31,1,,,,,,,,,,,,,,,,,,,,147112000000,32084000000,0.088,,12976000000,,,,,,,,,,,,true,false,12,2015-04-01,2016-03-31,-1
2016-07-29,91150,2016-03-31,1,,,,,,,,,,,,,,,,,,,,,,,,,,,,,5.00,,,,36000000,3027609,,false,false,12,2015-04-01,2016-03-31,-1
2016-07-29,91150,2017-03-31,1,,,,,,,,,,,,,,,,,,,,,,,,,,,,,,,,,36000000,3179221,32840236,false,false,3,2016-04-01,2016-06-30,0
2016-07-29,91150,2016-03-31,1,,,,,,,,,,,,,,,,,,,,,,,,,,,,,,,,,,,33098812,false,false,3,2015-04-01,2015-06-30,-1
2016-10-28,91150,2017-03-31,,17400000000,-0.006,,,,,2880000000,0.152,1750000000,0.167,350000000,,2.500,10.66,,,,,,,,,,,,,,,,,,,,,,true,true,6,2016-04-01,2016-09-30,0
2016-10-28,91150,2016-03-31,,16724000000,,,,,,1953000000,,3100000000,,2497000000,,,75.45,,,,,,,,,,,,,,,,,,,,,,true,false,6,2015-04-01,2015-09-30,-1
2016-10-31,91150,2017-03-31,2,17401000000,0.041,,,,,2882000000,0.475,1757000000,-0.433,,350000000,,10.68,,,,,,135512000000,29849000000,0.085,,11486000000,,,,,,,,,,,,true,false,6,2016-04-01,2016-09-30,0
2016-10-31,91150,2016-03-31,2,16724000000,0.203,,,,,1953000000,0.421,3100000000,,,2497000000,,75.45,,,,,,,,,,,,,,,,,,,,,,true,false,6,2015-04-01,2015-09-30,-1
2016-10-31,91150,2017-03-31,2,36000000000,0.015,,,,,4700000000,0.059,3000000000,-0.292,,900000000,,27.30,,,,,,,,,,,,,,,,,,,,,,true,true,12,2016-04-01,2017-03-31,0
2016-10-31,91150,2016-03-31,2,,,,,,,,,,,,,,,,,,,,147112000000,32084000000,0.088,,12976000000,,,,,,,,,,,,true,false,12,2015-04-01,2016-03-31,-1
2016-10-31,91150,2016-03-31,2,,,,,,,,,,,,,,,,,,,,,,,,,,,,,5.00,,,,36000000,3027609,,false,false,12,2015-04-01,2016-03-31,-1
2016-10-31,91150,2017-03-31,2,,,,,,,,,,,,,,,,,,,,,,,,,,,,,,,,,36000000,3184519,32829625,false,false,6,2016-04-01,2016-09-30,0
2016-10-31,91150,2016-03-31,2,,,,,,,,,,,,,,,,,,,,,,,,,,,,,,,,,,,33098812,false,false,6,2015-04-01,2015-09-30,-1
2017-01-31,91150,2017-03-31,3,26907000000,0.018,,,,,4363000000,0.117,3620000000,-0.205,,1116000000,,34.02,,,,,,138100000000,30341000000,0.091,,12568000000,,,,,,,,,,,,true,false,9,2016-04-01,2016-12-31,0
2017-01-31,91150,2016-03-31,3,26437000000,0.145,,,,,3905000000,0.558,4556000000,0.276,,2102000000,,63.52,,,,,,,,,,,,,,,,,,,,,,true,false,9,2015-04-01,2015-12-31,-1
2017-01-31,91150,2017-03-31,3,36000000000,0.015,,,,,4700000000,0.059,3000000000,-0.292,,900000000,,27.30,,,,,,,,,,,,,,,,,,,,,,true,true,12,2016-04-01,2017-03-31,0
2017-01-31,91150,2016-03-31,3,,,,,,,,,,,,,,,,,,,,147112000000,32084000000,0.088,,12976000000,,,,,,,,,,,,true,false,12,2015-04-01,2016-03-31,-1
2017-01-31,91150,2016-03-31,3,,,,,,,,,,,,,,,,,,,,,,,,,,,,,5.00,,,,36000000,3027609,,false,false,12,2015-04-01,2016-03-31,-1
2017-01-31,91150,2017-03-31,3,,,,,,,,,,,,,,,,,,,,,,,,,,,,,,,,,36000000,3263245,32806260,false,false,9,2016-04-01,2016-12-31,0
2017-01-31,91150,2016-03-31,3,,,,,,,,,,,,,,,,,,,,,,,,,,,,,,,,,,,33098812,false,false,9,2015-04-01,2015-12-31,-1
2017-02-14,91150,2017-03-31,,37000000000,0.028,,,,,5800000000,0.234,4400000000,0.467,1100000000,,0.222,33.25,,,,,,,,,,,,,,,,,,,,,,true,true,6,2016-04-01,2016-09-30,0
2017-02-14,91150,2016-03-31,,35469000000,,,,,,4438000000,,4237000000,,1063000000,,,32.16,,,,,,,,,,,,,,,,,,,,,,true,false,6,2015-04-01,2015-09-30,-1
2017-02-14,91150,2017-03-31,,,,,,,,,,,,,,,,,,,,,,,,,,,,,,5.00,,,,,,,false,true,12,2016-04-01,2017-03-31,0
2017-02-14,91150,2016-03-31,,,,,,,,,,,,,,,,,,,,,,,,,,,,,,5.00,,,,,,,false,false,12,2015-04-01,2016-03-31,-1
2017-05-15,91150,2017-03-31,,37404000000,0.055,,,,,5865000000,0.321,4551000000,0.074,,1159000000,,35.35,,0.086,0.032,0.157,,141413000000,32985000000,0.098,425.04,13914000000,12098000000,-2000000000,-8904000000,14452000000,,0.141,,,,,,true,false,12,2016-04-01,2017-03-31,0
2017-05-15,91150,2016-03-31,,35469000000,0.110,,,,,4438000000,0.590,4237000000,-0.243,,1063000000,,32.16,,0.083,0.029,0.125,,147112000000,32084000000,0.088,393.55,12976000000,12533000000,-11941000000,2479000000,13297000000,,0.155,,,,,,true,false,12,2015-04-01,2016-03-31,-1
2017-05-15,91150,2018-03-31,,19000000000,0.092,,,,,1700000000,-0.410,400000000,-0.772,,100000000,,3.05,,,,,,,,,,,,,,,,,,,,,,true,true,6,2017-04-01,2017-09-30,1
2017-05-15,91150,2018-03-31,,41000000000,0.096,,,,,4200000000,-0.284,2100000000,-0.539,,800000000,,24.44,,,,,,,,,,,,,,,,,,,,,,true,true,12,2017-04-01,2018-03-31,1
2017-05-15,91150,2017-03-31,,8132000000,0.003,,,,,503000000,0.242,775000000,0.287,522000000,,0.275,14.51,,,,,,23188000000,5781000000,0.249,160.65,5781000000,,,,,5.00,,,,36000000,3263245,32788884,false,false,12,2016-04-01,2017-03-31,0
2017-05-15,91150,2016-03-31,,8108000000,-0.025,,,,,405000000,0.076,602000000,-0.318,409000000,,-0.311,11.38,,,,,,23884000000,5154000000,0.216,143.23,5154000000,,,,,5.00,,,,36000000,3027609,33087044,false,false,12,2015-04-01,2016-03-31,-1
2017-07-28,91150,2018-03-31,1,9624000000,0.078,,,,,1119000000,-0.325,638000000,-0.326,,170000000,,5.21,,,,,,142303000000,32624000000,0.095,,13564000000,,,,,,,,,,,,true,false,3,2017-04-01,2017-06-30,0
2017-07-28,91150,2017-03-31,1,8931000000,0.064,,,,,1657000000,0.585,947000000,-0.462,,160000000,,4.90,,,,,,,,,,,,,,,,,,,,,,true,false,3,2016-04-01,2016-06-30,-1
2017-07-28,91150,2018-03-31,1,19000000000,0.092,,,,,1700000000,-0.410,400000000,-0.772,,100000000,,3.05,,,,,,,,,,,,,,,,,,,,,,true,true,6,2017-04-01,2017-09-30,0
2017-07-28,91150,2018-03-31,1,41000000000,0.096,,,,,4200000000,-0.284,2100000000,-0.539,,800000000,,24.44,,,,,,,,,,,,,,,,,,,,,,true,true,12,2017-04-01,2018-03-31,0
2017-07-28,91150,2017-03-31,1,,,,,,,,,,,,,,,,,,,,141413000000,32985000000,0.098,,13914000000,,,,,,,,,,,,true,false,12,2016-04-01,2017-03-31,-1
2017-07-28,91150,2017-03-31,1,,,,,,,,,,,,,,,,,,,,,,,,,,,,,5.00,,,,36000000,3263245,,false,false,12,2016-04-01,2017-03-31,-1
2017-07-28,91150,2018-03-31,1,,,,,,,,,,,,,,,,,,,,,,,,,,,,,,,,,36000000,3263245,32736755,false,false,3,2017-04-01,2017-06-30,0
2017-07-28,91150,2017-03-31,1,,,,,,,,,,,,,,,,,,,,,,,,,,,,,,,,,,,32840236,false,false,3,2016-04-01,2016-06-30,-1
2017-10-30,91150,2018-03-31,,19540000000,0.028,,,,,2400000000,0.412,1930000000,3.825,,640000000,,19.55,,,,,,,,,,,,,,,,,,,,,,true,true,6,2017-04-01,2017-09-30,0
2017-10-30,91150,2017-03-31,,17401000000,,,,,,2882000000,,1757000000,,,350000000,,10.68,,,,,,,,,,,,,,,,,,,,,,true,false,6,2016-04-01,2016-09-30,-1
2017-10-31,91150,2018-03-31,2,19548000000,0.123,,,,,2409000000,-0.164,1932000000,0.100,,640000000,,19.56,,,,,,154185000000,33583000000,0.090,,13949000000,,,,,,,,,,,,true,false,6,2017-04-01,2017-09-30,0
2017-10-31,91150,2017-03-31,2,17401000000,0.041,,,,,2882000000,0.475,1757000000,-0.433,,350000000,,10.68,,,,,,,,,,,,,,,,,,,,,,true,false,6,2016-04-01,2016-09-30,-1
2017-10-31,91150,2018-03-31,2,41000000000,0.096,,,,,4200000000,-0.284,2100000000,-0.539,,800000000,,24.44,,,,,,,,,,,,,,,,,,,,,,true,true,12,2017-04-01,2018-03-31,0
2017-10-31,91150,2017-03-31,2,,,,,,,,,,,,,,,,,,,,141413000000,32985000000,0.098,,13914000000,,,,,,,,,,,,true,false,12,2016-04-01,2017-03-31,-1
2017-10-31,91150,2017-03-31,2,,,,,,,,,,,,,,,,,,,,,,,,,,,,,5.00,,,,36000000,3263245,,false,false,12,2016-04-01,2017-03-31,-1
2017-10-31,91150,2018-03-31,2,,,,,,,,,,,,,,,,,,,,,,,,,,,,,,,,,36000000,3263245,32736755,false,false,6,2017-04-01,2017-09-30,0
2017-10-31,91150,2017-03-31,2,,,,,,,,,,,,,,,,,,,,,,,,,,,,,,,,,,,32829625,false,false,6,2016-04-01,2016-09-30,-1
2018-01-31,91150,2018-03-31,3,31025000000,0.153,,,,,4474000000,0.025,3817000000,0.054,,1495000000,,45.68,,,,,,154784000000,35398000000,0.097,,15011000000,,,,,,,,,,,,true,false,9,2017-04-01,2017-12-31,0
2018-01-31,91150,2017-03-31,3,26907000000,0.018,,,,,4363000000,0.117,3620000000,-0.205,,1116000000,,34.02,,,,,,,,,,,,,,,,,,,,,,true,false,9,2016-04-01,2016-12-31,-1
2018-01-31,91150,2018-03-31,3,41900000000,0.120,,,,,5500000000,-0.062,4400000000,-0.033,,1900000000,,58.04,,,,,,,,,,,,,,,,,,,,,,true,true,12,2017-04-01,2018-03-31,0
2018-01-31,91150,2017-03-31,3,,,,,,,,,,,,,,,,,,,,141413000000,32985000000,0.098,,13914000000,,,,,,,,,,,,true,false,12,2016-04-01,2017-03-31,-1
2018-01-31,91150,2017-03-31,3,,,,,,,,,,,,,,,,,,,,,,,,,,,,,5.00,,,,36000000,3263245,,false,false,12,2016-04-01,2017-03-31,-1
2018-01-31,91150,2018-03-31,3,,,,,,,,,,,,,,,,,,,,,,,,,,,,,5.00,,,,,,,false,true,12,2017-04-01,2018-03-31,0
2018-01-31,91150,2018-03-31,3,,,,,,,,,,,,,,,,,,,,,,,,,,,,,,,,,36000000,3263245,32736755,false,false,9,2017-04-01,2017-12-31,0
2018-01-31,91150,2017-03-31,3,,,,,,,,,,,,,,,,,,,,,,,,,,,,,,,,,,,32806260,false,false,9,2016-04-01,2016-12-31,-1
2018-05-15,91150,2018-03-31,,41768000000,0.117,,,,,5591000000,-0.047,4491000000,-0.013,,1810000000,,55.29,,0.124,0.030,0.134,,153511000000,36203000000,0.099,466.32,15265000000,14441000000,-16591000000,6677000000,18743000000,,0.090,,,,,,true,false,12,2017-04-01,2018-03-31,0
2018-05-15,91150,2017-03-31,,37404000000,0.055,,,,,5865000000,0.321,4551000000,0.074,,1159000000,,35.35,,0.086,0.032,0.157,,141413000000,32985000000,0.098,425.04,13914000000,12098000000,-2000000000,-8904000000,14452000000,,0.141,,,,,,true,false,12,2016-04-01,2017-03-31,-1
2018-05-15,91150,2019-03-31,,19500000000,-0.003,,,,,1600000000,-0.336,700000000,-0.638,,200000000,,6.11,,,,,,,,,,,,,,,,,,,,,,true,true,6,2018-04-01,2018-09-30,1
2018-05-15,91150,2019-03-31,,41600000000,-0.004,,,,,4100000000,-0.267,2500000000,-0.443,,1200000000,,36.66,,,,,,,,,,,,,,,,,,,,,,true,true,12,2018-04-01,2019-03-31,1
2018-05-15,91150,2018-03-31,,10136000000,0.246,,,,,646000000,0.283,639000000,-0.176,437000000,,-0.162,12.17,,,,,,22763000000,6087000000,0.267,169.14,6087000000,,,,,5.00,,,,36000000,3263245,32736755,false,false,12,2017-04-01,2018-03-31,0
2018-05-15,91150,2017-03-31,,8132000000,0.003,,,,,503000000,0.242,775000000,0.287,522000000,,0.275,14.51,,,,,,23188000000,5781000000,0.249,160.65,5781000000,,,,,5.00,,,,36000000,3263245,32788884,false,false,12,2016-04-01,2017-03-31,-1
2018-07-31,91150,2019-03-31,1,10101000000,0.050,,,,,1187000000,0.061,1438000000,1.253,,462000000,,14.13,,,,,,149431000000,36045000000,0.100,,14991000000,,,,,,,,,,,,true,false,3,2018-04-01,2018-06-30,0
2018-07-31,91150,2018-03-31,1,9624000000,0.078,,,,,1119000000,-0.325,638000000,-0.326,,170000000,,5.21,,,,,,,,,,,,,,,,,,,,,,true,false,3,2017-04-01,2017-06-30,-1
2018-07-31,91150,2019-03-31,1,19500000000,-0.003,,,,,1600000000,-0.336,700000000,-0.638,,200000000,,6.11,,,,,,,,,,,,,,,,,,,,,,true,true,6,2018-04-01,2018-09-30,0
2018-07-31,91150,2019-03-31,1,41600000000,-0.004,,,,,4100000000,-0.267,2500000000,-0.443,,1200000000,,36.66,,,,,,,,,,,,,,,,,,,,,,true,true,12,2018-04-01,2019-03-31,0
2018-07-31,91150,2018-03-31,1,,,,,,,,,,,,,,,,,,,,153511000000,36203000000,0.099,,15265000000,,,,,,,,,,,,true,false,12,2017-04-01,2018-03-31,-1
2018-07-31,91150,2018-03-31,1,,,,,,,,,,,,,,,,,,,,,,,,,,,,,5.00,,,,36000000,3263245,,false,false,12,2017-04-01,2018-03-31,-1
2018-07-31,91150,2019-03-31,1,,,,,,,,,,,,,,,,,,,,,,,,,,,,,,,,,36000000,3263245,32736755,false,false,3,2018-04-01,2018-06-30,0
2018-07-31,91150,2018-03-31,1,,,,,,,,,,,,,,,,,,,,,,,,,,,,,,,,,,,32736755,false,false,3,2017-04-01,2017-06-30,-1
2018-10-30,91150,2019-03-31,,20080000000,0.029,,,,,1930000000,0.206,2110000000,2.014,950000000,,3.750,29.02,,,,,,,,,,,,,,,,,,,,,,true,true,6,2018-04-01,2018-09-30,0
2018-10-30,91150,2018-03-31,,19548000000,,,,,,2409000000,,1932000000,,640000000,,,19.56,,,,,,,,,,,,,,,,,,,,,,true,false,6,2017-04-01,2017-09-30,-1
2018-10-31,91150,2019-03-31,2,20087000000,0.028,,,,,1931000000,-0.199,2117000000,0.096,,950000000,,29.04,,,,,,150381000000,37802000000,0.106,,15967000000,,,,,,,,,,,,true,false,6,2018-04-01,2018-09-30,0
2018-10-31,91150,2018-03-31,2,19548000000,0.123,,,,,2409000000,-0.164,1932000000,0.100,,640000000,,19.56,,,,,,,,,,,,,,,,,,,,,,true,false,6,2017-04-01,2017-09-30,-1
2018-10-31,91150,2019-03-31,2,41600000000,-0.004,,,,,4100000000,-0.267,2500000000,-0.443,,1200000000,,36.66,,,,,,,,,,,,,,,,,,,,,,true,true,12,2018-04-01,2019-03-31,0
2018-10-31,91150,2018-03-31,2,,,,,,,,,,,,,,,,,,,,153511000000,36203000000,0.099,,15265000000,,,,,,,,,,,,true,false,12,2017-04-01,2018-03-31,-1
2018-10-31,91150,2018-03-31,2,,,,,,,,,,,,,,,,,,,,,,,,,,,,,5.00,,,,36000000,3263245,,false,false,12,2017-04-01,2018-03-31,-1
2018-10-31,91150,2019-03-31,2,,,,,,,,,,,,,,,,,,,,,,,,,,,,,,,,,36000000,3263245,32736755,false,false,6,2018-04-01,2018-09-30,0
2018-10-31,91150,2018-03-31,2,,,,,,,,,,,,,,,,,,,,,,,,,,,,,,,,,,,32736755,false,false,6,2017-04-01,2017-09-30,-1
2019-01-31,91150,2019-03-31,3,31634000000,0.020,,,,,3682000000,-0.177,3583000000,-0.061,,1685000000,,51.50,,,,,,165090000000,39534000000,0.102,,16779000000,,,,,,,,,,,,true,false,9,2018-04-01,2018-12-31,0
2019-01-31,91150,2018-03-31,3,31025000000,0.153,,,,,4474000000,0.025,3817000000,0.054,,1495000000,,45.68,,,,,,,,,,,,,,,,,,,,,,true,false,9,2017-04-01,2017-12-31,-1
2019-01-31,91150,2019-03-31,3,42600000000,0.020,,,,,4700000000,-0.159,4000000000,-0.109,,1800000000,,54.98,,,,,,,,,,,,,,,,,,,,,,true,true,12,2018-04-01,2019-03-31,0
2019-01-31,91150,2018-03-31,3,,,,,,,,,,,,,,,,,,,,153511000000,36203000000,0.099,,15265000000,,,,,,,,,,,,true,false,12,2017-04-01,2018-03-31,-1
2019-01-31,91150,2018-03-31,3,,,,,,,,,,,,,,,,,,,,,,,,,,,,,5.00,,,,36000000,3263245,,false,false,12,2017-04-01,2018-03-31,-1
2019-01-31,91150,2019-03-31,3,,,,,,,,,,,,,,,,,,,,,,,,,,,,,5.00,,,,,,,false,true,12,2018-04-01,2019-03-31,0
2019-01-31,91150,2019-03-31,3,,,,,,,,,,,,,,,,,,,,,,,,,,,,,,,,,36000000,3263245,32736755,false,false,9,2018-04-01,2018-12-31,0
2019-01-31,91150,2018-03-31,3,,,,,,,,,,,,,,,,,,,,,,,,,,,,,,,,,,,32736755,false,false,9,2017-04-01,2017-12-31,-1
2019-01-31,91150,2019-03-31,,42600000000,0.024,,,,,4700000000,0.146,4000000000,0.600,1800000000,,0.500,54.98,,,,,,,,,,,,,,,,,,,,,,true,true,12,2018-04-01,2019-03-31,0
2019-01-31,91150,2018-03-31,,41768000000,,,,,,5591000000,,4491000000,,1810000000,,,55.29,,,,,,,,,,,,,,,,,,,,,,true,false,12,2017-04-01,2018-03-31,-1
2019-01-31,91150,2019-03-31,,,,,,,,,,,,,,,,,,,,,,,,,,,,,,5.00,,,,,,,false,true,12,2018-04-01,2019-03-31,0
2019-01-31,91150,2018-03-31,,,,,,,,,,,,,,,,,,,,,,,,,,,,,,5.00,,,,,,,false,false,12,2017-04-01,2018-03-31,-1
2019-05-09,91150,2019-03-31,,42604000000,0.020,,,,,4927000000,-0.119,4378000000,-0.025,,2049000000,,62.61,,0.128,0.027,0.116,,166629000000,39089000000,0.101,514.87,16855000000,13975000000,-25894000000,9653000000,16223000000,,0.080,,,,,,true,false,12,2018-04-01,2019-03-31,0
2019-05-09,91150,2018-03-31,,41768000000,0.117,,,,,5591000000,-0.047,4491000000,-0.013,,1810000000,,55.29,,0.124,0.030,0.134,,153511000000,36203000000,0.099,466.32,15265000000,14441000000,-16591000000,6677000000,18743000000,,0.090,,,,,,true,false,12,2017-04-01,2018-03-31,-1
2019-05-09,91150,2020-03-31,,21000000000,0.045,,,,,2000000000,0.036,1500000000,-0.292,,500000000,,15.27,,,,,,,,,,,,,,,,,,,,,,true,true,6,2019-04-01,2019-09-30,1
2019-05-09,91150,2020-03-31,,43400000000,0.019,,,,,4500000000,-0.087,3100000000,-0.292,,1400000000,,42.77,,,,,,,,,,,,,,,,,,,,,,true,true,12,2019-04-01,2020-03-31,1
2019-05-09,91150,2019-03-31,,10969000000,0.082,,,,,671000000,0.039,1014000000,0.587,689000000,,0.574,19.15,,,,,,22285000000,6515000000,0.292,181.04,6515000000,,,,,5.00,,,,36000000,3263245,32736755,false,false,12,2018-04-01,2019-03-31,0
2019-05-09,91150,2018-03-31,,10136000000,0.246,,,,,646000000,0.283,639000000,-0.176,437000000,,-0.162,12.17,,,,,,22763000000,6087000000,0.267,169.14,6087000000,,,,,5.00,,,,36000000,3263245,32736755,false,false,12,2017-04-01,2018-03-31,-1
2019-07-31,91150,2020-03-31,1,10628000000,0.052,,,,,1268000000,0.068,983000000,-0.316,,451000000,,13.78,,,,,,167981000000,39465000000,0.101,,16905000000,,,,,,,,,,,,true,false,3,2019-04-01,2019-06-30,0
2019-07-31,91150,2019-03-31,1,10101000000,0.050,,,,,1187000000,0.061,1438000000,1.253,,462000000,,14.13,,,,,,,,,,,,,,,,,,,,,,true,false,3,2018-04-01,2018-06-30,-1
2019-07-31,91150,2020-03-31,1,21000000000,0.045,,,,,2000000000,0.036,1500000000,-0.292,,500000000,,15.27,,,,,,,,,,,,,,,,,,,,,,true,true,6,2019-04-01,2019-09-30,0
2019-07-31,91150,2020-03-31,1,43400000000,0.019,,,,,4500000000,-0.087,3100000000,-0.292,,1400000000,,42.77,,,,,,,,,,,,,,,,,,,,,,true,true,12,2019-04-01,2020-03-31,0
2019-07-31,91150,2019-03-31,1,,,,,,,,,,,,,,,,,,,,166629000000,39089000000,0.101,,16855000000,,,,,,,,,,,,true,false,12,2018-04-01,2019-03-31,-1
2019-07-31,91150,2019-03-31,1,,,,,,,,,,,,,,,,,,,,,,,,,,,,,5.00,,,,36000000,3263245,,false,false,12,2018-04-01,2019-03-31,-1
2019-07-31,91150,2020-03-31,1,,,,,,,,,,,,,,,,,,,,,,,,,,,,,,,,,36000000,3263245,32736755,false,false,3,2019-04-01,2019-06-30,0
2019-07-31,91150,2019-03-31,1,,,,,,,,,,,,,,,,,,,,,,,,,,,,,,,,,,,32736755,false,false,3,2018-04-01,2018-06-30,-1
2019-10-30,91150,2020-03-31,,21090000000,0.004,,,,,2060000000,0.030,1590000000,0.060,,660000000,,20.16,,,,,,,,,,,,,,,,,,,,,,true,true,6,2019-04-01,2019-09-30,0
2019-10-30,91150,2019-03-31,,20087000000,,,,,,1931000000,,2117000000,,,950000000,,29.04,,,,,,,,,,,,,,,,,,,,,,true,false,6,2018-04-01,2018-09-30,-1
2019-10-31,91150,2020-03-31,2,21090000000,0.050,,,,,2069000000,0.072,1592000000,-0.248,,668000000,,20.42,,,,,,173090000000,39124000000,0.097,,16768000000,,,,,,,,,,,,true,false,6,2019-04-01,2019-09-30,0
2019-10-31,91150,2019-03-31,2,20087000000,0.028,,,,,1931000000,-0.199,2117000000,0.096,,950000000,,29.04,,,,,,,,,,,,,,,,,,,,,,true,false,6,2018-04-01,2018-09-30,-1
2019-10-31,91150,2020-03-31,2,43400000000,0.019,,,,,4500000000,-0.087,3100000000,-0.292,,1400000000,,42.77,,,,,,,,,,,,,,,,,,,,,,true,true,12,2019-04-01,2020-03-31,0
2019-10-31,91150,2019-03-31,2,,,,,,,,,,,,,,,,,,,,166629000000,39089000000,0.101,,16855000000,,,,,,,,,,,,true,false,12,2018-04-01,2019-03-31,-1
2019-10-31,91150,2019-03-31,2,,,,,,,,,,,,,,,,,,,,,,,,,,,,,5.00,,,,36000000,3263245,,false,false,12,2018-04-01,2019-03-31,-1
2019-10-31,91150,2020-03-31,2,,,,,,,,,,,,,,,,,,,,,,,,,,,,,,,,,36000000,3263245,32736755,false,false,6,2019-04-01,2019-09-30,0
2019-10-31,91150,2019-03-31,2,,,,,,,,,,,,,,,,,,,,,,,,,,,,,,,,,,,32736755,false,false,6,2018-04-01,2018-09-30,-1
2020-01-31,91150,2020-03-31,3,32776000000,0.036,,,,,4113000000,0.117,3599000000,0.004,,1517000000,,46.34,,,,,,176641000000,40999000000,0.101,,17797000000,,,,,,,,,,,,true,false,9,2019-04-01,2019-12-31,0
2020-01-31,91150,2019-03-31,3,31634000000,0.020,,,,,3682000000,-0.177,3583000000,-0.061,,1685000000,,51.50,,,,,,,,,,,,,,,,,,,,,,true,false,9,2018-04-01,2018-12-31,-1
2020-01-31,91150,2020-03-31,3,43900000000,0.030,,,,,5300000000,0.076,4700000000,0.073,,2100000000,,64.15,,,,,,,,,,,,,,,,,,,,,,true,true,12,2019-04-01,2020-03-31,0
2020-01-31,91150,2019-03-31,3,,,,,,,,,,,,,,,,,,,,166629000000,39089000000,0.101,,16855000000,,,,,,,,,,,,true,false,12,2018-04-01,2019-03-31,-1
2020-01-31,91150,2019-03-31,3,,,,,,,,,,,,,,,,,,,,,,,,,,,,,5.00,,,,36000000,3263245,,false,false,12,2018-04-01,2019-03-31,-1
2020-01-31,91150,2020-03-31,3,,,,,,,,,,,,,,,,,,,,,,,,,,,,,5.00,,,,,,,false,true,12,2019-04-01,2020-03-31,0
2020-01-31,91150,2020-03-31,3,,,,,,,,,,,,,,,,,,,,,,,,,,,,,,,,,36000000,3263245,32736755,false,false,9,2019-04-01,2019-12-31,0
2020-01-31,91150,2019-03-31,3,,,,,,,,,,,,,,,,,,,,,,,,,,,,,,,,,,,32736755,false,false,9,2018-04-01,2018-12-31,-1
2020-05-15,91150,2020-03-31,,43881000000,0.030,,,,,5444000000,0.105,4700000000,0.074,,1719000000,,52.53,,0.100,0.027,0.124,,175787000000,41304000000,0.100,539.33,17655000000,14476000000,-18369000000,7195000000,19500000000,,0.095,,,,,,true,false,12,2019-04-01,2020-03-31,0
2020-05-15,91150,2019-03-31,,42604000000,0.020,,,,,4927000000,-0.119,4378000000,-0.025,,2049000000,,62.61,,0.128,0.027,0.116,,166629000000,39089000000,0.101,514.87,16855000000,13975000000,-25894000000,9653000000,16223000000,,0.080,,,,,,true,false,12,2018-04-01,2019-03-31,-1
2020-05-15,91150,2021-03-31,,19000000000,-0.099,,,,,200000000,-0.903,100000000,-0.937,,400000000,,12.22,,,,,,,,,,,,,,,,,,,,,,true,true,6,2020-04-01,2020-09-30,1
2020-05-15,91150,2021-03-31,,38500000000,-0.123,,,,,1400000000,-0.743,400000000,-0.915,,700000000,,21.38,,,,,,,,,,,,,,,,,,,,,,true,true,12,2020-04-01,2021-03-31,1
2020-05-15,91150,2020-03-31,,11269000000,0.027,,,,,617000000,-0.080,855000000,-0.157,579000000,,-0.159,16.11,,,,,,21831000000,6627000000,0.304,184.17,6627000000,,,,,5.00,,,,36000000,3263245,32736755,false,false,12,2019-04-01,2020-03-31,0
2020-05-15,91150,2019-03-31,,10969000000,0.082,,,,,671000000,0.039,1014000000,0.587,689000000,,0.574,19.15,,,,,,22285000000,6515000000,0.292,181.04,6515000000,,,,,5.00,,,,36000000,3263245,32736755,false,false,12,2018-04-01,2019-03-31,-1
2020-07-31,91150,2021-03-31,1,10213000000,-0.039,,,,,507000000,-0.600,375000000,-0.594,,42000000,,1.30,,,,,,186103000000,36666000000,0.093,,17282000000,,,,,,,,,,,,true,false,3,2020-04-01,2020-06-30,0
2020-07-31,91150,2020-03-31,1,10628000000,0.052,,,,,1268000000,0.068,924000000,-0.304,,451000000,,13.78,,,,,,,,,,,,,,,,,,,,,,true,false,3,2019-04-01,2019-06-30,-1
2020-07-31,91150,2021-03-31,1,19000000000,-0.099,,,,,200000000,-0.903,100000000,-0.937,,400000000,,12.22,,,,,,,,,,,,,,,,,,,,,,true,true,6,2020-04-01,2020-09-30,0
2020-07-31,91150,2021-03-31,1,38500000000,-0.123,,,,,1400000000,-0.743,400000000,-0.915,,700000000,,21.38,,,,,,,,,,,,,,,,,,,,,,true,true,12,2020-04-01,2021-03-31,0
2020-07-31,91150,2020-03-31,1,,,,,,,,,,,,,,,,,,,,170593000000,36660000000,0.103,,17655000000,,,,,,,,,,,,true,false,12,2019-04-01,2020-03-31,-1
2020-07-31,91150,2020-03-31,1,,,,,,,,,,,,,,,,,,,,,,,,,,,,,5.00,,,,36000000,3263245,,false,false,12,2019-04-01,2020-03-31,-1
2020-07-31,91150,2021-03-31,1,,,,,,,,,,,,,,,,,,,,,,,,,,,,,,,,,36000000,3263275,32736735,false,false,3,2020-04-01,2020-06-30,0
2020-07-31,91150,2020-03-31,1,,,,,,,,,,,,,,,,,,,,,,,,,,,,,,,,,,,32736755,false,false,3,2019-04-01,2019-06-30,-1
2020-10-28,91150,2021-03-31,,19267000000,0.014,,,,,996000000,3.980,711000000,6.110,,396000000,,12.10,,,,,,,,,,,,,,,,,,,,,,true,true,6,2020-04-01,2020-09-30,0
2020-10-28,91150,2020-03-31,,21090000000,,,,,,2069000000,,1592000000,,,668000000,,29.04,,,,,,,,,,,,,,,,,,,,,,true,false,6,2019-04-01,2019-09-30,-1
2020-10-30,91150,2021-03-31,2,19267000000,-0.086,,,,,996000000,-0.519,711000000,-0.528,,396000000,,12.10,,,,,,200440000000,38255000000,0.089,,17842000000,,,,,,,,,,,,true,false,6,2020-04-01,2020-09-30,0
2020-10-30,91150,2020-03-31,2,21090000000,0.050,,,,,2069000000,0.072,1507000000,-0.217,,668000000,,20.42,,,,,,,,,,,,,,,,,,,,,,true,false,6,2019-04-01,2019-09-30,-1
2020-10-30,91150,2021-03-31,2,38500000000,-0.123,,,,,1400000000,-0.743,400000000,-0.915,,700000000,,21.38,,,,,,,,,,,,,,,,,,,,,,true,true,12,2020-04-01,2021-03-31,0
2020-10-30,91150,2020-03-31,2,,,,,,,,,,,,,,,,,,,,170593000000,36660000000,0.103,,17655000000,,,,,,,,,,,,true,false,12,2019-04-01,2020-03-31,-1
2020-10-30,91150,2020-03-31,2,,,,,,,,,,,,,,,,,,,,,,,,,,,,,5.00,,,,36000000,3263245,,false,false,12,2019-04-01,2020-03-31,-1
2020-10-30,91150,2021-03-31,2,,,,,,,,,,,,,,,,,,,,,,,,,,,,,,,,,36000000,3263275,32736725,false,false,6,2020-04-01,2020-09-30,0
2020-10-30,91150,2020-03-31,2,,,,,,,,,,,,,,,,,,,,,,,,,,,,,,,,,,,32736755,false,false,6,2019-04-01,2019-09-30,-1
2021-01-29,91150,2021-03-31,3,29719000000,-0.093,,,,,1823000000,-0.557,2191000000,-0.345,,1101000000,,33.63,,,,,,207885000000,39157000000,0.089,,18501000000,,,,,,,,,,,,true,false,9,2020-04-01,2020-12-31,0
2021-01-29,91150,2020-03-31,3,32776000000,0.036,,,,,4113000000,0.117,3347000000,0.024,,1517000000,,46.34,,,,,,,,,,,,,,,,,,,,,,true,false,9,2019-04-01,2019-12-31,-1
2021-01-29,91150,2021-03-31,3,40000000000,-0.088,,,,,1900000000,-0.651,1900000000,-0.554,,800000000,,24.30,,,,,,,,,,,,,,,,,,,,,,true,true,12,2020-04-01,2021-03-31,0
2021-01-29,91150,2020-03-31,3,,,,,,,,,,,,,,,,,,,,170593000000,36660000000,0.103,,17655000000,,,,,,,,,,,,true,false,12,2019-04-01,2020-03-31,-1
2021-01-29,91150,2020-03-31,3,,,,,,,,,,,,,,,,,,,,,,,,,,,,,5.00,,,,36000000,3263245,,false,false,12,2019-04-01,2020-03-31,-1
2021-01-29,91150,2021-03-31,3,,,,,,,,,,,,,,,,,,,,,,,,,,,,,7.00,,,,,,,false,true,12,2020-04-01,2021-03-31,0
2021-01-29,91150,2021-03-31,3,,,,,,,,,,,,,,,,,,,,,,,,,,,,,,,,,36000000,3076075,32757528,false,false,9,2020-04-01,2020-12-31,0
2021-01-29,91150,2020-03-31,3,,,,,,,,,,,,,,,,,,,,,,,,,,,,,,,,,,,32736755,false,false,9,2019-04-01,2019-12-31,-1
2021-05-13,91150,2021-03-31,,40100000000,0.003,,,,,2000000000,0.053,2600000000,0.368,,1200000000,,36.53,,,,,,,,,,,,,,,,,,,,,,true,true,12,2020-04-01,2021-03-31,0
2021-05-13,91150,2020-03-31,,43881000000,,,,,,5444000000,,4255000000,,,1719000000,,52.53,,,,,,,,,,,,,,,,,,,,,,true,false,12,2019-04-01,2020-03-31,-1
2021-05-14,91150,2021-03-31,,40153000000,-0.085,,,,,2081000000,-0.618,2623000000,-0.384,,1246000000,,37.95,,0.068,0.014,0.052,,205099000000,38739000000,0.093,569.20,19072000000,13144000000,-40569000000,29474000000,21029000000,,0.184,,,,,,true,false,12,2020-04-01,2021-03-31,0
2021-05-14,91150,2020-03-31,,43881000000,0.030,,,,,5444000000,0.105,4255000000,0.050,,1719000000,,52.53,,0.100,0.026,0.124,,170593000000,36660000000,0.103,539.33,17655000000,14476000000,-18369000000,7195000000,19500000000,,0.095,,,,,,true,false,12,2019-04-01,2020-03-31,-1
2021-05-14,91150,2022-03-31,,19800000000,0.028,,,,,700000000,-0.297,300000000,-0.578,,200000000,,5.97,,,,,,,,,,,,,,,,,,,,,,true,true,6,2021-04-01,2021-09-30,1
2021-05-14,91150,2022-03-31,,43500000000,0.083,,,,,2900000000,0.393,1700000000,-0.352,,800000000,,23.87,,,,,,,,,,,,,,,,,,,,,,true,true,12,2021-04-01,2022-03-31,1
2021-05-14,91150,2021-03-31,,11093000000,-0.016,,,,,381000000,-0.382,1002000000,0.172,687000000,,0.185,19.10,,,,,,24529000000,7367000000,0.300,204.71,7367000000,,,,,7.00,,5.00,2.00,36000000,2491635,32847831,false,false,12,2020-04-01,2021-03-31,0
2021-05-14,91150,2020-03-31,,11269000000,0.027,,,,,617000000,-0.080,855000000,-0.157,579000000,,-0.159,16.11,,,,,,21831000000,6627000000,0.304,184.17,6627000000,,,,,5.00,,,,36000000,3263245,32736755,false,false,12,2019-04-01,2020-03-31,-1
2021-07-30,91150,2022-03-31,1,9886000000,-0.032,,,,,579000000,0.142,457000000,0.221,,458000000,,13.69,,,,,,209344000000,40643000000,0.096,,20037000000,,,,,,,,,,,,true,false,3,2021-04-01,2021-06-30,0
2021-07-30,91150,2021-03-31,1,10213000000,-0.039,,,,,507000000,-0.600,375000000,-0.594,,42000000,,1.30,,,,,,,,,,,,,,,,,,,,,,true,false,3,2020-04-01,2020-06-30,-1
2021-07-30,91150,2022-03-31,1,19800000000,0.028,,,,,700000000,-0.297,300000000,-0.578,,200000000,,5.97,,,,,,,,,,,,,,,,,,,,,,true,true,6,2021-04-01,2021-09-30,0
2021-07-30,91150,2022-03-31,1,43500000000,0.083,,,,,2900000000,0.393,1700000000,-0.352,,800000000,,23.87,,,,,,,,,,,,,,,,,,,,,,true,true,12,2021-04-01,2022-03-31,0
2021-07-30,91150,2021-03-31,1,,,,,,,,,,,,,,,,,,,,205099000000,38739000000,0.093,,19072000000,,,,,,,,,,,,true,false,12,2020-04-01,2021-03-31,-1
2021-07-30,91150,2021-03-31,1,,,,,,,,,,,,,,,,,,,,,,,,,,,,,7.00,,,,36000000,2491635,,false,false,12,2020-04-01,2021-03-31,-1
2021-07-30,91150,2022-03-31,1,,,,,,,,,,,,,,,,,,,,,,,,,,,,,,,,,36000000,2491635,33508365,false,false,3,2021-04-01,2021-06-30,0
2021-07-30,91150,2021-03-31,1,,,,,,,,,,,,,,,,,,,,,,,,,,,,,,,,,,,32736735,false,false,3,2020-04-01,2020-06-30,-1
2021-10-29,91150,2022-03-31,2,20329000000,0.055,,,,,1300000000,0.305,1057000000,0.487,,619000000,,18.50,,,,,,228832000000,41015000000,0.088,,20219000000,,,,,,,,,,,,true,false,6,2021-04-01,2021-09-30,0
2021-10-29,91150,2021-03-31,2,19267000000,-0.086,,,,,996000000,-0.519,711000000,-0.528,,396000000,,12.10,,,,,,,,,,,,,,,,,,,,,,true,false,6,2020-04-01,2020-09-30,-1
2021-10-29,91150,2022-03-31,2,45000000000,0.121,,,,,3300000000,0.585,2300000000,-0.123,,2500000000,,74.61,,,,,,,,,,,,,,,,,,,,,,true,true,12,2021-04-01,2022-03-31,0
2021-10-29,91150,2021-03-31,2,,,,,,,,,,,,,,,,,,,,205099000000,38739000000,0.093,,19072000000,,,,,,,,,,,,true,false,12,2020-04-01,2021-03-31,-1
2021-10-29,91150,2021-03-31,2,,,,,,,,,,,,,,,,,,,,,,,,,,,,,7.00,,,,36000000,2491635,,false,false,12,2020-04-01,2021-03-31,-1
2021-10-29,91150,2022-03-31,2,,,,,,,,,,,,,,,,,,,,,,,,,,,,,,,,,36000000,2491635,33508365,false,false,6,2021-04-01,2021-09-30,0
2021-10-29,91150,2021-03-31,2,,,,,,,,,,,,,,,,,,,,,,,,,,,,,,,,,,,32736725,false,false,6,2020-04-01,2020-09-30,-1
2022-01-28,91150,2022-03-31,3,32460000000,0.092,,,,,2462000000,0.350,2286000000,0.043,,1297000000,,38.71,,,,,,237020000000,42467000000,0.089,,21148000000,,,,,,,,,,,,true,false,9,2021-04-01,2021-12-31,0
2022-01-28,91150,2021-03-31,3,29719000000,-0.093,,,,,1823000000,-0.557,2191000000,-0.345,,1101000000,,33.63,,,,,,,,,,,,,,,,,,,,,,true,false,9,2020-04-01,2020-12-31,-1
2022-01-28,91150,2022-03-31,3,45000000000,0.121,,,,,3300000000,0.585,2300000000,-0.123,,2500000000,,74.61,,,,,,,,,,,,,,,,,,,,,,true,true,12,2021-04-01,2022-03-31,0
2022-01-28,91150,2021-03-31,3,,,,,,,,,,,,,,,,,,,,205099000000,38739000000,0.093,,19072000000,,,,,,,,,,,,true,false,12,2020-04-01,2021-03-31,-1
2022-01-28,91150,2021-03-31,3,,,,,,,,,,,,,,,,,,,,,,,,,,,,,7.00,,,,36000000,2491635,,false,false,12,2020-04-01,2021-03-31,-1
2022-01-28,91150,2022-03-31,3,,,,,,,,,,,,,,,,,,,,,,,,,,,,,,,,,36000000,2491635,33508365,false,false,9,2021-04-01,2021-12-31,0
2022-01-28,91150,2021-03-31,3,,,,,,,,,,,,,,,,,,,,,,,,,,,,,,,,,,,32757528,false,false,9,2020-04-01,2020-12-31,-1
2022-02-25,91150,2022-03-31,,45800000000,0.018,,,,,4400000000,0.333,4000000000,0.739,,3000000000,,89.53,,,,,,,,,,,,,,,,,,,,,,true,true,12,2021-04-01,2022-03-31,0
2022-02-25,91150,2021-03-31,,40153000000,,,,,,2081000000,,2623000000,,,1246000000,,37.95,,,,,,,,,,,,,,,,,,,,,,true,false,12,2020-04-01,2021-03-31,-1
2022-02-25,91150,2022-03-31,,,,,,,,,,,,,,,,,,,,,,,,,,,,,,5.00,,,,,,,false,true,12,2021-04-01,2022-03-31,0
2022-02-25,91150,2021-03-31,,,,,,,,,,,,,,,,,,,,,,,,,,,,,,7.00,,,,,,,false,false,12,2020-04-01,2021-03-31,-1
2022-05-13,91150,2022-03-31,,45815000000,0.141,,,,,4401000000,1.114,4346000000,0.657,,3277000000,,97.82,,0.152,0.020,0.096,,237569000000,47382000000,0.101,715.44,23972000000,19896000000,-31478000000,12028000000,23137000000,,0.051,,,,,,true,false,12,2021-04-01,2022-03-31,0
2022-05-13,91150,2021-03-31,,40153000000,-0.085,,,,,2081000000,-0.618,2623000000,-0.384,,1246000000,,37.95,,0.068,0.014,0.052,,205099000000,38739000000,0.093,569.20,19072000000,13144000000,-40569000000,29474000000,21029000000,,0.184,,,,,,true,false,12,2020-04-01,2021-03-31,-1
2022-05-13,91150,2023-03-31,,23800000000,0.171,,,,,800000000,-0.385,600000000,-0.433,,2400000000,,71.62,,,,,,,,,,,,,,,,,,,,,,true,true,6,2022-04-01,2022-09-30,1
2022-05-13,91150,2023-03-31,,50600000000,0.104,,,,,4400000000,-0.000,3200000000,-0.264,,3500000000,,104.45,,,,,,,,,,,,,,,,,,,,,,true,true,12,2022-04-01,2023-03-31,1
2022-05-13,91150,2022-03-31,,2434000000,,,,,,484000000,,1269000000,,982000000,,,27.31,,,,,,23708000000,8061000000,0.340,224.01,8061000000,,,,,5.00,,,,36000000,2492283,33508260,false,false,12,2021-04-01,2022-03-31,0
2022-05-13,91150,2021-03-31,,11093000000,-0.016,,,,,381000000,-0.382,1002000000,0.172,687000000,,0.185,19.10,,,,,,24529000000,7367000000,0.300,204.71,7367000000,,,,,7.00,,,,36000000,2491635,32847831,false,false,12,2020-04-01,2021-03-31,-1
2022-07-28,91150,2023-03-31,1,12016000000,0.215,,,,,1031000000,0.781,808000000,0.766,,965000000,,28.76,,,,,,250141000000,53057000000,0.108,,27101000000,,,,,,,,,,,,true,false,3,2022-04-01,2022-06-30,0
2022-07-28,91150,2022-03-31,1,9886000000,-0.032,,,,,579000000,0.142,457000000,0.221,,458000000,,13.69,,,,,,,,,,,,,,,,,,,,,,true,false,3,2021-04-01,2021-06-30,-1
2022-07-28,91150,2023-03-31,1,23800000000,0.171,,,,,800000000,-0.385,600000000,-0.433,,2400000000,,71.62,,,,,,,,,,,,,,,,,,,,,,true,true,6,2022-04-01,2022-09-30,0
2022-07-28,91150,2023-03-31,1,50600000000,0.104,,,,,4400000000,-0.000,3200000000,0.264,,3500000000,,104.45,,,,,,,,,,,,,,,,,,,,,,true,true,12,2022-04-01,2023-03-31,0
2022-07-28,91150,2022-03-31,1,,,,,,,,,,,,,,,,,,,,237569000000,47382000000,0.101,,23972000000,,,,,,,,,,,,true,false,12,2021-04-01,2022-03-31,-1
2022-07-28,91150,2022-03-31,1,,,,,,,,,,,,,,,,,,,,,,,,,,,,,5.00,,,,36000000,2492283,,false,false,12,2021-04-01,2022-03-31,-1
2022-07-28,91150,2023-03-31,1,,,,,,,,,,,,,,,,,,,,,,,,,,,,,,,,,36000000,2334542,33560297,false,false,3,2022-04-01,2022-06-30,0
2022-07-28,91150,2022-03-31,1,,,,,,,,,,,,,,,,,,,,,,,,,,,,,,,,,,,33508365,false,false,3,2021-04-01,2021-06-30,-1
2022-10-28,91150,2023-03-31,2,26340000000,0.296,,,,,2576000000,0.981,437000000,-0.586,,4025000000,,119.42,,,,,,274193000000,63756000000,0.120,,32893000000,,,,,,,,,,,,true,false,6,2022-04-01,2022-09-30,0
2022-10-28,91150,2022-03-31,2,20329000000,0.055,,,,,1300000000,0.305,1057000000,0.487,,619000000,,18.50,,,,,,,,,,,,,,,,,,,,,,true,false,6,2021-04-01,2021-09-30,-1
2022-10-28,91150,2023-03-31,2,58000000000,0.266,,,,,7100000000,0.613,3200000000,-0.264,,5500000000,,163.14,,,,,,,,,,,,,,,,,,,,,,true,true,12,2022-04-01,2023-03-31,0
2022-10-28,91150,2022-03-31,2,,,,,,,,,,,,,,,,,,,,237569000000,47382000000,0.101,,23972000000,,,,,,,,,,,,true,false,12,2021-04-01,2022-03-31,-1
2022-10-28,91150,2022-03-31,2,,,,,,,,,,,,,,,,,,,,,,,,,,,,,5.00,,,,36000000,2492283,,false,false,12,2021-04-01,2022-03-31,-1
2022-10-28,91150,2023-03-31,2,,,,,,,,,,,,,,,,,,,,,,,,,,,,,,,,,36000000,2017586,33713044,false,false,6,2022-04-01,2022-09-30,0
2022-10-28,91150,2022-03-31,2,,,,,,,,,,,,,,,,,,,,,,,,,,,,,,,,,,,33508365,false,false,6,2021-04-01,2021-09-30,-1
2022-10-28,91150,2023-03-31,,26340000000,0.107,,,,,2576000000,2.220,437000000,-0.272,4025000000,,0.677,119.42,,,,,,,,,,,,,,,,,,,,,,true,true,6,2022-04-01,2022-09-30,0
2022-10-28,91150,2022-03-31,,20329000000,,,,,,1300000000,,1057000000,,619000000,,,18.50,,,,,,,,,,,,,,,,,,,,,,true,false,6,2021-04-01,2021-09-30,-1
2022-10-28,91150,2023-03-31,,58000000000,0.146,,,,,7100000000,0.614,3200000000,0.000,,5500000000,,163.14,,,,,,,,,,,,,,,,,,,,,,true,true,12,2022-04-01,2023-03-31,0
2022-10-28,91150,2022-03-31,,45815000000,,,,,,4401000000,,4346000000,,,3277000000,,97.82,,,,,,,,,,,,,,,,,,,,,,true,false,12,2021-04-01,2022-03-31,-1
2023-01-27,91150,2023-03-31,3,43141000000,0.329,,,,,5762000000,1.340,2073000000,-0.093,,5427000000,,160.52,,,,,,289654000000,69363000000,0.124,,36033000000,,,,,,,,,,,,true,false,9,2022-04-01,2022-12-31,0
2023-01-27,91150,2022-03-31,3,32460000000,0.092,,,,,2462000000,0.350,2286000000,0.043,,1297000000,,38.71,,,,,,,,,,,,,,,,,,,,,,true,false,9,2021-04-01,2021-12-31,-1
2023-01-27,91150,2023-03-31,3,58000000000,0.266,,,,,7100000000,0.613,3200000000,-0.264,,5500000000,,163.14,,,,,,,,,,,,,,,,,,,,,,true,true,12,2022-04-01,2023-03-31,0
2023-01-27,91150,2022-03-31,3,,,,,,,,,,,,,,,,,,,,237569000000,47382000000,0.101,,23972000000,,,,,,,,,,,,true,false,12,2021-04-01,2022-03-31,-1
2023-01-27,91150,2022-03-31,3,,,,,,,,,,,,,,,,,,,,,,,,,,,,,5.00,,,,36000000,2492283,,false,false,12,2021-04-01,2022-03-31,-1
2023-01-27,91150,2023-03-31,3,,,,,,,,,,,,,,,,,,,,,,,,,,,,,,,,,36000000,1992307,33811260,false,false,9,2022-04-01,2022-12-31,0
2023-01-27,91150,2022-03-31,3,,,,,,,,,,,,,,,,,,,,,,,,,,,,,,,,,,,33508365,false,false,9,2021-04-01,2021-12-31,-1
2023-02-22,91150,2023-03-31,,58000000000,0.000,,,,,8700000000,0.225,6100000000,0.906,,6700000000,,198.16,,,,,,,,,,,,,,,,,,,,,,true,true,12,2022-04-01,2023-03-31,0
2023-02-22,91150,2022-03-31,,45815000000,,,,,,4401000000,,4346000000,,,3277000000,,97.82,,,,,,,,,,,,,,,,,,,,,,true,false,12,2021-04-01,2022-03-31,-1
2023-02-22,91150,2023-03-31,,,,,,,,,,,,,,,,,,,,,,,,,,,,,,5.00,,,,,,,false,true,12,2022-04-01,2023-03-31,0
2023-02-22,91150,2022-03-31,,,,,,,,,,,,,,,,,,,,,,,,,,,,,,5.00,,,,,,,false,false,12,2021-04-01,2022-03-31,-1
2023-05-12,91150,2023-03-31,,58061000000,0.267,,,,,8764000000,0.991,6443000000,0.483,,6439000000,,190.17,,0.217,0.025,0.151,,274947000000,68433000000,0.129,1038.96,35332000000,26378000000,-18415000000,-5456000000,26971000000,,0.026,,,,,,true,false,12,2022-04-01,2023-03-31,0
2023-05-12,91150,2022-03-31,,45815000000,0.141,,,,,4401000000,1.114,4346000000,0.657,,3277000000,,97.82,,0.152,0.020,0.096,,237569000000,47382000000,0.101,715.44,23972000000,19896000000,-31478000000,12028000000,23137000000,,0.051,,,,,,true,false,12,2021-04-01,2022-03-31,-1
2023-05-12,91150,2024-03-31,,30000000000,0.139,,,,,4000000000,0.553,1500000000,2.427,,800000000,,23.52,,,,,,,,,,,,,,,,,,,,,,true,true,6,2023-04-01,2023-09-30,1
2023-05-12,91150,2024-03-31,,60000000000,0.033,,,,,7500000000,-0.144,3200000000,-0.503,,2100000000,,61.75,,,,,,,,,,,,,,,,,,,,,,true,true,12,2023-04-01,2024-03-31,1
2023-05-12,91150,2023-03-31,,2798000000,0.149,,,,,737000000,0.522,1571000000,0.238,1092000000,,0.112,30.36,,,,,,24903000000,9151000000,0.367,254.28,9151000000,,,,,5.00,,,,36000000,1992307,33860368,false,false,12,2022-04-01,2023-03-31,0
2023-05-12,91150,2022-03-31,,2434000000,,,,,,484000000,,1269000000,,982000000,,,27.31,,,,,,23708000000,8061000000,0.340,224.01,8061000000,,,,,5.00,,,,36000000,2492283,33508260,false,false,12,2021-04-01,2022-03-31,-1
2023-07-27,91150,2024-03-31,1,15502000000,0.290,,,,,2814000000,1.727,2000000000,1.474,,1357000000,,40.03,,,,,,277822000000,71035000000,0.132,,36703000000,,,,,,,,,,,,true,false,3,2023-04-01,2023-06-30,0
2023-07-27,91150,2023-03-31,1,12016000000,0.215,,,,,1031000000,0.781,808000000,0.766,,965000000,,28.76,,,,,,,,,,,,,,,,,,,,,,true,false,3,2022-04-01,2022-06-30,-1
2023-07-27,91150,2024-03-31,1,30000000000,0.139,,,,,4000000000,0.553,1500000000,2.427,,800000000,,23.52,,,,,,,,,,,,,,,,,,,,,,true,true,6,2023-04-01,2023-09-30,0
2023-07-27,91150,2024-03-31,1,60000000000,0.033,,,,,7500000000,-0.144,3200000000,-0.503,,2100000000,,61.75,,,,,,,,,,,,,,,,,,,,,,true,true,12,2023-04-01,2024-03-31,0
2023-07-27,91150,2023-03-31,1,,,,,,,,,,,,,,,,,,,,274947000000,68433000000,0.129,,35332000000,,,,,,,,,,,,true,false,12,2022-04-01,2023-03-31,-1
2023-07-27,91150,2023-03-31,1,,,,,,,,,,,,,,,,,,,,,,,,,,,,,5.00,,,,36000000,1992307,,false,false,12,2022-04-01,2023-03-31,-1
2023-07-27,91150,2024-03-31,1,,,,,,,,,,,,,,,,,,,,,,,,,,,,,,,,,36000000,2168901,33915972,false,false,3,2023-04-01,2023-06-30,0
2023-07-27,91150,2023-03-31,1,,,,,,,,,,,,,,,,,,,,,,,,,,,,,,,,,,,33560297,false,false,3,2022-04-01,2022-06-30,-1
2023-10-27,91150,2024-03-31,2,32313000000,0.227,,,,,6042000000,1.346,2406000000,4.498,,1888000000,,55.80,,,,,,290747000000,75753000000,0.136,,39542000000,,,,,,,,,,,,true,false,6,2023-04-01,2023-09-30,0
2023-10-27,91150,2023-03-31,2,26340000000,0.296,,,,,2576000000,0.981,437000000,-0.586,,4025000000,,119.42,,,,,,,,,,,,,,,,,,,,,,true,false,6,2022-04-01,2022-09-30,-1
2023-10-27,91150,2024-03-31,2,64100000000,0.104,,,,,9700000000,0.107,2300000000,-0.643,,4000000000,,118.21,,,,,,,,,,,,,,,,,,,,,,true,true,12,2023-04-01,2024-03-31,0
2023-10-27,91150,2023-03-31,2,,,,,,,,,,,,,,,,,,,,274947000000,68433000000,0.129,,35332000000,,,,,,,,,,,,true,false,12,2022-04-01,2023-03-31,-1
2023-10-27,91150,2023-03-31,2,,,,,,,,,,,,,,,,,,,,,,,,,,,,,5.00,,,,36000000,1992307,,false,false,12,2022-04-01,2023-03-31,-1
2023-10-27,91150,2024-03-31,2,,,,,,,,,,,,,,,,,,,,,,,,,,,,,,,,,36000000,2239201,33838386,false,false,6,2023-04-01,2023-09-30,0
2023-10-27,91150,2023-03-31,2,,,,,,,,,,,,,,,,,,,,,,,,,,,,,,,,,,,33713044,false,false,6,2022-04-01,2022-09-30,-1
2023-10-27,91150,2024-03-31,,32313000000,0.077,,,,,6042000000,0.511,2406000000,0.604,1888000000,,1.360,55.80,,,,,,,,,,,,,,,,,,,,,,true,true,6,2023-04-01,2023-09-30,0
2023-10-27,91150,2023-03-31,,26340000000,,,,,,2576000000,,437000000,,4025000000,,,119.42,,,,,,,,,,,,,,,,,,,,,,true,false,6,2022-04-01,2022-09-30,-1
2023-10-27,91150,2024-03-31,,64100000000,0.068,,,,,9700000000,0.293,2300000000,-0.281,,4000000000,,118.21,,,,,,,,,,,,,,,,,,,,,,true,true,12,2023-04-01,2024-03-31,0
2023-10-27,91150,2023-03-31,,58061000000,,,,,,8764000000,,6443000000,,,6439000000,,190.17,,,,,,,,,,,,,,,,,,,,,,true,false,12,2022-04-01,2023-03-31,-1
2024-01-31,91150,2024-03-31,3,50409000000,0.168,,,,,9353000000,0.623,4151000000,1.002,,3119000000,,92.26,,,,,,295771000000,79679000000,0.141,,41700000000,,,,,,,,,,,,true,false,9,2023-04-01,2023-12-31,0
2024-01-31,91150,2023-03-31,3,43141000000,0.329,,,,,5762000000,1.340,2073000000,-0.093,,5427000000,,160.52,,,,,,,,,,,,,,,,,,,,,,true,false,9,2022-04-01,2022-12-31,-1
2024-01-31,91150,2024-03-31,3,64100000000,0.104,,,,,9700000000,0.107,2300000000,-0.643,,4000000000,,118.21,,,,,,,,,,,,,,,,,,,,,,true,true,12,2023-04-01,2024-03-31,0
2024-01-31,91150,2023-03-31,3,,,,,,,,,,,,,,,,,,,,274947000000,68433000000,0.129,,35332000000,,,,,,,,,,,,true,false,12,2022-04-01,2023-03-31,-1
2024-01-31,91150,2023-03-31,3,,,,,,,,,,,,,,,,,,,,,,,,,,,,,5.00,,,,36000000,1992307,,false,false,12,2022-04-01,2023-03-31,-1
2024-01-31,91150,2024-03-31,3,,,,,,,,,,,,,,,,,,,,,,,,,,,,,,,,,36000000,2239201,33812523,false,false,9,2023-04-01,2023-12-31,0
2024-01-31,91150,2023-03-31,3,,,,,,,,,,,,,,,,,,,,,,,,,,,,,,,,,,,33811260,false,false,9,2022-04-01,2022-12-31,-1
2024-02-29,91150,2024-03-31,,65000000000,0.014,,,,,11200000000,0.155,5700000000,1.478,,5100000000,,150.83,,,,,,,,,,,,,,,,,,,,,,true,true,12,2023-04-01,2024-03-31,0
2024-02-29,91150,2023-03-31,,58061000000,,,,,,8764000000,,6443000000,,,6439000000,,190.17,,,,,,,,,,,,,,,,,,,,,,true,false,12,2022-04-01,2023-03-31,-1
2024-02-29,91150,2024-03-31,,,,,,,,,,,,,,,,,,,,,,,,,,,,,,5.00,,,,,,,false,true,12,2023-04-01,2024-03-31,0
2024-02-29,91150,2023-03-31,,,,,,,,,,,,,,,,,,,,,,,,,,,,,,5.00,,,,,,,false,false,12,2022-04-01,2023-03-31,-1
2024-05-15,91150,2024-03-31,,65018000000,0.120,,,,,11398000000,0.301,5836000000,-0.094,,5189000000,,153.53,,0.133,0.021,0.175,,276457000000,81413000000,0.155,1266.98,42774000000,27946000000,8493000000,-24603000000,37688000000,,0.033,,,,,,true,false,12,2023-04-01,2024-03-31,0
2024-05-15,91150,2023-03-31,,58061000000,0.267,,,,,8764000000,0.991,6443000000,0.483,,6439000000,,190.17,,0.217,0.025,0.151,,274947000000,68433000000,0.129,1038.96,35332000000,26378000000,-18415000000,-5456000000,26971000000,,0.026,,,,,,true,false,12,2022-04-01,2023-03-31,-1
2024-05-15,91150,2025-03-31,,30400000000,-0.059,,,,,4400000000,-0.272,3200000000,0.330,,1600000000,,47.39,,,,,,,,,,,,,,,,,,,,,,true,true,6,2024-04-01,2024-09-30,1
2024-05-15,91150,2025-03-31,,61400000000,-0.056,,,,,9700000000,-0.149,8000000000,0.371,,3800000000,,112.56,,,,,,,,,,,,,,,,,,,,,,true,true,12,2024-04-01,2025-03-31,1
2024-05-15,91150,2024-03-31,,2908000000,0.040,,,,,735000000,-0.003,2481000000,0.579,1787000000,,0.636,49.67,,,,,,27303000000,11473000000,0.420,318.82,11473000000,,,,,5.00,,,,36000000,2239201,33799592,false,false,12,2023-04-01,2024-03-31,0
2024-05-15,91150,2023-03-31,,2798000000,0.149,,,,,737000000,0.522,1571000000,0.238,1092000000,,0.112,30.36,,,,,,24903000000,9151000000,0.367,254.28,9151000000,,,,,5.00,,,,36000000,1992307,33860368,false,false,12,2022-04-01,2023-03-31,-1
2024-07-31,91150,2025-03-31,1,15969000000,0.030,,,,,3050000000,0.084,1745000000,-0.127,,906000000,,26.85,,,,,,290798000000,86941000000,0.156,,45485000000,,,,,,,,,,,,true,false,3,2024-04-01,2024-06-30,0
2024-07-31,91150,2024-03-31,1,15502000000,0.290,,,,,2814000000,1.727,2000000000,1.474,,1357000000,,40.03,,,,,,,,,,,,,,,,,,,,,,true,false,3,2023-04-01,2023-06-30,-1
2024-07-31,91150,2025-03-31,1,30400000000,-0.059,,,,,4400000000,-0.272,3200000000,0.330,,1600000000,,47.39,,,,,,,,,,,,,,,,,,,,,,true,true,6,2024-04-01,2024-09-30,0
2024-07-31,91150,2025-03-31,1,61400000000,-0.056,,,,,9700000000,-0.149,8000000000,0.371,,3800000000,,112.56,,,,,,,,,,,,,,,,,,,,,,true,true,12,2024-04-01,2025-03-31,0
2024-07-31,91150,2024-03-31,1,,,,,,,,,,,,,,,,,,,,276457000000,81413000000,0.155,,42774000000,,,,,,,,,,,,true,false,12,2023-04-01,2024-03-31,-1
2024-07-31,91150,2024-03-31,1,,,,,,,,,,,,,,,,,,,,,,,,,,,,,5.00,,,,36000000,2239201,,false,false,12,2023-04-01,2024-03-31,-1
2024-07-31,91150,2025-03-31,1,,,,,,,,,,,,,,,,,,,,,,,,,,,,,,,,,36000000,2239201,33760799,false,false,3,2024-04-01,2024-06-30,0
2024-07-31,91150,2024-03-31,1,,,,,,,,,,,,,,,,,,,,,,,,,,,,,,,,,,,33915972,false,false,3,2023-04-01,2023-06-30,-1
2024-10-31,91150,2025-03-31,2,32899000000,0.018,,,,,5465000000,-0.096,2077000000,-0.137,,775000000,,22.95,,,,,,299507000000,89156000000,0.156,,46753000000,,,,,,,,,,,,true,false,6,2024-04-01,2024-09-30,0
2024-10-31,91150,2024-03-31,2,32313000000,0.227,,,,,6042000000,1.346,2406000000,4.498,,1888000000,,55.80,,,,,,,,,,,,,,,,,,,,,,true,false,6,2023-04-01,2023-09-30,-1
2024-10-31,91150,2025-03-31,2,61400000000,-0.056,,,,,9700000000,-0.149,8000000000,0.371,,3800000000,,112.56,,,,,,,,,,,,,,,,,,,,,,true,true,12,2024-04-01,2025-03-31,0
2024-10-31,91150,2024-03-31,2,,,,,,,,,,,,,,,,,,,,276457000000,81413000000,0.155,,42774000000,,,,,,,,,,,,true,false,12,2023-04-01,2024-03-31,-1
2024-10-31,91150,2024-03-31,2,,,,,,,,,,,,,,,,,,,,,,,,,,,,,5.00,,,,36000000,2239201,,false,false,12,2023-04-01,2024-03-31,-1
2024-10-31,91150,2025-03-31,2,,,,,,,,,,,,,,,,,,,,,,,,,,,,,,,,,36000000,2145601,33776399,false,false,6,2024-04-01,2024-09-30,0
2024-10-31,91150,2024-03-31,2,,,,,,,,,,,,,,,,,,,,,,,,,,,,,,,,,,,33838386,false,false,6,2023-04-01,2023-09-30,-1
2024-10-31,91150,2025-03-31,,32899000000,0.082,,,,,5465000000,0.242,2077000000,-0.351,775000000,,-0.516,22.95,,,,,,,,,,,,,,,,,,,,,,true,true,6,2024-04-01,2024-09-30,0
2024-10-31,91150,2024-03-31,,32313000000,,,,,,6042000000,,2406000000,,1888000000,,,55.80,,,,,,,,,,,,,,,,,,,,,,true,false,6,2023-04-01,2023-09-30,-1
2025-01-31,91150,2025-03-31,3,48465000000,-0.039,,,,,8372000000,-0.105,5674000000,0.367,,1329000000,,39.34,,,,,,278431000000,84451000000,0.158,,43887000000,,,,,,,,,,,,true,false,9,2024-04-01,2024-12-31,0
2025-01-31,91150,2024-03-31,3,50409000000,0.168,,,,,9353000000,0.623,4151000000,1.002,,3119000000,,92.26,,,,,,,,,,,,,,,,,,,,,,true,false,9,2023-04-01,2023-12-31,-1
2025-01-31,91150,2025-03-31,3,61400000000,-0.056,,,,,9700000000,-0.149,8000000000,0.371,,3800000000,,112.56,,,,,,,,,,,,,,,,,,,,,,true,true,12,2024-04-01,2025-03-31,0
2025-01-31,91150,2024-03-31,3,,,,,,,,,,,,,,,,,,,,276457000000,81413000000,0.155,,42774000000,,,,,,,,,,,,true,false,12,2023-04-01,2024-03-31,-1
2025-01-31,91150,2024-03-31,3,,,,,,,,,,,,,,,,,,,,,,,,,,,,,5.00,,,,36000000,2239201,,false,false,12,2023-04-01,2024-03-31,-1
2025-01-31,91150,2025-03-31,3,,,,,,,,,,,,,,,,,,,,,,,,,,,,,,,,,36000000,2066895,33806110,false,false,9,2024-04-01,2024-12-31,0
2025-01-31,91150,2024-03-31,3,,,,,,,,,,,,,,,,,,,,,,,,,,,,,,,,,,,33812523,false,false,9,2023-04-01,2023-12-31,-1
2025-02-28,91150,2025-03-31,,67600000000,0.101,,,,,11000000000,0.134,8500000000,0.063,3100000000,,-0.184,91.70,,,,,,,,,,,,,,,,,,,,,,true,true,12,2024-04-01,2025-03-31,0
2025-02-28,91150,2024-03-31,,65018000000,,,,,,11398000000,,5836000000,,5189000000,,,153.53,,,,,,,,,,,,,,,,,,,,,,true,false,12,2023-04-01,2024-03-31,-1
2025-02-28,91150,2025-03-31,,,,,,,,,,,,,,,,,,,,,,,,,,,,,,5.00,,,,,,,false,true,12,2024-04-01,2025-03-31,0
2025-02-28,91150,2024-03-31,,,,,,,,,,,,,,,,,,,,,,,,,,,,,,5.00,,,,,,,false,false,12,2023-04-01,2024-03-31,-1
2025-05-15,91150,2025-03-31,,67544000000,0.039,,,,,11014000000,-0.034,9131000000,0.564,,2812000000,,83.11,,0.062,0.032,0.163,,293278000000,91214000000,0.163,1407.36,47756000000,30200000000,-6749000000,-13512000000,47869000000,,0.060,,,,,,true,false,12,2024-04-01,2025-03-31,0
2025-05-15,91150,2024-03-31,,65018000000,0.120,,,,,11398000000,0.301,5836000000,-0.094,,5189000000,,153.53,,0.133,0.021,0.175,,276457000000,81413000000,0.155,1266.98,42774000000,27946000000,8493000000,-24603000000,37688000000,,0.033,,,,,,true,false,12,2023-04-01,2024-03-31,-1
2025-05-15,91150,2026-03-31,,29100000000,-0.115,,,,,1600000000,-0.707,900000000,-0.567,,3400000000,,100.20,,,,,,,,,,,,,,,,,,,,,,true,true,6,2025-04-01,2025-09-30,1
2025-05-15,91150,2026-03-31,,57200000000,-0.153,,,,,3000000000,-0.728,2100000000,-0.770,,4400000000,,129.67,,,,,,,,,,,,,,,,,,,,,,true,true,12,2025-04-01,2026-03-31,1
2025-05-15,91150,2025-03-31,,2951000000,0.015,,,,,705000000,-0.040,2198000000,-0.114,1586000000,,-0.112,44.09,,,,,,29545000000,13263000000,0.449,368.56,13263000000,,,,,5.00,,,,36000000,2066895,33835416,false,false,12,2024-04-01,2025-03-31,0
2025-05-15,91150,2024-03-31,,2908000000,0.040,,,,,735000000,-0.003,2481000000,0.579,1787000000,,0.636,49.67,,,,,,27303000000,11473000000,0.420,318.82,11473000000,,,,,5.00,,,,36000000,2239201,33799592,false,false,12,2023-04-01,2024-03-31,-1
2025-07-30,91150,2026-03-31,1,15373000000,-0.037,,,,,2150000000,-0.295,1862000000,0.067,,2895000000,,85.33,,,,,,279922000000,93367000000,0.174,,48718000000,,,,,,,,,,,,true,false,3,2025-04-01,2025-06-30,0
2025-07-30,91150,2025-03-31,1,15969000000,0.030,,,,,3050000000,0.084,1745000000,-0.127,,906000000,,26.85,,,,,,,,,,,,,,,,,,,,,,true,false,3,2024-04-01,2024-06-30,-1
2025-07-30,91150,2026-03-31,1,29100000000,-0.115,,,,,1600000000,-0.707,900000000,-0.567,,3400000000,,100.20,,,,,,,,,,,,,,,,,,,,,,true,true,6,2025-04-01,2025-09-30,0
2025-07-30,91150,2026-03-31,1,57200000000,-0.153,,,,,3000000000,-0.728,2100000000,-0.770,,4400000000,,129.67,,,,,,,,,,,,,,,,,,,,,,true,true,12,2025-04-01,2026-03-31,0
2025-07-30,91150,2025-03-31,1,,,,,,,,,,,,,,,,,,,,293278000000,91214000000,0.163,,47756000000,,,,,,,,,,,,true,false,12,2024-04-01,2025-03-31,-1
2025-07-30,91150,2025-03-31,1,,,,,,,,,,,,,,,,,,,,,,,,,,,,,5.00,,,,36000000,2066895,,false,false,12,2024-04-01,2025-03-31,-1
2025-07-30,91150,2026-03-31,1,,,,,,,,,,,,,,,,,,,,,,,,,,,,,,,,,36000000,2066895,33933105,false,false,3,2025-04-01,2025-06-30,0
2025-07-30,91150,2025-03-31,1,,,,,,,,,,,,,,,,,,,,,,,,,,,,,,,,,,,33760799,false,false,3,2024-04-01,2024-06-30,-1
