filing_date,code,fiscal_year_end,quarterly_period,net_sales,net_sales_change,revenue,revenue_change,operating_revenue,operating_revenue_change,operating_profit,operating_profit_change,ordinary_profit,ordinary_profit_change,net_income,net_income_of_parent,net_income_change,eps,diluted_eps,roe,roa,operating_profit_to_net_sales,operating_profit_to_revenue,total_assets,net_assets,equity_ratio,bps,owner_equity,operating_cash_flow,investing_cash_flow,financing_cash_flow,cash,dividend_per_share,payout_ratio,commemorative_dividend,extra_dividend,number_of_shares,number_of_treqsury_shares,avg_number_of_shares,is_consolidated,is_forecast,duration,period_start,period_end,period_pos
2015-07-31,91190,2016-03-31,1,24877000000,-0.020,,,,,2500000000,0.013,2372000000,0.187,,2436000000,,21.95,,,,,,226773000000,68541000000,0.302,617.83,68561000000,,,,,,,,,,,,true,false,3,2015-04-01,2015-06-30,0
2015-07-31,91190,2015-03-31,1,25378000000,0.092,,,,,2468000000,0.478,1999000000,0.423,,1951000000,,17.58,,,,,,,,,,,,,,,,,,,,,,true,false,3,2014-04-01,2014-06-30,-1
2015-07-31,91190,2016-03-31,1,50000000000,-0.016,,,,,4200000000,-0.044,3600000000,0.021,,3000000000,,27.03,,,,,,,,,,,,,,,,,,,,,,true,true,6,2015-04-01,2015-09-30,0
2015-07-31,91190,2016-03-31,1,102000000000,0.018,,,,,8200000000,0.027,8000000000,0.112,,6000000000,,54.06,,,,,,,,,,,,,,,,,,,,,,true,true,12,2015-04-01,2016-03-31,0
2015-07-31,91190,2015-03-31,1,,,,,,,,,,,,,,,,,,,,228693000000,65907000000,0.288,593.72,65885000000,,,,,,,,,,,,true,false,12,2014-04-01,2015-03-31,-1
2015-07-31,91190,2015-03-31,1,,,,,,,,,,,,,,,,,,,,,,,,,,,,,10.00,,,,111075980,105119,,false,false,12,2014-04-01,2015-03-31,-1
2015-07-31,91190,2016-03-31,1,,,,,,,,,,,,,,,,,,,,,,,,,,,,,10.00,,,,,,,false,true,12,2015-04-01,2016-03-31,0
2015-07-31,91190,2016-03-31,1,,,,,,,,,,,,,,,,,,,,,,,,,,,,,,,,,111075980,105269,110970743,false,false,3,2015-04-01,2015-06-30,0
2015-07-31,91190,2015-03-31,1,,,,,,,,,,,,,,,,,,,,,,,,,,,,,,,,,,,110972239,false,false,3,2014-04-01,2014-06-30,-1
2015-10-30,91190,2016-03-31,2,49328000000,-0.029,,,,,3993000000,-0.091,3604000000,0.022,,3184000000,,28.69,,,,,,225759000000,67384000000,0.298,,67366000000,,,,,,,,,,,,true,false,6,2015-04-01,2015-09-30,0
2015-10-30,91190,2015-03-31,2,50822000000,0.076,,,,,4395000000,0.164,3527000000,0.188,,3778000000,,34.04,,,,,,,,,,,,,,,,,,,,,,true,false,6,2014-04-01,2014-09-30,-1
2015-10-30,91190,2016-03-31,2,96000000000,-0.042,,,,,8200000000,0.027,8000000000,0.112,,6000000000,,54.07,,,,,,,,,,,,,,,,,,,,,,true,true,12,2015-04-01,2016-03-31,0
2015-10-30,91190,2015-03-31,2,,,,,,,,,,,,,,,,,,,,228693000000,65907000000,0.288,,65885000000,,,,,,,,,,,,true,false,12,2014-04-01,2015-03-31,-1
2015-10-30,91190,2015-03-31,2,,,,,,,,,,,,,,,,,,,,,,,,,,,,,10.00,,,,111075980,105119,,false,false,12,2014-04-01,2015-03-31,-1
2015-10-30,91190,2016-03-31,2,,,,,,,,,,,,,,,,,,,,,,,,,,,,,5.00,,,,,,,false,false,12,2015-04-01,2016-03-31,0
2015-10-30,91190,2016-03-31,2,,,,,,,,,,,,,,,,,,,,,,,,,,,,,10.00,,,,,,,false,true,12,2015-04-01,2016-03-31,0
2015-10-30,91190,2016-03-31,2,,,,,,,,,,,,,,,,,,,,,,,,,,,,,,,,,111075980,105770,110970543,false,false,6,2015-04-01,2015-09-30,0
2015-10-30,91190,2015-03-31,2,,,,,,,,,,,,,,,,,,,,,,,,,,,,,,,,,,,110971925,false,false,6,2014-04-01,2014-09-30,-1
2016-01-29,91190,2016-03-31,3,72475000000,-0.046,,,,,6512000000,0.085,6559000000,0.373,,4859000000,,43.78,,,,,,224707000000,68899000000,0.307,,68890000000,,,,,,,,,,,,true,false,9,2015-04-01,2015-12-31,0
2016-01-29,91190,2015-03-31,3,75968000000,0.053,,,,,6003000000,0.134,4777000000,0.131,,4927000000,,44.40,,,,,,,,,,,,,,,,,,,,,,true,false,9,2014-04-01,2014-12-31,-1
2016-01-29,91190,2016-03-31,3,96000000000,-0.042,,,,,8200000000,0.027,8000000000,0.112,,5000000000,,45.06,,,,,,,,,,,,,,,,,,,,,,true,true,12,2015-04-01,2016-03-31,0
2016-01-29,91190,2015-03-31,3,,,,,,,,,,,,,,,,,,,,228693000000,65907000000,0.288,,65885000000,,,,,,,,,,,,true,false,12,2014-04-01,2015-03-31,-1
2016-01-29,91190,2015-03-31,3,,,,,,,,,,,,,,,,,,,,,,,,,,,,,10.00,,,,111075980,105119,,false,false,12,2014-04-01,2015-03-31,-1
2016-01-29,91190,2016-03-31,3,,,,,,,,,,,,,,,,,,,,,,,,,,,,,5.00,,,,,,,false,false,12,2015-04-01,2016-03-31,0
2016-01-29,91190,2016-03-31,3,,,,,,,,,,,,,,,,,,,,,,,,,,,,,10.00,,,,,,,false,true,12,2015-04-01,2016-03-31,0
2016-01-29,91190,2016-03-31,3,,,,,,,,,,,,,,,,,,,,,,,,,,,,,,,,,111075980,105945,110970410,false,false,9,2015-04-01,2015-12-31,0
2016-01-29,91190,2015-03-31,3,,,,,,,,,,,,,,,,,,,,,,,,,,,,,,,,,,,110971701,false,false,9,2014-04-01,2014-12-31,-1
2016-04-28,91190,2016-03-31,,94843000000,-0.053,,,,,8115000000,0.016,7655000000,0.064,,3659000000,,32.97,,0.056,0.033,0.086,,230278000000,65285000000,0.283,587.51,65196000000,18804000000,-18551000000,2475000000,14326000000,,0.303,,,,,,true,false,12,2015-04-01,2016-03-31,0
2016-04-28,91190,2015-03-31,,100177000000,0.036,,,,,7986000000,0.167,7194000000,0.208,,5213000000,,46.98,,0.084,0.032,0.080,,228693000000,65907000000,0.288,593.72,65885000000,16107000000,-13022000000,-8594000000,11965000000,,0.213,,,,,,true,false,12,2014-04-01,2015-03-31,-1
2016-04-28,91190,2017-03-31,,42000000000,-0.149,,,,,3300000000,-0.174,2500000000,-0.306,,1900000000,,17.12,,,,,,,,,,,,,,,,,,,,,,true,true,6,2016-04-01,2016-09-30,1
2016-04-28,91190,2017-03-31,,82000000000,-0.135,,,,,7000000000,-0.137,5700000000,-0.255,,4700000000,,42.35,,,,,,,,,,,,,,,,0.236,,,,,,true,true,12,2016-04-01,2017-03-31,1
2016-04-28,91190,2016-03-31,,78105000000,-0.070,,,,,5747000000,0.144,7344000000,-0.014,5559000000,,-0.115,50.09,,,,,,145701000000,54151000000,0.372,487.98,54151000000,,,,,10.00,,,,111075980,106024,110970307,false,false,12,2015-04-01,2016-03-31,0
2016-04-28,91190,2015-03-31,,83984000000,0.041,,,,,5024000000,0.524,7450000000,0.271,6278000000,,0.524,56.58,,,,,,148399000000,51744000000,0.349,466.28,51744000000,,,,,10.00,,,,111075980,105119,110971510,false,false,12,2014-04-01,2015-03-31,-1
2016-04-28,91190,2017-03-31,,,,,,,,,,,,,,,,,,,,,,,,,,,,,,10.00,,,,,,,false,true,12,2016-04-01,2017-03-31,1
2016-07-29,91190,2017-03-31,1,22110000000,-0.111,,,,,2241000000,-0.104,1410000000,-0.406,,892000000,,8.04,,,,,,216303000000,64340000000,0.296,577.76,64114000000,,,,,,,,,,,,true,false,3,2016-04-01,2016-06-30,0
2016-07-29,91190,2016-03-31,1,24877000000,-0.020,,,,,2500000000,0.013,2372000000,0.187,,2436000000,,21.95,,,,,,,,,,,,,,,,,,,,,,true,false,3,2015-04-01,2015-06-30,-1
2016-07-29,91190,2017-03-31,1,41000000000,-0.169,,,,,3400000000,-0.148,2200000000,-0.390,,1600000000,,14.42,,,,,,,,,,,,,,,,,,,,,,true,true,6,2016-04-01,2016-09-30,0
2016-07-29,91190,2017-03-31,1,80000000000,-0.157,,,,,6500000000,-0.199,4600000000,-0.399,,3600000000,,32.44,,,,,,,,,,,,,,,,,,,,,,true,true,12,2016-04-01,2017-03-31,0
2016-07-29,91190,2016-03-31,1,,,,,,,,,,,,,,,,,,,,230278000000,65285000000,0.283,587.51,65196000000,,,,,,,,,,,,true,false,12,2015-04-01,2016-03-31,-1
2016-07-29,91190,2016-03-31,1,,,,,,,,,,,,,,,,,,,,,,,,,,,,,10.00,,,,111075980,106024,,false,false,12,2015-04-01,2016-03-31,-1
2016-07-29,91190,2017-03-31,1,,,,,,,,,,,,,,,,,,,,,,,,,,,,,10.00,,,,,,,false,true,12,2016-04-01,2017-03-31,0
2016-07-29,91190,2017-03-31,1,,,,,,,,,,,,,,,,,,,,,,,,,,,,,,,,,111075980,106038,110969946,false,false,3,2016-04-01,2016-06-30,0
2016-07-29,91190,2016-03-31,1,,,,,,,,,,,,,,,,,,,,,,,,,,,,,,,,,,,110970743,false,false,3,2015-04-01,2015-06-30,-1
2016-10-31,91190,2017-03-31,2,41840000000,-0.152,,,,,3134000000,-0.215,1992000000,-0.447,,1535000000,,13.84,,,,,,215050000000,65265000000,0.303,,65078000000,,,,,,,,,,,,true,false,6,2016-04-01,2016-09-30,0
2016-10-31,91190,2016-03-31,2,49328000000,-0.029,,,,,3993000000,-0.091,3604000000,0.022,,3184000000,,28.69,,,,,,,,,,,,,,,,,,,,,,true,false,6,2015-04-01,2015-09-30,-1
2016-10-31,91190,2017-03-31,2,80000000000,-0.157,,,,,5700000000,-0.298,3800000000,-0.504,,2700000000,,24.33,,,,,,,,,,,,,,,,,,,,,,true,true,12,2016-04-01,2017-03-31,0
2016-10-31,91190,2016-03-31,2,,,,,,,,,,,,,,,,,,,,230278000000,65285000000,0.283,,65196000000,,,,,,,,,,,,true,false,12,2015-04-01,2016-03-31,-1
2016-10-31,91190,2016-03-31,2,,,,,,,,,,,,,,,,,,,,,,,,,,,,,10.00,,,,111075980,106024,,false,false,12,2015-04-01,2016-03-31,-1
2016-10-31,91190,2017-03-31,2,,,,,,,,,,,,,,,,,,,,,,,,,,,,,5.00,,,,,,,false,false,12,2016-04-01,2017-03-31,0
2016-10-31,91190,2017-03-31,2,,,,,,,,,,,,,,,,,,,,,,,,,,,,,10.00,,,,,,,false,true,12,2016-04-01,2017-03-31,0
2016-10-31,91190,2017-03-31,2,,,,,,,,,,,,,,,,,,,,,,,,,,,,,,,,,111075980,106204,110969885,false,false,6,2016-04-01,2016-09-30,0
2016-10-31,91190,2016-03-31,2,,,,,,,,,,,,,,,,,,,,,,,,,,,,,,,,,,,110970543,false,false,6,2015-04-01,2015-09-30,-1
2017-01-31,91190,2017-03-31,3,62381000000,-0.139,,,,,5211000000,-0.200,4377000000,-0.333,,3814000000,,34.37,,,,,,218726000000,68572000000,0.313,,68477000000,,,,,,,,,,,,true,false,9,2016-04-01,2016-12-31,0
2017-01-31,91190,2016-03-31,3,72475000000,-0.046,,,,,6512000000,0.085,6559000000,0.373,,4859000000,,43.78,,,,,,,,,,,,,,,,,,,,,,true,false,9,2015-04-01,2015-12-31,-1
2017-01-31,91190,2017-03-31,3,83000000000,-0.125,,,,,6500000000,-0.199,4800000000,-0.373,,3300000000,,29.74,,,,,,,,,,,,,,,,,,,,,,true,true,12,2016-04-01,2017-03-31,0
2017-01-31,91190,2016-03-31,3,,,,,,,,,,,,,,,,,,,,230278000000,65285000000,0.283,,65196000000,,,,,,,,,,,,true,false,12,2015-04-01,2016-03-31,-1
2017-01-31,91190,2016-03-31,3,,,,,,,,,,,,,,,,,,,,,,,,,,,,,10.00,,,,111075980,106024,,false,false,12,2015-04-01,2016-03-31,-1
2017-01-31,91190,2017-03-31,3,,,,,,,,,,,,,,,,,,,,,,,,,,,,,5.00,,,,,,,false,false,12,2016-04-01,2017-03-31,0
2017-01-31,91190,2017-03-31,3,,,,,,,,,,,,,,,,,,,,,,,,,,,,,10.00,,,,,,,false,true,12,2016-04-01,2017-03-31,0
2017-01-31,91190,2017-03-31,3,,,,,,,,,,,,,,,,,,,,,,,,,,,,,,,,,111075980,106695,110969800,false,false,9,2016-04-01,2016-12-31,0
2017-01-31,91190,2016-03-31,3,,,,,,,,,,,,,,,,,,,,,,,,,,,,,,,,,,,110970410,false,false,9,2015-04-01,2015-12-31,-1
2017-04-28,91190,2017-03-31,,83320000000,-0.122,,,,,6591000000,-0.188,5105000000,-0.333,,3885000000,,35.01,,0.058,0.024,0.079,,203969000000,68774000000,0.337,619.18,68710000000,11075000000,12788000000,-27242000000,10719000000,,0.286,,,,,,true,false,12,2016-04-01,2017-03-31,0
2017-04-28,91190,2016-03-31,,94843000000,-0.053,,,,,8115000000,0.016,7655000000,0.064,,3659000000,,32.97,,0.056,0.033,0.086,,230278000000,65285000000,0.283,587.51,65196000000,18804000000,-18551000000,2475000000,14326000000,,0.303,,,,,,true,false,12,2015-04-01,2016-03-31,-1
2017-04-28,91190,2018-03-31,,40000000000,-0.044,,,,,2400000000,-0.234,1800000000,-0.096,,1700000000,,15.32,,,,,,,,,,,,,,,,,,,,,,true,true,6,2017-04-01,2017-09-30,1
2017-04-28,91190,2018-03-31,,80000000000,-0.040,,,,,5000000000,-0.241,4000000000,-0.216,,3700000000,,33.34,,,,,,,,,,,,,,,,0.300,,,,,,true,true,12,2017-04-01,2018-03-31,1
2017-04-28,91190,2017-03-31,,70043000000,-0.103,,,,,4981000000,-0.133,5528000000,-0.247,4743000000,,-0.147,42.75,,,,,,136183000000,58644000000,0.431,528.47,58644000000,,,,,10.00,,,,111075980,106737,110969669,false,false,12,2016-04-01,2017-03-31,0
2017-04-28,91190,2016-03-31,,78105000000,-0.070,,,,,5747000000,0.144,7344000000,-0.014,5559000000,,-0.115,50.09,,,,,,145701000000,54151000000,0.372,487.98,54151000000,,,,,10.00,,,,111075980,106024,110970307,false,false,12,2015-04-01,2016-03-31,-1
2017-04-28,91190,2018-03-31,,,,,,,,,,,,,,,,,,,,,,,,,,,,,,10.00,,,,,,,false,true,12,2017-04-01,2018-03-31,1
2017-07-31,91190,2018-03-31,1,20516000000,-0.072,,,,,1270000000,-0.433,1063000000,-0.246,,1006000000,,9.07,,,,,,199789000000,69769000000,0.349,628.28,69720000000,,,,,,,,,,,,true,false,3,2017-04-01,2017-06-30,0
2017-07-31,91190,2017-03-31,1,22110000000,-0.111,,,,,2241000000,-0.104,1410000000,-0.406,,892000000,,8.04,,,,,,,,,,,,,,,,,,,,,,true,false,3,2016-04-01,2016-06-30,-1
2017-07-31,91190,2018-03-31,1,40000000000,-0.044,,,,,2600000000,-0.170,2200000000,0.104,,2700000000,,24.33,,,,,,,,,,,,,,,,,,,,,,true,true,6,2017-04-01,2017-09-30,0
2017-07-31,91190,2018-03-31,1,80000000000,-0.040,,,,,5000000000,-0.241,4000000000,-0.217,,4200000000,,37.85,,,,,,,,,,,,,,,,,,,,,,true,true,12,2017-04-01,2018-03-31,0
2017-07-31,91190,2017-03-31,1,,,,,,,,,,,,,,,,,,,,203969000000,68774000000,0.337,619.18,68710000000,,,,,,,,,,,,true,false,12,2016-04-01,2017-03-31,-1
2017-07-31,91190,2017-03-31,1,,,,,,,,,,,,,,,,,,,,,,,,,,,,,10.00,,,,111075980,106737,,false,false,12,2016-04-01,2017-03-31,-1
2017-07-31,91190,2018-03-31,1,,,,,,,,,,,,,,,,,,,,,,,,,,,,,10.00,,,,,,,false,true,12,2017-04-01,2018-03-31,0
2017-07-31,91190,2018-03-31,1,,,,,,,,,,,,,,,,,,,,,,,,,,,,,,,,,111075980,106973,110969100,false,false,3,2017-04-01,2017-06-30,0
2017-07-31,91190,2017-03-31,1,,,,,,,,,,,,,,,,,,,,,,,,,,,,,,,,,,,110969946,false,false,3,2016-04-01,2016-06-30,-1
2017-07-31,91190,2018-03-31,,40000000000,0.000,,,,,2600000000,0.083,2200000000,0.222,,2700000000,,24.33,,,,,,,,,,,,,,,,,,,,,,true,true,6,2017-04-01,2017-09-30,0
2017-07-31,91190,2017-03-31,,41840000000,,,,,,3134000000,,1992000000,,,1535000000,,13.84,,,,,,,,,,,,,,,,,,,,,,true,false,6,2016-04-01,2016-09-30,-1
2017-07-31,91190,2018-03-31,,80000000000,0.000,,,,,5000000000,0.000,4000000000,0.000,,4200000000,,37.85,,,,,,,,,,,,,,,,,,,,,,true,true,12,2017-04-01,2018-03-31,0
2017-07-31,91190,2017-03-31,,83320000000,,,,,,6591000000,,5105000000,,,3885000000,,35.01,,,,,,,,,,,,,,,,,,,,,,true,false,12,2016-04-01,2017-03-31,-1
2017-10-31,91190,2018-03-31,2,40439000000,-0.033,,,,,3339000000,0.065,3079000000,0.546,,3445000000,,31.04,,,,,,199665000000,72764000000,0.364,,72704000000,,,,,,,,,,,,true,false,6,2017-04-01,2017-09-30,0
2017-10-31,91190,2017-03-31,2,41840000000,-0.152,,,,,3134000000,-0.215,1992000000,-0.447,,1535000000,,13.84,,,,,,,,,,,,,,,,,,,,,,true,false,6,2016-04-01,2016-09-30,-1
2017-10-31,91190,2018-03-31,2,80000000000,-0.040,,,,,5300000000,-0.196,4300000000,-0.158,,4300000000,,38.75,,,,,,,,,,,,,,,,,,,,,,true,true,12,2017-04-01,2018-03-31,0
2017-10-31,91190,2017-03-31,2,,,,,,,,,,,,,,,,,,,,203969000000,68774000000,0.337,,68710000000,,,,,,,,,,,,true,false,12,2016-04-01,2017-03-31,-1
2017-10-31,91190,2017-03-31,2,,,,,,,,,,,,,,,,,,,,,,,,,,,,,10.00,,,,111075980,106737,,false,false,12,2016-04-01,2017-03-31,-1
2017-10-31,91190,2018-03-31,2,,,,,,,,,,,,,,,,,,,,,,,,,,,,,5.00,,,,,,,false,false,12,2017-04-01,2018-03-31,0
2017-10-31,91190,2018-03-31,2,,,,,,,,,,,,,,,,,,,,,,,,,,,,,10.00,,,,,,,false,true,12,2017-04-01,2018-03-31,0
2017-10-31,91190,2018-03-31,2,,,,,,,,,,,,,,,,,,,,,,,,,,,,,,,,,111075980,107190,110968976,false,false,6,2017-04-01,2017-09-30,0
2017-10-31,91190,2017-03-31,2,,,,,,,,,,,,,,,,,,,,,,,,,,,,,,,,,,,110969885,false,false,6,2016-04-01,2016-09-30,-1
2018-01-31,91190,2018-03-31,3,60977000000,-0.023,,,,,4683000000,-0.101,4259000000,-0.027,,4134000000,,37.25,,,,,,205582000000,73492000000,0.357,,73436000000,,,,,,,,,,,,true,false,9,2017-04-01,2017-12-31,0
2018-01-31,91190,2017-03-31,3,62381000000,-0.139,,,,,5211000000,-0.200,4377000000,-0.333,,3814000000,,34.37,,,,,,,,,,,,,,,,,,,,,,true,false,9,2016-04-01,2016-12-31,-1
2018-01-31,91190,2018-03-31,3,81000000000,-0.028,,,,,5400000000,-0.181,4800000000,-0.060,,4300000000,,38.75,,,,,,,,,,,,,,,,,,,,,,true,true,12,2017-04-01,2018-03-31,0
2018-01-31,91190,2017-03-31,3,,,,,,,,,,,,,,,,,,,,203969000000,68774000000,0.337,,68710000000,,,,,,,,,,,,true,false,12,2016-04-01,2017-03-31,-1
2018-01-31,91190,2017-03-31,3,,,,,,,,,,,,,,,,,,,,,,,,,,,,,10.00,,,,111075980,106737,,false,false,12,2016-04-01,2017-03-31,-1
2018-01-31,91190,2018-03-31,3,,,,,,,,,,,,,,,,,,,,,,,,,,,,,5.00,,,,,,,false,false,12,2017-04-01,2018-03-31,0
2018-01-31,91190,2018-03-31,3,,,,,,,,,,,,,,,,,,,,,,,,,,,,,10.00,,,,,,,false,true,12,2017-04-01,2018-03-31,0
2018-01-31,91190,2018-03-31,3,,,,,,,,,,,,,,,,,,,,,,,,,,,,,,,,,111075980,107635,110968858,false,false,9,2017-04-01,2017-12-31,0
2018-01-31,91190,2017-03-31,3,,,,,,,,,,,,,,,,,,,,,,,,,,,,,,,,,,,110969800,false,false,9,2016-04-01,2016-12-31,-1
2018-04-27,91190,2018-03-31,,81334000000,-0.024,,,,,5651000000,-0.143,4631000000,-0.093,,4243000000,,38.53,,0.062,0.022,0.069,,210238000000,69237000000,0.329,653.29,69124000000,12117000000,-15399000000,3350000000,10536000000,,0.260,,,,,,true,false,12,2017-04-01,2018-03-31,0
2018-04-27,91190,2017-03-31,,83320000000,-0.122,,,,,6591000000,-0.188,5105000000,-0.333,,3885000000,,35.01,,0.058,0.024,0.079,,203969000000,68774000000,0.337,619.18,68710000000,11075000000,12788000000,-27242000000,10719000000,,0.286,,,,,,true,false,12,2016-04-01,2017-03-31,-1
2018-04-27,91190,2019-03-31,,42000000000,0.039,,,,,2900000000,-0.131,2300000000,-0.253,,4200000000,,39.69,,,,,,,,,,,,,,,,,,,,,,true,true,6,2018-04-01,2018-09-30,1
2018-04-27,91190,2019-03-31,,84000000000,0.033,,,,,6200000000,0.097,5000000000,0.080,,6600000000,,62.38,,,,,,,,,,,,,,,,,,,,,,true,true,12,2018-04-01,2019-03-31,1
2018-04-27,91190,2018-03-31,,68516000000,-0.022,,,,,2290000000,-0.540,3010000000,-0.456,1881000000,,-0.603,17.08,,,,,,142170000000,56646000000,0.398,535.37,56646000000,,,,,10.00,,,,111075980,5267927,110134603,false,false,12,2017-04-01,2018-03-31,0
2018-04-27,91190,2017-03-31,,70043000000,-0.103,,,,,4981000000,-0.133,5528000000,-0.247,4743000000,,-0.147,42.75,,,,,,136183000000,58644000000,0.431,528.47,58644000000,,,,,10.00,,,,111075980,106737,110969669,false,false,12,2016-04-01,2017-03-31,-1
2018-04-27,91190,2019-03-31,,,,,,,,,,,,,,,,,,,,,,,,,,,,,,10.00,,,,,,,false,true,12,2018-04-01,2019-03-31,1
2018-07-31,91190,2019-03-31,1,20831000000,0.015,,,,,1832000000,0.442,2015000000,0.896,,3583000000,,33.86,,,,,,216828000000,72485000000,0.334,684.09,72382000000,,,,,,,,,,,,true,false,3,2018-04-01,2018-06-30,0
2018-07-31,91190,2018-03-31,1,20516000000,-0.072,,,,,1270000000,-0.433,1063000000,-0.246,,1006000000,,9.07,,,,,,,,,,,,,,,,,,,,,,true,false,3,2017-04-01,2017-06-30,-1
2018-07-31,91190,2019-03-31,1,42000000000,0.039,,,,,3200000000,-0.042,2600000000,-0.156,4300000000,,0.248,40.64,,,,,,,,,,,,,,,,,,,,,,true,true,6,2018-04-01,2018-09-30,0
2018-07-31,91190,2019-03-31,1,85000000000,0.045,,,,,6400000000,0.133,5300000000,0.144,6700000000,,0.579,63.32,,,,,,,,,,,,,,,,,,,,,,true,true,12,2018-04-01,2019-03-31,0
2018-07-31,91190,2018-03-31,1,,,,,,,,,,,,,,,,,,,,210237000000,69237000000,0.329,653.29,69124000000,,,,,,,,,,,,true,false,12,2017-04-01,2018-03-31,-1
2018-07-31,91190,2018-03-31,1,,,,,,,,,,,,,,,,,,,,,,,,,,,,,10.00,,,,111075980,5267927,,false,false,12,2017-04-01,2018-03-31,-1
2018-07-31,91190,2019-03-31,1,,,,,,,,,,,,,,,,,,,,,,,,,,,,,10.00,,,,,,,false,true,12,2018-04-01,2019-03-31,0
2018-07-31,91190,2019-03-31,1,,,,,,,,,,,,,,,,,,,,,,,,,,,,,,,,,111075980,5268099,105807958,false,false,3,2018-04-01,2018-06-30,0
2018-07-31,91190,2018-03-31,1,,,,,,,,,,,,,,,,,,,,,,,,,,,,,,,,,,,110969100,false,false,3,2017-04-01,2017-06-30,-1
2018-10-31,91190,2019-03-31,2,41968000000,0.038,,,,,3302000000,-0.011,3270000000,0.062,,4630000000,,43.75,,,,,,218380000000,74541000000,0.341,703.21,74405000000,,,,,,,,,,,,true,false,6,2018-04-01,2018-09-30,0
2018-10-31,91190,2018-03-31,2,40439000000,-0.033,,,,,3339000000,0.065,3079000000,0.546,,3445000000,,31.04,,,,,,,,,,,,,,,,,,,,,,true,false,6,2017-04-01,2017-09-30,-1
2018-10-31,91190,2019-03-31,2,85000000000,0.045,,,,,5700000000,0.009,5800000000,0.252,,6700000000,,63.32,,,,,,,,,,,,,,,,,,,,,,true,true,12,2018-04-01,2019-03-31,0
2018-10-31,91190,2018-03-31,2,,,,,,,,,,,,,,,,,,,,210237000000,69237000000,0.329,653.29,69124000000,,,,,,,,,,,,true,false,12,2017-04-01,2018-03-31,-1
2018-10-31,91190,2018-03-31,2,,,,,,,,,,,,,,,,,,,,,,,,,,,,,10.00,,,,111075980,5267927,,false,false,12,2017-04-01,2018-03-31,-1
2018-10-31,91190,2019-03-31,2,,,,,,,,,,,,,,,,,,,,,,,,,,,,,5.00,,,,,,,false,false,12,2018-04-01,2019-03-31,0
2018-10-31,91190,2019-03-31,2,,,,,,,,,,,,,,,,,,,,,,,,,,,,,10.00,,,,,,,false,true,12,2018-04-01,2019-03-31,0
2018-10-31,91190,2019-03-31,2,,,,,,,,,,,,,,,,,,,,,,,,,,,,,,,,,111075980,5268473,105807770,false,false,6,2018-04-01,2018-09-30,0
2018-10-31,91190,2018-03-31,2,,,,,,,,,,,,,,,,,,,,,,,,,,,,,,,,,,,110968976,false,false,6,2017-04-01,2017-09-30,-1
2019-01-31,91190,2019-03-31,3,63508000000,0.042,,,,,4329000000,-0.075,4513000000,0.060,,5174000000,,48.90,,,,,,217336000000,73160000000,0.336,689.98,73005000000,,,,,,,,,,,,true,false,9,2018-04-01,2018-12-31,0
2019-01-31,91190,2018-03-31,3,60977000000,-0.023,,,,,4683000000,-0.101,4259000000,-0.027,,4134000000,,37.25,,,,,,,,,,,,,,,,,,,,,,true,false,9,2017-04-01,2017-12-31,-1
2019-01-31,91190,2019-03-31,3,84000000000,0.033,,,,,5100000000,-0.097,5100000000,0.101,4900000000,,0.155,46.31,,,,,,,,,,,,,,,,,,,,,,true,true,12,2018-04-01,2019-03-31,0
2019-01-31,91190,2018-03-31,3,,,,,,,,,,,,,,,,,,,,210237000000,69237000000,0.329,653.29,69124000000,,,,,,,,,,,,true,false,12,2017-04-01,2018-03-31,-1
2019-01-31,91190,2018-03-31,3,,,,,,,,,,,,,,,,,,,,,,,,,,,,,10.00,,,,111075980,5267927,,false,false,12,2017-04-01,2018-03-31,-1
2019-01-31,91190,2019-03-31,3,,,,,,,,,,,,,,,,,,,,,,,,,,,,,5.00,,,,,,,false,false,12,2018-04-01,2019-03-31,0
2019-01-31,91190,2019-03-31,3,,,,,,,,,,,,,,,,,,,,,,,,,,,,,15.00,,,,,,,false,true,12,2018-04-01,2019-03-31,0
2019-01-31,91190,2019-03-31,3,,,,,,,,,,,,,,,,,,,,,,,,,,,,,,,,,111075980,5268646,105807649,false,false,9,2018-04-01,2018-12-31,0
2019-01-31,91190,2018-03-31,3,,,,,,,,,,,,,,,,,,,,,,,,,,,,,,,,,,,110968858,false,false,9,2017-04-01,2017-12-31,-1
2019-04-26,91190,2019-03-31,,84843000000,0.043,,,,,4782000000,-0.154,4701000000,0.015,,4685000000,,44.28,,0.066,0.022,0.056,,222435000000,73077000000,0.328,689.25,72928000000,14549000000,-21202000000,5826000000,9826000000,,0.339,,,,,,true,false,12,2018-04-01,2019-03-31,0
2019-04-26,91190,2018-03-31,,81334000000,-0.024,,,,,5651000000,-0.143,4631000000,-0.093,,4243000000,,38.53,,0.062,0.022,0.069,,210237000000,69237000000,0.329,653.29,69124000000,12117000000,-15399000000,3350000000,10536000000,,0.260,,,,,,true,false,12,2017-04-01,2018-03-31,-1
2019-04-26,91190,2020-03-31,,44000000000,0.048,,,,,1500000000,-0.546,1100000000,-0.664,,900000000,,8.51,,,,,,,,,,,,,,,,,,,,,,true,true,6,2019-04-01,2019-09-30,1
2019-04-26,91190,2020-03-31,,89000000000,0.049,,,,,4800000000,0.004,4100000000,-0.128,,3800000000,,35.91,,,,,,,,,,,,,,,,,,,,,,true,true,12,2019-04-01,2020-03-31,1
2019-04-26,91190,2019-03-31,,72753000000,0.062,,,,,1558000000,-0.320,4586000000,0.524,4541000000,,1.414,42.92,,,,,,151825000000,60684000000,0.400,573.53,60684000000,,,,,15.00,,,,111075980,5268871,105807538,false,false,12,2018-04-01,2019-03-31,0
2019-04-26,91190,2018-03-31,,68516000000,-0.022,,,,,2290000000,-0.540,3010000000,-0.456,1881000000,,-0.603,17.08,,,,,,142170000000,56646000000,0.398,535.37,56646000000,,,,,10.00,,,,111075980,5267927,110134603,false,false,12,2017-04-01,2018-03-31,-1
2019-04-26,91190,2020-03-31,,,,,,,,,,,,,,,,,,,,,,,,,,,,,,10.00,,,,,,,false,true,12,2019-04-01,2020-03-31,1
2019-07-31,91190,2020-03-31,1,23008000000,0.104,,,,,320000000,-0.826,-17000000,,,-302000000,,-2.85,,,,,,223320000000,70956000000,0.317,668.88,70773000000,,,,,,,,,,,,true,false,3,2019-04-01,2019-06-30,0
2019-07-31,91190,2019-03-31,1,20831000000,0.015,,,,,1832000000,0.442,2015000000,0.896,,3583000000,,33.86,,,,,,,,,,,,,,,,,,,,,,true,false,3,2018-04-01,2018-06-30,-1
2019-07-31,91190,2020-03-31,1,45000000000,0.072,,,,,1700000000,-0.485,1200000000,-0.633,,800000000,,7.56,,,,,,,,,,,,,,,,,,,,,,true,true,6,2019-04-01,2019-09-30,0
2019-07-31,91190,2020-03-31,1,89000000000,0.049,,,,,4600000000,-0.038,3800000000,-0.192,,3300000000,,32.13,,,,,,,,,,,,,,,,,,,,,,true,true,12,2019-04-01,2020-03-31,0
2019-07-31,91190,2019-03-31,1,,,,,,,,,,,,,,,,,,,,222435000000,73077000000,0.328,689.25,72928000000,,,,,,,,,,,,true,false,12,2018-04-01,2019-03-31,-1
2019-07-31,91190,2019-03-31,1,,,,,,,,,,,,,,,,,,,,,,,,,,,,,15.00,,,,111075980,5268871,,false,false,12,2018-04-01,2019-03-31,-1
2019-07-31,91190,2020-03-31,1,,,,,,,,,,,,,,,,,,,,,,,,,,,,,10.00,,,,,,,false,true,12,2019-04-01,2020-03-31,0
2019-07-31,91190,2020-03-31,1,,,,,,,,,,,,,,,,,,,,,,,,,,,,,,,,,111075980,5268884,105807100,false,false,3,2019-04-01,2019-06-30,0
2019-07-31,91190,2019-03-31,1,,,,,,,,,,,,,,,,,,,,,,,,,,,,,,,,,,,105807958,false,false,3,2018-04-01,2018-06-30,-1
2019-10-31,91190,2020-03-31,2,44949000000,0.071,,,,,1111000000,-0.664,783000000,-0.760,,399000000,,3.77,,,,,,218801000000,71662000000,0.327,675.76,71500000000,,,,,,,,,,,,true,false,6,2019-04-01,2019-09-30,0
2019-10-31,91190,2019-03-31,2,41968000000,0.038,,,,,3302000000,-0.011,3270000000,0.062,,4630000000,,43.75,,,,,,,,,,,,,,,,,,,,,,true,false,6,2018-04-01,2018-09-30,-1
2019-10-31,91190,2020-03-31,2,89000000000,0.049,,,,,3700000000,-0.226,3200000000,-0.319,,2800000000,,26.46,,,,,,,,,,,,,,,,,,,,,,true,true,12,2019-04-01,2020-03-31,0
2019-10-31,91190,2019-03-31,2,,,,,,,,,,,,,,,,,,,,222435000000,73077000000,0.328,689.25,72928000000,,,,,,,,,,,,true,false,12,2018-04-01,2019-03-31,-1
2019-10-31,91190,2019-03-31,2,,,,,,,,,,,,,,,,,,,,,,,,,,,,,15.00,,,,111075980,5268871,,false,false,12,2018-04-01,2019-03-31,-1
2019-10-31,91190,2020-03-31,2,,,,,,,,,,,,,,,,,,,,,,,,,,,,,5.00,,,,,,,false,false,12,2019-04-01,2020-03-31,0
2019-10-31,91190,2020-03-31,2,,,,,,,,,,,,,,,,,,,,,,,,,,,,,10.00,,,,,,,false,true,12,2019-04-01,2020-03-31,0
2019-10-31,91190,2020-03-31,2,,,,,,,,,,,,,,,,,,,,,,,,,,,,,,,,,111075980,5269090,105807018,false,false,6,2019-04-01,2019-09-30,0
2019-10-31,91190,2019-03-31,2,,,,,,,,,,,,,,,,,,,,,,,,,,,,,,,,,,,105807770,false,false,6,2018-04-01,2018-09-30,-1
2020-01-31,91190,2020-03-31,3,66744000000,0.051,,,,,2962000000,-0.316,2530000000,-0.439,,2053000000,,19.41,,,,,,227222000000,73656000000,0.324,694.77,73511000000,,,,,,,,,,,,true,false,9,2019-04-01,2019-12-31,0
2020-01-31,91190,2019-03-31,3,63508000000,0.042,,,,,4329000000,-0.075,4513000000,0.060,,5174000000,,48.90,,,,,,,,,,,,,,,,,,,,,,true,false,9,2018-04-01,2018-12-31,-1
2020-01-31,91190,2020-03-31,3,90000000000,0.061,,,,,4100000000,-0.143,3400000000,-0.277,,3800000000,,35.91,,,,,,,,,,,,,,,,,,,,,,true,true,12,2019-04-01,2020-03-31,0
2020-01-31,91190,2019-03-31,3,,,,,,,,,,,,,,,,,,,,222435000000,73077000000,0.328,689.25,72928000000,,,,,,,,,,,,true,false,12,2018-04-01,2019-03-31,-1
2020-01-31,91190,2019-03-31,3,,,,,,,,,,,,,,,,,,,,,,,,,,,,,15.00,,,,111075980,5268871,,false,false,12,2018-04-01,2019-03-31,-1
2020-01-31,91190,2020-03-31,3,,,,,,,,,,,,,,,,,,,,,,,,,,,,,5.00,,,,,,,false,false,12,2019-04-01,2020-03-31,0
2020-01-31,91190,2020-03-31,3,,,,,,,,,,,,,,,,,,,,,,,,,,,,,12.00,,,,,,,false,true,12,2019-04-01,2020-03-31,0
2020-01-31,91190,2020-03-31,3,,,,,,,,,,,,,,,,,,,,,,,,,,,,,,,,,111075980,5269164,105806964,false,false,9,2019-04-01,2019-12-31,0
2020-01-31,91190,2019-03-31,3,,,,,,,,,,,,,,,,,,,,,,,,,,,,,,,,,,,105807649,false,false,9,2018-04-01,2018-12-31,-1
2020-05-15,91190,2020-03-31,,89179000000,0.051,,,,,3976000000,-0.168,3455000000,-0.265,,3788000000,,35.80,,0.052,0.015,0.045,,231088000000,73428000000,0.317,692.63,73285000000,13079000000,-14840000000,6234000000,14208000000,,0.335,,,,,,true,false,12,2019-04-01,2020-03-31,0
2020-05-15,91190,2019-03-31,,84843000000,0.043,,,,,4782000000,-0.154,4701000000,0.015,,4685000000,,44.28,,0.066,0.022,0.056,,222435000000,73077000000,0.328,689.25,72928000000,14549000000,-21202000000,5826000000,9826000000,,0.339,,,,,,true,false,12,2018-04-01,2019-03-31,-1
2020-05-15,91190,2021-03-31,,42000000000,-0.066,,,,,1100000000,-0.010,1000000000,0.277,,1200000000,,11.34,,,,,,,,,,,,,,,,,,,,,,true,true,6,2020-04-01,2020-09-30,1
2020-05-15,91190,2021-03-31,,88000000000,-0.013,,,,,3800000000,-0.044,3600000000,0.042,,4500000000,,42.53,,,,,,,,,,,,,,,,0.282,,,,,,true,true,12,2020-04-01,2021-03-31,1
2020-05-15,91190,2020-03-31,,77298000000,0.063,,,,,2406000000,0.545,3177000000,-0.307,2940000000,,-0.353,27.79,,,,,,157436000000,60082000000,0.382,567.85,60082000000,,,,,12.00,,,,111075980,5269276,105806909,false,false,12,2019-04-01,2020-03-31,0
2020-05-15,91190,2019-03-31,,72753000000,0.062,,,,,1558000000,-0.320,4586000000,0.524,4541000000,,1.414,42.92,,,,,,151825000000,60684000000,0.400,573.53,60684000000,,,,,15.00,,,,111075980,5268871,105807538,false,false,12,2018-04-01,2019-03-31,-1
2020-05-15,91190,2021-03-31,,,,,,,,,,,,,,,,,,,,,,,,,,,,,,12.00,,,,,,,false,true,12,2020-04-01,2021-03-31,1
2020-08-07,91190,2021-03-31,1,21875000000,-0.049,,,,,2630000000,7.230,2785000000,,,3021000000,,28.55,,,,,,233158000000,75268000000,0.322,710.06,75129000000,,,,,,,,,,,,true,false,3,2020-04-01,2020-06-30,0
2020-08-07,91190,2020-03-31,1,23008000000,0.104,,,,,320000000,-0.826,-17000000,,,-302000000,,-2.85,,,,,,,,,,,,,,,,,,,,,,true,false,3,2019-04-01,2019-06-30,-1
2020-08-07,91190,2021-03-31,1,43000000000,-0.043,,,,,3200000000,1.881,3300000000,3.213,,2600000000,,24.57,,,,,,,,,,,,,,,,,,,,,,true,true,6,2020-04-01,2020-09-30,0
2020-08-07,91190,2021-03-31,1,87000000000,-0.024,,,,,4500000000,0.132,4500000000,0.302,,4500000000,,42.53,,,,,,,,,,,,,,,,,,,,,,true,true,12,2020-04-01,2021-03-31,0
2020-08-07,91190,2020-03-31,1,,,,,,,,,,,,,,,,,,,,231088000000,73428000000,0.317,692.63,73285000000,,,,,,,,,,,,true,false,12,2019-04-01,2020-03-31,-1
2020-08-07,91190,2020-03-31,1,,,,,,,,,,,,,,,,,,,,,,,,,,,,,12.00,,,,111075980,5269276,,false,false,12,2019-04-01,2020-03-31,-1
2020-08-07,91190,2021-03-31,1,,,,,,,,,,,,,,,,,,,,,,,,,,,,,12.00,,,,,,,false,true,12,2020-04-01,2021-03-31,0
2020-08-07,91190,2021-03-31,1,,,,,,,,,,,,,,,,,,,,,,,,,,,,,,,,,111075980,5269288,105806700,false,false,3,2020-04-01,2020-06-30,0
2020-08-07,91190,2020-03-31,1,,,,,,,,,,,,,,,,,,,,,,,,,,,,,,,,,,,105807100,false,false,3,2019-04-01,2019-06-30,-1
2020-11-09,9119,2021-03-31,2,43238000000,-0.038,,,,,3923000000,2.532,3943000000,4.034,,3212000000,,30.36,,,,,,238259000000,76116000000,0.319,718.00,75969000000,,,,,,,,,,,,true,false,6,2020-04-01,2020-09-30,0
2020-11-09,9119,2020-03-31,2,44949000000,0.071,,,,,1111000000,-0.664,783000000,-0.760,,399000000,,3.77,,,,,,,,,,,,,,,,,,,,,,true,false,6,2019-04-01,2019-09-30,-1
2020-11-09,9119,2021-03-31,2,85000000000,-0.047,,,,,5100000000,0.283,4900000000,0.418,,4700000000,,44.42,,,,,,,,,,,,,,,,,,,,,,true,true,12,2020-04-01,2021-03-31,0
2020-11-09,9119,2020-03-31,2,,,,,,,,,,,,,,,,,,,,231088000000,73428000000,0.317,692.63,73285000000,,,,,,,,,,,,true,false,12,2019-04-01,2020-03-31,-1
2020-11-09,9119,2020-03-31,2,,,,,,,,,,,,,,,,,,,,,,,,,,,,,12.00,,,,111075980,5269276,,false,false,12,2019-04-01,2020-03-31,-1
2020-11-09,9119,2021-03-31,2,,,,,,,,,,,,,,,,,,,,,,,,,,,,,6.00,,,,,,,false,false,12,2020-04-01,2021-03-31,0
2020-11-09,9119,2021-03-31,2,,,,,,,,,,,,,,,,,,,,,,,,,,,,,13.00,,,,,,,false,true,12,2020-04-01,2021-03-31,0
2020-11-09,9119,2021-03-31,2,,,,,,,,,,,,,,,,,,,,,,,,,,,,,,,,,111075980,5269597,105806581,false,false,6,2020-04-01,2020-09-30,0
2020-11-09,9119,2020-03-31,2,,,,,,,,,,,,,,,,,,,,,,,,,,,,,,,,,,,105807018,false,false,6,2019-04-01,2019-09-30,-1
2021-02-10,9119,2021-03-31,3,65925000000,-0.012,,,,,5573000000,0.881,5398000000,1.133,,5377000000,,50.82,,,,,,240450000000,77206000000,0.320,728.27,77055000000,,,,,,,,,,,,true,false,9,2020-04-01,2020-12-31,0
2021-02-10,9119,2020-03-31,3,66744000000,0.051,,,,,2962000000,-0.316,2530000000,-0.439,,2053000000,,19.41,,,,,,,,,,,,,,,,,,,,,,true,false,9,2019-04-01,2019-12-31,-1
2021-02-10,9119,2021-03-31,3,88000000000,-0.013,,,,,6700000000,0.685,6400000000,0.852,,6100000000,,57.65,,,,,,,,,,,,,,,,,,,,,,true,true,12,2020-04-01,2021-03-31,0
2021-02-10,9119,2020-03-31,3,,,,,,,,,,,,,,,,,,,,231088000000,73428000000,0.317,692.63,73285000000,,,,,,,,,,,,true,false,12,2019-04-01,2020-03-31,-1
2021-02-10,9119,2020-03-31,3,,,,,,,,,,,,,,,,,,,,,,,,,,,,,12.00,,,,111075980,5269276,,false,false,12,2019-04-01,2020-03-31,-1
2021-02-10,9119,2021-03-31,3,,,,,,,,,,,,,,,,,,,,,,,,,,,,,6.00,,,,,,,false,false,12,2020-04-01,2021-03-31,0
2021-02-10,9119,2021-03-31,3,,,,,,,,,,,,,,,,,,,,,,,,,,,,,17.00,,,,,,,false,true,12,2020-04-01,2021-03-31,0
2021-02-10,9119,2021-03-31,3,,,,,,,,,,,,,,,,,,,,,,,,,,,,,,,,,108900000,3093790,105806487,false,false,9,2020-04-01,2020-12-31,0
2021-02-10,9119,2020-03-31,3,,,,,,,,,,,,,,,,,,,,,,,,,,,,,,,,,,,105806964,false,false,9,2019-04-01,2019-12-31,-1
2021-05-11,9119,2021-03-31,,88916000000,-0.003,,,,,6831000000,0.718,6810000000,0.971,,7655000000,,72.35,,0.100,0.029,0.077,,245611000000,79835000000,0.325,753.55,79730000000,19282000000,-22991000000,2894000000,13301000000,,0.304,,,,,,true,false,12,2020-04-01,2021-03-31,0
2021-05-11,9119,2020-03-31,,89179000000,0.051,,,,,3976000000,-0.168,3455000000,-0.265,,3788000000,,35.80,,0.052,0.015,0.045,,231088000000,73428000000,0.317,692.63,73285000000,13079000000,-14840000000,6234000000,14208000000,,0.335,,,,,,true,false,12,2019-04-01,2020-03-31,-1
2021-05-11,9119,2022-03-31,,44000000000,0.018,,,,,1200000000,-0.694,900000000,-0.772,,2700000000,,25.52,,,,,,,,,,,,,,,,,,,,,,true,true,6,2021-04-01,2021-09-30,1
2021-05-11,9119,2022-03-31,,88000000000,-0.010,,,,,4100000000,-0.400,3900000000,-0.427,,6000000000,,56.71,,,,,,,,,,,,,,,,,,,,,,true,true,12,2021-04-01,2022-03-31,1
2021-05-11,9119,2021-03-31,,80034000000,0.035,,,,,5163000000,1.146,7081000000,1.229,7244000000,,1.464,68.47,,,,,,169726000000,67835000000,0.400,641.13,67835000000,,,,,22.00,,,,108900000,3093851,105806409,false,false,12,2020-04-01,2021-03-31,0
2021-05-11,9119,2020-03-31,,77298000000,0.063,,,,,2406000000,0.545,3177000000,-0.307,2940000000,,-0.353,27.79,,,,,,157436000000,60082000000,0.382,567.85,60082000000,,,,,12.00,,,,111075980,5269276,105806909,false,false,12,2019-04-01,2020-03-31,-1
2021-05-11,9119,2022-03-31,,,,,,,,,,,,,,,,,,,,,,,,,,,,,,17.00,,,,,,,false,true,12,2021-04-01,2022-03-31,1
2021-08-05,9119,2022-03-31,1,23604000000,0.079,,,,,1098000000,-0.583,1177000000,-0.577,,90000000,,0.85,,,,,,247679000000,79801000000,0.322,752.68,79639000000,,,,,,,,,,,,true,false,3,2021-04-01,2021-06-30,0
2021-08-05,9119,2021-03-31,1,21875000000,-0.049,,,,,2630000000,7.230,2785000000,,,3021000000,,28.55,,,,,,,,,,,,,,,,,,,,,,true,false,3,2020-04-01,2020-06-30,-1
2021-08-05,9119,2022-03-31,1,47000000000,0.087,,,,,1500000000,-0.618,1200000000,-0.696,,3800000000,,35.91,,,,,,,,,,,,,,,,,,,,,,true,true,6,2021-04-01,2021-09-30,0
2021-08-05,9119,2022-03-31,1,92000000000,0.035,,,,,4500000000,-0.341,5000000000,-0.266,,8000000000,,75.61,,,,,,,,,,,,,,,,,,,,,,true,true,12,2021-04-01,2022-03-31,0
2021-08-05,9119,2021-03-31,1,,,,,,,,,,,,,,,,,,,,245611000000,79835000000,0.325,753.55,79730000000,,,,,,,,,,,,true,false,12,2020-04-01,2021-03-31,-1
2021-08-05,9119,2021-03-31,1,,,,,,,,,,,,,,,,,,,,,,,,,,,,,22.00,,,,108900000,3093851,,false,false,12,2020-04-01,2021-03-31,-1
2021-08-05,9119,2022-03-31,1,,,,,,,,,,,,,,,,,,,,,,,,,,,,,23.00,,,,,,,false,true,12,2021-04-01,2022-03-31,0
2021-08-05,9119,2022-03-31,1,,,,,,,,,,,,,,,,,,,,,,,,,,,,,,,,,108900000,3093917,105806084,false,false,3,2021-04-01,2021-06-30,0
2021-08-05,9119,2021-03-31,1,,,,,,,,,,,,,,,,,,,,,,,,,,,,,,,,,,,105806700,false,false,3,2020-04-01,2020-06-30,-1
2021-11-09,9119,2022-03-31,2,48981000000,0.133,,,,,1821000000,-0.536,1540000000,-0.609,,4166000000,,39.38,,,,,,245231000000,84045000000,0.342,793.68,83976000000,,,,,,,,,,,,true,false,6,2021-04-01,2021-09-30,0
2021-11-09,9119,2021-03-31,2,43238000000,-0.038,,,,,3923000000,2.532,3943000000,4.034,,3212000000,,30.36,,,,,,,,,,,,,,,,,,,,,,true,false,6,2020-04-01,2020-09-30,-1
2021-11-09,9119,2022-03-31,2,98000000000,0.102,,,,,4500000000,-0.341,5100000000,-0.251,,8300000000,,78.45,,,,,,,,,,,,,,,,,,,,,,true,true,12,2021-04-01,2022-03-31,0
2021-11-09,9119,2021-03-31,2,,,,,,,,,,,,,,,,,,,,245611000000,79835000000,0.325,753.55,79730000000,,,,,,,,,,,,true,false,12,2020-04-01,2021-03-31,-1
2021-11-09,9119,2021-03-31,2,,,,,,,,,,,,,,,,,,,,,,,,,,,,,22.00,,,,108900000,3093851,,false,false,12,2020-04-01,2021-03-31,-1
2021-11-09,9119,2022-03-31,2,,,,,,,,,,,,,,,,,,,,,,,,,,,,,11.00,,,,,,,false,false,12,2021-04-01,2022-03-31,0
2021-11-09,9119,2022-03-31,2,,,,,,,,,,,,,,,,,,,,,,,,,,,,,23.00,,,,,,,false,true,12,2021-04-01,2022-03-31,0
2021-11-09,9119,2022-03-31,2,,,,,,,,,,,,,,,,,,,,,,,,,,,,,,,,,108900000,3094348,105805926,false,false,6,2021-04-01,2021-09-30,0
2021-11-09,9119,2021-03-31,2,,,,,,,,,,,,,,,,,,,,,,,,,,,,,,,,,,,105806581,false,false,6,2020-04-01,2020-09-30,-1
2022-02-08,9119,2022-03-31,3,76035000000,0.153,,,,,4617000000,-0.172,5223000000,-0.032,,8318000000,,78.62,,,,,,245375000000,86717000000,0.353,819.20,86675000000,,,,,,,,,,,,true,false,9,2021-04-01,2021-12-31,0
2022-02-08,9119,2021-03-31,3,65925000000,-0.012,,,,,5573000000,0.881,5398000000,1.133,,5377000000,,50.82,,,,,,,,,,,,,,,,,,,,,,true,false,9,2020-04-01,2020-12-31,-1
2022-02-08,9119,2022-03-31,3,103000000000,0.158,,,,,5900000000,-0.136,6800000000,-0.001,,10000000000,,94.51,,,,,,,,,,,,,,,,,,,,,,true,true,12,2021-04-01,2022-03-31,0
2022-02-08,9119,2021-03-31,3,,,,,,,,,,,,,,,,,,,,245611000000,79835000000,0.325,753.55,79730000000,,,,,,,,,,,,true,false,12,2020-04-01,2021-03-31,-1
2022-02-08,9119,2021-03-31,3,,,,,,,,,,,,,,,,,,,,,,,,,,,,,22.00,,,,108900000,3093851,,false,false,12,2020-04-01,2021-03-31,-1
2022-02-08,9119,2022-03-31,3,,,,,,,,,,,,,,,,,,,,,,,,,,,,,11.00,,,,,,,false,false,12,2021-04-01,2022-03-31,0
2022-02-08,9119,2022-03-31,3,,,,,,,,,,,,,,,,,,,,,,,,,,,,,29.00,,,,,,,false,true,12,2021-04-01,2022-03-31,0
2022-02-08,9119,2022-03-31,3,,,,,,,,,,,,,,,,,,,,,,,,,,,,,,,,,108900000,3094685,105805781,false,false,9,2021-04-01,2021-12-31,0
2022-02-08,9119,2021-03-31,3,,,,,,,,,,,,,,,,,,,,,,,,,,,,,,,,,,,105806487,false,false,9,2020-04-01,2020-12-31,-1
2022-05-10,9119,2022-03-31,,104100000000,0.171,,,,,7524000000,0.101,9431000000,0.385,,12526000000,,118.39,,0.146,0.038,0.072,,247130000000,91333000000,0.369,863.00,91310000000,15782000000,-3115000000,-14824000000,11654000000,,0.304,,,,,,true,false,12,2021-04-01,2022-03-31,0
2022-05-10,9119,2021-03-31,,88916000000,-0.003,,,,,6831000000,0.718,6810000000,0.971,,7655000000,,72.35,,0.100,0.029,0.077,,245611000000,79835000000,0.325,753.55,79730000000,19282000000,-22991000000,2894000000,13301000000,,0.304,,,,,,true,false,12,2020-04-01,2021-03-31,-1
2022-05-10,9119,2023-03-31,,56000000000,0.143,,,,,3600000000,0.977,3200000000,1.078,,3500000000,,33.08,,,,,,,,,,,,,,,,,,,,,,true,true,6,2022-04-01,2022-09-30,1
2022-05-10,9119,2023-03-31,,112000000000,0.076,,,,,7000000000,-0.070,7000000000,-0.258,,7000000000,,66.16,,,,,,,,,,,,,,,,0.302,,,,,,true,true,12,2022-04-01,2023-03-31,1
2022-05-10,9119,2022-03-31,,93694000000,0.171,,,,,4663000000,-0.097,10789000000,0.524,10328000000,,0.426,97.62,,,,,,173975000000,75766000000,0.435,716.09,75766000000,,,,,36.00,,,,108900000,3094798,105805644,false,false,12,2021-04-01,2022-03-31,0
2022-05-10,9119,2021-03-31,,80034000000,0.035,,,,,5163000000,1.146,7081000000,1.229,7244000000,,1.464,68.47,,,,,,169726000000,67835000000,0.400,641.13,67835000000,,,,,22.00,,,,108900000,3093851,105806409,false,false,12,2020-04-01,2021-03-31,-1
2022-05-10,9119,2023-03-31,,,,,,,,,,,,,,,,,,,,,,,,,,,,,,20.00,,,,,,,false,true,12,2022-04-01,2023-03-31,1
2022-08-02,9119,2023-03-31,1,33583000000,0.423,,,,,4264000000,2.885,5096000000,3.329,,5171000000,,48.88,,,,,,260885000000,95068000000,0.364,898.55,95071000000,,,,,,,,,,,,true,false,3,2022-04-01,2022-06-30,0
2022-08-02,9119,2022-03-31,1,23604000000,0.079,,,,,1098000000,-0.583,1177000000,-0.577,,90000000,,0.85,,,,,,,,,,,,,,,,,,,,,,true,false,3,2021-04-01,2021-06-30,-1
2022-08-02,9119,2023-03-31,1,65000000000,0.327,,,,,7900000000,3.338,8000000000,4.194,,10500000000,,99.24,,,,,,,,,,,,,,,,,,,,,,true,true,6,2022-04-01,2022-09-30,0
2022-08-02,9119,2023-03-31,1,123000000000,0.182,,,,,11800000000,0.568,12100000000,0.283,,14100000000,,133.26,,,,,,,,,,,,,,,,,,,,,,true,true,12,2022-04-01,2023-03-31,0
2022-08-02,9119,2022-03-31,1,,,,,,,,,,,,,,,,,,,,247130000000,91333000000,0.369,863.00,91310000000,,,,,,,,,,,,true,false,12,2021-04-01,2022-03-31,-1
2022-08-02,9119,2022-03-31,1,,,,,,,,,,,,,,,,,,,,,,,,,,,,,36.00,,,,108900000,3094798,,false,false,12,2021-04-01,2022-03-31,-1
2022-08-02,9119,2023-03-31,1,,,,,,,,,,,,,,,,,,,,,,,,,,,,,40.00,,,,,,,false,true,12,2022-04-01,2023-03-31,0
2022-08-02,9119,2023-03-31,1,,,,,,,,,,,,,,,,,,,,,,,,,,,,,,,,,108900000,3095140,105805020,false,false,3,2022-04-01,2022-06-30,0
2022-08-02,9119,2022-03-31,1,,,,,,,,,,,,,,,,,,,,,,,,,,,,,,,,,,,105806084,false,false,3,2021-04-01,2021-06-30,-1
2022-11-04,9119,2023-03-31,2,70474000000,0.439,,,,,10482000000,4.756,11835000000,6.683,,14421000000,,136.30,,,,,,262952000000,105974000000,0.403,1001.83,105998000000,,,,,,,,,,,,true,false,6,2022-04-01,2022-09-30,0
2022-11-04,9119,2022-03-31,2,48981000000,0.133,,,,,1821000000,-0.536,1540000000,-0.609,,4166000000,,39.38,,,,,,,,,,,,,,,,,,,,,,true,false,6,2021-04-01,2021-09-30,-1
2022-11-04,9119,2023-03-31,2,138000000000,0.326,,,,,14700000000,0.954,16200000000,0.718,,18600000000,,175.80,,,,,,,,,,,,,,,,,,,,,,true,true,12,2022-04-01,2023-03-31,0
2022-11-04,9119,2022-03-31,2,,,,,,,,,,,,,,,,,,,,247130000000,91333000000,0.369,863.00,91310000000,,,,,,,,,,,,true,false,12,2021-04-01,2022-03-31,-1
2022-11-04,9119,2022-03-31,2,,,,,,,,,,,,,,,,,,,,,,,,,,,,,36.00,,,,108900000,3094798,,false,false,12,2021-04-01,2022-03-31,-1
2022-11-04,9119,2023-03-31,2,,,,,,,,,,,,,,,,,,,,,,,,,,,,,27.00,,,,,,,false,false,12,2022-04-01,2023-03-31,0
2022-11-04,9119,2023-03-31,2,,,,,,,,,,,,,,,,,,,,,,,,,,,,,53.00,,,,,,,false,true,12,2022-04-01,2023-03-31,0
2022-11-04,9119,2023-03-31,2,,,,,,,,,,,,,,,,,,,,,,,,,,,,,,,,,108900000,3095536,105804813,false,false,6,2022-04-01,2022-09-30,0
2022-11-04,9119,2022-03-31,2,,,,,,,,,,,,,,,,,,,,,,,,,,,,,,,,,,,105805926,false,false,6,2021-04-01,2021-09-30,-1
2023-01-31,9119,2023-03-31,3,108347000000,0.425,,,,,16722000000,2.622,16830000000,2.222,,19264000000,,182.07,,,,,,263187000000,107844000000,0.410,1018.93,107808000000,,,,,,,,,,,,true,false,9,2022-04-01,2022-12-31,0
2023-01-31,9119,2022-03-31,3,76035000000,0.153,,,,,4617000000,-0.172,5223000000,-0.032,,8318000000,,78.62,,,,,,,,,,,,,,,,,,,,,,true,false,9,2021-04-01,2021-12-31,-1
2023-01-31,9119,2023-03-31,3,140000000000,0.345,,,,,18600000000,1.472,19300000000,1.047,,21800000000,,206.04,,,,,,,,,,,,,,,,,,,,,,true,true,12,2022-04-01,2023-03-31,0
2023-01-31,9119,2022-03-31,3,,,,,,,,,,,,,,,,,,,,247130000000,91333000000,0.369,863.00,91310000000,,,,,,,,,,,,true,false,12,2021-04-01,2022-03-31,-1
2023-01-31,9119,2022-03-31,3,,,,,,,,,,,,,,,,,,,,,,,,,,,,,36.00,,,,108900000,3094798,,false,false,12,2021-04-01,2022-03-31,-1
2023-01-31,9119,2023-03-31,3,,,,,,,,,,,,,,,,,,,,,,,,,,,,,27.00,,,,,,,false,false,12,2022-04-01,2023-03-31,0
2023-01-31,9119,2023-03-31,3,,,,,,,,,,,,,,,,,,,,,,,,,,,,,62.00,,,,,,,false,true,12,2022-04-01,2023-03-31,0
2023-01-31,9119,2023-03-31,3,,,,,,,,,,,,,,,,,,,,,,,,,,,,,,,,,108900000,3095625,105804693,false,false,9,2022-04-01,2022-12-31,0
2023-01-31,9119,2022-03-31,3,,,,,,,,,,,,,,,,,,,,,,,,,,,,,,,,,,,105805781,false,false,9,2021-04-01,2021-12-31,-1
2023-05-09,9119,2023-03-31,,141324000000,0.358,,,,,19835000000,1.636,20677000000,1.192,,22681000000,,214.36,,0.225,0.081,0.140,,265453000000,110688000000,0.417,1045.99,110670000000,35268000000,-18488000000,-13246000000,15521000000,,0.303,,,,,,true,false,12,2022-04-01,2023-03-31,0
2023-05-09,9119,2022-03-31,,104100000000,0.171,,,,,7524000000,0.101,9431000000,0.385,,12526000000,,118.39,,0.146,0.038,0.072,,247130000000,91333000000,0.369,863.00,91310000000,15782000000,-3115000000,-14824000000,11654000000,,0.304,,,,,,true,false,12,2021-04-01,2022-03-31,-1
2023-05-09,9119,2024-03-31,,61000000000,-0.134,,,,,6100000000,-0.418,5500000000,-0.535,,5000000000,,47.26,,,,,,,,,,,,,,,,,,,,,,true,true,6,2023-04-01,2023-09-30,1
2023-05-09,9119,2024-03-31,,123000000000,-0.130,,,,,11700000000,-0.410,11100000000,-0.463,,10000000000,,94.51,,,,,,,,,,,,,,,,0.307,,,,,,true,true,12,2023-04-01,2024-03-31,1
2023-05-09,9119,2023-03-31,,130833000000,0.396,,,,,18013000000,2.863,21447000000,0.988,21220000000,,1.055,200.56,,,,,,187930000000,92057000000,0.490,870.07,92057000000,,,,,65.00,,,,108900000,3095914,105804571,false,false,12,2022-04-01,2023-03-31,0
2023-05-09,9119,2022-03-31,,93694000000,0.171,,,,,4663000000,-0.097,10789000000,0.524,10328000000,,0.426,97.62,,,,,,173975000000,75766000000,0.435,716.09,75766000000,,,,,36.00,,,,108900000,3094798,105805644,false,false,12,2021-04-01,2022-03-31,-1
2023-05-09,9119,2024-03-31,,,,,,,,,,,,,,,,,,,,,,,,,,,,,,29.00,,,,,,,false,true,12,2023-04-01,2024-03-31,1
2023-07-31,9119,2024-03-31,1,32798000000,-0.023,,,,,3776000000,-0.102,5044000000,0.001,,4746000000,,44.86,,,,,,275927000000,114174000000,0.414,1079.24,114188000000,,,,,,,,,,,,true,false,3,2023-04-01,2023-06-30,0
2023-07-31,9119,2023-03-31,1,33583000000,0.423,,,,,4206000000,,5038000000,,,5121000000,,48.40,,,,,,,,,,,,,,,,,,,,,,true,false,3,2022-04-01,2022-06-30,-1
2023-07-31,9119,2024-03-31,1,65000000000,-0.078,,,,,7400000000,-0.289,7900000000,-0.329,,7300000000,,69.00,,,,,,,,,,,,,,,,,,,,,,true,true,6,2023-04-01,2023-09-30,0
2023-07-31,9119,2024-03-31,1,128000000000,-0.094,,,,,13000000000,-0.351,13300000000,-0.362,,12300000000,,116.25,,,,,,,,,,,,,,,,,,,,,,true,true,12,2023-04-01,2024-03-31,0
2023-07-31,9119,2023-03-31,1,,,,,,,,,,,,,,,,,,,,265453000000,110587000000,0.416,1044.95,110560000000,,,,,,,,,,,,true,false,12,2022-04-01,2023-03-31,-1
2023-07-31,9119,2023-03-31,1,,,,,,,,,,,,,,,,,,,,,,,,,,,,,65.00,,,,108900000,3095914,,false,false,12,2022-04-01,2023-03-31,-1
2023-07-31,9119,2024-03-31,1,,,,,,,,,,,,,,,,,,,,,,,,,,,,,35.00,,,,,,,false,true,12,2023-04-01,2024-03-31,0
2023-07-31,9119,2024-03-31,1,,,,,,,,,,,,,,,,,,,,,,,,,,,,,,,,,108900000,3095907,105804062,false,false,3,2023-04-01,2023-06-30,0
2023-07-31,9119,2023-03-31,1,,,,,,,,,,,,,,,,,,,,,,,,,,,,,,,,,,,105805020,false,false,3,2022-04-01,2022-06-30,-1
2023-10-31,9119,2024-03-31,2,67573000000,-0.041,,,,,8820000000,-0.153,10357000000,-0.120,,9667000000,,91.37,,,,,,282339000000,122970000000,0.435,1161.96,122940000000,,,,,,,,,,,,true,false,6,2023-04-01,2023-09-30,0
2023-10-31,9119,2023-03-31,2,70474000000,0.439,,,,,10415000000,,11768000000,,,14369000000,,135.81,,,,,,,,,,,,,,,,,,,,,,true,false,6,2022-04-01,2022-09-30,-1
2023-10-31,9119,2024-03-31,2,135000000000,-0.045,,,,,16200000000,-0.191,17400000000,-0.166,,17500000000,,165.40,,,,,,,,,,,,,,,,,,,,,,true,true,12,2023-04-01,2024-03-31,0
2023-10-31,9119,2023-03-31,2,,,,,,,,,,,,,,,,,,,,265453000000,110587000000,0.416,1044.95,110560000000,,,,,,,,,,,,true,false,12,2022-04-01,2023-03-31,-1
2023-10-31,9119,2023-03-31,2,,,,,,,,,,,,,,,,,,,,,,,,,,,,,65.00,,,,108900000,3095914,,false,false,12,2022-04-01,2023-03-31,-1
2023-10-31,9119,2024-03-31,2,,,,,,,,,,,,,,,,,,,,,,,,,,,,,25.00,,,,,,,false,false,12,2023-04-01,2024-03-31,0
2023-10-31,9119,2024-03-31,2,,,,,,,,,,,,,,,,,,,,,,,,,,,,,50.00,,,,,,,false,true,12,2023-04-01,2024-03-31,0
2023-10-31,9119,2024-03-31,2,,,,,,,,,,,,,,,,,,,,,,,,,,,,,,,,,108900000,3095971,105804048,false,false,6,2023-04-01,2023-09-30,0
2023-10-31,9119,2023-03-31,2,,,,,,,,,,,,,,,,,,,,,,,,,,,,,,,,,,,105804813,false,false,6,2022-04-01,2022-09-30,-1
2024-01-31,9119,2024-03-31,3,103467000000,-0.045,,,,,14334000000,-0.136,15220000000,-0.089,,15069000000,,142.42,,,,,,277028000000,124828000000,0.450,1179.30,124774000000,,,,,,,,,,,,true,false,9,2023-04-01,2023-12-31,0
2024-01-31,9119,2023-03-31,3,108347000000,0.425,,,,,16595000000,,16703000000,,,19163000000,,181.12,,,,,,,,,,,,,,,,,,,,,,true,false,9,2022-04-01,2022-12-31,-1
2024-01-31,9119,2024-03-31,3,138000000000,-0.024,,,,,17500000000,-0.126,19000000000,-0.089,,18000000000,,170.13,,,,,,,,,,,,,,,,,,,,,,true,true,12,2023-04-01,2024-03-31,0
2024-01-31,9119,2023-03-31,3,,,,,,,,,,,,,,,,,,,,265453000000,110587000000,0.416,1044.95,110560000000,,,,,,,,,,,,true,false,12,2022-04-01,2023-03-31,-1
2024-01-31,9119,2023-03-31,3,,,,,,,,,,,,,,,,,,,,,,,,,,,,,65.00,,,,108900000,3095914,,false,false,12,2022-04-01,2023-03-31,-1
2024-01-31,9119,2024-03-31,3,,,,,,,,,,,,,,,,,,,,,,,,,,,,,25.00,,,,,,,false,false,12,2023-04-01,2024-03-31,0
2024-01-31,9119,2024-03-31,3,,,,,,,,,,,,,,,,,,,,,,,,,,,,,52.00,,,,,,,false,true,12,2023-04-01,2024-03-31,0
2024-01-31,9119,2024-03-31,3,,,,,,,,,,,,,,,,,,,,,,,,,,,,,,,,,108900000,3096230,105804011,false,false,9,2023-04-01,2023-12-31,0
2024-01-31,9119,2023-03-31,3,,,,,,,,,,,,,,,,,,,,,,,,,,,,,,,,,,,105804693,false,false,9,2022-04-01,2022-12-31,-1
2024-05-07,9119,2024-03-31,,137950000000,-0.024,,,,,19063000000,-0.048,21800000000,0.045,,19745000000,,186.61,,0.163,0.078,0.138,,293228000000,132126000000,0.450,1248.25,132069000000,29448000000,-22007000000,-3871000000,19853000000,,0.300,,,,,,true,false,12,2023-04-01,2024-03-31,0
2024-05-07,9119,2023-03-31,,141324000000,0.358,,,,,20017000000,,20858000000,,,23378000000,,220.96,,0.233,0.081,0.142,,265453000000,110587000000,0.416,1044.95,110560000000,35268000000,-18488000000,-13246000000,15521000000,,0.294,,,,,,true,false,12,2022-04-01,2023-03-31,-1
2024-05-07,9119,2025-03-31,,69000000000,0.021,,,,,7800000000,-0.116,6900000000,-0.334,,7600000000,,71.83,,,,,,,,,,,,,,,,,,,,,,true,true,6,2024-04-01,2024-09-30,1
2024-05-07,9119,2025-03-31,,136000000000,-0.014,,,,,15400000000,-0.192,14500000000,-0.335,,14100000000,,133.27,,,,,,,,,,,,,,,,0.300,,,,,,true,true,12,2024-04-01,2025-03-31,1
2024-05-07,9119,2024-03-31,,127192000000,-0.028,,,,,17102000000,-0.051,25896000000,0.207,24361000000,,0.148,230.24,,,,,,201811000000,115299000000,0.571,1089.74,115299000000,,,,,56.00,,,,108900000,3096304,105803943,false,false,12,2023-04-01,2024-03-31,0
2024-05-07,9119,2023-03-31,,130833000000,0.396,,,,,18013000000,2.863,21447000000,0.988,21220000000,,1.055,200.56,,,,,,187930000000,92057000000,0.490,870.07,92057000000,,,,,65.00,,,,108900000,3095914,105804571,false,false,12,2022-04-01,2023-03-31,-1
2024-05-07,9119,2025-03-31,,,,,,,,,,,,,,,,,,,,,,,,,,,,,,40.00,,,,,,,false,true,12,2024-04-01,2025-03-31,1
2024-07-31,9119,2025-03-31,1,38167000000,0.164,,,,,5329000000,0.411,6414000000,0.272,,6744000000,,63.74,,,,,,294042000000,138604000000,0.471,1309.77,138578000000,,,,,,,,,,,,true,false,3,2024-04-01,2024-06-30,0
2024-07-31,9119,2024-03-31,1,32798000000,-0.023,,,,,3776000000,-0.102,5044000000,0.001,,4746000000,,44.86,,,,,,,,,,,,,,,,,,,,,,true,false,3,2023-04-01,2023-06-30,-1
2024-07-31,9119,2025-03-31,1,75000000000,0.110,,,,,10700000000,0.213,9500000000,-0.083,,9600000000,,90.73,,,,,,,,,,,,,,,,,,,,,,true,true,6,2024-04-01,2024-09-30,0
2024-07-31,9119,2025-03-31,1,145000000000,0.051,,,,,19200000000,0.007,18400000000,-0.156,,17200000000,,162.57,,,,,,,,,,,,,,,,,,,,,,true,true,12,2024-04-01,2025-03-31,0
2024-07-31,9119,2024-03-31,1,,,,,,,,,,,,,,,,,,,,293228000000,132126000000,0.450,1248.25,132069000000,,,,,,,,,,,,true,false,12,2023-04-01,2024-03-31,-1
2024-07-31,9119,2024-03-31,1,,,,,,,,,,,,,,,,,,,,,,,,,,,,,56.00,,,,108900000,3096304,,false,false,12,2023-04-01,2024-03-31,-1
2024-07-31,9119,2025-03-31,1,,,,,,,,,,,,,,,,,,,,,,,,,,,,,49.00,,,,,,,false,true,12,2024-04-01,2025-03-31,0
2024-07-31,9119,2025-03-31,1,,,,,,,,,,,,,,,,,,,,,,,,,,,,,,,,,108900000,3096473,105803584,false,false,3,2024-04-01,2024-06-30,0
2024-07-31,9119,2024-03-31,1,,,,,,,,,,,,,,,,,,,,,,,,,,,,,,,,,,,105804062,false,false,3,2023-04-01,2023-06-30,-1
2024-08-09,9119,2025-03-31,1,38167000000,0.164,,,,,5329000000,0.411,6414000000,0.272,,6744000000,,63.74,,,,,,294042000000,138604000000,0.471,1309.77,138578000000,,,,,,,,,,,,true,false,3,2024-04-01,2024-06-30,0
2024-08-09,9119,2024-03-31,1,32798000000,-0.023,,,,,3776000000,-0.102,5044000000,0.001,,4746000000,,44.86,,,,,,,,,,,,,,,,,,,,,,true,false,3,2023-04-01,2023-06-30,-1
2024-08-09,9119,2025-03-31,1,75000000000,0.110,,,,,10700000000,0.213,9500000000,-0.083,,9600000000,,90.73,,,,,,,,,,,,,,,,,,,,,,true,true,6,2024-04-01,2024-09-30,0
2024-08-09,9119,2025-03-31,1,145000000000,0.051,,,,,19200000000,0.007,18400000000,-0.156,,17200000000,,162.57,,,,,,,,,,,,,,,,,,,,,,true,true,12,2024-04-01,2025-03-31,0
2024-08-09,9119,2024-03-31,1,,,,,,,,,,,,,,,,,,,,293228000000,132126000000,0.450,1248.25,132069000000,,,,,,,,,,,,true,false,12,2023-04-01,2024-03-31,-1
2024-08-09,9119,2024-03-31,1,,,,,,,,,,,,,,,,,,,,,,,,,,,,,56.00,,,,108900000,3096304,,false,false,12,2023-04-01,2024-03-31,-1
2024-08-09,9119,2025-03-31,1,,,,,,,,,,,,,,,,,,,,,,,,,,,,,49.00,,,,,,,false,true,12,2024-04-01,2025-03-31,0
2024-08-09,9119,2025-03-31,1,,,,,,,,,,,,,,,,,,,,,,,,,,,,,,,,,108900000,3096473,105803584,false,false,3,2024-04-01,2024-06-30,0
2024-08-09,9119,2024-03-31,1,,,,,,,,,,,,,,,,,,,,,,,,,,,,,,,,,,,105804062,false,false,3,2023-04-01,2023-06-30,-1
2024-10-31,9119,2025-03-31,2,73998000000,0.095,,,,,9892000000,0.122,8950000000,-0.136,,9629000000,,91.01,,,,,,289802000000,137263000000,0.473,1296.50,137174000000,,,,,,,,,,,,true,false,6,2024-04-01,2024-09-30,0
2024-10-31,9119,2024-03-31,2,67573000000,-0.041,,,,,8820000000,-0.153,10357000000,-0.120,,9667000000,,91.37,,,,,,,,,,,,,,,,,,,,,,true,false,6,2023-04-01,2023-09-30,-1
2024-10-31,9119,2025-03-31,2,146000000000,0.058,,,,,17400000000,-0.087,16900000000,-0.225,,17200000000,,162.57,,,,,,,,,,,,,,,,,,,,,,true,true,12,2024-04-01,2025-03-31,0
2024-10-31,9119,2024-03-31,2,,,,,,,,,,,,,,,,,,,,293228000000,132126000000,0.450,1248.25,132069000000,,,,,,,,,,,,true,false,12,2023-04-01,2024-03-31,-1
2024-10-31,9119,2024-03-31,2,,,,,,,,,,,,,,,,,,,,,,,,,,,,,56.00,,,,108900000,3096304,,false,false,12,2023-04-01,2024-03-31,-1
2024-10-31,9119,2025-03-31,2,,,,,,,,,,,,,,,,,,,,,,,,,,,,,25.00,,,,,,,false,false,12,2024-04-01,2025-03-31,0
2024-10-31,9119,2025-03-31,2,,,,,,,,,,,,,,,,,,,,,,,,,,,,,49.00,,,,,,,false,true,12,2024-04-01,2025-03-31,0
2024-10-31,9119,2025-03-31,2,,,,,,,,,,,,,,,,,,,,,,,,,,,,,,,,,108900000,3096572,105803518,false,false,6,2024-04-01,2024-09-30,0
2024-10-31,9119,2024-03-31,2,,,,,,,,,,,,,,,,,,,,,,,,,,,,,,,,,,,105804048,false,false,6,2023-04-01,2023-09-30,-1
2025-01-31,9119,2025-03-31,3,108735000000,0.051,,,,,13744000000,-0.041,14217000000,-0.066,,14181000000,,134.03,,,,,,304472000000,143502000000,0.471,1355.84,143453000000,,,,,,,,,,,,true,false,9,2024-04-01,2024-12-31,0
2025-01-31,9119,2024-03-31,3,103467000000,-0.045,,,,,14334000000,-0.136,15220000000,-0.089,,15069000000,,142.42,,,,,,,,,,,,,,,,,,,,,,true,false,9,2023-04-01,2023-12-31,-1
2025-01-31,9119,2025-03-31,3,143000000000,0.037,,,,,16600000000,-0.129,16900000000,-0.225,,17200000000,,162.57,,,,,,,,,,,,,,,,,,,,,,true,true,12,2024-04-01,2025-03-31,0
2025-01-31,9119,2024-03-31,3,,,,,,,,,,,,,,,,,,,,293228000000,132126000000,0.450,1248.25,132069000000,,,,,,,,,,,,true,false,12,2023-04-01,2024-03-31,-1
2025-01-31,9119,2024-03-31,3,,,,,,,,,,,,,,,,,,,,,,,,,,,,,56.00,,,,108900000,3096304,,false,false,12,2023-04-01,2024-03-31,-1
2025-01-31,9119,2025-03-31,3,,,,,,,,,,,,,,,,,,,,,,,,,,,,,25.00,,,,,,,false,false,12,2024-04-01,2025-03-31,0
2025-01-31,9119,2025-03-31,3,,,,,,,,,,,,,,,,,,,,,,,,,,,,,54.00,,,,,,,false,true,12,2024-04-01,2025-03-31,0
2025-01-31,9119,2025-03-31,3,,,,,,,,,,,,,,,,,,,,,,,,,,,,,,,,,108900000,3096791,105803442,false,false,9,2024-04-01,2024-12-31,0
2025-01-31,9119,2024-03-31,3,,,,,,,,,,,,,,,,,,,,,,,,,,,,,,,,,,,105804011,false,false,9,2023-04-01,2023-12-31,-1
2025-02-14,9119,2025-03-31,3,108735000000,0.051,,,,,13744000000,-0.041,14217000000,-0.066,,14181000000,,134.03,,,,,,304472000000,143502000000,0.471,1355.84,143453000000,,,,,,,,,,,,true,false,9,2024-04-01,2024-12-31,0
2025-02-14,9119,2024-03-31,3,103467000000,-0.045,,,,,14334000000,-0.136,15220000000,-0.089,,15069000000,,142.42,,,,,,,,,,,,,,,,,,,,,,true,false,9,2023-04-01,2023-12-31,-1
2025-02-14,9119,2025-03-31,3,143000000000,0.037,,,,,16600000000,-0.129,16900000000,-0.225,,17200000000,,162.57,,,,,,,,,,,,,,,,,,,,,,true,true,12,2024-04-01,2025-03-31,0
2025-02-14,9119,2024-03-31,3,,,,,,,,,,,,,,,,,,,,293228000000,132126000000,0.450,1248.25,132069000000,,,,,,,,,,,,true,false,12,2023-04-01,2024-03-31,-1
2025-02-14,9119,2024-03-31,3,,,,,,,,,,,,,,,,,,,,,,,,,,,,,56.00,,,,108900000,3096304,,false,false,12,2023-04-01,2024-03-31,-1
2025-02-14,9119,2025-03-31,3,,,,,,,,,,,,,,,,,,,,,,,,,,,,,25.00,,,,,,,false,false,12,2024-04-01,2025-03-31,0
2025-02-14,9119,2025-03-31,3,,,,,,,,,,,,,,,,,,,,,,,,,,,,,54.00,,,,,,,false,true,12,2024-04-01,2025-03-31,0
2025-02-14,9119,2025-03-31,3,,,,,,,,,,,,,,,,,,,,,,,,,,,,,,,,,108900000,3096791,105803442,false,false,9,2024-04-01,2024-12-31,0
2025-02-14,9119,2024-03-31,3,,,,,,,,,,,,,,,,,,,,,,,,,,,,,,,,,,,105804011,false,false,9,2023-04-01,2023-12-31,-1
2025-05-08,9119,2025-03-31,,141866000000,0.028,,,,,17100000000,-0.103,17368000000,-0.203,,18367000000,,173.60,,0.132,0.058,0.121,,306431000000,145645000000,0.475,1375.24,145504000000,30729000000,-30786000000,-8325000000,11593000000,,0.334,,,,,,true,false,12,2024-04-01,2025-03-31,0
2025-05-08,9119,2024-03-31,,137950000000,-0.024,,,,,19063000000,-0.048,21800000000,0.045,,19745000000,,186.61,,0.163,0.078,0.138,,293228000000,132126000000,0.450,1248.25,132069000000,29448000000,-22007000000,-3871000000,19853000000,,0.300,,,,,,true,false,12,2023-04-01,2024-03-31,-1
2025-05-08,9119,2026-03-31,,65000000000,-0.122,,,,,4800000000,-0.515,3700000000,-0.587,,3900000000,,36.86,,,,,,,,,,,,,,,,,,,,,,true,true,6,2025-04-01,2025-09-30,1
2025-05-08,9119,2026-03-31,,134000000000,-0.055,,,,,11400000000,-0.333,11500000000,-0.338,,11500000000,,108.69,,,,,,,,,,,,,,,,0.405,,,,,,true,true,12,2025-04-01,2026-03-31,1
2025-05-08,9119,2025-03-31,,131184000000,0.031,,,,,16409000000,-0.041,19130000000,-0.261,18652000000,,-0.234,176.29,,,,,,228116000000,127472000000,0.559,1204.81,127472000000,,,,,58.00,,,,108900000,3096941,105803364,false,false,12,2024-04-01,2025-03-31,0
2025-05-08,9119,2024-03-31,,127192000000,-0.028,,,,,17102000000,-0.051,25896000000,0.207,24361000000,,0.148,230.24,,,,,,201811000000,115299000000,0.571,1089.74,115299000000,,,,,56.00,,,,108900000,3096304,105803943,false,false,12,2023-04-01,2024-03-31,-1
2025-05-08,9119,2026-03-31,,,,,,,,,,,,,,,,,,,,,,,,,,,,,,44.00,,,,,,,false,true,12,2025-04-01,2026-03-31,1
2025-07-31,9119,2026-03-31,1,29792000000,-0.219,,,,,2254000000,-0.577,2192000000,-0.658,,3267000000,,30.88,,,,,,300795000000,143412000000,0.476,1354.51,143311000000,,,,,,,,,,,,true,false,3,2025-04-01,2025-06-30,0
2025-07-31,9119,2025-03-31,1,38167000000,0.164,,,,,5329000000,0.411,6414000000,0.272,,6744000000,,63.74,,,,,,,,,,,,,,,,,,,,,,true,false,3,2024-04-01,2024-06-30,-1
2025-07-31,9119,2026-03-31,1,62000000000,-0.162,,,,,4400000000,-0.555,3700000000,-0.587,,4700000000,,44.42,,,,,,,,,,,,,,,,,,,,,,true,true,6,2025-04-01,2025-09-30,0
2025-07-31,9119,2026-03-31,1,130000000000,-0.084,,,,,10200000000,-0.404,10500000000,-0.395,,11500000000,,108.69,,,,,,,,,,,,,,,,,,,,,,true,true,12,2025-04-01,2026-03-31,0
2025-07-31,9119,2025-03-31,1,,,,,,,,,,,,,,,,,,,,306431000000,145645000000,0.475,1375.24,145504000000,,,,,,,,,,,,true,false,12,2024-04-01,2025-03-31,-1
2025-07-31,9119,2025-03-31,1,,,,,,,,,,,,,,,,,,,,,,,,,,,,,58.00,,,,108900000,3096941,,false,false,12,2024-04-01,2025-03-31,-1
2025-07-31,9119,2026-03-31,1,,,,,,,,,,,,,,,,,,,,,,,,,,,,,44.00,,,,,,,false,true,12,2025-04-01,2026-03-31,0
2025-07-31,9119,2026-03-31,1,,,,,,,,,,,,,,,,,,,,,,,,,,,,,,,,,108900000,3096983,105803046,false,false,3,2025-04-01,2025-06-30,0
2025-07-31,9119,2025-03-31,1,,,,,,,,,,,,,,,,,,,,,,,,,,,,,,,,,,,105803584,false,false,3,2024-04-01,2024-06-30,-1
