filing_date,code,fiscal_year_end,quarterly_period,net_sales,net_sales_change,revenue,revenue_change,operating_revenue,operating_revenue_change,operating_profit,operating_profit_change,ordinary_profit,ordinary_profit_change,net_income,net_income_of_parent,net_income_change,eps,diluted_eps,roe,roa,operating_profit_to_net_sales,operating_profit_to_revenue,total_assets,net_assets,equity_ratio,bps,owner_equity,operating_cash_flow,investing_cash_flow,financing_cash_flow,cash,dividend_per_share,payout_ratio,commemorative_dividend,extra_dividend,number_of_shares,number_of_treqsury_shares,avg_number_of_shares,is_consolidated,is_forecast,duration,period_start,period_end,period_pos
2015-07-30,92010,2016-03-31,1,312035000000,0.016,,,,,36244000000,0.946,39230000000,1.317,32610000000,,1.207,89.96,,,,,,1479394000000,800680000000,0.526,2146.94,778267000000,,,,,,,,,,,,true,false,3,2015-04-01,2015-06-30,0
2015-07-30,92010,2015-03-31,1,307083000000,0.044,,,,,18624000000,-0.156,16933000000,-0.140,14778000000,,-0.194,40.75,,,,,,,,,,,,,,,,,,,,,,true,false,3,2014-04-01,2014-06-30,-1
2015-07-30,92010,2016-03-31,1,1328000000000,-0.012,,,,,172000000000,-0.043,169000000000,-0.036,144000000000,,-0.034,397.24,,,,,,,,,,,,,,,,,,,,,,true,true,12,2015-04-01,2016-03-31,0
2015-07-30,92010,2015-03-31,1,,,,,,,,,,,,,,,,,,,,1473354000000,800751000000,0.527,2142.00,776475000000,,,,,,,,,,,,true,false,12,2014-04-01,2015-03-31,-1
2015-07-30,92010,2015-03-31,1,,,,,,,,,,,,,,,,,,,,,,,,,,,,,104.00,,,,362704000,203395,,false,false,12,2014-04-01,2015-03-31,-1
2015-07-30,92010,2016-03-31,1,,,,,,,,,,,,,,,,,,,,,,,,,,,,,,,,,362704000,203395,362500605,false,false,3,2015-04-01,2015-06-30,0
2015-07-30,92010,2015-03-31,1,,,,,,,,,,,,,,,,,,,,,,,,,,,,,,,,,,,362636682,false,false,3,2014-04-01,2014-06-30,-1
2015-10-30,92010,2016-03-31,2,687932000000,0.006,,,,,119982000000,0.292,122640000000,0.337,103398000000,,0.287,285.24,,,,,,1511204000000,855780000000,0.550,2292.89,831173000000,,,,,,,,,,,,true,false,6,2015-04-01,2015-09-30,0
2015-10-30,92010,2015-03-31,2,683771000000,0.037,,,,,92856000000,-0.031,91698000000,0.017,80323000000,,-0.020,221.50,,,,,,,,,,,,,,,,,,,,,,true,false,6,2014-04-01,2014-09-30,-1
2015-10-30,92010,2016-03-31,2,1347000000000,0.002,,,,,204000000000,0.135,202000000000,0.152,172000000000,,0.154,474.48,,,,,,,,,,,,,,,,,,,,,,true,true,12,2015-04-01,2016-03-31,0
2015-10-30,92010,2015-03-31,2,,,,,,,,,,,,,,,,,,,,1473354000000,800751000000,0.527,2142.00,776475000000,,,,,,,,,,,,true,false,12,2014-04-01,2015-03-31,-1
2015-10-30,92010,2015-03-31,2,,,,,,,,,,,,,,,,,,,,,,,,,,,,,104.00,,,,362704000,203395,,false,false,12,2014-04-01,2015-03-31,-1
2015-10-30,92010,2016-03-31,2,,,,,,,,,,,,,,,,,,,,,,,,,,,,,,,,,362704000,203395,362500605,false,false,6,2015-04-01,2015-09-30,0
2015-10-30,92010,2015-03-31,2,,,,,,,,,,,,,,,,,,,,,,,,,,,,,,,,,,,362636682,false,false,6,2014-04-01,2014-09-30,-1
2016-01-29,92010,2016-03-31,3,1023412000000,0.001,,,,,170017000000,0.230,170477000000,0.240,,143685000000,,396.37,,,,,,1545772000000,894659000000,0.562,2396.08,868579000000,,,,,,,,,,,,true,false,9,2015-04-01,2015-12-31,0
2016-01-29,92010,2015-03-31,3,1022389000000,0.033,,,,,138252000000,0.005,137463000000,0.048,,119684000000,,330.06,,,,,,,,,,,,,,,,,,,,,,true,false,9,2014-04-01,2014-12-31,-1
2016-01-29,92010,2016-03-31,3,1347000000000,0.002,,,,,204000000000,0.135,202000000000,0.152,,172000000000,,474.48,,,,,,,,,,,,,,,,,,,,,,true,true,12,2015-04-01,2016-03-31,0
2016-01-29,92010,2015-03-31,3,,,,,,,,,,,,,,,,,,,,1473354000000,800751000000,0.527,2142.00,776475000000,,,,,,,,,,,,true,false,12,2014-04-01,2015-03-31,-1
2016-01-29,92010,2015-03-31,3,,,,,,,,,,,,,,,,,,,,,,,,,,,,,104.00,,,,362704000,203395,,false,false,12,2014-04-01,2015-03-31,-1
2016-01-29,92010,2016-03-31,3,,,,,,,,,,,,,,,,,,,,,,,,,,,,,119.00,,,,,,,false,true,12,2015-04-01,2016-03-31,0
2016-01-29,92010,2016-03-31,3,,,,,,,,,,,,,,,,,,,,,,,,,,,,,,,,,362704000,203395,362500605,false,false,9,2015-04-01,2015-12-31,0
2016-01-29,92010,2015-03-31,3,,,,,,,,,,,,,,,,,,,,,,,,,,,,,,,,,,,362609259,false,false,9,2014-04-01,2014-12-31,-1
,92010,2016-03-31,,,,,,,,,,,,,,,,,,,,,,,,,,,,,,119.00,,,,,,,false,true,12,2015-04-01,2016-03-31,0
,92010,2015-03-31,,,,,,,,,,,,,,,,,,,,,,,,,,,,,,104.00,,,,,,,false,false,12,2014-04-01,2015-03-31,-1
2016-04-28,92010,2016-03-31,,1336661000000,-0.006,,,,,209192000000,0.164,209219000000,0.194,,174468000000,,481.29,,0.215,0.137,0.157,,1578928000000,870557000000,0.534,2325.79,843099000000,312394000000,-288915000000,-49636000000,92951000000,,0.249,,,,,,true,false,12,2015-04-01,2016-03-31,0
2016-04-28,92010,2015-03-31,,1344711000000,0.027,,,,,179689000000,0.077,175275000000,0.112,,149045000000,,411.06,,0.203,0.125,0.134,,1473354000000,800751000000,0.527,2142.00,776475000000,261139000000,-230559000000,-67323000000,119287000000,,0.253,,,,,,true,false,12,2014-04-01,2015-03-31,-1
2016-04-28,92010,2017-03-31,,1343000000000,0.005,,,,,201000000000,-0.039,193000000000,-0.078,,192000000000,,529.65,,,,,,,,,,,,,,,,,,,,,,true,true,12,2016-04-01,2017-03-31,1
2016-04-28,92010,2016-03-31,,1092312000000,0.002,,,,,164607000000,0.280,175121000000,0.263,163281000000,,0.001,450.35,,,,,,1563384000000,836490000000,0.535,2307.13,836490000000,,,,,120.00,,,,362704000,203395,362500605,false,false,12,2015-04-01,2016-03-31,0
2016-04-28,92010,2015-03-31,,1090140000000,0.039,,,,,128623000000,0.059,138627000000,0.085,163175000000,,0.126,449.95,,,,,,1460688000000,728437000000,0.499,2009.11,728437000000,,,,,104.00,,,,362704000,203395,362584185,false,false,12,2014-04-01,2015-03-31,-1
2016-04-28,92010,2017-03-31,,1105000000000,0.012,,,,,,,150000000000,-0.143,169000000000,,0.035,466.12,,,,,,,,,,,,,,,,,,,,,,false,true,12,2016-04-01,2017-03-31,1
2016-07-29,92010,2017-03-31,1,297210000000,-0.048,,,,,22090000000,-0.391,19705000000,-0.498,,14720000000,,40.61,,,,,,1554277000000,848717000000,0.530,2270.32,822993000000,,,,,,,,,,,,true,false,3,2016-04-01,2016-06-30,0
2016-07-29,92010,2016-03-31,1,312035000000,0.016,,,,,36244000000,0.946,39230000000,1.317,,32610000000,,89.96,,,,,,,,,,,,,,,,,,,,,,true,false,3,2015-04-01,2015-06-30,-1
2016-07-29,92010,2017-03-31,1,1343000000000,0.005,,,,,201000000000,-0.039,193000000000,-0.078,,192000000000,,529.65,,,,,,,,,,,,,,,,,,,,,,true,true,12,2016-04-01,2017-03-31,0
2016-07-29,92010,2016-03-31,1,,,,,,,,,,,,,,,,,,,,1578928000000,870557000000,0.534,2325.79,843099000000,,,,,,,,,,,,true,false,12,2015-04-01,2016-03-31,-1
2016-07-29,92010,2016-03-31,1,,,,,,,,,,,,,,,,,,,,,,,,,,,,,120.00,,,,362704000,203395,,false,false,12,2015-04-01,2016-03-31,-1
2016-07-29,92010,2017-03-31,1,,,,,,,,,,,,,,,,,,,,,,,,,,,,,,,,,362704000,203395,362500605,false,false,3,2016-04-01,2016-06-30,0
2016-07-29,92010,2016-03-31,1,,,,,,,,,,,,,,,,,,,,,,,,,,,,,,,,,,,362500605,false,false,3,2015-04-01,2015-06-30,-1
2016-10-31,92010,2017-03-31,2,651928000000,-0.052,,,,,92442000000,-0.230,89804000000,-0.268,,71405000000,,196.98,,,,,,1581092000000,912822000000,0.560,2441.24,884952000000,,,,,,,,,,,,true,false,6,2016-04-01,2016-09-30,0
2016-10-31,92010,2016-03-31,2,687932000000,0.006,,,,,119982000000,0.292,122640000000,0.337,,103398000000,,285.24,,,,,,,,,,,,,,,,,,,,,,true,false,6,2015-04-01,2015-09-30,-1
2016-10-31,92010,2017-03-31,2,1280000000000,-0.042,,,,,170000000000,-0.187,163000000000,-0.221,,161000000000,,444.14,,,,,,,,,,,,,,,,,,,,,,true,true,12,2016-04-01,2017-03-31,0
2016-10-31,92010,2016-03-31,2,,,,,,,,,,,,,,,,,,,,1578928000000,870577000000,0.534,2325.79,843099000000,,,,,,,,,,,,true,false,12,2015-04-01,2016-03-31,-1
2016-10-31,92010,2016-03-31,2,,,,,,,,,,,,,,,,,,,,,,,,,,,,,120.00,,,,362704000,203395,,false,false,12,2015-04-01,2016-03-31,-1
2016-10-31,92010,2017-03-31,2,,,,,,,,,,,,,,,,,,,,,,,,,,,,,,,,,362704000,203395,362500605,false,false,6,2016-04-01,2016-09-30,0
2016-10-31,92010,2016-03-31,2,,,,,,,,,,,,,,,,,,,,,,,,,,,,,,,,,,,362500605,false,false,6,2015-04-01,2015-09-30,-1
2017-01-31,92010,2017-03-31,3,975488000000,-0.047,,,,,137311000000,-0.192,136067000000,-0.202,,108282000000,,299.74,,,,,,1625318000000,953407000000,0.568,2593.08,923813000000,,,,,,,,,,,,true,false,9,2016-04-01,2016-12-31,0
2017-01-31,92010,2016-03-31,3,1023412000000,0.001,,,,,170017000000,0.230,170477000000,0.240,,143685000000,,396.37,,,,,,,,,,,,,,,,,,,,,,true,false,9,2015-04-01,2015-12-31,-1
2017-01-31,92010,2017-03-31,3,1280000000000,-0.042,,,,,170000000000,-0.187,163000000000,-0.221,,161000000000,,445.67,,,,,,,,,,,,,,,,,,,,,,true,true,12,2016-04-01,2017-03-31,0
2017-01-31,92010,2016-03-31,3,,,,,,,,,,,,,,,,,,,,1578928000000,870557000000,0.534,2325.79,843099000000,,,,,,,,,,,,true,false,12,2015-04-01,2016-03-31,-1
2017-01-31,92010,2016-03-31,3,,,,,,,,,,,,,,,,,,,,,,,,,,,,,120.00,,,,362704000,203395,,false,false,12,2015-04-01,2016-03-31,-1
2017-01-31,92010,2017-03-31,3,,,,,,,,,,,,,,,,,,,,,,,,,,,,,92.00,,,,,,,false,true,12,2016-04-01,2017-03-31,0
2017-01-31,92010,2017-03-31,3,,,,,,,,,,,,,,,,,,,,,,,,,,,,,,,,,362704000,6442269,361252833,false,false,9,2016-04-01,2016-12-31,0
2017-01-31,92010,2016-03-31,3,,,,,,,,,,,,,,,,,,,,,,,,,,,,,,,,,,,362500605,false,false,9,2015-04-01,2015-12-31,-1
2017-04-28,92010,2017-03-31,,1288967000000,-0.036,,,,,170332000000,-0.186,165013000000,-0.211,,164174000000,,456.56,,0.181,0.100,0.132,,1728777000000,1003393000000,0.562,2749.71,972064000000,253153000000,-168077000000,-53531000000,124261000000,,0.202,,,,,,true,false,12,2016-04-01,2017-03-31,0
2017-04-28,92010,2016-03-31,,1336661000000,-0.006,,,,,209192000000,0.164,209219000000,0.194,,174468000000,,481.29,,0.215,0.137,0.157,,1578928000000,870557000000,0.534,2325.79,843099000000,312394000000,-288915000000,-49636000000,92951000000,,0.249,,,,,,true,false,12,2015-04-01,2016-03-31,-1
2017-04-28,92010,2018-03-31,,1339000000000,0.039,,,,,142000000000,-0.166,137000000000,-0.170,,100000000000,,282.87,,,,,,,,,,,,,,,,0.318,,,,,,true,true,12,2017-04-01,2018-03-31,1
2017-04-28,92010,2016-03-31,,,,,,,,,,,,,,,,,,,,,,,,,,,,,,120.00,,,,362704000,203395,362500605,false,false,12,2015-04-01,2016-03-31,-1
2017-04-28,92010,2017-03-31,,,,,,,,,,,,,,,,,,,,,,,,,,,,,,94.00,,,,353715800,199873,359594163,false,false,12,2016-04-01,2017-03-31,0
2017-04-28,92010,2018-03-31,,,,,,,,,,,,,,,,,,,,,,,,,,,,,,90.00,,,,,,,false,true,12,2017-04-01,2018-03-31,1
2017-07-31,92010,2018-03-31,1,314815000000,0.059,,,,,24747000000,0.120,24553000000,0.246,,19563000000,,55.34,,,,,,1731338000000,988899000000,0.554,2713.84,959386000000,,,,,,,,,,,,true,false,3,2017-04-01,2017-06-30,0
2017-07-31,92010,2017-03-31,1,297210000000,-0.048,,,,,22090000000,-0.391,19705000000,-0.498,,14720000000,,40.61,,,,,,,,,,,,,,,,,,,,,,true,false,3,2016-04-01,2016-06-30,-1
2017-07-31,92010,2018-03-31,1,1348000000000,0.046,,,,,153000000000,-0.102,146000000000,-0.115,,108000000000,,305.50,,,,,,,,,,,,,,,,,,,,,,true,true,12,2017-04-01,2018-03-31,0
2017-07-31,92010,2017-03-31,1,,,,,,,,,,,,,,,,,,,,1728777000000,1003393000000,0.562,2749.71,972064000000,,,,,,,,,,,,true,false,12,2016-04-01,2017-03-31,-1
2017-07-31,92010,2017-03-31,1,,,,,,,,,,,,,,,,,,,,,,,,,,,,,94.00,,,,353715800,199873,,false,false,12,2016-04-01,2017-03-31,-1
2017-07-31,92010,2018-03-31,1,,,,,,,,,,,,,,,,,,,,,,,,,,,,,96.00,,,,,,,false,true,12,2017-04-01,2018-03-31,0
2017-07-31,92010,2018-03-31,1,,,,,,,,,,,,,,,,,,,,,,,,,,,,,,,,,353715800,199873,353515927,false,false,3,2017-04-01,2017-06-30,0
2017-07-31,92010,2017-03-31,1,,,,,,,,,,,,,,,,,,,,,,,,,,,,,,,,,,,362500605,false,false,3,2016-04-01,2016-06-30,-1
2017-10-31,92010,2018-03-31,2,692319000000,0.062,,,,,99073000000,0.072,97696000000,0.088,,77962000000,,220.54,,,,,,1786936000000,1055804000000,0.573,2897.00,1024136000000,,,,,,,,,,,,true,false,6,2017-04-01,2017-09-30,0
2017-10-31,92010,2017-03-31,2,651928000000,-0.052,,,,,92442000000,-0.230,89804000000,-0.268,,71405000000,,196.98,,,,,,,,,,,,,,,,,,,,,,true,false,6,2016-04-01,2016-09-30,-1
2017-10-31,92010,2018-03-31,2,1366000000000,0.060,,,,,166000000000,-0.025,158000000000,-0.042,,121000000000,,342.28,,,,,,,,,,,,,,,,,,,,,,true,true,12,2017-04-01,2018-03-31,0
2017-10-31,92010,2017-03-31,2,,,,,,,,,,,,,,,,,,,,1728777000000,1003393000000,0.562,2749.71,972064000000,,,,,,,,,,,,true,false,12,2016-04-01,2017-03-31,-1
2017-10-31,92010,2017-03-31,2,,,,,,,,,,,,,,,,,,,,,,,,,,,,,94.00,,,,353715800,199873,,false,false,12,2016-04-01,2017-03-31,-1
2017-10-31,92010,2018-03-31,2,,,,,,,,,,,,,,,,,,,,,,,,,,,,,52.50,,,,,,,false,false,12,2017-04-01,2018-03-31,0
2017-10-31,92010,2018-03-31,2,,,,,,,,,,,,,,,,,,,,,,,,,,,,,105.00,,,,,,,false,true,12,2017-04-01,2018-03-31,0
2017-10-31,92010,2018-03-31,2,,,,,,,,,,,,,,,,,,,,,,,,,,,,,,,,,353715800,199873,353515927,false,false,6,2017-04-01,2017-09-30,0
2017-10-31,92010,2017-03-31,2,,,,,,,,,,,,,,,,,,,,,,,,,,,,,,,,,,,362500605,false,false,6,2016-04-01,2016-09-30,-1
2018-01-31,92010,2018-03-31,3,1046054000000,0.072,,,,,145233000000,0.058,142197000000,0.045,,114125000000,,322.83,,,,,,1798849000000,1085054000000,0.585,2976.06,1052085000000,,,,,,,,,,,,true,false,9,2017-04-01,2017-12-31,0
2018-01-31,92010,2017-03-31,3,975488000000,-0.047,,,,,137311000000,-0.192,136067000000,-0.202,,108282000000,,299.74,,,,,,,,,,,,,,,,,,,,,,true,false,9,2016-04-01,2016-12-31,-1
2018-01-31,92010,2018-03-31,3,1366000000000,0.060,,,,,166000000000,-0.025,158000000000,-0.042,,121000000000,,342.28,,,,,,,,,,,,,,,,,,,,,,true,true,12,2017-04-01,2018-03-31,0
2018-01-31,92010,2017-03-31,3,,,,,,,,,,,,,,,,,,,,1728777000000,1003393000000,0.562,2749.71,972064000000,,,,,,,,,,,,true,false,12,2016-04-01,2017-03-31,-1
2018-01-31,92010,2017-03-31,3,,,,,,,,,,,,,,,,,,,,,,,,,,,,,94.00,,,,353715800,199873,,false,false,12,2016-04-01,2017-03-31,-1
2018-01-31,92010,2018-03-31,3,,,,,,,,,,,,,,,,,,,,,,,,,,,,,52.50,,,,,,,false,false,12,2017-04-01,2018-03-31,0
2018-01-31,92010,2018-03-31,3,,,,,,,,,,,,,,,,,,,,,,,,,,,,,105.00,,,,,,,false,true,12,2017-04-01,2018-03-31,0
2018-01-31,92010,2018-03-31,3,,,,,,,,,,,,,,,,,,,,,,,,,,,,,,,,,353715800,199873,353515927,false,false,9,2017-04-01,2017-12-31,0
2018-01-31,92010,2017-03-31,3,,,,,,,,,,,,,,,,,,,,,,,,,,,,,,,,,,,361252833,false,false,9,2016-04-01,2016-12-31,-1
2018-04-27,92010,2018-03-31,,1383257000000,0.073,,,,,174565000000,0.025,163180000000,-0.011,,135406000000,,383.23,,0.133,0.091,0.126,,1854227000000,1094127000000,0.572,3019.52,1060335000000,281542000000,-166600000000,-55883000000,182870000000,,0.287,,,,,,true,false,12,2017-04-01,2018-03-31,0
2018-04-27,92010,2017-03-31,,1288967000000,-0.036,,,,,170332000000,-0.186,165013000000,-0.211,,164174000000,,456.56,,0.181,0.100,0.132,,1728777000000,1003393000000,0.562,2749.71,972064000000,253153000000,-168077000000,-53531000000,124261000000,,0.206,,,,,,true,false,12,2016-04-01,2017-03-31,-1
2018-04-27,92010,2019-03-31,,1455000000000,0.052,,,,,167000000000,-0.043,156000000000,-0.044,,110000000000,,315.18,,,,,,,,,,,,,,,,0.349,,,,,,true,true,12,2018-04-01,2019-03-31,1
2018-04-27,92010,2017-03-31,,,,,,,,,,,,,,,,,,,,,,,,,,,,,,94.00,,,,353715800,199873,359594163,false,false,12,2016-04-01,2017-03-31,-1
2018-04-27,92010,2018-03-31,,,,,,,,,,,,,,,,,,,,,,,,,,,,,,110.00,,,,353715800,2555957,353334369,false,false,12,2017-04-01,2018-03-31,0
2018-04-27,92010,2019-03-31,,,,,,,,,,,,,,,,,,,,,,,,,,,,,,110.00,,,,,,,false,true,12,2018-04-01,2019-03-31,1
2018-07-31,92010,2019-03-31,1,342101000000,0.087,,,,,24930000000,0.007,23108000000,-0.059,,17546000000,,50.22,,,,,,1878690000000,1095184000000,0.566,3049.88,1063878000000,,,,,,,,,,,,true,false,3,2018-04-01,2018-06-30,0
2018-07-31,92010,2018-03-31,1,314815000000,0.059,,,,,24747000000,0.120,24553000000,0.246,,19563000000,,55.34,,,,,,,,,,,,,,,,,,,,,,true,false,3,2017-04-01,2017-06-30,-1
2018-07-31,92010,2019-03-31,1,1455000000000,0.052,,,,,167000000000,-0.043,156000000000,-0.044,,110000000000,,315.18,,,,,,,,,,,,,,,,,,,,,,true,true,12,2018-04-01,2019-03-31,0
2018-07-31,92010,2018-03-31,1,,,,,,,,,,,,,,,,,,,,1853997000000,1094127000000,0.572,3019.52,1060335000000,,,,,,,,,,,,true,false,12,2017-04-01,2018-03-31,-1
2018-07-31,92010,2018-03-31,1,,,,,,,,,,,,,,,,,,,,,,,,,,,,,110.00,,,,353715800,2555957,,false,false,12,2017-04-01,2018-03-31,-1
2018-07-31,92010,2019-03-31,1,,,,,,,,,,,,,,,,,,,,,,,,,,,,,110.00,,,,,,,false,true,12,2018-04-01,2019-03-31,0
2018-07-31,92010,2019-03-31,1,,,,,,,,,,,,,,,,,,,,,,,,,,,,,,,,,349028700,201957,349410018,false,false,3,2018-04-01,2018-06-30,0
2018-07-31,92010,2018-03-31,1,,,,,,,,,,,,,,,,,,,,,,,,,,,,,,,,,,,353515927,false,false,3,2017-04-01,2017-06-30,-1
2018-10-31,92010,2019-03-31,2,750179000000,0.084,,,,,96831000000,-0.023,94289000000,-0.035,,73398000000,,210.21,,,,,,1943180000000,1157939000000,0.579,3223.87,1124572000000,,,,,,,,,,,,true,false,6,2018-04-01,2018-09-30,0
2018-10-31,92010,2018-03-31,2,692319000000,0.062,,,,,99073000000,0.072,97696000000,0.088,,77962000000,,220.54,,,,,,,,,,,,,,,,,,,,,,true,false,6,2017-04-01,2017-09-30,-1
2018-10-31,92010,2019-03-31,2,1488000000000,0.076,,,,,167000000000,-0.043,156000000000,-0.044,,110000000000,,315.18,,,,,,,,,,,,,,,,,,,,,,true,true,12,2018-04-01,2019-03-31,0
2018-10-31,92010,2018-03-31,2,,,,,,,,,,,,,,,,,,,,1853997000000,1094127000000,0.572,3019.52,1060335000000,,,,,,,,,,,,true,false,12,2017-04-01,2018-03-31,-1
2018-10-31,92010,2018-03-31,2,,,,,,,,,,,,,,,,,,,,,,,,,,,,,110.00,,,,353715800,2555957,,false,false,12,2017-04-01,2018-03-31,-1
2018-10-31,92010,2019-03-31,2,,,,,,,,,,,,,,,,,,,,,,,,,,,,,55.00,,,,,,,false,false,12,2018-04-01,2019-03-31,0
2018-10-31,92010,2019-03-31,2,,,,,,,,,,,,,,,,,,,,,,,,,,,,,110.00,,,,,,,false,true,12,2018-04-01,2019-03-31,0
2018-10-31,92010,2019-03-31,2,,,,,,,,,,,,,,,,,,,,,,,,,,,,,,,,,349028700,201957,349160043,false,false,6,2018-04-01,2018-09-30,0
2018-10-31,92010,2018-03-31,2,,,,,,,,,,,,,,,,,,,,,,,,,,,,,,,,,,,353515927,false,false,6,2017-04-01,2017-09-30,-1
2019-01-31,92010,2019-03-31,3,1131064000000,0.081,,,,,145511000000,0.002,138598000000,-0.025,,106597000000,,305.39,,,,,,1934155000000,1140893000000,0.572,3172.05,1106495000000,,,,,,,,,,,,true,false,9,2018-04-01,2018-12-31,0
2019-01-31,92010,2018-03-31,3,1046054000000,0.072,,,,,145233000000,0.058,142197000000,0.045,,114125000000,,322.83,,,,,,,,,,,,,,,,,,,,,,true,false,9,2017-04-01,2017-12-31,-1
2019-01-31,92010,2019-03-31,3,1488000000000,0.076,,,,,175000000000,0.002,161000000000,-0.013,,138000000000,,395.41,,,,,,,,,,,,,,,,,,,,,,true,true,12,2018-04-01,2019-03-31,0
2019-01-31,92010,2018-03-31,3,,,,,,,,,,,,,,,,,,,,1853997000000,1094127000000,0.572,3019.52,1060335000000,,,,,,,,,,,,true,false,12,2017-04-01,2018-03-31,-1
2019-01-31,92010,2018-03-31,3,,,,,,,,,,,,,,,,,,,,,,,,,,,,,110.00,,,,353715800,2555957,,false,false,12,2017-04-01,2018-03-31,-1
2019-01-31,92010,2019-03-31,3,,,,,,,,,,,,,,,,,,,,,,,,,,,,,55.00,,,,,,,false,false,12,2018-04-01,2019-03-31,0
2019-01-31,92010,2019-03-31,3,,,,,,,,,,,,,,,,,,,,,,,,,,,,,110.00,,,,,,,false,true,12,2018-04-01,2019-03-31,0
2019-01-31,92010,2019-03-31,3,,,,,,,,,,,,,,,,,,,,,,,,,,,,,,,,,349028700,201957,349060053,false,false,9,2018-04-01,2018-12-31,0
2019-01-31,92010,2018-03-31,3,,,,,,,,,,,,,,,,,,,,,,,,,,,,,,,,,,,353515927,false,false,9,2017-04-01,2017-12-31,-1
2019-04-26,92010,2019-03-31,,1487261000000,0.075,,,,,176160000000,0.009,165360000000,0.013,,150807000000,,432.10,,0.136,0.085,0.118,,2030328000000,1200135000000,0.574,3340.15,1165133000000,296717000000,-189713000000,-37037000000,252795000000,,0.255,,,,,,true,false,12,2018-04-01,2019-03-31,0
2019-04-26,92010,2018-03-31,,1383257000000,0.073,,,,,174565000000,0.025,163180000000,-0.011,,135406000000,,383.23,,0.133,0.091,0.126,,1853997000000,1094127000000,0.572,3019.52,1060335000000,281542000000,-166600000000,-55883000000,182870000000,,0.287,,,,,,true,false,12,2017-04-01,2018-03-31,-1
2019-04-26,92010,2020-03-31,,1563000000000,0.051,,,,,170000000000,-0.035,171000000000,0.034,,114000000000,,326.81,,,,,,,,,,,,,,,,0.337,,,,,,true,true,12,2019-04-01,2020-03-31,1
2019-04-26,92010,2018-03-31,,,,,,,,,,,,,,,,,,,,,,,,,,,,,,110.00,,,,353715800,2555957,353334369,false,false,12,2017-04-01,2018-03-31,-1
2019-04-26,92010,2019-03-31,,,,,,,,,,,,,,,,,,,,,,,,,,,,,,110.00,,,,349028700,201957,349006212,false,false,12,2018-04-01,2019-03-31,0
2019-04-26,92010,2020-03-31,,,,,,,,,,,,,,,,,,,,,,,,,,,,,,110.00,,,,,,,false,true,12,2019-04-01,2020-03-31,1
2019-07-31,92010,2020-03-31,1,355743000000,0.040,,,,,21048000000,-0.156,21274000000,-0.079,,11909000000,,34.23,,,,,,2016809000000,1179176000000,0.568,3304.60,1145547000000,,,,,,,,,,,,true,false,3,2019-04-01,2019-06-30,0
2019-07-31,92010,2019-03-31,1,342101000000,0.087,,,,,24930000000,0.007,23108000000,-0.059,,17546000000,,50.22,,,,,,,,,,,,,,,,,,,,,,true,false,3,2018-04-01,2018-06-30,-1
2019-07-31,92010,2020-03-31,1,1563000000000,0.051,,,,,170000000000,-0.035,171000000000,0.034,,114000000000,,326.81,,,,,,,,,,,,,,,,,,,,,,true,true,12,2019-04-01,2020-03-31,0
2019-07-31,92010,2019-03-31,1,,,,,,,,,,,,,,,,,,,,2030328000000,1200135000000,0.574,3340.15,1165133000000,,,,,,,,,,,,true,false,12,2018-04-01,2019-03-31,-1
2019-07-31,92010,2019-03-31,1,,,,,,,,,,,,,,,,,,,,,,,,,,,,,110.00,,,,349028700,201957,,false,false,12,2018-04-01,2019-03-31,-1
2019-07-31,92010,2020-03-31,1,,,,,,,,,,,,,,,,,,,,,,,,,,,,,110.00,,,,,,,false,true,12,2019-04-01,2020-03-31,0
2019-07-31,92010,2020-03-31,1,,,,,,,,,,,,,,,,,,,,,,,,,,,,,,,,,349028700,2376457,347959893,false,false,3,2019-04-01,2019-06-30,0
2019-07-31,92010,2019-03-31,1,,,,,,,,,,,,,,,,,,,,,,,,,,,,,,,,,,,349410018,false,false,3,2018-04-01,2018-06-30,-1
2019-10-31,92010,2020-03-31,2,759844000000,0.013,,,,,81316000000,-0.160,82550000000,-0.125,,51203000000,,147.87,,,,,,1928864000000,1208146000000,0.608,3417.86,1172355000000,,,,,,,,,,,,true,false,6,2019-04-01,2019-09-30,0
2019-10-31,92010,2019-03-31,2,750179000000,0.084,,,,,96831000000,-0.023,94289000000,-0.035,,73398000000,,210.21,,,,,,,,,,,,,,,,,,,,,,true,false,6,2018-04-01,2018-09-30,-1
2019-10-31,92010,2020-03-31,2,1516000000000,0.019,,,,,170000000000,-0.035,171000000000,0.034,,114000000000,,329.21,,,,,,,,,,,,,,,,,,,,,,true,true,12,2019-04-01,2020-03-31,0
2019-10-31,92010,2019-03-31,2,,,,,,,,,,,,,,,,,,,,2030328000000,1200135000000,0.574,3340.15,1165133000000,,,,,,,,,,,,true,false,12,2018-04-01,2019-03-31,-1
2019-10-31,92010,2019-03-31,2,,,,,,,,,,,,,,,,,,,,,,,,,,,,,110.00,,,,349028700,201957,,false,false,12,2018-04-01,2019-03-31,-1
2019-10-31,92010,2020-03-31,2,,,,,,,,,,,,,,,,,,,,,,,,,,,,,55.00,,,,,,,false,false,12,2019-04-01,2020-03-31,0
2019-10-31,92010,2020-03-31,2,,,,,,,,,,,,,,,,,,,,,,,,,,,,,110.00,,,,,,,false,true,12,2019-04-01,2020-03-31,0
2019-10-31,92010,2020-03-31,2,,,,,,,,,,,,,,,,,,,,,,,,,,,,,,,,,349028700,6019978,346278420,false,false,6,2019-04-01,2019-09-30,0
2019-10-31,92010,2019-03-31,2,,,,,,,,,,,,,,,,,,,,,,,,,,,,,,,,,,,349160043,false,false,6,2018-04-01,2018-09-30,-1
2020-01-31,92010,2020-03-31,3,1130872000000,-0.000,,,,,120168000000,-0.174,121844000000,-0.121,,76315000000,,221.31,,,,,,1941730000000,1219501000000,0.609,3477.75,1182590000000,,,,,,,,,,,,true,false,9,2019-04-01,2019-12-31,0
2020-01-31,92010,2019-03-31,3,1131064000000,0.081,,,,,145511000000,0.002,138598000000,-0.025,,106597000000,,305.39,,,,,,,,,,,,,,,,,,,,,,true,false,9,2018-04-01,2018-12-31,-1
2020-01-31,92010,2020-03-31,3,1486000000000,-0.001,,,,,140000000000,-0.205,145000000000,-0.123,,93000000000,,269.69,,,,,,,,,,,,,,,,,,,,,,true,true,12,2019-04-01,2020-03-31,0
2020-01-31,92010,2019-03-31,3,,,,,,,,,,,,,,,,,,,,2030328000000,1200135000000,0.574,3340.15,1165133000000,,,,,,,,,,,,true,false,12,2018-04-01,2019-03-31,-1
2020-01-31,92010,2019-03-31,3,,,,,,,,,,,,,,,,,,,,,,,,,,,,,110.00,,,,349028700,201957,,false,false,12,2018-04-01,2019-03-31,-1
2020-01-31,92010,2020-03-31,3,,,,,,,,,,,,,,,,,,,,,,,,,,,,,55.00,,,,,,,false,false,12,2019-04-01,2020-03-31,0
2020-01-31,92010,2020-03-31,3,,,,,,,,,,,,,,,,,,,,,,,,,,,,,110.00,,,,,,,false,true,12,2019-04-01,2020-03-31,0
2020-01-31,92010,2020-03-31,3,,,,,,,,,,,,,,,,,,,,,,,,,,,,,,,,,343210600,3165951,344838039,false,false,9,2019-04-01,2019-12-31,0
2020-01-31,92010,2019-03-31,3,,,,,,,,,,,,,,,,,,,,,,,,,,,,,,,,,,,349060053,false,false,9,2018-04-01,2018-12-31,-1
2020-04-22,92010,2020-03-31,,1411000000000,-0.050,,,,,100000000000,-0.286,102000000000,-0.297,,53000000000,,154.47,,,,,,,,,,,,,,,,,,,,,,true,true,12,2019-04-01,2020-03-31,0
2020-04-22,92010,2019-03-31,,1487261000000,,,,,,176160000000,,165360000000,,,150807000000,,432.10,,,,,,,,,,,,,,,,,,,,,,true,false,12,2018-04-01,2019-03-31,-1
2020-04-30,92010,2020-03-31,,1411230000000,-0.051,,,,,100632000000,-0.429,102571000000,-0.380,,53407000000,,155.66,,0.047,0.053,0.071,,1859362000000,1131836000000,0.589,3249.27,1094812000000,60030000000,-221573000000,-30135000000,329149000000,,0.353,,,,,,true,false,12,2019-04-01,2020-03-31,0
2020-04-30,92010,2019-03-31,,1487261000000,0.075,,,,,176160000000,0.009,165360000000,0.013,,150807000000,,432.10,,0.136,0.085,0.118,,2030328000000,1200135000000,0.574,3340.15,1165133000000,296717000000,-186392000000,-37037000000,522064000000,,0.255,,,,,,true,false,12,2018-04-01,2019-03-31,-1
2020-04-30,92010,2019-03-31,,,,,,,,,,,,,,,,,,,,,,,,,,,,,,110.00,,,,349028700,201957,349006212,false,false,12,2018-04-01,2019-03-31,-1
2020-04-30,92010,2020-03-31,,,,,,,,,,,,,,,,,,,,,,,,,,,,,,55.00,,,,337143500,201851,343101556,false,false,12,2019-04-01,2020-03-31,0
2020-08-03,92010,2021-03-31,1,,,,,,,,,,,,-93707000000,,-278.06,,,,,,2037366000000,,,,,,,,,,,,,,,,true,false,3,2020-04-01,2020-06-30,0
2020-08-03,92010,2020-03-31,1,,,,,,,,,,,,12958000000,,37.23,,,,,,,,,,,,,,,,,,,,,,true,false,3,2019-04-01,2019-06-30,-1
2020-08-03,92010,2020-03-31,1,,,,,,,,,,,,,,,,,,,,1982254000000,,,,,,,,,,,,,,,,true,false,12,2019-04-01,2020-03-31,-1
2020-08-03,92010,2020-03-31,1,,,,,,,,,,,,,,,,,,,,,,,,,,,,,55.00,,,,337143500,136157,,false,false,12,2019-04-01,2020-03-31,-1
2020-08-03,92010,2021-03-31,1,,,,,,,,,,,,,,,,,,,,,,,,,,,,,0.00,,,,,,,false,true,12,2020-04-01,2021-03-31,0
2020-08-03,92010,2021-03-31,1,,,,,,,,,,,,,,,,,,,,,,,,,,,,,,,,,337143500,136157,337007343,false,false,3,2020-04-01,2020-06-30,0
2020-08-03,92010,2020-03-31,1,,,,,,,,,,,,,,,,,,,,,,,,,,,,,,,,,,,348025693,false,false,3,2019-04-01,2019-06-30,-1
2020-10-29,92010,2021-03-31,2,,,,,,,,,,,,-161226000000,,-478.41,,,,,,1994361000000,,,,,,,,,,,,,,,,true,false,6,2020-04-01,2020-09-30,0
2020-10-29,92010,2020-03-31,2,,,,,,,,,,,,54163000000,,156.39,,,,,,,,,,,,,,,,,,,,,,true,false,6,2019-04-01,2019-09-30,-1
2020-10-29,92010,2021-03-31,2,,,,,,,,,,,,-270000000000,,,,,,,,,,,,,,,,,,,,,,,,true,true,12,2020-04-01,2021-03-31,0
2020-10-29,92010,2021-03-31,2,,,,,,,,,,,,-240000000000,,,,,,,,,,,,,,,,,,,,,,,,true,true,12,2020-04-01,2021-03-31,0
2020-10-29,92010,2020-03-31,2,,,,,,,,,,,,,,,,,,,,1982254000000,,,,,,,,,,,,,,,,true,false,12,2019-04-01,2020-03-31,-1
2020-10-29,92010,2020-03-31,2,,,,,,,,,,,,,,,,,,,,,,,,,,,,,55.00,,,,337143500,136157,,false,false,12,2019-04-01,2020-03-31,-1
2020-10-29,92010,2021-03-31,2,,,,,,,,,,,,,,,,,,,,,,,,,,,,,0.00,,,,,,,false,false,12,2020-04-01,2021-03-31,0
2020-10-29,92010,2021-03-31,2,,,,,,,,,,,,,,,,,,,,,,,,,,,,,,,,,337143500,136157,337007343,false,false,6,2020-04-01,2020-09-30,0
2020-10-29,92010,2020-03-31,2,,,,,,,,,,,,,,,,,,,,,,,,,,,,,,,,,,,346278420,false,false,6,2019-04-01,2019-09-30,-1
2021-02-01,92010,2021-03-31,3,,,,,,,,,,,,-212722000000,,-597.38,,,,,,2136481000000,,,,,,,,,,,,,,,,true,false,9,2020-04-01,2020-12-31,0
2021-02-01,92010,2020-03-31,3,,,,,,,,,,,,74842000000,,216.99,,,,,,,,,,,,,,,,,,,,,,true,false,9,2019-04-01,2019-12-31,-1
2021-02-01,92010,2021-03-31,3,,,,,,,,,,,,-300000000000,,,,,,,,,,,,,,,,,,,,,,,,true,true,12,2020-04-01,2021-03-31,0
2021-02-01,92010,2020-03-31,3,,,,,,,,,,,,,,,,,,,,1982254000000,,,,,,,,,,,,,,,,true,false,12,2019-04-01,2020-03-31,-1
2021-02-01,92010,2020-03-31,3,,,,,,,,,,,,,,,,,,,,,,,,,,,,,55.00,,,,337143500,136157,,false,false,12,2019-04-01,2020-03-31,-1
2021-02-01,92010,2021-03-31,3,,,,,,,,,,,,,,,,,,,,,,,,,,,,,0.00,,,,,,,false,false,12,2020-04-01,2021-03-31,0
2021-02-01,92010,2021-03-31,3,,,,,,,,,,,,,,,,,,,,,,,,,,,,,0.00,,,,,,,false,true,12,2020-04-01,2021-03-31,0
2021-02-01,92010,2021-03-31,3,,,,,,,,,,,,,,,,,,,,,,,,,,,,,,,,,437143500,136157,356094303,false,false,9,2020-04-01,2020-12-31,0
2021-02-01,92010,2020-03-31,3,,,,,,,,,,,,,,,,,,,,,,,,,,,,,,,,,,,344903783,false,false,9,2019-04-01,2019-12-31,-1
2021-02-01,92010,2021-03-31,3,,,,,,,,,,,,-212722000000,,-597.38,,,,,,2136481000000,,,,,,,,,,,,,,,,true,false,9,2020-04-01,2020-12-31,0
2021-02-01,92010,2020-03-31,3,,,,,,,,,,,,74842000000,,216.99,,,,,,,,,,,,,,,,,,,,,,true,false,9,2019-04-01,2019-12-31,-1
2021-02-01,92010,2021-03-31,3,,,,,,,,,,,,-300000000000,,,,,,,,,,,,,,,,,,,,,,,,true,true,12,2020-04-01,2021-03-31,0
2021-02-01,92010,2020-03-31,3,,,,,,,,,,,,,,,,,,,,1982254000000,,,,,,,,,,,,,,,,true,false,12,2019-04-01,2020-03-31,-1
2021-02-01,92010,2020-03-31,3,,,,,,,,,,,,,,,,,,,,,,,,,,,,,55.00,,,,337143500,136157,,false,false,12,2019-04-01,2020-03-31,-1
2021-02-01,92010,2021-03-31,3,,,,,,,,,,,,,,,,,,,,,,,,,,,,,0.00,,,,,,,false,false,12,2020-04-01,2021-03-31,0
2021-02-01,92010,2021-03-31,3,,,,,,,,,,,,,,,,,,,,,,,,,,,,,0.00,,,,,,,false,true,12,2020-04-01,2021-03-31,0
2021-02-01,92010,2021-03-31,3,,,,,,,,,,,,,,,,,,,,,,,,,,,,,,,,,437143500,136157,356094303,false,false,9,2020-04-01,2020-12-31,0
2021-02-01,92010,2020-03-31,3,,,,,,,,,,,,,,,,,,,,,,,,,,,,,,,,,,,344903783,false,false,9,2019-04-01,2019-12-31,-1
2021-04-26,92010,2021-03-31,,,,,,,,,,,,,-287000000000,,,,,,,,,,,,,,,,,,,,,,,,true,true,12,2020-04-01,2021-03-31,0
2021-04-26,92010,2020-03-31,,,,,,,,,,,,,48057000000,,,,,,,,,,,,,,,,,,,,,,,,true,false,12,2019-04-01,2020-03-31,-1
2021-05-07,92010,2021-03-31,,400255000000,,,,,,-342389000000,,-349280000000,,-286101000000,,,-763.41,,,,,,1887820000000,882077000000,0.467,2018.45,882077000000,,,,,0.00,,,,437143500,136217,374766538,false,false,12,2020-04-01,2021-03-31,0
2021-05-07,92010,2020-03-31,,1186468000000,-0.050,,,,,56824000000,-0.571,76112000000,-0.436,49196000000,,-0.647,143.36,,,,,,1828786000000,1027123000000,0.562,3047.78,1027123000000,,,,,55.00,,,,337143500,136157,343167289,false,false,12,2019-04-01,2020-03-31,-1
2021-05-07,92010,2021-03-31,,,,,,,,,,,,,-286693000000,,-764.99,,,,,,2107279000000,,,,,-219519000000,-91012000000,388624000000,,,,,,,,,true,false,12,2020-04-01,2021-03-31,0
2021-05-07,92010,2020-03-31,,,,,,,,,,,,,48057000000,,140.04,,,,,,1982254000000,,,,,80857000000,-233725000000,-38810000000,,,0.393,,,,,,true,false,12,2019-04-01,2020-03-31,-1
2021-08-03,92010,2022-03-31,1,,,,,,,,,,,,-57919000000,,-132.54,,,,,,2104196000000,,,,,,,,,,,,,,,,true,false,3,2021-04-01,2021-06-30,0
2021-08-03,92010,2021-03-31,1,,,,,,,,,,,,-93707000000,,-278.06,,,,,,,,,,,,,,,,,,,,,,true,false,3,2020-04-01,2020-06-30,-1
2021-08-03,92010,2021-03-31,1,,,,,,,,,,,,,,,,,,,,2107279000000,,,,,,,,,,,,,,,,true,false,12,2020-04-01,2021-03-31,-1
2021-08-03,92010,2021-03-31,1,,,,,,,,,,,,,,,,,,,,,,,,,,,,,0.00,,,,437143500,136217,,false,false,12,2020-04-01,2021-03-31,-1
2021-08-03,92010,2022-03-31,1,,,,,,,,,,,,,,,,,,,,,,,,,,,,,0.00,,,,,,,false,true,12,2021-04-01,2022-03-31,0
2021-08-03,92010,2022-03-31,1,,,,,,,,,,,,,,,,,,,,,,,,,,,,,,,,,437143500,136288,437007265,false,false,3,2021-04-01,2021-06-30,0
2021-08-03,92010,2021-03-31,1,,,,,,,,,,,,,,,,,,,,,,,,,,,,,,,,,,,337007343,false,false,3,2020-04-01,2020-06-30,-1
2021-11-02,92010,2022-03-31,2,,,,,,,,,,,,-104976000000,,-240.22,,,,,,2154240000000,,,,,,,,,,,,,,,,true,false,6,2021-04-01,2021-09-30,0
2021-11-02,92010,2021-03-31,2,,,,,,,,,,,,-161226000000,,-478.41,,,,,,,,,,,,,,,,,,,,,,true,false,6,2020-04-01,2020-09-30,-1
2021-11-02,92010,2022-03-31,2,,,,,,,,,,,,-146000000000,,,,,,,,,,,,,,,,,,,,,,,,true,true,12,2021-04-01,2022-03-31,0
2021-11-02,92010,2021-03-31,2,,,,,,,,,,,,,,,,,,,,2107279000000,,,,,,,,,,,,,,,,true,false,12,2020-04-01,2021-03-31,-1
2021-11-02,92010,2021-03-31,2,,,,,,,,,,,,,,,,,,,,,,,,,,,,,0.00,,,,437143500,136217,,false,false,12,2020-04-01,2021-03-31,-1
2021-11-02,92010,2022-03-31,2,,,,,,,,,,,,,,,,,,,,,,,,,,,,,0.00,,,,,,,false,false,12,2021-04-01,2022-03-31,0
2021-11-02,92010,2022-03-31,2,,,,,,,,,,,,,,,,,,,,,,,,,,,,,,,,,437143500,136291,437007242,false,false,6,2021-04-01,2021-09-30,0
2021-11-02,92010,2021-03-31,2,,,,,,,,,,,,,,,,,,,,,,,,,,,,,,,,,,,337007343,false,false,6,2020-04-01,2020-09-30,-1
2022-02-02,92010,2022-03-31,3,,,,,,,,,,,,-128322000000,,-293.64,,,,,,2312693000000,,,,,,,,,,,,,,,,true,false,9,2021-04-01,2021-12-31,0
2022-02-02,92010,2021-03-31,3,,,,,,,,,,,,-212722000000,,-597.38,,,,,,,,,,,,,,,,,,,,,,true,false,9,2020-04-01,2020-12-31,-1
2022-02-02,92010,2022-03-31,3,,,,,,,,,,,,-146000000000,,,,,,,,,,,,,,,,,,,,,,,,true,true,12,2021-04-01,2022-03-31,0
2022-02-02,92010,2021-03-31,3,,,,,,,,,,,,,,,,,,,,2107279000000,,,,,,,,,,,,,,,,true,false,12,2020-04-01,2021-03-31,-1
2022-02-02,92010,2021-03-31,3,,,,,,,,,,,,,,,,,,,,,,,,,,,,,0.00,,,,437143500,136217,,false,false,12,2020-04-01,2021-03-31,-1
2022-02-02,92010,2022-03-31,3,,,,,,,,,,,,,,,,,,,,,,,,,,,,,0.00,,,,,,,false,false,12,2021-04-01,2022-03-31,0
2022-02-02,92010,2022-03-31,3,,,,,,,,,,,,,,,,,,,,,,,,,,,,,0.00,,,,,,,false,true,12,2021-04-01,2022-03-31,0
2022-02-02,92010,2022-03-31,3,,,,,,,,,,,,,,,,,,,,,,,,,,,,,,,,,437143500,136291,437007232,false,false,9,2021-04-01,2021-12-31,0
2022-02-02,92010,2021-03-31,3,,,,,,,,,,,,,,,,,,,,,,,,,,,,,,,,,,,356094303,false,false,9,2020-04-01,2020-12-31,-1
2022-04-15,92010,2022-03-31,,,,,,,,,,,,,-177000000000,,,,,,,,,,,,,,,,,,,,,,,,true,true,12,2021-04-01,2022-03-31,0
2022-04-15,92010,2021-03-31,,,,,,,,,,,,,-286693000000,,,,,,,,,,,,,,,,,,,,,,,,true,false,12,2020-04-01,2021-03-31,-1
2022-05-06,92010,2022-03-31,,600319000000,0.500,,,,,-247975000000,,-241264000000,,-206292000000,,,-472.06,,,,,,2115857000000,705270000000,0.333,1613.86,705270000000,,,,,0.00,,,,437143500,136291,437007227,false,false,12,2021-04-01,2022-03-31,0
2022-05-06,92010,2021-03-31,,400255000000,,,,,,-342389000000,,-349280000000,,-286101000000,,,-763.41,,,,,,1887820000000,882077000000,0.467,2018.45,882077000000,,,,,0.00,,,,437143500,136217,374766538,false,false,12,2020-04-01,2021-03-31,-1
2022-05-06,92010,2022-03-31,,,,,,,,,,,,,-177551000000,,-406.29,,,,,,2371658000000,,,,,-103545000000,-173769000000,359280000000,,,,,,,,,true,false,12,2021-04-01,2022-03-31,0
2022-05-06,92010,2021-03-31,,,,,,,,,,,,,-286693000000,,-764.99,,,,,,2107279000000,,,,,-219519000000,-91012000000,388624000000,,,,,,,,,true,false,12,2020-04-01,2021-03-31,-1
2022-05-06,92010,2023-03-31,,,,,,,,,,,,,45000000000,,,,,,,,,,,,,,,,,,,,,,,,true,true,12,2022-04-01,2023-03-31,1
2022-08-01,92010,2023-03-31,1,,,,,,,,,,,,-19560000000,,-44.76,,,,,,2444989000000,,,,,,,,,,,,,,,,true,false,3,2022-04-01,2022-06-30,0
2022-08-01,92010,2022-03-31,1,,,,,,,,,,,,-57919000000,,-132.54,,,,,,,,,,,,,,,,,,,,,,true,false,3,2021-04-01,2021-06-30,-1
2022-08-01,92010,2023-03-31,1,,,,,,,,,,,,45000000000,,,,,,,,,,,,,,,,,,,,,,,,true,true,12,2022-04-01,2023-03-31,0
2022-08-01,92010,2022-03-31,1,,,,,,,,,,,,,,,,,,,,2371658000000,,,,,,,,,,,,,,,,true,false,12,2021-04-01,2022-03-31,-1
2022-08-01,92010,2022-03-31,1,,,,,,,,,,,,,,,,,,,,,,,,,,,,,0.00,,,,437143500,136291,,false,false,12,2021-04-01,2022-03-31,-1
2022-08-01,92010,2023-03-31,1,,,,,,,,,,,,,,,,,,,,,,,,,,,,,0.00,,,,,,,false,true,12,2022-04-01,2023-03-31,0
2022-08-01,92010,2023-03-31,1,,,,,,,,,,,,,,,,,,,,,,,,,,,,,,,,,437143500,136291,437007209,false,false,3,2022-04-01,2022-06-30,0
2022-08-01,92010,2022-03-31,1,,,,,,,,,,,,,,,,,,,,,,,,,,,,,,,,,,,437007265,false,false,3,2021-04-01,2021-06-30,-1
2022-11-01,92010,2023-03-31,2,,,,,,,,,,,,-2112000000,,-4.83,,,,,,2448551000000,,,,,,,,,,,,,,,,true,false,6,2022-04-01,2022-09-30,0
2022-11-01,92010,2022-03-31,2,,,,,,,,,,,,-104976000000,,-240.22,,,,,,,,,,,,,,,,,,,,,,true,false,6,2021-04-01,2021-09-30,-1
2022-11-01,92010,2023-03-31,2,,,,,,,,,,,,45000000000,,,,,,,,,,,,,,,,,,,,,,,,true,true,12,2022-04-01,2023-03-31,0
2022-11-01,92010,2022-03-31,2,,,,,,,,,,,,,,,,,,,,2371658000000,,,,,,,,,,,,,,,,true,false,12,2021-04-01,2022-03-31,-1
2022-11-01,92010,2022-03-31,2,,,,,,,,,,,,,,,,,,,,,,,,,,,,,0.00,,,,437143500,136291,,false,false,12,2021-04-01,2022-03-31,-1
2022-11-01,92010,2023-03-31,2,,,,,,,,,,,,,,,,,,,,,,,,,,,,,0.00,,,,,,,false,false,12,2022-04-01,2023-03-31,0
2022-11-01,92010,2023-03-31,2,,,,,,,,,,,,,,,,,,,,,,,,,,,,,,,,,437143500,136291,437007209,false,false,6,2022-04-01,2022-09-30,0
2022-11-01,92010,2022-03-31,2,,,,,,,,,,,,,,,,,,,,,,,,,,,,,,,,,,,437007242,false,false,6,2021-04-01,2021-09-30,-1
2023-02-02,92010,2023-03-31,3,,,,,,,,,,,,16313000000,,37.33,,,,,,2439645000000,,,,,,,,,,,,,,,,true,false,9,2022-04-01,2022-12-31,0
2023-02-02,92010,2022-03-31,3,,,,,,,,,,,,-128322000000,,-293.64,,,,,,,,,,,,,,,,,,,,,,true,false,9,2021-04-01,2021-12-31,-1
2023-02-02,92010,2023-03-31,3,,,,,,,,,,,,25000000000,,,,,,,,,,,,,,,,,,,,,,,,true,true,12,2022-04-01,2023-03-31,0
2023-02-02,92010,2022-03-31,3,,,,,,,,,,,,,,,,,,,,2375724000000,,,,,,,,,,,,,,,,true,false,12,2021-04-01,2022-03-31,-1
2023-02-02,92010,2022-03-31,3,,,,,,,,,,,,,,,,,,,,,,,,,,,,,0.00,,,,437143500,136291,,false,false,12,2021-04-01,2022-03-31,-1
2023-02-02,92010,2023-03-31,3,,,,,,,,,,,,,,,,,,,,,,,,,,,,,0.00,,,,,,,false,false,12,2022-04-01,2023-03-31,0
2023-02-02,92010,2023-03-31,3,,,,,,,,,,,,,,,,,,,,,,,,,,,,,20.00,,,,,,,false,true,12,2022-04-01,2023-03-31,0
2023-02-02,92010,2023-03-31,3,,,,,,,,,,,,,,,,,,,,,,,,,,,,,,,,,437143500,136291,437007209,false,false,9,2022-04-01,2022-12-31,0
2023-02-02,92010,2022-03-31,3,,,,,,,,,,,,,,,,,,,,,,,,,,,,,,,,,,,437007232,false,false,9,2021-04-01,2021-12-31,-1
2023-05-02,92010,2023-03-31,,1161145000000,0.934,,,,,10109000000,,43455000000,,32740000000,,,74.92,,,,,,2245480000000,705478000000,0.314,1614.34,705478000000,,,,,25.00,,,,437143500,136291,437007209,false,false,12,2022-04-01,2023-03-31,0
2023-05-02,92010,2022-03-31,,600319000000,0.500,,,,,-247975000000,,-241264000000,,-206292000000,,,-472.06,,,,,,2115857000000,705270000000,0.333,1613.86,705270000000,,,,,0.00,,,,437143500,136291,437007227,false,false,12,2021-04-01,2022-03-31,-1
2023-05-02,92010,2023-03-31,,,,,,,,,,,,,34423000000,,78.77,,,,,,2520603000000,,,,,292908000000,-112766000000,-38465000000,,,0.317,,,,,,true,false,12,2022-04-01,2023-03-31,0
2023-05-02,92010,2022-03-31,,,,,,,,,,,,,-177551000000,,-406.29,,,,,,2375724000000,,,,,-103545000000,-173769000000,359280000000,,,,,,,,,true,false,12,2021-04-01,2022-03-31,-1
2023-05-02,92010,2024-03-31,,,,,,,,,,,,,55000000000,,,,,,,,,,,,,,,,,,0.318,,,,,,true,true,12,2023-04-01,2024-03-31,1
2023-05-02,92010,2024-03-31,,,,,,,,,,,,,,,,,,,,,,,,,,,,,,40.00,,,,,,,false,true,12,2023-04-01,2024-03-31,1
2023-08-01,92010,2024-03-31,1,,,,,,,,,,,,23063000000,,52.77,,,,,,2594366000000,,,,,,,,,,,,,,,,true,false,3,2023-04-01,2023-06-30,0
2023-08-01,92010,2023-03-31,1,,,,,,,,,,,,-19583000000,,-44.81,,,,,,,,,,,,,,,,,,,,,,true,false,3,2022-04-01,2022-06-30,-1
2023-08-01,92010,2024-03-31,1,,,,,,,,,,,,55000000000,,,,,,,,,,,,,,,,,,,,,,,,true,true,12,2023-04-01,2024-03-31,0
2023-08-01,92010,2023-03-31,1,,,,,,,,,,,,,,,,,,,,2520603000000,,,,,,,,,,,,,,,,true,false,12,2022-04-01,2023-03-31,-1
2023-08-01,92010,2023-03-31,1,,,,,,,,,,,,,,,,,,,,,,,,,,,,,25.00,,,,437143500,136291,,false,false,12,2022-04-01,2023-03-31,-1
2023-08-01,92010,2024-03-31,1,,,,,,,,,,,,,,,,,,,,,,,,,,,,,40.00,,,,,,,false,true,12,2023-04-01,2024-03-31,0
2023-08-01,92010,2024-03-31,1,,,,,,,,,,,,,,,,,,,,,,,,,,,,,,,,,437143500,136321,437007201,false,false,3,2023-04-01,2023-06-30,0
2023-08-01,92010,2023-03-31,1,,,,,,,,,,,,,,,,,,,,,,,,,,,,,,,,,,,437007209,false,false,3,2022-04-01,2022-06-30,-1
2023-10-31,92010,2024-03-31,2,,,,,,,,,,,,61671000000,,141.12,,,,,,2662857000000,,,,,,,,,,,,,,,,true,false,6,2023-04-01,2023-09-30,0
2023-10-31,92010,2023-03-31,2,,,,,,,,,,,,-2158000000,,-4.94,,,,,,,,,,,,,,,,,,,,,,true,false,6,2022-04-01,2022-09-30,-1
2023-10-31,92010,2024-03-31,2,,,,,,,,,,,,80000000000,,,,,,,,,,,,,,,,,,,,,,,,true,true,12,2023-04-01,2024-03-31,0
2023-10-31,92010,2023-03-31,2,,,,,,,,,,,,,,,,,,,,2520603000000,,,,,,,,,,,,,,,,true,false,12,2022-04-01,2023-03-31,-1
2023-10-31,92010,2023-03-31,2,,,,,,,,,,,,,,,,,,,,,,,,,,,,,25.00,,,,437143500,136291,,false,false,12,2022-04-01,2023-03-31,-1
2023-10-31,92010,2024-03-31,2,,,,,,,,,,,,,,,,,,,,,,,,,,,,,30.00,,,,,,,false,false,12,2023-04-01,2024-03-31,0
2023-10-31,92010,2024-03-31,2,,,,,,,,,,,,,,,,,,,,,,,,,,,,,60.00,,,,,,,false,true,12,2023-04-01,2024-03-31,0
2023-10-31,92010,2024-03-31,2,,,,,,,,,,,,,,,,,,,,,,,,,,,,,,,,,437143500,136322,437007192,false,false,6,2023-04-01,2023-09-30,0
2023-10-31,92010,2023-03-31,2,,,,,,,,,,,,,,,,,,,,,,,,,,,,,,,,,,,437007209,false,false,6,2022-04-01,2022-09-30,-1
2024-02-02,92010,2024-03-31,3,,,,,,,,,,,,85872000000,,196.50,,,,,,2621541000000,,,,,,,,,,,,,,,,true,false,9,2023-04-01,2023-12-31,0
2024-02-02,92010,2023-03-31,3,,,,,,,,,,,,16313000000,,37.33,,,,,,,,,,,,,,,,,,,,,,true,false,9,2022-04-01,2022-12-31,-1
2024-02-02,92010,2024-03-31,3,,,,,,,,,,,,80000000000,,,,,,,,,,,,,,,,,,,,,,,,true,true,12,2023-04-01,2024-03-31,0
2024-02-02,92010,2023-03-31,3,,,,,,,,,,,,,,,,,,,,2520603000000,,,,,,,,,,,,,,,,true,false,12,2022-04-01,2023-03-31,-1
2024-02-02,92010,2023-03-31,3,,,,,,,,,,,,,,,,,,,,,,,,,,,,,25.00,,,,437143500,136291,,false,false,12,2022-04-01,2023-03-31,-1
2024-02-02,92010,2024-03-31,3,,,,,,,,,,,,,,,,,,,,,,,,,,,,,30.00,,,,,,,false,false,12,2023-04-01,2024-03-31,0
2024-02-02,92010,2024-03-31,3,,,,,,,,,,,,,,,,,,,,,,,,,,,,,60.00,,,,,,,false,true,12,2023-04-01,2024-03-31,0
2024-02-02,92010,2024-03-31,3,,,,,,,,,,,,,,,,,,,,,,,,,,,,,,,,,437143500,136322,437007188,false,false,9,2023-04-01,2023-12-31,0
2024-02-02,92010,2023-03-31,3,,,,,,,,,,,,,,,,,,,,,,,,,,,,,,,,,,,437007209,false,false,9,2022-04-01,2022-12-31,-1
2024-03-21,92010,2024-03-31,,,,,,,,,,,,,90000000000,,,,,,,,,,,,,,,,,,,,,,,,true,true,12,2023-04-01,2024-03-31,0
2024-03-21,92010,2023-03-31,,,,,,,,,,,,,34423000000,,,,,,,,,,,,,,,,,,,,,,,,true,false,12,2022-04-01,2023-03-31,-1
2024-03-21,92010,2024-03-31,,,,,,,,,,,,,,,,,,,,,,,,,,,,,,70.00,,,,,,,false,true,12,2023-04-01,2024-03-31,0
2024-03-21,92010,2024-03-31,,,,,,,,,,,,,,,,,,,,,,,,,,,,,,30.00,,,,,,,false,false,12,2023-04-01,2024-03-31,0
2024-03-21,92010,2023-03-31,,,,,,,,,,,,,,,,,,,,,,,,,,,,,,25.00,,,,,,,false,false,12,2022-04-01,2023-03-31,-1
2024-05-02,92010,2024-03-31,,1361281000000,0.172,,,,,93678000000,8.266,102621000000,1.362,65117000000,,0.989,149.01,,,,,,2350867000000,757013000000,0.322,1732.27,757013000000,,,,,75.00,,,,437143500,136327,437007185,false,false,12,2023-04-01,2024-03-31,0
2024-05-02,92010,2023-03-31,,1161145000000,0.934,,,,,10109000000,,43455000000,,32740000000,,,74.92,,,,,,2245480000000,705478000000,0.314,1614.34,705478000000,,,,,25.00,,,,437143500,136291,437007209,false,false,12,2022-04-01,2023-03-31,-1
2024-05-02,92010,2024-03-31,,,,,,,,,,,,,95534000000,,218.61,,,,,,2649232000000,,,,,363945000000,-195099000000,-105031000000,,,0.343,,,,,,true,false,12,2023-04-01,2024-03-31,0
2024-05-02,92010,2023-03-31,,,,,,,,,,,,,34423000000,,78.77,,,,,,2520603000000,,,,,292908000000,-112766000000,-38465000000,,,0.317,,,,,,true,false,12,2022-04-01,2023-03-31,-1
2024-05-02,92010,2025-03-31,,,,,,,,,,,,,100000000000,,,,,,,,,,,,,,,,,,0.350,,,,,,true,true,12,2024-04-01,2025-03-31,1
2024-05-02,92010,2025-03-31,,,,,,,,,,,,,,,,,,,,,,,,,,,,,,80.00,,,,,,,false,true,12,2024-04-01,2025-03-31,1
2024-07-31,9201,2025-03-31,1,,,,,,,,,,,,13984000000,,32.00,,,,,,2781551000000,,,,,,,,,,,,,,,,true,false,3,2024-04-01,2024-06-30,0
2024-07-31,9201,2024-03-31,1,,,,,,,,,,,,23063000000,,52.77,,,,,,,,,,,,,,,,,,,,,,true,false,3,2023-04-01,2023-06-30,-1
2024-07-31,9201,2025-03-31,1,,,,,,,,,,,,100000000000,,,,,,,,,,,,,,,,,,,,,,,,true,true,12,2024-04-01,2025-03-31,0
2024-07-31,9201,2024-03-31,1,,,,,,,,,,,,,,,,,,,,2649232000000,,,,,,,,,,,,,,,,true,false,12,2023-04-01,2024-03-31,-1
2024-07-31,9201,2024-03-31,1,,,,,,,,,,,,,,,,,,,,,,,,,,,,,75.00,,,,437143500,136327,,false,false,12,2023-04-01,2024-03-31,-1
2024-07-31,9201,2025-03-31,1,,,,,,,,,,,,,,,,,,,,,,,,,,,,,80.00,,,,,,,false,true,12,2024-04-01,2025-03-31,0
2024-07-31,9201,2025-03-31,1,,,,,,,,,,,,,,,,,,,,,,,,,,,,,,,,,437143500,136378,437007160,false,false,3,2024-04-01,2024-06-30,0
2024-07-31,9201,2024-03-31,1,,,,,,,,,,,,,,,,,,,,,,,,,,,,,,,,,,,437007201,false,false,3,2023-04-01,2023-06-30,-1
2024-11-01,9201,2025-03-31,2,,,,,,,,,,,,49878000000,,114.17,,,,,,2760791000000,,,,,,,,,,,,,,,,true,false,6,2024-04-01,2024-09-30,0
2024-11-01,9201,2024-03-31,2,,,,,,,,,,,,61671000000,,141.12,,,,,,,,,,,,,,,,,,,,,,true,false,6,2023-04-01,2023-09-30,-1
2024-11-01,9201,2025-03-31,2,,,,,,,,,,,,100000000000,,,,,,,,,,,,,,,,,,,,,,,,true,true,12,2024-04-01,2025-03-31,0
2024-11-01,9201,2024-03-31,2,,,,,,,,,,,,,,,,,,,,2649232000000,,,,,,,,,,,,,,,,true,false,12,2023-04-01,2024-03-31,-1
2024-11-01,9201,2024-03-31,2,,,,,,,,,,,,,,,,,,,,,,,,,,,,,75.00,,,,437143500,136327,,false,false,12,2023-04-01,2024-03-31,-1
2024-11-01,9201,2025-03-31,2,,,,,,,,,,,,,,,,,,,,,,,,,,,,,40.00,,,,,,,false,false,12,2024-04-01,2025-03-31,0
2024-11-01,9201,2025-03-31,2,,,,,,,,,,,,,,,,,,,,,,,,,,,,,80.00,,,,,,,false,true,12,2024-04-01,2025-03-31,0
2024-11-01,9201,2025-03-31,2,,,,,,,,,,,,,,,,,,,,,,,,,,,,,,,,,437143500,586378,436878572,false,false,6,2024-04-01,2024-09-30,0
2024-11-01,9201,2024-03-31,2,,,,,,,,,,,,,,,,,,,,,,,,,,,,,,,,,,,437007192,false,false,6,2023-04-01,2023-09-30,-1
2025-02-04,9201,2025-03-31,3,,,,,,,,,,,,91047000000,,208.45,,,,,,2760725000000,,,,,,,,,,,,,,,,true,false,9,2024-04-01,2024-12-31,0
2025-02-04,9201,2024-03-31,3,,,,,,,,,,,,85872000000,,196.50,,,,,,,,,,,,,,,,,,,,,,true,false,9,2023-04-01,2023-12-31,-1
2025-02-04,9201,2025-03-31,3,,,,,,,,,,,,100000000000,,,,,,,,,,,,,,,,,,,,,,,,true,true,12,2024-04-01,2025-03-31,0
2025-02-04,9201,2024-03-31,3,,,,,,,,,,,,,,,,,,,,2649232000000,,,,,,,,,,,,,,,,true,false,12,2023-04-01,2024-03-31,-1
2025-02-04,9201,2024-03-31,3,,,,,,,,,,,,,,,,,,,,,,,,,,,,,75.00,,,,437143500,136327,,false,false,12,2023-04-01,2024-03-31,-1
2025-02-04,9201,2025-03-31,3,,,,,,,,,,,,,,,,,,,,,,,,,,,,,40.00,,,,,,,false,false,12,2024-04-01,2025-03-31,0
2025-02-04,9201,2025-03-31,3,,,,,,,,,,,,,,,,,,,,,,,,,,,,,80.00,,,,,,,false,true,12,2024-04-01,2025-03-31,0
2025-02-04,9201,2025-03-31,3,,,,,,,,,,,,,,,,,,,,,,,,,,,,,,,,,437143500,586387,436782136,false,false,9,2024-04-01,2024-12-31,0
2025-02-04,9201,2024-03-31,3,,,,,,,,,,,,,,,,,,,,,,,,,,,,,,,,,,,437007188,false,false,9,2023-04-01,2023-12-31,-1
2025-03-19,92010,2025-03-31,,,,,,,,,,,,,100000000000,,,,,,,,,,,,,,,,,,,,,,,,true,true,12,2024-04-01,2025-03-31,0
2025-03-19,92010,2024-03-31,,,,,,,,,,,,,95534000000,,,,,,,,,,,,,,,,,,,,,,,,true,false,12,2023-04-01,2024-03-31,-1
2025-05-02,9201,2025-03-31,,,,,,1511202000000,0.110,121305000000,0.295,119734000000,0.167,109233000000,,0.677,250.12,,,,,,2495932000000,803623000000,0.322,1840.82,803623000000,,,,,86.00,,,,437143500,586479,436730194,false,false,12,2024-04-01,2025-03-31,0
2025-05-02,9201,2024-03-31,,,,,,1361281000000,0.172,93678000000,8.266,102621000000,1.362,65117000000,,0.989,149.01,,,,,,2350867000000,757013000000,0.322,1732.27,757013000000,,,,,75.00,,,,437143500,136327,437007185,false,false,12,2023-04-01,2024-03-31,-1
2025-05-02,9201,2025-03-31,,,,,,,,,,,,,107038000000,,245.09,,,,,,2794913000000,,,,,381527000000,-281107000000,-64910000000,,,0.351,,,,,,true,false,12,2024-04-01,2025-03-31,0
2025-05-02,9201,2024-03-31,,,,,,,,,,,,,95534000000,,218.61,,,,,,2649232000000,,,,,363945000000,-195099000000,-105031000000,,,0.343,,,,,,true,false,12,2023-04-01,2024-03-31,-1
2025-05-02,9201,2026-03-31,,,,,,,,,,,,,115000000000,,,,,,,,,,,,,,,,,,0.350,,,,,,true,true,12,2025-04-01,2026-03-31,1
2025-05-02,9201,2026-03-31,,,,,,,,,,,,,,,,,,,,,,,,,,,,,,92.00,,,,,,,false,true,12,2025-04-01,2026-03-31,1
