filing_date,code,fiscal_year_end,quarterly_period,net_sales,net_sales_change,revenue,revenue_change,operating_revenue,operating_revenue_change,operating_profit,operating_profit_change,ordinary_profit,ordinary_profit_change,net_income,net_income_of_parent,net_income_change,eps,diluted_eps,roe,roa,operating_profit_to_net_sales,operating_profit_to_revenue,total_assets,net_assets,equity_ratio,bps,owner_equity,operating_cash_flow,investing_cash_flow,financing_cash_flow,cash,dividend_per_share,payout_ratio,commemorative_dividend,extra_dividend,number_of_shares,number_of_treqsury_shares,avg_number_of_shares,is_consolidated,is_forecast,duration,period_start,period_end,period_pos
2015-07-29,92020,2016-03-31,1,413880000000,0.070,,,,,16745000000,,15943000000,,,8377000000,,2.40,,,,,,2283138000000,818933000000,0.356,232.82,813749000000,,,,,,,,,,,,true,false,3,2015-04-01,2015-06-30,0
2015-07-29,92020,2015-03-31,1,386827000000,0.100,,,,,347000000,,-2522000000,,,3491000000,,1.00,,,,,,,,,,,,,,,,,,,,,,true,false,3,2014-04-01,2014-06-30,-1
2015-07-29,92020,2016-03-31,1,1790000000000,0.045,,,,,115000000000,0.256,90000000000,0.341,,52000000000,,14.88,,,,,,,,,,,,,,,,,,,,,,true,true,12,2015-04-01,2016-03-31,0
2015-07-29,92020,2015-03-31,1,,,,,,,,,,,,,,,,,,,,2302437000000,803552000000,0.347,228.45,798280000000,,,,,,,,,,,,true,false,12,2014-04-01,2015-03-31,-1
2015-07-29,92020,2015-03-31,1,,,,,,,,,,,,,,,,,,,,,,,,,,,,,4.00,,,,3516425257,22069782,,false,false,12,2014-04-01,2015-03-31,-1
2015-07-29,92020,2016-03-31,1,,,,,,,,,,,,,,,,,,,,,,,,,,,,,5.00,,,,,,,false,true,12,2015-04-01,2016-03-31,0
2015-07-29,92020,2016-03-31,1,,,,,,,,,,,,,,,,,,,,,,,,,,,,,,,,,3516425257,21224608,3494974946,false,false,3,2015-04-01,2015-06-30,0
2015-07-29,92020,2015-03-31,1,,,,,,,,,,,,,,,,,,,,,,,,,,,,,,,,,,,3490186623,false,false,3,2014-04-01,2014-06-30,-1
2015-10-28,92020,2016-03-31,2,911223000000,0.066,,,,,86786000000,0.498,82983000000,0.726,,53974000000,,15.44,,,,,,2319849000000,821606000000,0.352,233.54,816630000000,,,,,,,,,,,,true,false,6,2015-04-01,2015-09-30,0
2015-10-28,92020,2015-03-31,2,854822000000,0.091,,,,,57941000000,0.338,48079000000,0.508,,35774000000,,10.25,,,,,,,,,,,,,,,,,,,,,,true,false,6,2014-04-01,2014-09-30,-1
2015-10-28,92020,2016-03-31,2,1790000000000,0.045,,,,,115000000000,0.256,90000000000,0.341,,52000000000,,14.88,,,,,,,,,,,,,,,,,,,,,,true,true,12,2015-04-01,2016-03-31,0
2015-10-28,92020,2015-03-31,2,,,,,,,,,,,,,,,,,,,,2302437000000,803552000000,0.347,228.45,798280000000,,,,,,,,,,,,true,false,12,2014-04-01,2015-03-31,-1
2015-10-28,92020,2015-03-31,2,,,,,,,,,,,,,,,,,,,,,,,,,,,,,4.00,,,,3516425257,22069782,,false,false,12,2014-04-01,2015-03-31,-1
2015-10-28,92020,2016-03-31,2,,,,,,,,,,,,,,,,,,,,,,,,,,,,,5.00,,,,,,,false,true,12,2015-04-01,2016-03-31,0
2015-10-28,92020,2016-03-31,2,,,,,,,,,,,,,,,,,,,,,,,,,,,,,,,,,3516425257,19748859,3495731893,false,false,6,2015-04-01,2015-09-30,0
2015-10-28,92020,2015-03-31,2,,,,,,,,,,,,,,,,,,,,,,,,,,,,,,,,,,,3491126791,false,false,6,2014-04-01,2014-09-30,-1
2016-01-29,92020,2016-03-31,3,1369031000000,0.055,,,,,116760000000,0.308,112193000000,0.505,,73330000000,,20.97,,,,,,2291970000000,829947000000,0.360,235.81,824859000000,,,,,,,,,,,,true,false,9,2015-04-01,2015-12-31,0
2016-01-29,92020,2015-03-31,3,1297241000000,0.091,,,,,89295000000,0.293,74570000000,0.390,,52361000000,,15.00,,,,,,,,,,,,,,,,,,,,,,true,false,9,2014-04-01,2014-12-31,-1
2016-01-29,92020,2016-03-31,3,1790000000000,0.045,,,,,125000000000,0.366,110000000000,0.639,,65000000000,,18.59,,,,,,,,,,,,,,,,,,,,,,true,true,12,2015-04-01,2016-03-31,0
2016-01-29,92020,2015-03-31,3,,,,,,,,,,,,,,,,,,,,2302437000000,803552000000,0.347,228.45,798280000000,,,,,,,,,,,,true,false,12,2014-04-01,2015-03-31,-1
2016-01-29,92020,2015-03-31,3,,,,,,,,,,,,,,,,,,,,,,,,,,,,,4.00,,,,3516425257,22069782,,false,false,12,2014-04-01,2015-03-31,-1
2016-01-29,92020,2016-03-31,3,,,,,,,,,,,,,,,,,,,,,,,,,,,,,5.00,,,,,,,false,true,12,2015-04-01,2016-03-31,0
2016-01-29,92020,2016-03-31,3,,,,,,,,,,,,,,,,,,,,,,,,,,,,,,,,,3516425257,18509640,3496268181,false,false,9,2015-04-01,2015-12-31,0
2016-01-29,92020,2015-03-31,3,,,,,,,,,,,,,,,,,,,,,,,,,,,,,,,,,,,3491795129,false,false,9,2014-04-01,2014-12-31,-1
2016-01-29,92020,2016-03-31,,1790000000000,0.000,,,,,125000000000,0.087,110000000000,0.222,65000000000,,0.250,18.59,,,,,,,,,,,,,,,,,,,,,,true,true,12,2015-04-01,2016-03-31,0
2016-01-29,92020,2015-03-31,,1713457000000,,,,,,91541000000,,67129000000,,39239000000,,,11.24,,,,,,,,,,,,,,,,,,,,,,true,false,12,2014-04-01,2015-03-31,-1
2016-04-28,92020,2016-03-31,,1791187000000,0.045,,,,,136463000000,0.491,130725000000,0.947,,78169000000,,22.36,,0.098,0.058,0.076,,2228808000000,794900000000,0.354,225.87,789896000000,263878000000,-74443000000,-133257000000,265123000000,,0.224,,,,,,true,false,12,2015-04-01,2016-03-31,0
2016-04-28,92020,2015-03-31,,1713457000000,0.091,,,,,91541000000,0.387,67129000000,0.564,,39239000000,,11.24,,0.051,0.030,0.053,,2302437000000,803552000000,0.347,228.45,798280000000,206879000000,-210749000000,-30424000000,208937000000,,0.356,,,,,,true,false,12,2014-04-01,2015-03-31,-1
2016-04-28,92020,2017-03-31,,1810000000000,0.011,,,,,145000000000,0.063,130000000000,-0.006,,80000000000,,22.88,,,,,,,,,,,,,,,,0.262,,,,,,true,true,12,2016-04-01,2017-03-31,1
2016-04-28,92020,2016-03-31,,208679000000,0.091,,,,,62387000000,0.189,49691000000,0.276,22256000000,,0.073,6.36,,,,,,1714128000000,753869000000,0.440,215.49,753869000000,,,,,5.00,,,,3516425257,19227093,3496561103,false,false,12,2015-04-01,2016-03-31,0
2016-04-28,92020,2015-03-31,,191338000000,-0.014,,,,,52465000000,0.033,38934000000,0.159,20733000000,,0.144,5.93,,,,,,1754939000000,785698000000,0.448,224.77,785698000000,,,,,4.00,,,,3516425257,22069782,3492380803,false,false,12,2014-04-01,2015-03-31,-1
2016-04-28,92020,2017-03-31,,,,,,,,,,,,,,,,,,,,,,,,,,,,,,6.00,,,,,,,false,true,12,2016-04-01,2017-03-31,1
2016-08-03,92020,2017-03-31,1,404425000000,-0.023,,,,,14132000000,-0.156,10656000000,-0.332,,6646000000,,1.90,,,,,,2226927000000,767508000000,0.342,217.99,762572000000,,,,,,,,,,,,true,false,3,2016-04-01,2016-06-30,0
2016-08-03,92020,2016-03-31,1,413880000000,0.070,,,,,16745000000,,15943000000,,,8377000000,,2.40,,,,,,,,,,,,,,,,,,,,,,true,false,3,2015-04-01,2015-06-30,-1
2016-08-03,92020,2017-03-31,1,1810000000000,0.011,,,,,145000000000,0.063,130000000000,-0.006,,80000000000,,22.88,,,,,,,,,,,,,,,,,,,,,,true,true,12,2016-04-01,2017-03-31,0
2016-08-03,92020,2016-03-31,1,,,,,,,,,,,,,,,,,,,,2228808000000,794900000000,0.354,225.87,789896000000,,,,,,,,,,,,true,false,12,2015-04-01,2016-03-31,-1
2016-08-03,92020,2016-03-31,1,,,,,,,,,,,,,,,,,,,,,,,,,,,,,5.00,,,,3516425257,19227093,,false,false,12,2015-04-01,2016-03-31,-1
2016-08-03,92020,2017-03-31,1,,,,,,,,,,,,,,,,,,,,,,,,,,,,,6.00,,,,,,,false,true,12,2016-04-01,2017-03-31,0
2016-08-03,92020,2017-03-31,1,,,,,,,,,,,,,,,,,,,,,,,,,,,,,,,,,3516425257,18232883,3497856379,false,false,3,2016-04-01,2016-06-30,0
2016-08-03,92020,2016-03-31,1,,,,,,,,,,,,,,,,,,,,,,,,,,,,,,,,,,,3494974946,false,false,3,2015-04-01,2015-06-30,-1
2016-10-31,92020,2017-03-31,2,884995000000,-0.029,,,,,89569000000,0.032,83468000000,0.006,,57439000000,,16.42,,,,,,2252808000000,822992000000,0.363,233.80,818335000000,,,,,,,,,,,,true,false,6,2016-04-01,2016-09-30,0
2016-10-31,92020,2016-03-31,2,911223000000,0.066,,,,,86786000000,0.498,82983000000,0.726,,53974000000,,15.44,,,,,,,,,,,,,,,,,,,,,,true,false,6,2015-04-01,2015-09-30,-1
2016-10-31,92020,2017-03-31,2,1740000000000,-0.029,,,,,145000000000,0.063,130000000000,-0.006,,80000000000,,22.88,,,,,,,,,,,,,,,,,,,,,,true,true,12,2016-04-01,2017-03-31,0
2016-10-31,92020,2016-03-31,2,,,,,,,,,,,,,,,,,,,,2228808000000,794900000000,0.354,225.87,789896000000,,,,,,,,,,,,true,false,12,2015-04-01,2016-03-31,-1
2016-10-31,92020,2016-03-31,2,,,,,,,,,,,,,,,,,,,,,,,,,,,,,5.00,,,,3516425257,19227093,,false,false,12,2015-04-01,2016-03-31,-1
2016-10-31,92020,2017-03-31,2,,,,,,,,,,,,,,,,,,,,,,,,,,,,,6.00,,,,,,,false,true,12,2016-04-01,2017-03-31,0
2016-10-31,92020,2017-03-31,2,,,,,,,,,,,,,,,,,,,,,,,,,,,,,,,,,3516425257,16276640,3498883130,false,false,6,2016-04-01,2016-09-30,0
2016-10-31,92020,2016-03-31,2,,,,,,,,,,,,,,,,,,,,,,,,,,,,,,,,,,,3495731893,false,false,6,2015-04-01,2015-09-30,-1
2017-01-27,92020,2017-03-31,3,1331777000000,-0.027,,,,,130225000000,0.115,124227000000,0.107,,86562000000,,24.73,,,,,,2261117000000,922009000000,0.406,261.96,917310000000,,,,,,,,,,,,true,false,9,2016-04-01,2016-12-31,0
2017-01-27,92020,2016-03-31,3,1369031000000,0.055,,,,,116760000000,0.308,112193000000,0.505,,73330000000,,20.97,,,,,,,,,,,,,,,,,,,,,,true,false,9,2015-04-01,2015-12-31,-1
2017-01-27,92020,2017-03-31,3,1740000000000,-0.029,,,,,145000000000,0.063,130000000000,-0.006,,80000000000,,22.88,,,,,,,,,,,,,,,,,,,,,,true,true,12,2016-04-01,2017-03-31,0
2017-01-27,92020,2016-03-31,3,,,,,,,,,,,,,,,,,,,,2228808000000,794900000000,0.354,225.87,789896000000,,,,,,,,,,,,true,false,12,2015-04-01,2016-03-31,-1
2017-01-27,92020,2016-03-31,3,,,,,,,,,,,,,,,,,,,,,,,,,,,,,5.00,,,,3516425257,19227093,,false,false,12,2015-04-01,2016-03-31,-1
2017-01-27,92020,2017-03-31,3,,,,,,,,,,,,,,,,,,,,,,,,,,,,,6.00,,,,,,,false,true,12,2016-04-01,2017-03-31,0
2017-01-27,92020,2017-03-31,3,,,,,,,,,,,,,,,,,,,,,,,,,,,,,,,,,3516425257,14759856,3499587272,false,false,9,2016-04-01,2016-12-31,0
2017-01-27,92020,2016-03-31,3,,,,,,,,,,,,,,,,,,,,,,,,,,,,,,,,,,,3496268181,false,false,9,2015-04-01,2015-12-31,-1
2017-04-28,92020,2017-03-31,,1765259000000,-0.014,,,,,145539000000,0.067,140375000000,0.074,,98827000000,,28.23,,0.116,0.062,0.082,,2314410000000,924175000000,0.397,262.44,919157000000,237084000000,-194651000000,3349000000,309058000000,,0.213,,,,,,true,false,12,2016-04-01,2017-03-31,0
2017-04-28,92020,2016-03-31,,1791187000000,0.045,,,,,136463000000,0.491,130725000000,0.947,,78169000000,,22.36,,0.098,0.058,0.076,,2228808000000,794900000000,0.354,225.87,789896000000,263878000000,-74443000000,-133257000000,265123000000,,0.224,,,,,,true,false,12,2015-04-01,2016-03-31,-1
2017-04-28,92020,2018-03-31,,1910000000000,0.082,,,,,150000000000,0.031,140000000000,-0.003,,125000000000,,35.69,,,,,,,,,,,,,,,,0.168,,,,,,true,true,12,2017-04-01,2018-03-31,1
2017-04-28,92020,2017-03-31,,243561000000,0.167,,,,,95033000000,0.523,87346000000,0.758,65086000000,,1.924,18.59,,,,,,1765641000000,804014000000,0.455,229.48,804014000000,,,,,6.00,,,,3516425257,14122319,3500205930,false,false,12,2016-04-01,2017-03-31,0
2017-04-28,92020,2016-03-31,,208679000000,0.091,,,,,62387000000,0.189,49691000000,0.276,22256000000,,0.073,6.36,,,,,,1714128000000,753869000000,0.440,215.49,753869000000,,,,,5.00,,,,3516425257,19227093,3496561103,false,false,12,2015-04-01,2016-03-31,-1
2017-04-28,92020,2018-03-31,,,,,,,,,,,,,,,,,,,,,,,,,,,,,,6.00,,,,,,,false,true,12,2017-04-01,2018-03-31,1
,92020,2018-03-31,,,,,,,,,,,,,,,,,,,,,,,,,,,,,,60.00,,,,,,,false,true,12,2017-04-01,2018-03-31,0
,92020,2017-03-31,,,,,,,,,,,,,,,,,,,,,,,,,,,,,,6.00,,,,,,,false,false,12,2016-04-01,2017-03-31,-1
2017-08-02,92020,2018-03-31,1,451719000000,0.117,,,,,25438000000,0.800,24776000000,1.325,,51069000000,,14.58,,,,,,2410558000000,965111000000,0.396,272.42,954519000000,,,,,,,,,,,,true,false,3,2017-04-01,2017-06-30,0
2017-08-02,92020,2017-03-31,1,404425000000,-0.023,,,,,14132000000,-0.156,10656000000,-0.332,,6646000000,,1.90,,,,,,,,,,,,,,,,,,,,,,true,false,3,2016-04-01,2016-06-30,-1
2017-08-02,92020,2018-03-31,1,1910000000000,0.082,,,,,150000000000,0.031,140000000000,-0.003,,125000000000,,356.91,,,,,,,,,,,,,,,,,,,,,,true,true,12,2017-04-01,2018-03-31,0
2017-08-02,92020,2017-03-31,1,,,,,,,,,,,,,,,,,,,,2314410000000,924175000000,0.397,262.44,919157000000,,,,,,,,,,,,true,false,12,2016-04-01,2017-03-31,-1
2017-08-02,92020,2017-03-31,1,,,,,,,,,,,,,,,,,,,,,,,,,,,,,6.00,,,,3516425257,14122319,,false,false,12,2016-04-01,2017-03-31,-1
2017-08-02,92020,2018-03-31,1,,,,,,,,,,,,,,,,,,,,,,,,,,,,,60.00,,,,,,,false,true,12,2017-04-01,2018-03-31,0
2017-08-02,92020,2018-03-31,1,,,,,,,,,,,,,,,,,,,,,,,,,,,,,,,,,3516425257,12571240,3503194997,false,false,3,2017-04-01,2017-06-30,0
2017-08-02,92020,2017-03-31,1,,,,,,,,,,,,,,,,,,,,,,,,,,,,,,,,,,,3497856379,false,false,3,2016-04-01,2016-06-30,-1
2017-11-01,92020,2018-03-31,2,985049000000,0.113,,,,,115084000000,0.285,112736000000,0.351,,118384000000,,338.49,,,,,,2582930000000,1025570000000,0.393,2933.73,1013968000000,,,,,,,,,,,,true,false,6,2017-04-01,2017-09-30,0
2017-11-01,92020,2017-03-31,2,884995000000,-0.029,,,,,89569000000,0.032,83468000000,0.006,,57439000000,,164.16,,,,,,,,,,,,,,,,,,,,,,true,false,6,2016-04-01,2016-09-30,-1
2017-11-01,92020,2018-03-31,2,1925000000000,0.090,,,,,160000000000,0.099,150000000000,0.069,,132000000000,,377.42,,,,,,,,,,,,,,,,,,,,,,true,true,12,2017-04-01,2018-03-31,0
2017-11-01,92020,2017-03-31,2,,,,,,,,,,,,,,,,,,,,2314410000000,924175000000,0.397,2624.43,919157000000,,,,,,,,,,,,true,false,12,2016-04-01,2017-03-31,-1
2017-11-01,92020,2017-03-31,2,,,,,,,,,,,,,,,,,,,,,,,,,,,,,6.00,,,,351642525,1412231,,false,false,12,2016-04-01,2017-03-31,-1
2017-11-01,92020,2018-03-31,2,,,,,,,,,,,,,,,,,,,,,,,,,,,,,60.00,,,,,,,false,true,12,2017-04-01,2018-03-31,0
2017-11-01,92020,2018-03-31,2,,,,,,,,,,,,,,,,,,,,,,,,,,,,,,,,,351642525,6018413,349739718,false,false,6,2017-04-01,2017-09-30,0
2017-11-01,92020,2017-03-31,2,,,,,,,,,,,,,,,,,,,,,,,,,,,,,,,,,,,349888313,false,false,6,2016-04-01,2016-09-30,-1
2018-02-01,92020,2018-03-31,3,1490843000000,0.119,,,,,165966000000,0.274,163872000000,0.319,,152959000000,,440.96,,,,,,2534576000000,1044445000000,0.407,3043.86,1032476000000,,,,,,,,,,,,true,false,9,2017-04-01,2017-12-31,0
2018-02-01,92020,2017-03-31,3,1331777000000,-0.027,,,,,130225000000,0.115,124227000000,0.107,,86562000000,,247.35,,,,,,,,,,,,,,,,,,,,,,true,false,9,2016-04-01,2016-12-31,-1
2018-02-01,92020,2018-03-31,3,1925000000000,0.090,,,,,160000000000,0.099,150000000000,0.069,,132000000000,,380.54,,,,,,,,,,,,,,,,,,,,,,true,true,12,2017-04-01,2018-03-31,0
2018-02-01,92020,2017-03-31,3,,,,,,,,,,,,,,,,,,,,2314410000000,924175000000,0.397,2624.43,919157000000,,,,,,,,,,,,true,false,12,2016-04-01,2017-03-31,-1
2018-02-01,92020,2017-03-31,3,,,,,,,,,,,,,,,,,,,,,,,,,,,,,6.00,,,,351642525,1412231,,false,false,12,2016-04-01,2017-03-31,-1
2018-02-01,92020,2018-03-31,3,,,,,,,,,,,,,,,,,,,,,,,,,,,,,60.00,,,,,,,false,true,12,2017-04-01,2018-03-31,0
2018-02-01,92020,2018-03-31,3,,,,,,,,,,,,,,,,,,,,,,,,,,,,,,,,,351642525,12443155,346876115,false,false,9,2017-04-01,2017-12-31,0
2018-02-01,92020,2017-03-31,3,,,,,,,,,,,,,,,,,,,,,,,,,,,,,,,,,,,349958727,false,false,9,2016-04-01,2016-12-31,-1
2018-04-27,92020,2018-03-31,,1971799000000,0.117,,,,,164516000000,0.130,160636000000,0.144,,143887000000,,417.82,,0.151,0.066,0.083,,2562462000000,1000552000000,0.386,2954.47,988661000000,316014000000,-324494000000,-29989000000,270509000000,,0.144,,,,,,true,false,12,2017-04-01,2018-03-31,0
2018-04-27,92020,2017-03-31,,1765259000000,-0.014,,,,,145539000000,0.067,140375000000,0.074,,98827000000,,282.35,,0.116,0.062,0.082,,2314410000000,924175000000,0.397,2624.44,919157000000,237084000000,-194651000000,3349000000,309058000000,,0.213,,,,,,true,false,12,2016-04-01,2017-03-31,-1
2018-04-27,92020,2019-03-31,,2040000000000,0.034,,,,,165000000000,0.003,158000000000,-0.021,,102000000000,,304.81,,,,,,,,,,,,,,,,0.230,,,,,,true,true,12,2018-04-01,2019-03-31,1
2018-04-27,92020,2018-03-31,,267763000000,0.099,,,,,112101000000,0.179,108406000000,0.241,89226000000,,0.371,259.00,,,,,,1887516000000,796541000000,0.422,2379.41,796541000000,,,,,60.00,,,,348498361,13866101,344372763,false,false,12,2017-04-01,2018-03-31,0
2018-04-27,92020,2017-03-31,,243561000000,0.167,,,,,95033000000,0.523,87346000000,0.758,65086000000,,1.924,185.88,,,,,,1765641000000,804014000000,0.455,2294.84,804014000000,,,,,6.00,,,,351642525,1412231,350020593,false,false,12,2016-04-01,2017-03-31,-1
2018-04-27,92020,2019-03-31,,,,,,,,,,,,,,,,,,,,,,,,,,,,,,70.00,,,,,,,false,true,12,2018-04-01,2019-03-31,1
2018-04-27,92020,2018-03-31,,1971799000000,0.117,,,,,164516000000,0.130,160636000000,0.144,,143887000000,,417.82,,0.151,0.066,0.083,,2562462000000,1000552000000,0.386,2954.47,988661000000,316014000000,-324494000000,-29989000000,270509000000,,0.144,,,,,,true,false,12,2017-04-01,2018-03-31,0
2018-04-27,92020,2017-03-31,,1765259000000,-0.014,,,,,145539000000,0.067,140375000000,0.074,,98827000000,,282.35,,0.116,0.062,0.082,,2314410000000,924175000000,0.397,2624.44,919157000000,237084000000,-194651000000,3349000000,309058000000,,0.213,,,,,,true,false,12,2016-04-01,2017-03-31,-1
2018-04-27,92020,2019-03-31,,2040000000000,0.035,,,,,165000000000,0.003,158000000000,-0.016,,102000000000,,304.81,,,,,,,,,,,,,,,,0.230,,,,,,true,true,12,2018-04-01,2019-03-31,1
2018-04-27,92020,2018-03-31,,267763000000,0.099,,,,,112101000000,0.179,108406000000,0.241,89226000000,,0.371,259.00,,,,,,1887516000000,796541000000,0.422,2379.41,796541000000,,,,,60.00,,,,348498361,13866101,344372763,false,false,12,2017-04-01,2018-03-31,0
2018-04-27,92020,2017-03-31,,243561000000,0.167,,,,,95033000000,0.523,87346000000,0.758,65086000000,,1.924,185.88,,,,,,1765641000000,804014000000,0.455,2294.84,804014000000,,,,,6.00,,,,351642525,1412231,350020593,false,false,12,2016-04-01,2017-03-31,-1
2018-04-27,92020,2019-03-31,,,,,,,,,,,,,,,,,,,,,,,,,,,,,,70.00,,,,,,,false,true,12,2018-04-01,2019-03-31,1
2018-07-31,92020,2019-03-31,1,484889000000,0.073,,,,,20076000000,-0.211,19423000000,-0.216,,16108000000,,48.14,,,,,,2594203000000,1014373000000,0.388,3004.44,1005396000000,,,,,,,,,,,,true,false,3,2018-04-01,2018-06-30,0
2018-07-31,92020,2018-03-31,1,451719000000,0.117,,,,,25438000000,0.800,24776000000,1.325,,51069000000,,145.78,,,,,,,,,,,,,,,,,,,,,,true,false,3,2017-04-01,2017-06-30,-1
2018-07-31,92020,2019-03-31,1,2040000000000,0.035,,,,,165000000000,0.003,158000000000,-0.016,,102000000000,,304.81,,,,,,,,,,,,,,,,,,,,,,true,true,12,2018-04-01,2019-03-31,0
2018-07-31,92020,2018-03-31,1,,,,,,,,,,,,,,,,,,,,2562462000000,1000552000000,0.386,2954.47,988661000000,,,,,,,,,,,,true,false,12,2017-04-01,2018-03-31,-1
2018-07-31,92020,2018-03-31,1,,,,,,,,,,,,,,,,,,,,,,,,,,,,,60.00,,,,348498361,13866101,,false,false,12,2017-04-01,2018-03-31,-1
2018-07-31,92020,2019-03-31,1,,,,,,,,,,,,,,,,,,,,,,,,,,,,,70.00,,,,,,,false,true,12,2018-04-01,2019-03-31,0
2018-07-31,92020,2019-03-31,1,,,,,,,,,,,,,,,,,,,,,,,,,,,,,,,,,348498361,13861882,334632875,false,false,3,2018-04-01,2018-06-30,0
2018-07-31,92020,2018-03-31,1,,,,,,,,,,,,,,,,,,,,,,,,,,,,,,,,,,,350319499,false,false,3,2017-04-01,2017-06-30,-1
2018-11-02,92020,2019-03-31,2,1038059000000,0.054,,,,,105201000000,-0.086,102932000000,-0.087,,73738000000,,220.35,,,,,,2626663000000,1085510000000,0.410,3216.13,1076225000000,,,,,,,,,,,,true,false,6,2018-04-01,2018-09-30,0
2018-11-02,92020,2018-03-31,2,985049000000,0.113,,,,,115084000000,0.285,112736000000,0.351,,118384000000,,338.49,,,,,,,,,,,,,,,,,,,,,,true,false,6,2017-04-01,2017-09-30,-1
2018-11-02,92020,2019-03-31,2,2040000000000,0.035,,,,,165000000000,0.003,158000000000,-0.016,,102000000000,,304.81,,,,,,,,,,,,,,,,,,,,,,true,true,12,2018-04-01,2019-03-31,0
2018-11-02,92020,2018-03-31,2,,,,,,,,,,,,,,,,,,,,2562462000000,1000552000000,0.386,2954.47,988661000000,,,,,,,,,,,,true,false,12,2017-04-01,2018-03-31,-1
2018-11-02,92020,2018-03-31,2,,,,,,,,,,,,,,,,,,,,,,,,,,,,,60.00,,,,348498361,13866101,,false,false,12,2017-04-01,2018-03-31,-1
2018-11-02,92020,2019-03-31,2,,,,,,,,,,,,,,,,,,,,,,,,,,,,,70.00,,,,,,,false,true,12,2018-04-01,2019-03-31,0
2018-11-02,92020,2019-03-31,2,,,,,,,,,,,,,,,,,,,,,,,,,,,,,,,,,348498361,13864776,334633703,false,false,6,2018-04-01,2018-09-30,0
2018-11-02,92020,2018-03-31,2,,,,,,,,,,,,,,,,,,,,,,,,,,,,,,,,,,,349739718,false,false,6,2017-04-01,2017-09-30,-1
2019-01-29,92020,2019-03-31,3,1568431000000,0.052,,,,,156608000000,-0.056,154163000000,-0.059,,106838000000,,319.27,,,,,,2588608000000,1075847000000,0.412,3187.52,1066643000000,,,,,,,,,,,,true,false,9,2018-04-01,2018-12-31,0
2019-01-29,92020,2018-03-31,3,1490843000000,0.119,,,,,165966000000,0.274,163872000000,0.319,,152959000000,,440.96,,,,,,,,,,,,,,,,,,,,,,true,false,9,2017-04-01,2017-12-31,-1
2019-01-29,92020,2019-03-31,3,2040000000000,0.035,,,,,165000000000,0.003,158000000000,-0.016,,102000000000,,304.81,,,,,,,,,,,,,,,,,,,,,,true,true,12,2018-04-01,2019-03-31,0
2019-01-29,92020,2018-03-31,3,,,,,,,,,,,,,,,,,,,,2562462000000,1000552000000,0.386,2954.47,988661000000,,,,,,,,,,,,true,false,12,2017-04-01,2018-03-31,-1
2019-01-29,92020,2018-03-31,3,,,,,,,,,,,,,,,,,,,,,,,,,,,,,60.00,,,,348498361,13866101,,false,false,12,2017-04-01,2018-03-31,-1
2019-01-29,92020,2019-03-31,3,,,,,,,,,,,,,,,,,,,,,,,,,,,,,70.00,,,,,,,false,true,12,2018-04-01,2019-03-31,0
2019-01-29,92020,2019-03-31,3,,,,,,,,,,,,,,,,,,,,,,,,,,,,,,,,,348498361,13867238,334633083,false,false,9,2018-04-01,2018-12-31,0
2019-01-29,92020,2018-03-31,3,,,,,,,,,,,,,,,,,,,,,,,,,,,,,,,,,,,346876115,false,false,9,2017-04-01,2017-12-31,-1
2019-04-26,92020,2019-03-31,,2058312000000,0.044,,,,,165019000000,0.003,156681000000,-0.025,,110777000000,,331.04,,0.106,0.060,0.080,,2687122000000,1109313000000,0.409,3285.46,1099413000000,296148000000,-308671000000,-46480000000,211838000000,,0.227,,,,,,true,false,12,2018-04-01,2019-03-31,0
2019-04-26,92020,2018-03-31,,1971799000000,0.117,,,,,164516000000,0.130,160636000000,0.144,,143887000000,,417.82,,0.151,0.066,0.083,,2562462000000,1000552000000,0.386,2954.47,988661000000,316014000000,-324494000000,-29989000000,270509000000,,0.144,,,,,,true,false,12,2017-04-01,2018-03-31,-1
2019-04-26,92020,2020-03-31,,2150000000000,0.045,,,,,165000000000,-0.000,160000000000,0.021,,108000000000,,322.75,,,,,,,,,,,,,,,,0.232,,,,,,true,true,12,2019-04-01,2020-03-31,1
2019-04-26,92020,2019-03-31,,255109000000,-0.047,,,,,91462000000,-0.184,86613000000,-0.201,80038000000,,-0.103,239.09,,,,,,1966499000000,879989000000,0.447,2628.71,879989000000,,,,,75.00,,,,348498361,13868935,334632361,false,false,12,2018-04-01,2019-03-31,0
2019-04-26,92020,2018-03-31,,267763000000,0.099,,,,,112101000000,0.179,108406000000,0.241,89226000000,,0.371,259.00,,,,,,1887516000000,796541000000,0.422,2379.41,796541000000,,,,,60.00,,,,348498361,13866101,344372763,false,false,12,2017-04-01,2018-03-31,-1
2019-04-26,92020,2020-03-31,,,,,,,,,,,,,,,,,,,,,,,,,,,,,,75.00,,,,,,,false,true,12,2019-04-01,2020-03-31,1
2019-07-30,92020,2020-03-31,1,500508000000,0.032,,,,,16173000000,-0.194,17038000000,-0.123,,11418000000,,34.12,,,,,,2718332000000,1092019000000,0.398,3233.26,1081987000000,,,,,,,,,,,,true,false,3,2019-04-01,2019-06-30,0
2019-07-30,92020,2019-03-31,1,484889000000,0.073,,,,,20076000000,-0.211,19423000000,-0.216,,16108000000,,48.14,,,,,,,,,,,,,,,,,,,,,,true,false,3,2018-04-01,2018-06-30,-1
2019-07-30,92020,2020-03-31,1,2150000000000,0.045,,,,,165000000000,-0.000,160000000000,0.021,,108000000000,,322.75,,,,,,,,,,,,,,,,,,,,,,true,true,12,2019-04-01,2020-03-31,0
2019-07-30,92020,2019-03-31,1,,,,,,,,,,,,,,,,,,,,2687122000000,1109313000000,0.409,3285.46,1099413000000,,,,,,,,,,,,true,false,12,2018-04-01,2019-03-31,-1
2019-07-30,92020,2019-03-31,1,,,,,,,,,,,,,,,,,,,,,,,,,,,,,75.00,,,,348498361,13868935,,false,false,12,2018-04-01,2019-03-31,-1
2019-07-30,92020,2020-03-31,1,,,,,,,,,,,,,,,,,,,,,,,,,,,,,75.00,,,,,,,false,true,12,2019-04-01,2020-03-31,0
2019-07-30,92020,2020-03-31,1,,,,,,,,,,,,,,,,,,,,,,,,,,,,,,,,,348498361,13855642,334633156,false,false,3,2019-04-01,2019-06-30,0
2019-07-30,92020,2019-03-31,1,,,,,,,,,,,,,,,,,,,,,,,,,,,,,,,,,,,334632875,false,false,3,2018-04-01,2018-06-30,-1
2019-10-29,92020,2020-03-31,2,1055981000000,0.017,,,,,78880000000,-0.250,81515000000,-0.208,,56787000000,,169.72,,,,,,2718066000000,1129573000000,0.412,3345.72,1119222000000,,,,,,,,,,,,true,false,6,2019-04-01,2019-09-30,0
2019-10-29,92020,2019-03-31,2,1038059000000,0.054,,,,,105201000000,-0.086,102932000000,-0.087,,73738000000,,220.35,,,,,,,,,,,,,,,,,,,,,,true,false,6,2018-04-01,2018-09-30,-1
2019-10-29,92020,2020-03-31,2,2090000000000,0.015,,,,,140000000000,-0.152,137000000000,-0.126,,94000000000,,280.93,,,,,,,,,,,,,,,,,,,,,,true,true,12,2019-04-01,2020-03-31,0
2019-10-29,92020,2019-03-31,2,,,,,,,,,,,,,,,,,,,,2687122000000,1109313000000,0.409,3285.46,1099413000000,,,,,,,,,,,,true,false,12,2018-04-01,2019-03-31,-1
2019-10-29,92020,2019-03-31,2,,,,,,,,,,,,,,,,,,,,,,,,,,,,,75.00,,,,348498361,13868935,,false,false,12,2018-04-01,2019-03-31,-1
2019-10-29,92020,2020-03-31,2,,,,,,,,,,,,,,,,,,,,,,,,,,,,,75.00,,,,,,,false,true,12,2019-04-01,2020-03-31,0
2019-10-29,92020,2020-03-31,2,,,,,,,,,,,,,,,,,,,,,,,,,,,,,,,,,348498361,13975175,334598025,false,false,6,2019-04-01,2019-09-30,0
2019-10-29,92020,2019-03-31,2,,,,,,,,,,,,,,,,,,,,,,,,,,,,,,,,,,,334633703,false,false,6,2018-04-01,2018-09-30,-1
2020-01-30,92020,2020-03-31,3,1582166000000,0.009,,,,,119656000000,-0.236,122535000000,-0.205,,86446000000,,258.38,,,,,,2754250000000,1175937000000,0.423,3485.39,1165934000000,,,,,,,,,,,,true,false,9,2019-04-01,2019-12-31,0
2020-01-30,92020,2019-03-31,3,1568431000000,0.052,,,,,156608000000,-0.056,154163000000,-0.059,,106838000000,,319.27,,,,,,,,,,,,,,,,,,,,,,true,false,9,2018-04-01,2018-12-31,-1
2020-01-30,92020,2020-03-31,3,2090000000000,0.015,,,,,140000000000,-0.152,137000000000,-0.126,,94000000000,,280.93,,,,,,,,,,,,,,,,,,,,,,true,true,12,2019-04-01,2020-03-31,0
2020-01-30,92020,2019-03-31,3,,,,,,,,,,,,,,,,,,,,2687122000000,1109313000000,0.409,3285.46,1099413000000,,,,,,,,,,,,true,false,12,2018-04-01,2019-03-31,-1
2020-01-30,92020,2019-03-31,3,,,,,,,,,,,,,,,,,,,,,,,,,,,,,75.00,,,,348498361,13868935,,false,false,12,2018-04-01,2019-03-31,-1
2020-01-30,92020,2020-03-31,3,,,,,,,,,,,,,,,,,,,,,,,,,,,,,75.00,,,,,,,false,true,12,2019-04-01,2020-03-31,0
2020-01-30,92020,2020-03-31,3,,,,,,,,,,,,,,,,,,,,,,,,,,,,,,,,,348498361,13977716,334572501,false,false,9,2019-04-01,2019-12-31,0
2020-01-30,92020,2019-03-31,3,,,,,,,,,,,,,,,,,,,,,,,,,,,,,,,,,,,334633083,false,false,9,2018-04-01,2018-12-31,-1
2020-04-24,92020,2020-03-31,,1970000000000,-0.057,,,,,60000000000,-0.571,58000000000,-0.577,27000000000,,-0.713,80.70,,,,,,,,,,,,,,,,,,,,,,true,true,12,2019-04-01,2020-03-31,0
2020-04-24,92020,2019-03-31,,2058312000000,,,,,,165019000000,,156681000000,,110777000000,,,331.04,,,,,,,,,,,,,,,,,,,,,,true,false,12,2018-04-01,2019-03-31,-1
2020-04-28,92020,2020-03-31,,1974216000000,-0.041,,,,,60806000000,-0.632,59358000000,-0.621,,27655000000,,82.66,,0.026,0.023,0.031,,2560153000000,1068870000000,0.414,3171.80,1061028000000,130169000000,-230218000000,23869000000,135937000000,,0.000,,,,,,true,false,12,2019-04-01,2020-03-31,0
2020-04-28,92020,2019-03-31,,2058312000000,0.044,,,,,165019000000,0.003,156681000000,-0.025,,110777000000,,331.04,,0.106,0.060,0.080,,2687122000000,1109313000000,0.409,3285.46,1099413000000,296148000000,-308671000000,-46480000000,211838000000,,0.227,,,,,,true,false,12,2018-04-01,2019-03-31,-1
2020-04-28,92020,2020-03-31,,268895000000,0.054,,,,,94690000000,0.035,97522000000,0.126,89249000000,,0.115,266.66,,,,,,1929987000000,931603000000,0.483,2783.80,931603000000,,,,,0.00,,,,348498361,13978652,334559440,false,false,12,2019-04-01,2020-03-31,0
2020-04-28,92020,2019-03-31,,255109000000,-0.047,,,,,91462000000,-0.184,86613000000,-0.201,80038000000,,-0.103,239.09,,,,,,1966499000000,879989000000,0.447,2628.71,879989000000,,,,,75.00,,,,348498361,13868935,334632361,false,false,12,2018-04-01,2019-03-31,-1
2020-07-29,92020,2021-03-31,1,121608000000,-0.757,,,,,-159065000000,,-156544000000,,,-108819000000,,-325.29,,,,,,2857396000000,974309000000,0.339,2892.69,967754000000,,,,,,,,,,,,true,false,3,2020-04-01,2020-06-30,0
2020-07-29,92020,2020-03-31,1,500508000000,0.032,,,,,16173000000,-0.194,17038000000,-0.123,,11418000000,,34.12,,,,,,,,,,,,,,,,,,,,,,true,false,3,2019-04-01,2019-06-30,-1
2020-07-29,92020,2020-03-31,1,,,,,,,,,,,,,,,,,,,,2560153000000,1068870000000,0.414,3171.80,1061028000000,,,,,,,,,,,,true,false,12,2019-04-01,2020-03-31,-1
2020-07-29,92020,2020-03-31,1,,,,,,,,,,,,,,,,,,,,,,,,,,,,,0.00,,,,348498361,13978652,,false,false,12,2019-04-01,2020-03-31,-1
2020-07-29,92020,2021-03-31,1,,,,,,,,,,,,,,,,,,,,,,,,,,,,,,,,,348498361,13947305,334529857,false,false,3,2020-04-01,2020-06-30,0
2020-07-29,92020,2020-03-31,1,,,,,,,,,,,,,,,,,,,,,,,,,,,,,,,,,,,334633156,false,false,3,2019-04-01,2019-06-30,-1
2020-10-27,92020,2021-03-31,2,291834000000,-0.724,,,,,-280950000000,,-268671000000,,,-188477000000,,-563.39,,,,,,2744604000000,890205000000,0.323,2645.90,885185000000,,,,,,,,,,,,true,false,6,2020-04-01,2020-09-30,0
2020-10-27,92020,2020-03-31,2,1055981000000,0.017,,,,,78880000000,-0.250,81515000000,-0.208,,56787000000,,169.72,,,,,,,,,,,,,,,,,,,,,,true,false,6,2019-04-01,2019-09-30,-1
2020-10-27,92020,2021-03-31,2,740000000000,-0.625,,,,,-505000000000,,-500000000000,,,-510000000000,,-1524.46,,,,,,,,,,,,,,,,,,,,,,true,true,12,2020-04-01,2021-03-31,0
2020-10-27,92020,2020-03-31,2,,,,,,,,,,,,,,,,,,,,2560153000000,1068870000000,0.414,3171.80,1061028000000,,,,,,,,,,,,true,false,12,2019-04-01,2020-03-31,-1
2020-10-27,92020,2020-03-31,2,,,,,,,,,,,,,,,,,,,,,,,,,,,,,0.00,,,,348498361,13978652,,false,false,12,2019-04-01,2020-03-31,-1
2020-10-27,92020,2021-03-31,2,,,,,,,,,,,,,,,,,,,,,,,,,,,,,0.00,,,,,,,false,true,12,2020-04-01,2021-03-31,0
2020-10-27,92020,2021-03-31,2,,,,,,,,,,,,,,,,,,,,,,,,,,,,,,,,,348498361,13948305,334540226,false,false,6,2020-04-01,2020-09-30,0
2020-10-27,92020,2020-03-31,2,,,,,,,,,,,,,,,,,,,,,,,,,,,,,,,,,,,334598025,false,false,6,2019-04-01,2019-09-30,-1
2021-01-29,92020,2021-03-31,3,527614000000,-0.667,,,,,-362408000000,,-350757000000,,,-309575000000,,-903.05,,,,,,3293353000000,1057430000000,0.319,2282.39,1051859000000,,,,,,,,,,,,true,false,9,2020-04-01,2020-12-31,0
2021-01-29,92020,2020-03-31,3,1582166000000,0.009,,,,,119656000000,-0.236,122535000000,-0.205,,86446000000,,258.38,,,,,,,,,,,,,,,,,,,,,,true,false,9,2019-04-01,2019-12-31,-1
2021-01-29,92020,2021-03-31,3,740000000000,-0.625,,,,,-505000000000,,-500000000000,,,-510000000000,,-1363.83,,,,,,,,,,,,,,,,,,,,,,true,true,12,2020-04-01,2021-03-31,0
2021-01-29,92020,2020-03-31,3,,,,,,,,,,,,,,,,,,,,2560153000000,1068870000000,0.414,3171.80,1061028000000,,,,,,,,,,,,true,false,12,2019-04-01,2020-03-31,-1
2021-01-29,92020,2020-03-31,3,,,,,,,,,,,,,,,,,,,,,,,,,,,,,0.00,,,,348498361,13978652,,false,false,12,2019-04-01,2020-03-31,-1
2021-01-29,92020,2021-03-31,3,,,,,,,,,,,,,,,,,,,,,,,,,,,,,0.00,,,,,,,false,true,12,2020-04-01,2021-03-31,0
2021-01-29,92020,2021-03-31,3,,,,,,,,,,,,,,,,,,,,,,,,,,,,,,,,,474808361,13949475,342810814,false,false,9,2020-04-01,2020-12-31,0
2021-01-29,92020,2020-03-31,3,,,,,,,,,,,,,,,,,,,,,,,,,,,,,,,,,,,334572501,false,false,9,2019-04-01,2019-12-31,-1
2021-04-23,92020,2021-03-31,,725000000000,-0.020,,,,,-465000000000,,-450000000000,,,-405000000000,,-1083.05,,,,,,,,,,,,,,,,,,,,,,true,true,12,2020-04-01,2021-03-31,0
2021-04-23,92020,2020-03-31,,1974216000000,,,,,,60806000000,,59358000000,,,27655000000,,82.66,,,,,,,,,,,,,,,,,,,,,,true,false,12,2019-04-01,2020-03-31,-1
2021-04-30,92020,2021-03-31,,728683000000,-0.631,,,,,-464774000000,,-451355000000,,,-404624000000,,-1082.04,,-0.391,-0.157,-0.638,,3207883000000,1012320000000,0.314,2141.49,1007233000000,-270441000000,-595759000000,1098172000000,370322000000,,,,,,,,true,false,12,2020-04-01,2021-03-31,0
2021-04-30,92020,2020-03-31,,1974216000000,-0.041,,,,,60806000000,-0.632,59358000000,-0.621,,27655000000,,82.66,,0.026,0.023,0.031,,2560153000000,1068870000000,0.414,3171.80,1061028000000,130169000000,-230218000000,23869000000,135937000000,,0.000,,,,,,true,false,12,2019-04-01,2020-03-31,-1
2021-04-30,92020,2022-03-31,,1380000000000,0.894,,,,,28000000000,,5000000000,,,3500000000,,7.44,,,,,,,,,,,,,,,,0.000,,,,,,true,true,12,2021-04-01,2022-03-31,1
2021-04-30,92020,2021-03-31,,233665000000,-0.131,,,,,61260000000,-0.353,41543000000,-0.574,-26113000000,,,-69.81,,,,,,3040813000000,1224464000000,0.403,2602.62,1224464000000,,,,,0.00,,,,484293561,13950901,373945345,false,false,12,2020-04-01,2021-03-31,0
2021-04-30,92020,2020-03-31,,268895000000,0.054,,,,,94690000000,0.035,97522000000,0.126,89249000000,,0.115,266.66,,,,,,1929987000000,931603000000,0.483,2783.80,931603000000,,,,,0.00,,,,348498361,13978652,334559440,false,false,12,2019-04-01,2020-03-31,-1
2021-04-30,92020,2022-03-31,,,,,,,,,,,,,,,,,,,,,,,,,,,,,,0.00,,,,,,,false,true,12,2021-04-01,2022-03-31,1
2021-07-30,92020,2022-03-31,1,198911000000,0.636,,,,,-64612000000,,-63783000000,,,-51159000000,,-108.77,,,,,,3166910000000,849692000000,0.266,1794.05,843815000000,,,,,,,,,,,,true,false,3,2021-04-01,2021-06-30,0
2021-07-30,92020,2021-03-31,1,121608000000,-0.757,,,,,-159065000000,,-156544000000,,,-108819000000,,-325.29,,,,,,,,,,,,,,,,,,,,,,true,false,3,2020-04-01,2020-06-30,-1
2021-07-30,92020,2022-03-31,1,1380000000000,0.894,,,,,28000000000,,5000000000,,,3500000000,,7.44,,,,,,,,,,,,,,,,,,,,,,true,true,12,2021-04-01,2022-03-31,0
2021-07-30,92020,2021-03-31,1,,,,,,,,,,,,,,,,,,,,3207883000000,1012320000000,0.314,2141.49,1007233000000,,,,,,,,,,,,true,false,12,2020-04-01,2021-03-31,-1
2021-07-30,92020,2021-03-31,1,,,,,,,,,,,,,,,,,,,,,,,,,,,,,0.00,,,,484293561,13950901,,false,false,12,2020-04-01,2021-03-31,-1
2021-07-30,92020,2022-03-31,1,,,,,,,,,,,,,,,,,,,,,,,,,,,,,0.00,,,,,,,false,true,12,2021-04-01,2022-03-31,0
2021-07-30,92020,2022-03-31,1,,,,,,,,,,,,,,,,,,,,,,,,,,,,,,,,,484293561,13951900,470341980,false,false,3,2021-04-01,2021-06-30,0
2021-07-30,92020,2021-03-31,1,,,,,,,,,,,,,,,,,,,,,,,,,,,,,,,,,,,334529857,false,false,3,2020-04-01,2020-06-30,-1
2021-10-29,9202,2022-03-31,2,431125000000,0.477,,,,,-116007000000,,-115519000000,,,-98803000000,,-210.07,,,,,,3080003000000,805459000000,0.260,1700.24,799692000000,,,,,,,,,,,,true,false,6,2021-04-01,2021-09-30,0
2021-10-29,9202,2021-03-31,2,291834000000,-0.724,,,,,-280950000000,,-268671000000,,,-188477000000,,-563.39,,,,,,,,,,,,,,,,,,,,,,true,false,6,2020-04-01,2020-09-30,-1
2021-10-29,9202,2022-03-31,2,1060000000000,0.455,,,,,-125000000000,,-140000000000,,,-100000000000,,-212.61,,,,,,,,,,,,,,,,,,,,,,true,true,12,2021-04-01,2022-03-31,0
2021-10-29,9202,2021-03-31,2,,,,,,,,,,,,,,,,,,,,3207883000000,1012320000000,0.314,2141.49,1007233000000,,,,,,,,,,,,true,false,12,2020-04-01,2021-03-31,-1
2021-10-29,9202,2021-03-31,2,,,,,,,,,,,,,,,,,,,,,,,,,,,,,0.00,,,,484293561,13950901,,false,false,12,2020-04-01,2021-03-31,-1
2021-10-29,9202,2022-03-31,2,,,,,,,,,,,,,,,,,,,,,,,,,,,,,0.00,,,,,,,false,true,12,2021-04-01,2022-03-31,0
2021-10-29,9202,2022-03-31,2,,,,,,,,,,,,,,,,,,,,,,,,,,,,,,,,,484293561,13953672,470341204,false,false,6,2021-04-01,2021-09-30,0
2021-10-29,9202,2021-03-31,2,,,,,,,,,,,,,,,,,,,,,,,,,,,,,,,,,,,334540226,false,false,6,2020-04-01,2020-09-30,-1
2022-02-01,9202,2022-03-31,3,738046000000,0.399,,,,,-115817000000,,-118340000000,,,-102804000000,,-218.57,,,,,,3239705000000,803572000000,0.246,1696.24,797805000000,,,,,,,,,,,,true,false,9,2021-04-01,2021-12-31,0
2022-02-01,9202,2021-03-31,3,527614000000,-0.667,,,,,-362408000000,,-350757000000,,,-309575000000,,-903.05,,,,,,,,,,,,,,,,,,,,,,true,false,9,2020-04-01,2020-12-31,-1
2022-02-01,9202,2022-03-31,3,1060000000000,0.455,,,,,-125000000000,,-140000000000,,,-100000000000,,-212.61,,,,,,,,,,,,,,,,,,,,,,true,true,12,2021-04-01,2022-03-31,0
2022-02-01,9202,2021-03-31,3,,,,,,,,,,,,,,,,,,,,3207883000000,1012320000000,0.314,2141.49,1007233000000,,,,,,,,,,,,true,false,12,2020-04-01,2021-03-31,-1
2022-02-01,9202,2021-03-31,3,,,,,,,,,,,,,,,,,,,,,,,,,,,,,0.00,,,,484293561,13950901,,false,false,12,2020-04-01,2021-03-31,-1
2022-02-01,9202,2022-03-31,3,,,,,,,,,,,,,,,,,,,,,,,,,,,,,0.00,,,,,,,false,true,12,2021-04-01,2022-03-31,0
2022-02-01,9202,2022-03-31,3,,,,,,,,,,,,,,,,,,,,,,,,,,,,,,,,,484293561,13955512,470340298,false,false,9,2021-04-01,2021-12-31,0
2022-02-01,9202,2021-03-31,3,,,,,,,,,,,,,,,,,,,,,,,,,,,,,,,,,,,342810814,false,false,9,2020-04-01,2020-12-31,-1
2022-04-22,92020,2022-03-31,,1020000000000,-0.038,,,,,-175000000000,,-185000000000,,,-145000000000,,-308.29,,,,,,,,,,,,,,,,,,,,,,true,true,12,2021-04-01,2022-03-31,0
2022-04-22,92020,2021-03-31,,728683000000,,,,,,-464774000000,,-451355000000,,,-404624000000,,-1082.04,,,,,,,,,,,,,,,,,,,,,,true,false,12,2020-04-01,2021-03-31,-1
2022-04-28,9202,2022-03-31,,1020324000000,0.400,,,,,-173127000000,,-184935000000,,,-143628000000,,-305.37,,-0.159,-0.058,-0.170,,3218433000000,803415000000,0.248,1695.06,797249000000,-76413000000,230019000000,93646000000,621037000000,,0.000,,,,,,true,false,12,2021-04-01,2022-03-31,0
2022-04-28,9202,2021-03-31,,728683000000,-0.631,,,,,-464774000000,,-451355000000,,,-404624000000,,-1082.04,,-0.391,-0.157,-0.638,,3207883000000,1012320000000,0.314,2141.49,1007233000000,-270441000000,-595759000000,1098172000000,370322000000,,0.000,,,,,,true,false,12,2020-04-01,2021-03-31,-1
2022-04-28,9202,2023-03-31,,1660000000000,0.627,,,,,50000000000,,30000000000,,,21000000000,,44.65,,,,,,,,,,,,,,,,0.000,,,,,,true,true,12,2022-04-01,2023-03-31,1
2022-04-28,9202,2022-03-31,,189654000000,-0.188,,,,,45238000000,-0.262,19900000000,-0.521,26940000000,,,57.26,,,,,,3157277000000,1256913000000,0.398,2671.62,1256913000000,,,,,0.00,,,,484293561,13956694,470339550,false,false,12,2021-04-01,2022-03-31,0
2022-04-28,9202,2021-03-31,,233665000000,-0.131,,,,,61260000000,-0.353,41543000000,-0.574,-26113000000,,,-69.81,,,,,,3040813000000,1224464000000,0.403,2602.62,1224464000000,,,,,0.00,,,,484293561,13950901,373945345,false,false,12,2020-04-01,2021-03-31,-1
2022-04-28,9202,2023-03-31,,,,,,,,,,,,,,,,,,,,,,,,,,,,,,0.00,,,,,,,false,true,12,2022-04-01,2023-03-31,1
2022-08-01,9202,2023-03-31,1,350419000000,0.762,,,,,-1321000000,,4382000000,,,1002000000,,2.13,1.90,,,,,3324415000000,832345000000,0.248,1756.06,825938000000,,,,,,,,,,,,true,false,3,2022-04-01,2022-06-30,0
2022-08-01,9202,2022-03-31,1,198911000000,0.636,,,,,-64612000000,,-63783000000,,,-51159000000,,-108.77,,,,,,,,,,,,,,,,,,,,,,true,false,3,2021-04-01,2021-06-30,-1
2022-08-01,9202,2023-03-31,1,1660000000000,0.627,,,,,50000000000,,30000000000,,,21000000000,,44.65,,,,,,,,,,,,,,,,,,,,,,true,true,12,2022-04-01,2023-03-31,0
2022-08-01,9202,2022-03-31,1,,,,,,,,,,,,,,,,,,,,3218433000000,803415000000,0.248,1695.06,797249000000,,,,,,,,,,,,true,false,12,2021-04-01,2022-03-31,-1
2022-08-01,9202,2022-03-31,1,,,,,,,,,,,,,,,,,,,,,,,,,,,,,0.00,,,,484293561,13956694,,false,false,12,2021-04-01,2022-03-31,-1
2022-08-01,9202,2023-03-31,1,,,,,,,,,,,,,,,,,,,,,,,,,,,,,0.00,,,,,,,false,true,12,2022-04-01,2023-03-31,0
2022-08-01,9202,2023-03-31,1,,,,,,,,,,,,,,,,,,,,,,,,,,,,,,,,,484293561,13957431,470336320,false,false,3,2022-04-01,2022-06-30,0
2022-08-01,9202,2022-03-31,1,,,,,,,,,,,,,,,,,,,,,,,,,,,,,,,,,,,470341980,false,false,3,2021-04-01,2021-06-30,-1
2022-10-31,9202,2023-03-31,2,790716000000,0.834,,,,,31447000000,,30240000000,,,19542000000,,41.55,36.92,,,,,3267492000000,847413000000,0.257,1788.78,841325000000,,,,,,,,,,,,true,false,6,2022-04-01,2022-09-30,0
2022-10-31,9202,2022-03-31,2,431125000000,0.477,,,,,-116007000000,,-115519000000,,,-98803000000,,-210.07,,,,,,,,,,,,,,,,,,,,,,true,false,6,2021-04-01,2021-09-30,-1
2022-10-31,9202,2023-03-31,2,1700000000000,0.666,,,,,65000000000,,55000000000,,,40000000000,,85.05,,,,,,,,,,,,,,,,,,,,,,true,true,12,2022-04-01,2023-03-31,0
2022-10-31,9202,2022-03-31,2,,,,,,,,,,,,,,,,,,,,3218433000000,803415000000,0.248,1695.06,797249000000,,,,,,,,,,,,true,false,12,2021-04-01,2022-03-31,-1
2022-10-31,9202,2022-03-31,2,,,,,,,,,,,,,,,,,,,,,,,,,,,,,0.00,,,,484293561,13956694,,false,false,12,2021-04-01,2022-03-31,-1
2022-10-31,9202,2023-03-31,2,,,,,,,,,,,,,,,,,,,,,,,,,,,,,0.00,,,,,,,false,true,12,2022-04-01,2023-03-31,0
2022-10-31,9202,2023-03-31,2,,,,,,,,,,,,,,,,,,,,,,,,,,,,,,,,,484293561,13958759,470335926,false,false,6,2022-04-01,2022-09-30,0
2022-10-31,9202,2022-03-31,2,,,,,,,,,,,,,,,,,,,,,,,,,,,,,,,,,,,470341204,false,false,6,2021-04-01,2021-09-30,-1
2023-02-02,9202,2023-03-31,3,1258655000000,0.705,,,,,98982000000,,92349000000,,,62601000000,,133.10,118.79,,,,,3284907000000,849260000000,0.257,1791.65,842674000000,,,,,,,,,,,,true,false,9,2022-04-01,2022-12-31,0
2023-02-02,9202,2022-03-31,3,738046000000,0.399,,,,,-115817000000,,-118340000000,,,-102804000000,,-218.57,,,,,,,,,,,,,,,,,,,,,,true,false,9,2021-04-01,2021-12-31,-1
2023-02-02,9202,2023-03-31,3,1710000000000,0.676,,,,,95000000000,,85000000000,,,60000000000,,127.57,,,,,,,,,,,,,,,,,,,,,,true,true,12,2022-04-01,2023-03-31,0
2023-02-02,9202,2022-03-31,3,,,,,,,,,,,,,,,,,,,,3218433000000,803415000000,0.248,1695.06,797249000000,,,,,,,,,,,,true,false,12,2021-04-01,2022-03-31,-1
2023-02-02,9202,2022-03-31,3,,,,,,,,,,,,,,,,,,,,,,,,,,,,,0.00,,,,484293561,13956694,,false,false,12,2021-04-01,2022-03-31,-1
2023-02-02,9202,2023-03-31,3,,,,,,,,,,,,,,,,,,,,,,,,,,,,,0.00,,,,,,,false,true,12,2022-04-01,2023-03-31,0
2023-02-02,9202,2023-03-31,3,,,,,,,,,,,,,,,,,,,,,,,,,,,,,,,,,484293561,13960355,470335227,false,false,9,2022-04-01,2022-12-31,0
2023-02-02,9202,2022-03-31,3,,,,,,,,,,,,,,,,,,,,,,,,,,,,,,,,,,,470340298,false,false,9,2021-04-01,2021-12-31,-1
2023-04-21,92020,2023-03-31,,1710000000000,0.000,,,,,120000000000,0.263,110000000000,0.294,,89000000000,,189.23,,,,,,,,,,,,,,,,,,,,,,true,true,12,2022-04-01,2023-03-31,0
2023-04-21,92020,2022-03-31,,1020324000000,,,,,,-173127000000,,-184935000000,,,-143628000000,,-305.37,,,,,,,,,,,,,,,,,,,,,,true,false,12,2021-04-01,2022-03-31,-1
2023-04-27,9202,2023-03-31,,1707484000000,0.673,,,,,120030000000,,111810000000,,,89477000000,,190.24,170.16,0.108,0.034,0.070,,3366724000000,870391000000,0.256,1833.64,862419000000,449822000000,-204026000000,-142909000000,726451000000,,0.000,,,,,,true,false,12,2022-04-01,2023-03-31,0
2023-04-27,9202,2022-03-31,,1020324000000,0.400,,,,,-173127000000,,-184935000000,,,-143628000000,,-305.37,,-0.159,-0.058,-0.170,,3218433000000,803415000000,0.248,1695.06,797249000000,-76413000000,230019000000,93646000000,621037000000,,0.000,,,,,,true,false,12,2021-04-01,2022-03-31,-1
2023-04-27,9202,2024-03-31,,1970000000000,0.154,,,,,140000000000,0.166,115000000000,0.029,,80000000000,,170.09,,,,,,,,,,,,,,,,,,,,,,true,true,12,2023-04-01,2024-03-31,1
2023-04-27,9202,2023-03-31,,195361000000,0.030,,,,,35004000000,-0.226,24255000000,0.219,18982000000,,-0.295,40.35,36.09,,,,,3042255000000,1287971000000,0.423,2737.67,1287971000000,,,,,0.00,,,,484293561,13961988,470334488,false,false,12,2022-04-01,2023-03-31,0
2023-04-27,9202,2022-03-31,,189654000000,-0.188,,,,,45238000000,-0.262,19900000000,-0.521,26940000000,,,57.26,,,,,,3157277000000,1256913000000,0.398,2671.62,1256913000000,,,,,0.00,,,,484293561,13956694,470339550,false,false,12,2021-04-01,2022-03-31,-1
2023-07-28,9202,2024-03-31,1,461026000000,0.316,,,,,43784000000,,43274000000,8.875,,30686000000,,65.51,58.96,,,,,3465392000000,921043000000,0.263,1952.28,912788000000,,,,,,,,,,,,true,false,3,2023-04-01,2023-06-30,0
2023-07-28,9202,2023-03-31,1,350419000000,0.762,,,,,-1321000000,,4382000000,,,1002000000,,2.13,1.90,,,,,,,,,,,,,,,,,,,,,true,false,3,2022-04-01,2022-06-30,-1
2023-07-28,9202,2024-03-31,1,1970000000000,0.154,,,,,140000000000,0.166,115000000000,0.029,,80000000000,,170.59,,,,,,,,,,,,,,,,,,,,,,true,true,12,2023-04-01,2024-03-31,0
2023-07-28,9202,2023-03-31,1,,,,,,,,,,,,,,,,,,,,3366724000000,870391000000,0.256,1833.64,862419000000,,,,,,,,,,,,true,false,12,2022-04-01,2023-03-31,-1
2023-07-28,9202,2023-03-31,1,,,,,,,,,,,,,,,,,,,,,,,,,,,,,0.00,,,,484293561,13961988,,false,false,12,2022-04-01,2023-03-31,-1
2023-07-28,9202,2024-03-31,1,,,,,,,,,,,,,,,,,,,,,,,,,,,,,,,,,484293561,16744899,468415735,false,false,3,2023-04-01,2023-06-30,0
2023-07-28,9202,2023-03-31,1,,,,,,,,,,,,,,,,,,,,,,,,,,,,,,,,,,,470336320,false,false,3,2022-04-01,2022-06-30,-1
2023-10-31,9202,2024-03-31,2,1002729000000,0.268,,,,,129737000000,3.126,127330000000,3.211,,93206000000,,199.17,179.24,,,,,3549810000000,1006492000000,0.281,2136.88,999093000000,,,,,,,,,,,,true,false,6,2023-04-01,2023-09-30,0
2023-10-31,9202,2023-03-31,2,790716000000,0.834,,,,,31447000000,,30240000000,,,19542000000,,41.55,36.92,,,,,,,,,,,,,,,,,,,,,true,false,6,2022-04-01,2022-09-30,-1
2023-10-31,9202,2024-03-31,2,1970000000000,0.154,,,,,140000000000,0.166,115000000000,0.029,,80000000000,,170.58,,,,,,,,,,,,,,,,,,,,,,true,true,12,2023-04-01,2024-03-31,0
2023-10-31,9202,2023-03-31,2,,,,,,,,,,,,,,,,,,,,3366724000000,870391000000,0.256,1833.64,862419000000,,,,,,,,,,,,true,false,12,2022-04-01,2023-03-31,-1
2023-10-31,9202,2023-03-31,2,,,,,,,,,,,,,,,,,,,,,,,,,,,,,0.00,,,,484293561,13961988,,false,false,12,2022-04-01,2023-03-31,-1
2023-10-31,9202,2024-03-31,2,,,,,,,,,,,,,,,,,,,,,,,,,,,,,30.00,,,,,,,false,true,12,2023-04-01,2024-03-31,0
2023-10-31,9202,2024-03-31,2,,,,,,,,,,,,,,,,,,,,,,,,,,,,,,,,,484293561,16746644,467979207,false,false,6,2023-04-01,2023-09-30,0
2023-10-31,9202,2023-03-31,2,,,,,,,,,,,,,,,,,,,,,,,,,,,,,,,,,,,470335926,false,false,6,2022-04-01,2022-09-30,-1
2024-01-31,9202,2024-03-31,3,1543581000000,0.226,,,,,210114000000,1.123,207133000000,1.243,,148949000000,,317.99,286.20,,,,,3485095000000,1021464000000,0.291,2156.25,1013679000000,,,,,,,,,,,,true,false,9,2023-04-01,2023-12-31,0
2024-01-31,9202,2023-03-31,3,1258655000000,0.705,,,,,98982000000,,92349000000,,,62601000000,,133.10,118.79,,,,,,,,,,,,,,,,,,,,,true,false,9,2022-04-01,2022-12-31,-1
2024-01-31,9202,2024-03-31,3,2030000000000,0.189,,,,,190000000000,0.583,190000000000,0.699,,130000000000,,277.29,,,,,,,,,,,,,,,,,,,,,,true,true,12,2023-04-01,2024-03-31,0
2024-01-31,9202,2023-03-31,3,,,,,,,,,,,,,,,,,,,,3366724000000,870391000000,0.256,1833.64,862419000000,,,,,,,,,,,,true,false,12,2022-04-01,2023-03-31,-1
2024-01-31,9202,2023-03-31,3,,,,,,,,,,,,,,,,,,,,,,,,,,,,,0.00,,,,484293561,13961988,,false,false,12,2022-04-01,2023-03-31,-1
2024-01-31,9202,2024-03-31,3,,,,,,,,,,,,,,,,,,,,,,,,,,,,,30.00,,,,,,,false,true,12,2023-04-01,2024-03-31,0
2024-01-31,9202,2024-03-31,3,,,,,,,,,,,,,,,,,,,,,,,,,,,,,,,,,484293561,14180723,468405012,false,false,9,2023-04-01,2023-12-31,0
2024-01-31,9202,2023-03-31,3,,,,,,,,,,,,,,,,,,,,,,,,,,,,,,,,,,,470335227,false,false,9,2022-04-01,2022-12-31,-1
2024-04-26,9202,2024-03-31,,2055928000000,0.204,,,,,207911000000,0.732,207656000000,0.857,,157097000000,,335.09,301.62,0.165,0.060,0.101,,3569530000000,1052627000000,0.293,2222.03,1044508000000,420622000000,-399525000000,-136045000000,1002512000000,,0.149,,,,,,true,false,12,2023-04-01,2024-03-31,0
2024-04-26,9202,2023-03-31,,1707484000000,0.673,,,,,120030000000,,111810000000,,,89477000000,,190.24,170.16,0.108,0.034,0.070,,3366724000000,870391000000,0.256,1833.64,862419000000,449822000000,-78300000000,-142909000000,1113481000000,,0.000,,,,,,true,false,12,2022-04-01,2023-03-31,-1
2024-04-26,9202,2025-03-31,,2190000000000,0.065,,,,,170000000000,-0.182,160000000000,-0.229,,110000000000,,234.05,,,,,,,,,,,,,,,,0.214,,,,,,true,true,12,2024-04-01,2025-03-31,1
2024-04-26,9202,2024-03-31,,199972000000,0.024,,,,,37426000000,0.069,26821000000,0.106,13629000000,,-0.282,29.06,26.16,,,,,2952349000000,1306963000000,0.443,2779.59,1306963000000,,,,,50.00,,,,484293561,14224644,468822972,false,false,12,2023-04-01,2024-03-31,0
2024-04-26,9202,2023-03-31,,195361000000,0.030,,,,,35004000000,-0.226,24255000000,0.219,18982000000,,-0.295,40.35,36.09,,,,,3042255000000,1287971000000,0.423,2737.67,1287971000000,,,,,0.00,,,,484293561,13961988,470334488,false,false,12,2022-04-01,2023-03-31,-1
2024-04-26,9202,2025-03-31,,,,,,,,,,,,,,,,,,,,,,,,,,,,,,50.00,,,,,,,false,true,12,2024-04-01,2025-03-31,1
2024-07-30,9202,2025-03-31,1,516775000000,0.121,,,,,30354000000,-0.307,36822000000,-0.149,,24712000000,,52.57,46.85,,,,,3628378000000,1078072000000,0.295,2276.33,1069978000000,,,,,,,,,,,,true,false,3,2024-04-01,2024-06-30,0
2024-07-30,9202,2024-03-31,1,461026000000,0.316,,,,,43784000000,,43274000000,8.875,,30686000000,,65.51,58.96,,,,,,,,,,,,,,,,,,,,,true,false,3,2023-04-01,2023-06-30,-1
2024-07-30,9202,2025-03-31,1,2190000000000,0.065,,,,,170000000000,-0.182,160000000000,-0.229,,110000000000,,234.02,,,,,,,,,,,,,,,,,,,,,,true,true,12,2024-04-01,2025-03-31,0
2024-07-30,9202,2024-03-31,1,,,,,,,,,,,,,,,,,,,,3569530000000,1052627000000,0.293,2222.03,1044508000000,,,,,,,,,,,,true,false,12,2023-04-01,2024-03-31,-1
2024-07-30,9202,2024-03-31,1,,,,,,,,,,,,,,,,,,,,,,,,,,,,,50.00,,,,484293561,14224644,,false,false,12,2023-04-01,2024-03-31,-1
2024-07-30,9202,2025-03-31,1,,,,,,,,,,,,,,,,,,,,,,,,,,,,,50.00,,,,,,,false,true,12,2024-04-01,2025-03-31,0
2024-07-30,9202,2025-03-31,1,,,,,,,,,,,,,,,,,,,,,,,,,,,,,,,,,484293561,14248858,470051610,false,false,3,2024-04-01,2024-06-30,0
2024-07-30,9202,2024-03-31,1,,,,,,,,,,,,,,,,,,,,,,,,,,,,,,,,,,,468415735,false,false,3,2023-04-01,2023-06-30,-1
2024-10-31,9202,2025-03-31,2,1099587000000,0.097,,,,,108374000000,-0.165,112383000000,-0.117,,80778000000,,171.85,152.44,,,,,3496768000000,1061179000000,0.301,2236.35,1051113000000,,,,,,,,,,,,true,false,6,2024-04-01,2024-09-30,0
2024-10-31,9202,2024-03-31,2,1002729000000,0.268,,,,,129737000000,3.126,127330000000,3.211,,93206000000,,199.17,179.24,,,,,,,,,,,,,,,,,,,,,true,false,6,2023-04-01,2023-09-30,-1
2024-10-31,9202,2025-03-31,2,2220000000000,0.080,,,,,170000000000,-0.182,170000000000,-0.181,,120000000000,,255.31,,,,,,,,,,,,,,,,,,,,,,true,true,12,2024-04-01,2025-03-31,0
2024-10-31,9202,2024-03-31,2,,,,,,,,,,,,,,,,,,,,3569530000000,1052627000000,0.293,2222.03,1044508000000,,,,,,,,,,,,true,false,12,2023-04-01,2024-03-31,-1
2024-10-31,9202,2024-03-31,2,,,,,,,,,,,,,,,,,,,,,,,,,,,,,50.00,,,,484293561,14224644,,false,false,12,2023-04-01,2024-03-31,-1
2024-10-31,9202,2025-03-31,2,,,,,,,,,,,,,,,,,,,,,,,,,,,,,50.00,,,,,,,false,true,12,2024-04-01,2025-03-31,0
2024-10-31,9202,2025-03-31,2,,,,,,,,,,,,,,,,,,,,,,,,,,,,,,,,,484293561,14281104,470037428,false,false,6,2024-04-01,2024-09-30,0
2024-10-31,9202,2024-03-31,2,,,,,,,,,,,,,,,,,,,,,,,,,,,,,,,,,,,467979207,false,false,6,2023-04-01,2023-09-30,-1
2025-02-03,9202,2025-03-31,3,1702784000000,0.103,,,,,171160000000,-0.185,181589000000,-0.123,,134030000000,,285.16,254.06,,,,,3582247000000,1149281000000,0.318,2425.13,1139791000000,,,,,,,,,,,,true,false,9,2024-04-01,2024-12-31,0
2025-02-03,9202,2024-03-31,3,1543581000000,0.226,,,,,210114000000,1.123,207133000000,1.243,,148949000000,,317.99,286.20,,,,,,,,,,,,,,,,,,,,,true,false,9,2023-04-01,2023-12-31,-1
2025-02-03,9202,2025-03-31,3,2255000000000,0.097,,,,,180000000000,-0.134,190000000000,-0.085,,140000000000,,297.86,,,,,,,,,,,,,,,,,,,,,,true,true,12,2024-04-01,2025-03-31,0
2025-02-03,9202,2024-03-31,3,,,,,,,,,,,,,,,,,,,,3569530000000,1052627000000,0.293,2222.03,1044508000000,,,,,,,,,,,,true,false,12,2023-04-01,2024-03-31,-1
2025-02-03,9202,2024-03-31,3,,,,,,,,,,,,,,,,,,,,,,,,,,,,,50.00,,,,484293561,14224644,,false,false,12,2023-04-01,2024-03-31,-1
2025-02-03,9202,2025-03-31,3,,,,,,,,,,,,,,,,,,,,,,,,,,,,,50.00,,,,,,,false,true,12,2024-04-01,2025-03-31,0
2025-02-03,9202,2025-03-31,3,,,,,,,,,,,,,,,,,,,,,,,,,,,,,,,,,484293561,14302242,470024730,false,false,9,2024-04-01,2024-12-31,0
2025-02-03,9202,2024-03-31,3,,,,,,,,,,,,,,,,,,,,,,,,,,,,,,,,,,,468405012,false,false,9,2023-04-01,2023-12-31,-1
2025-04-30,9202,2025-03-31,,2261856000000,0.100,,,,,196639000000,-0.054,200086000000,-0.036,,153027000000,,325.58,290.72,0.141,0.056,0.087,,3620297000000,1140095000000,0.312,2405.12,1130317000000,373034000000,-343656000000,-170154000000,862718000000,,0.184,,,,,,true,false,12,2024-04-01,2025-03-31,0
2025-04-30,9202,2024-03-31,,2055928000000,0.204,,,,,207911000000,0.732,207656000000,0.857,,157097000000,,335.09,301.62,0.165,0.060,0.101,,3569530000000,1052627000000,0.293,2222.03,1044508000000,420622000000,-399525000000,-136045000000,1002512000000,,0.149,,,,,,true,false,12,2023-04-01,2024-03-31,-1
2025-04-30,9202,2026-03-31,,2370000000000,0.048,,,,,185000000000,-0.059,175000000000,-0.125,,122000000000,,259.63,,,,,,,,,,,,,,,,0.231,,,,,,true,true,12,2025-04-01,2026-03-31,1
2025-04-30,9202,2025-03-31,,211066000000,0.055,,,,,46136000000,0.233,41284000000,0.539,30200000000,,1.216,64.24,57.36,,,,,2791675000000,1297906000000,0.465,2760.95,1297906000000,,,,,60.00,,,,484293561,14330534,470012439,false,false,12,2024-04-01,2025-03-31,0
2025-04-30,9202,2024-03-31,,199972000000,0.024,,,,,37426000000,0.069,26821000000,0.106,13629000000,,-0.282,29.06,26.16,,,,,2952349000000,1306963000000,0.443,2779.59,1306963000000,,,,,50.00,,,,484293561,14224644,468822972,false,false,12,2023-04-01,2024-03-31,-1
2025-04-30,9202,2026-03-31,,,,,,,,,,,,,,,,,,,,,,,,,,,,,,60.00,,,,,,,false,true,12,2025-04-01,2026-03-31,1
2025-07-29,9202,2026-03-31,1,548701000000,0.062,,,,,36786000000,0.212,35919000000,-0.025,,22953000000,,48.84,43.90,,,,,3664251000000,1122646000000,0.304,2367.18,1112446000000,,,,,,,,,,,,true,false,3,2025-04-01,2025-06-30,0
2025-07-29,9202,2025-03-31,1,516775000000,0.121,,,,,30354000000,-0.307,36822000000,-0.149,,24712000000,,52.57,46.85,,,,,,,,,,,,,,,,,,,,,true,false,3,2024-04-01,2024-06-30,-1
2025-07-29,9202,2026-03-31,1,2370000000000,0.048,,,,,185000000000,-0.059,175000000000,-0.125,,122000000000,,259.62,,,,,,,,,,,,,,,,,,,,,,true,true,12,2025-04-01,2026-03-31,0
2025-07-29,9202,2025-03-31,1,,,,,,,,,,,,,,,,,,,,3620297000000,1140095000000,0.312,2405.12,1130317000000,,,,,,,,,,,,true,false,12,2024-04-01,2025-03-31,-1
2025-07-29,9202,2025-03-31,1,,,,,,,,,,,,,,,,,,,,,,,,,,,,,60.00,,,,484293561,14330534,,false,false,12,2024-04-01,2025-03-31,-1
2025-07-29,9202,2026-03-31,1,,,,,,,,,,,,,,,,,,,,,,,,,,,,,60.00,,,,,,,false,true,12,2025-04-01,2026-03-31,0
2025-07-29,9202,2026-03-31,1,,,,,,,,,,,,,,,,,,,,,,,,,,,,,,,,,484293561,14347053,469952710,false,false,3,2025-04-01,2025-06-30,0
2025-07-29,9202,2025-03-31,1,,,,,,,,,,,,,,,,,,,,,,,,,,,,,,,,,,,470051610,false,false,3,2024-04-01,2024-06-30,-1
