filing_date,code,fiscal_year_end,quarterly_period,net_sales,net_sales_change,revenue,revenue_change,operating_revenue,operating_revenue_change,operating_profit,operating_profit_change,ordinary_profit,ordinary_profit_change,net_income,net_income_of_parent,net_income_change,eps,diluted_eps,roe,roa,operating_profit_to_net_sales,operating_profit_to_revenue,total_assets,net_assets,equity_ratio,bps,owner_equity,operating_cash_flow,investing_cash_flow,financing_cash_flow,cash,dividend_per_share,payout_ratio,commemorative_dividend,extra_dividend,number_of_shares,number_of_treqsury_shares,avg_number_of_shares,is_consolidated,is_forecast,duration,period_start,period_end,period_pos
2015-07-31,92060,2016-03-31,1,8071000000,0.006,,,,,-54000000,,220000000,,218000000,,,76.33,,,,,,19988000000,2372000000,0.119,,2372000000,,,,,,,,,2865640,102,2865538,false,false,3,2015-04-01,2015-06-30,0
2015-07-31,92060,2015-03-31,1,8025000000,0.125,,,,,-423000000,,-368000000,,-372000000,,,-129.87,,,,,,,,,,,,,,,,,,,,,2865627,false,false,3,2014-04-01,2014-06-30,-1
2015-07-31,92060,2016-03-31,1,34100000000,-0.018,,,,,380000000,0.538,1180000000,0.309,820000000,,0.902,286.10,,,,,,,,,,,,,,,0.00,,,,,,,false,true,12,2015-04-01,2016-03-31,0
2015-07-31,92060,2015-03-31,1,,,,,,,,,,,,,,,,,,,,21543000000,2110000000,0.098,,2110000000,,,,,0.00,,,,2865640,102,,false,false,12,2014-04-01,2015-03-31,-1
2015-10-30,92060,2016-03-31,2,17249000000,0.005,,,,,724000000,,1246000000,,1108000000,,,386.97,,,,,,20198000000,2874000000,0.142,,2874000000,,,,,,,,,2865640,102,2865538,false,false,6,2015-04-01,2015-09-30,0
2015-10-30,92060,2015-03-31,2,17156000000,0.071,,,,,-330000000,,-160000000,,-189000000,,,-66.26,,,,,,,,,,,,,,,,,,,,,2865616,false,false,6,2014-04-01,2014-09-30,-1
2015-10-30,92060,2016-03-31,2,34500000000,-0.007,,,,,970000000,2.925,1680000000,0.863,1420000000,,2.293,495.54,,,,,,,,,,,,,,,0.00,,,,,,,false,true,12,2015-04-01,2016-03-31,0
2015-10-30,92060,2015-03-31,2,,,,,,,,,,,,,,,,,,,,21543000000,2110000000,0.098,,2110000000,,,,,0.00,,,,2865640,102,,false,false,12,2014-04-01,2015-03-31,-1
2016-01-29,92060,2016-03-31,3,26004000000,-0.002,,,,,1436000000,,2061000000,7.507,1784000000,,,622.58,,,,,,20252000000,3386000000,0.167,,3386000000,,,,,,,,,2865640,137,2865536,false,false,9,2015-04-01,2015-12-31,0
2016-01-29,92060,2015-03-31,3,26047000000,0.063,,,,,-191000000,,242000000,,155000000,,,54.17,,,,,,,,,,,,,,,,,,,,,2865606,false,false,9,2014-04-01,2014-12-31,-1
2016-01-29,92060,2016-03-31,3,34500000000,-0.007,,,,,1620000000,5.559,2300000000,1.553,2290000000,,4.313,799.15,,,,,,,,,,,,,,,0.00,,,,,,,false,true,12,2015-04-01,2016-03-31,0
2016-01-29,92060,2015-03-31,3,,,,,,,,,,,,,,,,,,,,21543000000,2110000000,0.098,,2110000000,,,,,0.00,,,,2865640,102,,false,false,12,2014-04-01,2015-03-31,-1
2016-04-28,92060,2016-03-31,,34451000000,-0.008,,,,,2032000000,7.222,2650000000,1.940,2558000000,,4.934,892.92,,0.806,0.127,0.059,,20051000000,4240000000,0.211,1479.71,4240000000,4286000000,-306000000,-2809000000,3942000000,20.00,0.022,20.00,,2865640,137,2865528,false,false,12,2015-04-01,2016-03-31,0
2016-04-28,92060,2015-03-31,,34734000000,0.052,,,,,247000000,,901000000,,431000000,,,150.47,,0.214,0.039,0.007,,21543000000,2110000000,0.098,736.62,2110000000,1235000000,-41000000,-2056000000,2784000000,0.00,,,,2865640,102,2865600,false,false,12,2014-04-01,2015-03-31,-1
2016-04-28,92060,2017-03-31,,33300000000,-0.033,,,,,1300000000,-0.360,1300000000,-0.510,510000000,,-0.801,177.98,,,,,,,,,,,,,,,0.00,,,,,,,false,true,12,2016-04-01,2017-03-31,1
2016-07-29,92060,2017-03-31,1,7765000000,-0.038,,,,,588000000,,530000000,1.402,448000000,,1.050,156.50,,,,,,18923000000,4611000000,0.244,,4611000000,,,,,,,,,2865640,137,2865503,false,false,3,2016-04-01,2016-06-30,0
2016-07-29,92060,2016-03-31,1,8071000000,0.006,,,,,-54000000,,220000000,,218000000,,,76.33,,,,,,,,,,,,,,,,,,,,,2865538,false,false,3,2015-04-01,2015-06-30,-1
2016-07-29,92060,2017-03-31,1,33300000000,-0.033,,,,,2700000000,0.329,2500000000,-0.057,1400000000,,-0.453,488.57,,,,,,,,,,,,,,,0.00,,,,,,,false,true,12,2016-04-01,2017-03-31,0
2016-07-29,92060,2016-03-31,1,,,,,,,,,,,,,,,,,,,,20051000000,4240000000,0.211,,4240000000,,,,,20.00,,,,2865640,137,,false,false,12,2015-04-01,2016-03-31,-1
2016-10-28,92060,2017-03-31,2,16844000000,-0.023,,,,,2027000000,1.799,1898000000,0.524,1349000000,,0.217,470.84,,,,,,20053000000,5456000000,0.272,,5456000000,,,,,,,,,2865640,137,2865503,false,false,6,2016-04-01,2016-09-30,0
2016-10-28,92060,2016-03-31,2,17249000000,0.005,,,,,724000000,,1246000000,,1108000000,,,386.97,,,,,,,,,,,,,,,,,,,,,2865538,false,false,6,2015-04-01,2015-09-30,-1
2016-10-28,92060,2017-03-31,2,33300000000,-0.033,,,,,2700000000,0.329,2500000000,-0.057,1400000000,,-0.453,488.57,,,,,,,,,,,,,,,0.00,,,,,,,false,true,12,2016-04-01,2017-03-31,0
2016-10-28,92060,2016-03-31,2,,,,,,,,,,,,,,,,,,,,20051000000,4240000000,0.211,,4240000000,,,,,20.00,,,,2865640,137,,false,false,12,2015-04-01,2016-03-31,-1
2016-10-28,92060,2017-03-31,2,,,,,,,,,,,,,,,,,,,,,,,,,,,,,0.00,,,,,,,false,false,12,2016-04-01,2017-03-31,0
2017-01-31,92060,2017-03-31,3,25905000000,-0.004,,,,,2775000000,0.933,2702000000,0.311,1740000000,,-0.024,607.49,,,,,,21217000000,6371000000,0.300,,6371000000,,,,,,,,,2865640,137,2865503,false,false,9,2016-04-01,2016-12-31,0
2017-01-31,92060,2016-03-31,3,26004000000,-0.002,,,,,1436000000,,2061000000,7.507,1784000000,,,622.58,,,,,,,,,,,,,,,,,,,,,2865536,false,false,9,2015-04-01,2015-12-31,-1
2017-01-31,92060,2017-03-31,3,33300000000,-0.033,,,,,2700000000,0.329,2500000000,-0.057,1400000000,,-0.453,488.57,,,,,,,,,,,,,,,0.00,,,,,,,false,true,12,2016-04-01,2017-03-31,0
2017-01-31,92060,2016-03-31,3,,,,,,,,,,,,,,,,,,,,20051000000,4240000000,0.211,,4240000000,,,,,20.00,,,,2865640,137,,false,false,12,2015-04-01,2016-03-31,-1
2017-01-31,92060,2017-03-31,3,,,,,,,,,,,,,,,,,,,,,,,,,,,,,0.00,,,,,,,false,false,12,2016-04-01,2017-03-31,0
2017-04-28,92060,2017-03-31,,34886000000,0.013,,,,,3058000000,0.505,2985000000,0.126,1931000000,,-0.245,673.90,,0.367,0.142,0.088,,22000000000,6287000000,0.286,2194.07,6287000000,4477000000,-1907000000,-1589000000,4930000000,20.00,0.030,20.00,,2865640,137,2865503,false,false,12,2016-04-01,2017-03-31,0
2017-04-28,92060,2016-03-31,,34451000000,-0.008,,,,,2032000000,7.222,2650000000,1.940,2558000000,,4.934,892.92,,0.806,0.127,0.059,,20051000000,4240000000,0.211,1479.71,4240000000,4286000000,-306000000,-2809000000,3942000000,20.00,0.022,,,2865640,137,2865528,false,false,12,2015-04-01,2016-03-31,-1
2017-04-28,92060,2018-03-31,,37000000000,0.061,,,,,2000000000,-0.346,2000000000,-0.330,1000000000,,-0.482,348.98,,,,,,,,,,,,,,,0.00,,,,,,,false,true,12,2017-04-01,2018-03-31,1
2017-07-28,92060,2018-03-31,1,8872000000,0.143,,,,,557000000,-0.053,545000000,0.030,348000000,,-0.223,121.55,,,,,,21462000000,6399000000,0.298,,6399000000,,,,,,,,,2865640,137,2865503,false,false,3,2017-04-01,2017-06-30,0
2017-07-28,92060,2017-03-31,1,7765000000,-0.038,,,,,588000000,,530000000,1.402,448000000,,1.050,156.50,,,,,,,,,,,,,,,,,,,,,2865503,false,false,3,2016-04-01,2016-06-30,-1
2017-07-28,92060,2018-03-31,1,37000000000,0.061,,,,,2000000000,-0.346,2000000000,-0.330,1000000000,,-0.482,348.98,,,,,,,,,,,,,,,0.00,,,,,,,false,true,12,2017-04-01,2018-03-31,0
2017-07-28,92060,2017-03-31,1,,,,,,,,,,,,,,,,,,,,22000000000,6287000000,0.286,,6287000000,,,,,20.00,,,,2865640,137,,false,false,12,2016-04-01,2017-03-31,-1
2017-10-31,92060,2018-03-31,2,18963000000,0.126,,,,,1930000000,-0.048,1908000000,0.005,1198000000,,-0.112,418.09,,,,,,23067000000,7529000000,0.326,,7529000000,,,,,,,,,2865640,137,2865503,false,false,6,2017-04-01,2017-09-30,0
2017-10-31,92060,2017-03-31,2,16844000000,-0.023,,,,,2027000000,1.799,1898000000,0.524,1349000000,,0.217,470.84,,,,,,,,,,,,,,,,,,,,,2865503,false,false,6,2016-04-01,2016-09-30,-1
2017-10-31,92060,2018-03-31,2,37700000000,0.081,,,,,2800000000,-0.084,2700000000,-0.096,1600000000,,-0.171,558.37,,,,,,,,,,,,,,,20.00,,,,,,,false,true,12,2017-04-01,2018-03-31,0
2017-10-31,92060,2017-03-31,2,,,,,,,,,,,,,,,,,,,,22000000000,6287000000,0.286,,6287000000,,,,,20.00,,,,2865640,137,,false,false,12,2016-04-01,2017-03-31,-1
2017-10-31,92060,2018-03-31,2,,,,,,,,,,,,,,,,,,,,,,,,,,,,,0.00,,,,,,,false,false,12,2017-04-01,2018-03-31,0
2018-01-31,92060,2018-03-31,3,28729000000,0.109,,,,,2779000000,0.001,2734000000,0.012,1850000000,,0.063,645.96,,,,,,23580000000,8413000000,0.357,,8413000000,,,,,,,,,2865640,137,2865503,false,false,9,2017-04-01,2017-12-31,0
2018-01-31,92060,2017-03-31,3,25905000000,-0.004,,,,,2775000000,0.933,2702000000,0.311,1740000000,,-0.024,607.49,,,,,,,,,,,,,,,,,,,,,2865503,false,false,9,2016-04-01,2016-12-31,-1
2018-01-31,92060,2018-03-31,3,37700000000,0.081,,,,,2800000000,-0.084,2700000000,-0.096,1600000000,,-0.171,558.37,,,,,,,,,,,,,,,20.00,,,,,,,false,true,12,2017-04-01,2018-03-31,0
2018-01-31,92060,2017-03-31,3,,,,,,,,,,,,,,,,,,,,22000000000,6287000000,0.286,,6287000000,,,,,20.00,,,,2865640,137,,false,false,12,2016-04-01,2017-03-31,-1
2018-01-31,92060,2018-03-31,3,,,,,,,,,,,,,,,,,,,,,,,,,,,,,0.00,,,,,,,false,false,12,2017-04-01,2018-03-31,0
2018-04-27,92060,2018-03-31,,38095000000,0.092,,,,,2870000000,-0.062,2733000000,-0.084,1878000000,,-0.027,655.71,,0.261,0.117,0.075,,24783000000,8116000000,0.328,2832.67,8116000000,4932000000,-1438000000,-1038000000,7342000000,20.00,0.031,,,2865640,224,2865495,false,false,12,2017-04-01,2018-03-31,0
2018-04-27,92060,2017-03-31,,34886000000,0.013,,,,,3058000000,0.505,2985000000,0.126,1931000000,,-0.245,673.90,,0.367,0.142,0.088,,22000000000,6287000000,0.286,2194.07,6287000000,4477000000,-1907000000,-1589000000,4930000000,20.00,0.030,,,2865640,137,2865503,false,false,12,2016-04-01,2017-03-31,-1
2018-04-27,92060,2019-03-31,,39700000000,0.042,,,,,1200000000,-0.582,1100000000,-0.598,1000000000,,-0.468,348.99,,,,,,,,,,,,,,,10.00,0.029,,,,,,false,true,12,2018-04-01,2019-03-31,1
2018-07-31,92060,2019-03-31,1,8973000000,0.011,,,,,-56000000,,-67000000,,-170000000,,,-59.34,,,,,,26471000000,8349000000,0.315,,8349000000,,,,,,,,,2865640,224,2865416,false,false,3,2018-04-01,2018-06-30,0
2018-07-31,92060,2018-03-31,1,8872000000,0.143,,,,,557000000,-0.053,545000000,0.030,348000000,,-0.223,121.55,,,,,,,,,,,,,,,,,,,,,2865503,false,false,3,2017-04-01,2017-06-30,-1
2018-07-31,92060,2019-03-31,1,39700000000,0.042,,,,,1200000000,-0.582,1100000000,-0.598,1000000000,,-0.468,348.99,,,,,,,,,,,,,,,10.00,,,,,,,false,true,12,2018-04-01,2019-03-31,0
2018-07-31,92060,2018-03-31,1,,,,,,,,,,,,,,,,,,,,24783000000,8116000000,0.328,,8116000000,,,,,20.00,,,,2865640,224,,false,false,12,2017-04-01,2018-03-31,-1
2018-10-31,92060,2019-03-31,2,19509000000,0.029,,,,,964000000,-0.500,993000000,-0.479,481000000,,-0.598,168.11,,,,,,28651000000,9109000000,0.318,,9109000000,,,,,,,,,2865640,224,2865416,false,false,6,2018-04-01,2018-09-30,0
2018-10-31,92060,2018-03-31,2,18963000000,0.126,,,,,1930000000,-0.048,1908000000,0.005,1198000000,,-0.112,418.09,,,,,,,,,,,,,,,,,,,,,2865503,false,false,6,2017-04-01,2017-09-30,-1
2018-10-31,92060,2019-03-31,2,39700000000,0.042,,,,,1200000000,-0.582,1100000000,-0.598,1000000000,,-0.468,348.99,,,,,,,,,,,,,,,10.00,,,,,,,false,true,12,2018-04-01,2019-03-31,0
2018-10-31,92060,2018-03-31,2,,,,,,,,,,,,,,,,,,,,24783000000,8116000000,0.328,,8116000000,,,,,20.00,,,,2865640,224,,false,false,12,2017-04-01,2018-03-31,-1
2018-10-31,92060,2019-03-31,2,,,,,,,,,,,,,,,,,,,,,,,,,,,,,0.00,,,,,,,false,false,12,2018-04-01,2019-03-31,0
2019-01-31,92060,2019-03-31,3,29808000000,0.038,,,,,1309000000,-0.529,1242000000,-0.546,577000000,,-0.688,201.69,,,,,,27434000000,8171000000,0.298,,8171000000,,,,,,,,,2865640,272,2865414,false,false,9,2018-04-01,2018-12-31,0
2019-01-31,92060,2018-03-31,3,28729000000,0.109,,,,,2779000000,0.001,2734000000,0.012,1850000000,,0.063,645.96,,,,,,,,,,,,,,,,,,,,,2865503,false,false,9,2017-04-01,2017-12-31,-1
2019-01-31,92060,2019-03-31,3,39700000000,0.042,,,,,1200000000,-0.582,1100000000,-0.598,1000000000,,-0.468,348.99,,,,,,,,,,,,,,,10.00,,,,,,,false,true,12,2018-04-01,2019-03-31,0
2019-01-31,92060,2018-03-31,3,,,,,,,,,,,,,,,,,,,,24783000000,8116000000,0.328,,8116000000,,,,,20.00,,,,2865640,224,,false,false,12,2017-04-01,2018-03-31,-1
2019-01-31,92060,2019-03-31,3,,,,,,,,,,,,,,,,,,,,,,,,,,,,,0.00,,,,,,,false,false,12,2018-04-01,2019-03-31,0
2019-05-08,92060,2019-03-31,,39937000000,0.048,,,,,1264000000,-0.560,1250000000,-0.542,513000000,,-0.727,179.03,,0.062,0.047,0.032,,28087000000,8537000000,0.304,2979.56,8537000000,265000000,-4845000000,2726000000,5528000000,10.00,0.056,,,2865640,272,2865402,false,false,12,2018-04-01,2019-03-31,0
2019-05-08,92060,2018-03-31,,38095000000,0.092,,,,,2870000000,-0.062,2733000000,-0.084,1878000000,,-0.027,655.71,,0.261,0.117,0.075,,24783000000,8116000000,0.328,2832.67,8116000000,4932000000,-1438000000,-1038000000,7342000000,20.00,0.031,,,2865640,224,2865495,false,false,12,2017-04-01,2018-03-31,-1
2019-05-08,92060,2020-03-31,,42400000000,0.062,,,,,1100000000,-0.130,1000000000,-0.200,400000000,,-0.220,139.60,,,,,,,,,,,,,,,10.00,0.072,,,,,,false,true,12,2019-04-01,2020-03-31,1
2019-07-31,92060,2020-03-31,1,9679000000,0.079,,,,,116000000,,73000000,,-50000000,,,-17.54,,,,,,26709000000,8225000000,0.308,,8225000000,,,,,,,,,2865640,272,2865368,false,false,3,2019-04-01,2019-06-30,0
2019-07-31,92060,2019-03-31,1,8973000000,0.011,,,,,-56000000,,-67000000,,-170000000,,,-59.34,,,,,,,,,,,,,,,,,,,,,2865416,false,false,3,2018-04-01,2018-06-30,-1
2019-07-31,92060,2020-03-31,1,42400000000,0.062,,,,,1100000000,-0.130,1000000000,-0.200,400000000,,-0.220,139.60,,,,,,,,,,,,,,,10.00,,,,,,,false,true,12,2019-04-01,2020-03-31,0
2019-07-31,92060,2019-03-31,1,,,,,,,,,,,,,,,,,,,,28087000000,8537000000,0.304,,8537000000,,,,,10.00,,,,2865640,272,,false,false,12,2018-04-01,2019-03-31,-1
2019-10-31,92060,2020-03-31,2,20245000000,0.038,,,,,745000000,-0.227,740000000,-0.255,687000000,,0.427,239.87,,,,,,27947000000,8886000000,0.318,,8886000000,,,,,,,,,2865640,316,2865358,false,false,6,2019-04-01,2019-09-30,0
2019-10-31,92060,2019-03-31,2,19509000000,0.029,,,,,964000000,-0.500,993000000,-0.479,481000000,,-0.598,168.11,,,,,,,,,,,,,,,,,,,,,2865416,false,false,6,2018-04-01,2018-09-30,-1
2019-10-31,92060,2020-03-31,2,42400000000,0.062,,,,,1100000000,-0.130,1000000000,-0.200,400000000,,-0.220,139.60,,,,,,,,,,,,,,,10.00,,,,,,,false,true,12,2019-04-01,2020-03-31,0
2019-10-31,92060,2019-03-31,2,,,,,,,,,,,,,,,,,,,,28087000000,8537000000,0.304,,8537000000,,,,,10.00,,,,2865640,272,,false,false,12,2018-04-01,2019-03-31,-1
2019-10-31,92060,2020-03-31,2,,,,,,,,,,,,,,,,,,,,,,,,,,,,,0.00,,,,,,,false,false,12,2019-04-01,2020-03-31,0
2020-01-31,92060,2020-03-31,3,31112000000,0.044,,,,,684000000,-0.478,697000000,-0.439,449000000,,-0.222,156.84,,,,,,27647000000,8952000000,0.324,,8952000000,,,,,,,,,2865640,316,2865347,false,false,9,2019-04-01,2019-12-31,0
2020-01-31,92060,2019-03-31,3,29808000000,0.038,,,,,1309000000,-0.529,1242000000,-0.546,577000000,,-0.688,201.69,,,,,,,,,,,,,,,,,,,,,2865414,false,false,9,2018-04-01,2018-12-31,-1
2020-01-31,92060,2020-03-31,3,42400000000,0.062,,,,,1100000000,-0.130,1000000000,-0.200,400000000,,-0.220,139.60,,,,,,,,,,,,,,,10.00,,,,,,,false,true,12,2019-04-01,2020-03-31,0
2020-01-31,92060,2019-03-31,3,,,,,,,,,,,,,,,,,,,,28087000000,8537000000,0.304,,8537000000,,,,,10.00,,,,2865640,272,,false,false,12,2018-04-01,2019-03-31,-1
2020-01-31,92060,2020-03-31,3,,,,,,,,,,,,,,,,,,,,,,,,,,,,,0.00,,,,,,,false,false,12,2019-04-01,2020-03-31,0
2020-04-30,92060,2020-03-31,,40416000000,0.012,,,,,3000000,-0.997,46000000,-0.963,-400000000,,,-139.91,,-0.052,0.002,0.000,,29474000000,6754000000,0.229,2357.32,6754000000,4895000000,-1915000000,1231000000,9716000000,0.00,,,,2865640,316,2865341,false,false,12,2019-04-01,2020-03-31,0
2020-04-30,92060,2019-03-31,,39937000000,0.048,,,,,1264000000,-0.560,1250000000,-0.542,513000000,,-0.727,179.03,,0.062,0.047,0.032,,28087000000,8537000000,0.304,2979.56,8537000000,265000000,-4845000000,2726000000,5528000000,10.00,0.056,,,2865640,272,2865402,false,false,12,2018-04-01,2019-03-31,-1
2020-04-30,92060,2021-03-31,,,,,,,,,,,,,,,,,,,,,,,,,,,,,,0.00,,,,,,,false,true,12,2020-04-01,2021-03-31,1
2020-07-31,92060,2021-03-31,1,3183000000,-0.671,,,,,-3635000000,,-3672000000,,-3773000000,,,-1317.04,,,,,,26235000000,3264000000,0.124,,3264000000,,,,,,,,,2865640,357,2865311,false,false,3,2020-04-01,2020-06-30,0
2020-07-31,92060,2020-03-31,1,9679000000,0.079,,,,,116000000,,73000000,,-50000000,,,-17.54,,,,,,,,,,,,,,,,,,,,,2865368,false,false,3,2019-04-01,2019-06-30,-1
2020-07-31,92060,2020-03-31,1,,,,,,,,,,,,,,,,,,,,29474000000,6754000000,0.229,,6754000000,,,,,0.00,,,,2865640,316,,false,false,12,2019-04-01,2020-03-31,-1
2020-07-31,92060,2021-03-31,1,,,,,,,,,,,,,,,,,,,,,,,,,,,,,0.00,,,,,,,false,true,12,2020-04-01,2021-03-31,0
2020-10-30,92060,2021-03-31,2,7851000000,-0.612,,,,,-6341000000,,-6464000000,,-6411000000,,,-2237.57,,,,,,27332000000,777000000,0.028,,777000000,,,,,,,,,2865640,357,2865297,false,false,6,2020-04-01,2020-09-30,0
2020-10-30,92060,2020-03-31,2,20245000000,0.038,,,,,745000000,-0.227,740000000,-0.255,687000000,,0.427,239.87,,,,,,,,,,,,,,,,,,,,,2865358,false,false,6,2019-04-01,2019-09-30,-1
2020-10-30,92060,2020-03-31,2,,,,,,,,,,,,,,,,,,,,29474000000,6754000000,0.229,,6754000000,,,,,0.00,,,,2865640,316,,false,false,12,2019-04-01,2020-03-31,-1
2020-10-30,92060,2021-03-31,2,,,,,,,,,,,,,,,,,,,,,,,,,,,,,0.00,,,,,,,false,false,12,2020-04-01,2021-03-31,0
2020-10-30,92060,2021-03-31,2,,,,,,,,,,,,,,,,,,,,,,,,,,,,,0.00,,,,,,,false,true,12,2020-04-01,2021-03-31,0
2021-01-29,92060,2021-03-31,3,13883000000,-0.554,,,,,-7555000000,,-7734000000,,-7507000000,,,-2620.11,,,,,,26854000000,94000000,0.004,,94000000,,,,,,,,,2865640,358,2865292,false,false,9,2020-04-01,2020-12-31,0
2021-01-29,92060,2020-03-31,3,31112000000,0.044,,,,,684000000,-0.478,697000000,-0.439,449000000,,-0.222,156.84,,,,,,,,,,,,,,,,,,,,,2865347,false,false,9,2019-04-01,2019-12-31,-1
2021-01-29,92060,2021-03-31,3,18000000000,-0.555,,,,,-10400000000,,-10600000000,,-10300000000,,,-3594.75,,,,,,,,,,,,,,,0.00,,,,,,,false,true,12,2020-04-01,2021-03-31,0
2021-01-29,92060,2020-03-31,3,,,,,,,,,,,,,,,,,,,,29474000000,6754000000,0.229,,6754000000,,,,,0.00,,,,2865640,316,,false,false,12,2019-04-01,2020-03-31,-1
2021-01-29,92060,2021-03-31,3,,,,,,,,,,,,,,,,,,,,,,,,,,,,,0.00,,,,,,,false,false,12,2020-04-01,2021-03-31,0
2021-04-30,92060,2021-03-31,,18295000000,-0.547,,,,,-11239000000,,-11356000000,,-10067000000,,,-3513.61,,-1.547,-0.365,-0.614,,32769000000,6281000000,0.191,-607.77,6258000000,-3720000000,520000000,9035000000,15584000000,0.00,,,,2865640,358,2865290,false,false,12,2020-04-01,2021-03-31,0
2021-04-30,92060,2020-03-31,,40416000000,0.012,,,,,3000000,-0.997,46000000,-0.963,-400000000,,,-139.91,,-0.052,0.002,0.000,,29474000000,6754000000,0.229,2357.32,6754000000,4895000000,-1915000000,1231000000,9716000000,0.00,,,,2865640,316,2865341,false,false,12,2019-04-01,2020-03-31,-1
2021-07-30,92060,2022-03-31,1,4227000000,0.328,,,,,-1916000000,,-1897000000,,-1581000000,,,-552.02,,,,,,26906000000,4221000000,0.156,,4198000000,,,,,,,,,2865640,358,2865282,false,false,3,2021-04-01,2021-06-30,0
2021-07-30,92060,2021-03-31,1,3183000000,-0.671,,,,,-3635000000,,-3672000000,,-3773000000,,,-1317.04,,,,,,,,,,,,,,,,,,,,,2865311,false,false,3,2020-04-01,2020-06-30,-1
2021-07-30,92060,2021-03-31,1,,,,,,,,,,,,,,,,,,,,32769000000,6281000000,0.191,,6258000000,,,,,0.00,,,,2865640,358,,false,false,12,2020-04-01,2021-03-31,-1
2021-10-29,9206,2022-03-31,2,9148000000,0.165,,,,,-3661000000,,-3632000000,,-2698000000,,,-941.79,,,,,,23708000000,3035000000,0.127,,3012000000,,,,,,,,,2865640,358,2865282,false,false,6,2021-04-01,2021-09-30,0
2021-10-29,9206,2021-03-31,2,7851000000,-0.612,,,,,-6341000000,,-6464000000,,-6411000000,,,-2237.57,,,,,,,,,,,,,,,,,,,,,2865297,false,false,6,2020-04-01,2020-09-30,-1
2021-10-29,9206,2021-03-31,2,,,,,,,,,,,,,,,,,,,,32769000000,6281000000,0.191,,6258000000,,,,,0.00,,,,2865640,358,,false,false,12,2020-04-01,2021-03-31,-1
2021-10-29,9206,2022-03-31,2,,,,,,,,,,,,,,,,,,,,,,,,,,,,,0.00,,,,,,,false,false,12,2021-04-01,2022-03-31,0
2022-01-31,9206,2022-03-31,3,15387000000,0.108,,,,,-4194000000,,-4056000000,,-3069000000,,,-1071.29,,,,,,20744000000,2551000000,0.122,,2528000000,,,,,,,,,2865640,358,2865282,false,false,9,2021-04-01,2021-12-31,0
2022-01-31,9206,2021-03-31,3,13883000000,-0.554,,,,,-7555000000,,-7734000000,,-7507000000,,,-2620.11,,,,,,,,,,,,,,,,,,,,,2865292,false,false,9,2020-04-01,2020-12-31,-1
2022-01-31,9206,2021-03-31,3,,,,,,,,,,,,,,,,,,,,32769000000,6281000000,0.191,,6258000000,,,,,0.00,,,,2865640,358,,false,false,12,2020-04-01,2021-03-31,-1
2022-01-31,9206,2022-03-31,3,,,,,,,,,,,,,,,,,,,,,,,,,,,,,0.00,,,,,,,false,false,12,2021-04-01,2022-03-31,0
2022-02-16,92060,2022-03-31,,20500000000,,,,,,-6000000000,,-5800000000,,-4700000000,,,-1640.33,,,,,,,,,,,,,,,,,,,,,,false,true,12,2021-04-01,2022-03-31,0
2022-02-16,92060,2021-03-31,,18295000000,,,,,,-11239000000,,-11356000000,,-10067000000,,,-3513.61,,,,,,,,,,,,,,,,,,,,,,false,false,12,2020-04-01,2021-03-31,-1
2022-04-28,9206,2022-03-31,,21131000000,0.155,,,,,-6465000000,,-6054000000,,-4986000000,,,-1734.98,,-1.313,-0.229,-0.306,,20089000000,1357000000,0.067,-2314.48,1336000000,-5229000000,1075000000,-5722000000,5722000000,0.00,,,,3008840,358,2873913,false,false,12,2021-04-01,2022-03-31,0
2022-04-28,9206,2021-03-31,,18295000000,-0.547,,,,,-11239000000,,-11356000000,,-10067000000,,,-3513.61,,-1.547,-0.365,-0.614,,32769000000,6281000000,0.191,-607.77,6258000000,-3720000000,520000000,9035000000,15584000000,0.00,,,,2865640,358,2865290,false,false,12,2020-04-01,2021-03-31,-1
2022-07-29,9206,2023-03-31,1,6789000000,0.606,,,,,-1713000000,,-1448000000,,-1415000000,,,-468.99,,,,,,21125000000,1198000000,0.056,,1182000000,,,,,,,,,3309440,358,3018392,false,false,3,2022-04-01,2022-06-30,0
2022-07-29,9206,2022-03-31,1,4227000000,0.328,,,,,-1916000000,,-1897000000,,-1581000000,,,-552.02,,,,,,,,,,,,,,,,,,,,,2865282,false,false,3,2021-04-01,2021-06-30,-1
2022-07-29,9206,2022-03-31,1,,,,,,,,,,,,,,,,,,,,20089000000,1357000000,0.067,,1336000000,,,,,0.00,,,,3008840,358,,false,false,12,2021-04-01,2022-03-31,-1
2022-10-31,9206,2023-03-31,2,14743000000,0.612,,,,,-2736000000,,-2318000000,,-2277000000,,,-715.66,,,,,,21648000000,479000000,0.022,,466000000,,,,,,,,,3508840,358,3181965,false,false,6,2022-04-01,2022-09-30,0
2022-10-31,9206,2022-03-31,2,9148000000,0.165,,,,,-3661000000,,-3632000000,,-2698000000,,,-941.79,,,,,,,,,,,,,,,,,,,,,2865282,false,false,6,2021-04-01,2021-09-30,-1
2022-10-31,9206,2022-03-31,2,,,,,,,,,,,,,,,,,,,,20089000000,1357000000,0.067,,1336000000,,,,,0.00,,,,3008840,358,,false,false,12,2021-04-01,2022-03-31,-1
2022-10-31,9206,2023-03-31,2,,,,,,,,,,,,,,,,,,,,,,,,,,,,,0.00,,,,,,,false,false,12,2022-04-01,2023-03-31,0
2023-01-31,9206,2023-03-31,3,23396000000,0.520,,,,,-1424000000,,-837000000,,-835000000,,,-253.83,,,,,,20519000000,654000000,0.031,,641000000,,,,,,,,,3508840,358,3291200,false,false,9,2022-04-01,2022-12-31,0
2023-01-31,9206,2022-03-31,3,15387000000,0.108,,,,,-4194000000,,-4056000000,,-3069000000,,,-1071.29,,,,,,,,,,,,,,,,,,,,,2865282,false,false,9,2021-04-01,2021-12-31,-1
2023-01-31,9206,2022-03-31,3,,,,,,,,,,,,,,,,,,,,20089000000,1357000000,0.067,,1336000000,,,,,0.00,,,,3008840,358,,false,false,12,2021-04-01,2022-03-31,-1
2023-01-31,9206,2023-03-31,3,,,,,,,,,,,,,,,,,,,,,,,,,,,,,0.00,,,,,,,false,false,12,2022-04-01,2023-03-31,0
2023-04-28,9206,2023-03-31,,32275000000,0.527,,,,,-1317000000,,-704000000,,73000000,,,21.88,20.66,0.047,-0.034,-0.041,,21370000000,1759000000,0.081,-1953.40,1746000000,122000000,-159000000,-356000000,5388000000,0.00,,,,3508840,358,3344776,false,false,12,2022-04-01,2023-03-31,0
2023-04-28,9206,2022-03-31,,21131000000,0.155,,,,,-6465000000,,-6054000000,,-4986000000,,,-1734.98,,-1.313,-0.229,-0.306,,20089000000,1357000000,0.067,-2314.48,1336000000,-5229000000,1075000000,-5722000000,5722000000,0.00,,,,3008840,358,2873913,false,false,12,2021-04-01,2022-03-31,-1
2023-04-28,9206,2024-03-31,,37850000000,0.173,,,,,780000000,,1240000000,,1230000000,,,367.74,,,,,,,,,,,,,,,,,,,,,,false,true,12,2023-04-01,2024-03-31,1
2023-07-31,9206,2024-03-31,1,8841000000,0.302,,,,,-2151000000,,-2034000000,,-1894000000,,,-539.93,,,,,,20698000000,449000000,0.021,,436000000,,,,,,,,,3508840,358,3508482,false,false,3,2023-04-01,2023-06-30,0
2023-07-31,9206,2023-03-31,1,6789000000,0.606,,,,,-1713000000,,-1448000000,,-1415000000,,,-468.99,,,,,,,,,,,,,,,,,,,,,3018392,false,false,3,2022-04-01,2022-06-30,-1
2023-07-31,9206,2024-03-31,1,37850000000,0.173,,,,,780000000,,1240000000,,1230000000,,,367.74,,,,,,,,,,,,,,,,,,,,,,false,true,12,2023-04-01,2024-03-31,0
2023-07-31,9206,2023-03-31,1,,,,,,,,,,,,,,,,,,,,21370000000,1759000000,0.081,,1746000000,,,,,0.00,,,,3508840,358,,false,false,12,2022-04-01,2023-03-31,-1
2023-10-31,9206,2024-03-31,2,19005000000,0.289,,,,,-1709000000,,-1310000000,,-1271000000,,,-362.33,,,,,,21923000000,1431000000,0.065,,1418000000,,,,,,,,,3508840,397,3508464,false,false,6,2023-04-01,2023-09-30,0
2023-10-31,9206,2023-03-31,2,14743000000,0.612,,,,,-2736000000,,-2318000000,,-2277000000,,,-715.66,,,,,,,,,,,,,,,,,,,,,3181965,false,false,6,2022-04-01,2022-09-30,-1
2023-10-31,9206,2024-03-31,2,37850000000,0.173,,,,,780000000,,1240000000,,1230000000,,,367.74,,,,,,,,,,,,,,,,,,,,,,false,true,12,2023-04-01,2024-03-31,0
2023-10-31,9206,2023-03-31,2,,,,,,,,,,,,,,,,,,,,21370000000,1759000000,0.081,,1746000000,,,,,0.00,,,,3508840,358,,false,false,12,2022-04-01,2023-03-31,-1
2023-10-31,9206,2024-03-31,2,,,,,,,,,,,,,,,,,,,,,,,,,,,,,0.00,,,,,,,false,false,12,2023-04-01,2024-03-31,0
2024-01-31,9206,2024-03-31,3,29613000000,0.266,,,,,-254000000,,306000000,,118000000,,,33.77,31.60,,,,,21246000000,2119000000,0.099,,2106000000,,,,,,,,,3508840,397,3508457,false,false,9,2023-04-01,2023-12-31,0
2024-01-31,9206,2023-03-31,3,23396000000,0.520,,,,,-1424000000,,-837000000,,-835000000,,,-253.83,,,,,,,,,,,,,,,,,,,,,3291200,false,false,9,2022-04-01,2022-12-31,-1
2024-01-31,9206,2024-03-31,3,37850000000,0.173,,,,,780000000,,1240000000,,1230000000,,,367.74,,,,,,,,,,,,,,,,,,,,,,false,true,12,2023-04-01,2024-03-31,0
2024-01-31,9206,2023-03-31,3,,,,,,,,,,,,,,,,,,,,21370000000,1759000000,0.081,,1746000000,,,,,0.00,,,,3508840,358,,false,false,12,2022-04-01,2023-03-31,-1
2024-01-31,9206,2024-03-31,3,,,,,,,,,,,,,,,,,,,,,,,,,,,,,0.00,,,,,,,false,false,12,2023-04-01,2024-03-31,0
2024-04-17,92060,2024-03-31,,39954000000,0.056,,,,,25000000,-0.968,995000000,-0.198,847000000,,-0.311,241.52,,,,,,,,,,,,,,,,,,,,,,false,true,12,2023-04-01,2024-03-31,0
2024-04-17,92060,2023-03-31,,32275000000,,,,,,-1317000000,,-704000000,,73000000,,,21.88,,,,,,,,,,,,,,,,,,,,,,false,false,12,2022-04-01,2023-03-31,-1
2024-04-17,92060,2024-03-31,,40019000000,0.057,,,,,90000000,-0.885,1060000000,-0.145,912000000,,-0.259,260.10,,,,,,,,,,,,,,,,,,,,,,false,true,12,2023-04-01,2024-03-31,0
2024-04-17,92060,2023-03-31,,32275000000,,,,,,-1317000000,,-704000000,,73000000,,,21.88,,,,,,,,,,,,,,,,,,,,,,false,false,12,2022-04-01,2023-03-31,-1
2024-04-30,9206,2024-03-31,,40019000000,0.240,,,,,90000000,,1060000000,,912000000,,,260.10,243.38,0.368,0.047,0.002,,23553000000,3219000000,0.136,-1632.96,3206000000,529000000,-267000000,2168000000,7852000000,0.00,,,,3508840,399,3508453,false,false,12,2023-04-01,2024-03-31,0
2024-04-30,9206,2023-03-31,,32275000000,0.527,,,,,-1317000000,,-704000000,,73000000,,,21.88,20.66,0.047,-0.034,-0.041,,21370000000,1759000000,0.081,-1953.40,1746000000,122000000,-159000000,-356000000,5388000000,0.00,,,,3508840,358,3344776,false,false,12,2022-04-01,2023-03-31,-1
2024-04-30,9206,2025-03-31,,42690000000,0.067,,,,,1210000000,,1720000000,0.622,1370000000,,0.501,390.49,,,,,,,,,,,,,,,,,,,,,,false,true,12,2024-04-01,2025-03-31,1
2024-07-31,9206,2025-03-31,1,10068000000,0.139,,,,,-854000000,,-441000000,,-598000000,,,-169.26,,,,,,24278000000,2676000000,0.110,,2663000000,,,,,,,,,3598015,399,3537839,false,false,3,2024-04-01,2024-06-30,0
2024-07-31,9206,2024-03-31,1,8841000000,0.302,,,,,-2151000000,,-2034000000,,-1894000000,,,-539.93,,,,,,,,,,,,,,,,,,,,,3508482,false,false,3,2023-04-01,2023-06-30,-1
2024-07-31,9206,2025-03-31,1,42690000000,0.067,,,,,1210000000,,1720000000,0.622,1370000000,,0.501,390.49,,,,,,,,,,,,,,,,,,,,,,false,true,12,2024-04-01,2025-03-31,0
2024-07-31,9206,2024-03-31,1,,,,,,,,,,,,,,,,,,,,23553000000,3219000000,0.136,,3206000000,,,,,0.00,,,,3508840,399,,false,false,12,2023-04-01,2024-03-31,-1
2024-10-31,9206,2025-03-31,2,20873000000,0.098,,,,,312000000,,641000000,,664000000,,,186.29,175.40,,,,,22967000000,2943000000,0.128,,2930000000,,,,,,,,,3600390,399,3568748,false,false,6,2024-04-01,2024-09-30,0
2024-10-31,9206,2024-03-31,2,19005000000,0.289,,,,,-1709000000,,-1310000000,,-1271000000,,,-362.33,,,,,,,,,,,,,,,,,,,,,3508464,false,false,6,2023-04-01,2023-09-30,-1
2024-10-31,9206,2025-03-31,2,42440000000,0.060,,,,,630000000,5.941,1120000000,0.056,970000000,,0.063,271.80,,,,,,,,,,,,,,,,,,,,,,false,true,12,2024-04-01,2025-03-31,0
2024-10-31,9206,2024-03-31,2,,,,,,,,,,,,,,,,,,,,23553000000,3219000000,0.136,,3206000000,,,,,0.00,,,,3508840,399,,false,false,12,2023-04-01,2024-03-31,-1
2024-10-31,9206,2025-03-31,2,,,,,,,,,,,,,,,,,,,,,,,,,,,,,0.00,,,,,,,false,false,12,2024-04-01,2025-03-31,0
2025-01-31,9206,2025-03-31,3,32056000000,0.083,,,,,1422000000,,2114000000,5.887,2022000000,,,565.13,534.30,,,,,23901000000,4872000000,0.203,,4859000000,,,,,,,,,3600390,399,3579200,false,false,9,2024-04-01,2024-12-31,0
2025-01-31,9206,2024-03-31,3,29613000000,0.266,,,,,-254000000,,306000000,,118000000,,,33.77,31.60,,,,,,,,,,,,,,,,,,,,3508457,false,false,9,2023-04-01,2023-12-31,-1
2025-01-31,9206,2025-03-31,3,42980000000,0.074,,,,,2130000000,,2820000000,1.659,2640000000,,1.893,737.60,,,,,,,,,,,,,,,,,,,,,,false,true,12,2024-04-01,2025-03-31,0
2025-01-31,9206,2024-03-31,3,,,,,,,,,,,,,,,,,,,,23553000000,3219000000,0.136,,3206000000,,,,,0.00,,,,3508840,399,,false,false,12,2023-04-01,2024-03-31,-1
2025-01-31,9206,2025-03-31,3,,,,,,,,,,,,,,,,,,,,,,,,,,,,,0.00,,,,,,,false,false,12,2024-04-01,2025-03-31,0
2025-04-30,9206,2025-03-31,,42900000000,0.072,,,,,1230000000,,1933000000,0.823,1923000000,,1.108,536.66,508.51,0.514,0.080,0.029,,24531000000,4293000000,0.174,-1337.19,4280000000,5272000000,-427000000,-2648000000,10013000000,0.00,,,,3600390,443,3584326,false,false,12,2024-04-01,2025-03-31,0
2025-04-30,9206,2024-03-31,,40019000000,0.240,,,,,90000000,,1060000000,,912000000,,,260.10,243.38,0.368,0.047,0.002,,23553000000,3219000000,0.136,-1632.96,3206000000,529000000,-267000000,2168000000,7852000000,0.00,,,,3508840,399,3508453,false,false,12,2023-04-01,2024-03-31,-1
2025-04-30,9206,2026-03-31,,45410000000,0.058,,,,,2150000000,0.747,2140000000,0.107,1760000000,,-0.085,488.90,,,,,,,,,,,,,,,,,,,,,,false,true,12,2025-04-01,2026-03-31,1
2025-07-31,9206,2026-03-31,1,10391000000,0.032,,,,,-40000000,,-74000000,,98000000,,,26.29,25.55,,,,,24819000000,4285000000,0.172,,4274000000,,,,,,,,,3780390,443,3730496,false,false,3,2025-04-01,2025-06-30,0
2025-07-31,9206,2025-03-31,1,10068000000,0.139,,,,,-854000000,,-441000000,,-598000000,,,-169.26,,,,,,,,,,,,,,,,,,,,,3537839,false,false,3,2024-04-01,2024-06-30,-1
2025-07-31,9206,2026-03-31,1,45410000000,0.058,,,,,2150000000,0.747,2140000000,0.107,1760000000,,-0.085,488.90,,,,,,,,,,,,,,,,,,,,,,false,true,12,2025-04-01,2026-03-31,0
2025-07-31,9206,2025-03-31,1,,,,,,,,,,,,,,,,,,,,24531000000,4293000000,0.174,,4280000000,,,,,0.00,,,,3600390,443,,false,false,12,2024-04-01,2025-03-31,-1
