filing_date,code,fiscal_year_end,quarterly_period,net_sales,net_sales_change,revenue,revenue_change,operating_revenue,operating_revenue_change,operating_profit,operating_profit_change,ordinary_profit,ordinary_profit_change,net_income,net_income_of_parent,net_income_change,eps,diluted_eps,roe,roa,operating_profit_to_net_sales,operating_profit_to_revenue,total_assets,net_assets,equity_ratio,bps,owner_equity,operating_cash_flow,investing_cash_flow,financing_cash_flow,cash,dividend_per_share,payout_ratio,commemorative_dividend,extra_dividend,number_of_shares,number_of_treqsury_shares,avg_number_of_shares,is_consolidated,is_forecast,duration,period_start,period_end,period_pos
2015-07-31,93010,2016-03-31,1,,,,,51251000000,0.042,2665000000,-0.169,3658000000,-0.136,,2638000000,,15.06,,,,,,433546000000,268258000000,0.613,,265600000000,,,,,,,,,,,,true,false,3,2015-04-01,2015-06-30,0
2015-07-31,93010,2015-03-31,1,,,,,49162000000,0.018,3208000000,0.221,4234000000,0.246,,2795000000,,15.95,,,,,,,,,,,,,,,,,,,,,,true,false,3,2014-04-01,2014-06-30,-1
2015-07-31,93010,2016-03-31,1,,,,,107000000000,0.078,6200000000,0.101,7350000000,0.024,,4850000000,,27.68,,,,,,,,,,,,,,,,,,,,,,true,true,6,2015-04-01,2015-09-30,0
2015-07-31,93010,2016-03-31,1,,,,,218000000000,0.067,12700000000,0.109,15000000000,0.038,,9600000000,,54.79,,,,,,,,,,,,,,,,,,,,,,true,true,12,2015-04-01,2016-03-31,0
2015-07-31,93010,2015-03-31,1,,,,,,,,,,,,,,,,,,,,433041000000,263089000000,0.602,,260555000000,,,,,,,,,,,,true,false,12,2014-04-01,2015-03-31,-1
2015-07-31,93010,2015-03-31,1,,,,,,,,,,,,,,,,,,,,,,,,,,,,,12.00,,,,175921478,698107,,false,false,12,2014-04-01,2015-03-31,-1
2015-07-31,93010,2016-03-31,1,,,,,,,,,,,,,,,,,,,,,,,,,,,,,12.00,,,,,,,false,true,12,2015-04-01,2016-03-31,0
2015-07-31,93010,2016-03-31,1,,,,,,,,,,,,,,,,,,,,,,,,,,,,,,,,,175921478,700610,175221644,false,false,3,2015-04-01,2015-06-30,0
2015-07-31,93010,2015-03-31,1,,,,,,,,,,,,,,,,,,,,,,,,,,,,,,,,,,,175244263,false,false,3,2014-04-01,2014-06-30,-1
2015-10-30,93010,2016-03-31,2,,,,,104386000000,0.052,5641000000,0.002,6952000000,-0.031,,5111000000,,29.17,,,,,,419685000000,259617000000,0.612,,256966000000,,,,,,,,,,,,true,false,6,2015-04-01,2015-09-30,0
2015-10-30,93010,2015-03-31,2,,,,,99225000000,0.019,5629000000,-0.019,7176000000,0.055,,4524000000,,25.82,,,,,,,,,,,,,,,,,,,,,,true,false,6,2014-04-01,2014-09-30,-1
2015-10-30,93010,2016-03-31,2,,,,,215000000000,0.052,11700000000,0.022,14000000000,-0.032,,9500000000,,54.22,,,,,,,,,,,,,,,,,,,,,,true,true,12,2015-04-01,2016-03-31,0
2015-10-30,93010,2015-03-31,2,,,,,,,,,,,,,,,,,,,,433041000000,263089000000,0.602,,260555000000,,,,,,,,,,,,true,false,12,2014-04-01,2015-03-31,-1
2015-10-30,93010,2015-03-31,2,,,,,,,,,,,,,,,,,,,,,,,,,,,,,12.00,,,,175921478,698107,,false,false,12,2014-04-01,2015-03-31,-1
2015-10-30,93010,2016-03-31,2,,,,,,,,,,,,,,,,,,,,,,,,,,,,,6.00,,,,,,,false,false,12,2015-04-01,2016-03-31,0
2015-10-30,93010,2016-03-31,2,,,,,,,,,,,,,,,,,,,,,,,,,,,,,12.00,,,,,,,false,true,12,2015-04-01,2016-03-31,0
2015-10-30,93010,2016-03-31,2,,,,,,,,,,,,,,,,,,,,,,,,,,,,,,,,,175921478,706819,175219868,false,false,6,2015-04-01,2015-09-30,0
2015-10-30,93010,2015-03-31,2,,,,,,,,,,,,,,,,,,,,,,,,,,,,,,,,,,,175241923,false,false,6,2014-04-01,2014-09-30,-1
2016-01-29,93010,2016-03-31,3,,,,,156999000000,0.036,8761000000,0.010,10786000000,-0.042,,7918000000,,45.19,,,,,,425524000000,264651000000,0.616,,262014000000,,,,,,,,,,,,true,false,9,2015-04-01,2015-12-31,0
2016-01-29,93010,2015-03-31,3,,,,,151548000000,0.031,8675000000,-0.023,11255000000,0.052,,7812000000,,44.58,,,,,,,,,,,,,,,,,,,,,,true,false,9,2014-04-01,2014-12-31,-1
2016-01-29,93010,2016-03-31,3,,,,,215000000000,0.052,11700000000,0.022,14000000000,-0.032,,9500000000,,54.22,,,,,,,,,,,,,,,,,,,,,,true,true,12,2015-04-01,2016-03-31,0
2016-01-29,93010,2015-03-31,3,,,,,,,,,,,,,,,,,,,,433041000000,263089000000,0.602,,260555000000,,,,,,,,,,,,true,false,12,2014-04-01,2015-03-31,-1
2016-01-29,93010,2015-03-31,3,,,,,,,,,,,,,,,,,,,,,,,,,,,,,12.00,,,,175921478,698107,,false,false,12,2014-04-01,2015-03-31,-1
2016-01-29,93010,2016-03-31,3,,,,,,,,,,,,,,,,,,,,,,,,,,,,,6.00,,,,,,,false,false,12,2015-04-01,2016-03-31,0
2016-01-29,93010,2016-03-31,3,,,,,,,,,,,,,,,,,,,,,,,,,,,,,12.00,,,,,,,false,true,12,2015-04-01,2016-03-31,0
2016-01-29,93010,2016-03-31,3,,,,,,,,,,,,,,,,,,,,,,,,,,,,,,,,,175921478,711299,175217646,false,false,9,2015-04-01,2015-12-31,0
2016-01-29,93010,2015-03-31,3,,,,,,,,,,,,,,,,,,,,,,,,,,,,,,,,,,,175239324,false,false,9,2014-04-01,2014-12-31,-1
2016-04-28,93010,2016-03-31,,,,,,206831000000,0.012,11309000000,-0.012,14025000000,-0.030,,9350000000,,53.37,,0.036,0.033,,,413264000000,257524000000,0.617,1455.06,254940000000,17246000000,-7032000000,-7927000000,45658000000,,0.225,,,,,,true,false,12,2015-04-01,2016-03-31,0
2016-04-28,93010,2015-03-31,,,,,,204362000000,0.031,11449000000,-0.058,14456000000,0.024,,9133000000,,52.12,,0.037,0.035,,,433041000000,263089000000,0.602,1486.99,260555000000,20691000000,-20562000000,1638000000,43276000000,,0.230,,,,,,true,false,12,2014-04-01,2015-03-31,-1
2016-04-28,93010,2017-03-31,,,,,,105500000000,0.011,5800000000,0.028,7000000000,0.007,,5200000000,,29.68,,,,,,,,,,,,,,,,,,,,,,true,true,6,2016-04-01,2016-09-30,1
2016-04-28,93010,2017-03-31,,,,,,215000000000,0.039,12100000000,0.070,14800000000,0.055,,9600000000,,54.79,,,,,,,,,,,,,,,,0.256,,,,,,true,true,12,2016-04-01,2017-03-31,1
2016-04-28,93010,2016-03-31,,,,,,144391000000,0.019,8783000000,0.094,11492000000,0.056,8149000000,,0.106,46.49,,,,,,363588000000,234989000000,0.646,1340.67,234989000000,,,,,12.00,,,,175921478,712459,175215576,false,false,12,2015-04-01,2016-03-31,0
2016-04-28,93010,2015-03-31,,,,,,141638000000,0.018,8025000000,-0.094,10880000000,-0.010,7369000000,,-0.054,42.04,,,,,,381937000000,240665000000,0.630,1372.94,240665000000,,,,,12.00,,,,175921478,698107,175234711,false,false,12,2014-04-01,2015-03-31,-1
2016-04-28,93010,2017-03-31,,,,,,72100000000,-0.007,4600000000,0.080,6200000000,0.042,4700000000,,-0.009,26.81,,,,,,,,,,,,,,,,,,,,,,false,true,6,2016-04-01,2016-09-30,1
2016-04-28,93010,2017-03-31,,,,,,150000000000,0.039,9600000000,0.093,12200000000,0.062,8300000000,,0.018,47.35,,,,,,,,,,,,,,,14.00,,,,,,,false,true,12,2016-04-01,2017-03-31,1
2016-07-29,93010,2017-03-31,1,,,,,49268000000,-0.039,3219000000,0.208,4176000000,0.142,,2413000000,,13.77,,,,,,404557000000,254852000000,0.624,,252297000000,,,,,,,,,,,,true,false,3,2016-04-01,2016-06-30,0
2016-07-29,93010,2016-03-31,1,,,,,51251000000,0.042,2665000000,-0.169,3658000000,-0.136,,2638000000,,15.06,,,,,,,,,,,,,,,,,,,,,,true,false,3,2015-04-01,2015-06-30,-1
2016-07-29,93010,2017-03-31,1,,,,,105500000000,0.011,5800000000,0.028,7000000000,0.007,,5200000000,,29.68,,,,,,,,,,,,,,,,,,,,,,true,true,6,2016-04-01,2016-09-30,0
2016-07-29,93010,2017-03-31,1,,,,,215000000000,0.039,12100000000,0.070,14800000000,0.055,,9600000000,,54.79,,,,,,,,,,,,,,,,,,,,,,true,true,12,2016-04-01,2017-03-31,0
2016-07-29,93010,2016-03-31,1,,,,,,,,,,,,,,,,,,,,413264000000,257524000000,0.617,,254940000000,,,,,,,,,,,,true,false,12,2015-04-01,2016-03-31,-1
2016-07-29,93010,2016-03-31,1,,,,,,,,,,,,,,,,,,,,,,,,,,,,,12.00,,,,175921478,712459,,false,false,12,2015-04-01,2016-03-31,-1
2016-07-29,93010,2017-03-31,1,,,,,,,,,,,,,,,,,,,,,,,,,,,,,14.00,,,,,,,false,true,12,2016-04-01,2017-03-31,0
2016-07-29,93010,2017-03-31,1,,,,,,,,,,,,,,,,,,,,,,,,,,,,,,,,,175921478,714954,175207470,false,false,3,2016-04-01,2016-06-30,0
2016-07-29,93010,2016-03-31,1,,,,,,,,,,,,,,,,,,,,,,,,,,,,,,,,,,,175221644,false,false,3,2015-04-01,2015-06-30,-1
2016-10-31,93010,2017-03-31,2,,,,,97636000000,-0.065,6258000000,0.109,7656000000,0.101,,5062000000,,28.89,,,,,,411670000000,260381000000,0.626,,257849000000,,,,,,,,,,,,true,false,6,2016-04-01,2016-09-30,0
2016-10-31,93010,2016-03-31,2,,,,,104386000000,0.052,5641000000,0.002,6952000000,-0.031,,5111000000,,29.17,,,,,,,,,,,,,,,,,,,,,,true,false,6,2015-04-01,2015-09-30,-1
2016-10-31,93010,2017-03-31,2,,,,,215000000000,0.039,12100000000,0.070,14800000000,0.055,,9600000000,,54.79,,,,,,,,,,,,,,,,,,,,,,true,true,12,2016-04-01,2017-03-31,0
2016-10-31,93010,2016-03-31,2,,,,,,,,,,,,,,,,,,,,413264000000,257524000000,0.617,,254940000000,,,,,,,,,,,,true,false,12,2015-04-01,2016-03-31,-1
2016-10-31,93010,2016-03-31,2,,,,,,,,,,,,,,,,,,,,,,,,,,,,,12.00,,,,175921478,712459,,false,false,12,2015-04-01,2016-03-31,-1
2016-10-31,93010,2017-03-31,2,,,,,,,,,,,,,,,,,,,,,,,,,,,,,6.00,,,,,,,false,false,12,2016-04-01,2017-03-31,0
2016-10-31,93010,2017-03-31,2,,,,,,,,,,,,,,,,,,,,,,,,,,,,,14.00,,,,,,,false,true,12,2016-04-01,2017-03-31,0
2016-10-31,93010,2017-03-31,2,,,,,,,,,,,,,,,,,,,,,,,,,,,,,,,,,175921478,719108,175206453,false,false,6,2016-04-01,2016-09-30,0
2016-10-31,93010,2016-03-31,2,,,,,,,,,,,,,,,,,,,,,,,,,,,,,,,,,,,175219868,false,false,6,2015-04-01,2015-09-30,-1
2017-01-31,93010,2017-03-31,3,,,,,155407000000,-0.010,10984000000,0.254,13191000000,0.223,,9011000000,,51.43,,,,,,430817000000,273866000000,0.630,,271330000000,,,,,,,,,,,,true,false,9,2016-04-01,2016-12-31,0
2017-01-31,93010,2016-03-31,3,,,,,156999000000,0.036,8761000000,0.010,10786000000,-0.042,,7918000000,,45.19,,,,,,,,,,,,,,,,,,,,,,true,false,9,2015-04-01,2015-12-31,-1
2017-01-31,93010,2017-03-31,3,,,,,215000000000,0.039,12100000000,0.070,14800000000,0.055,,9600000000,,54.79,,,,,,,,,,,,,,,,,,,,,,true,true,12,2016-04-01,2017-03-31,0
2017-01-31,93010,2016-03-31,3,,,,,,,,,,,,,,,,,,,,413264000000,257524000000,0.617,,254940000000,,,,,,,,,,,,true,false,12,2015-04-01,2016-03-31,-1
2017-01-31,93010,2016-03-31,3,,,,,,,,,,,,,,,,,,,,,,,,,,,,,12.00,,,,175921478,712459,,false,false,12,2015-04-01,2016-03-31,-1
2017-01-31,93010,2017-03-31,3,,,,,,,,,,,,,,,,,,,,,,,,,,,,,6.00,,,,,,,false,false,12,2016-04-01,2017-03-31,0
2017-01-31,93010,2017-03-31,3,,,,,,,,,,,,,,,,,,,,,,,,,,,,,14.00,,,,,,,false,true,12,2016-04-01,2017-03-31,0
2017-01-31,93010,2017-03-31,3,,,,,,,,,,,,,,,,,,,,,,,,,,,,,,,,,175921478,724982,175204285,false,false,9,2016-04-01,2016-12-31,0
2017-01-31,93010,2016-03-31,3,,,,,,,,,,,,,,,,,,,,,,,,,,,,,,,,,,,175217646,false,false,9,2015-04-01,2015-12-31,-1
2017-04-28,93010,2017-03-31,,,,,,208718000000,0.009,12748000000,0.127,16056000000,0.145,,10665000000,,60.88,,0.040,0.038,,,435354000000,276870000000,0.630,1565.27,274223000000,21466000000,-22270000000,-7819000000,36921000000,,0.230,,,,,,true,false,12,2016-04-01,2017-03-31,0
2017-04-28,93010,2016-03-31,,,,,,206831000000,0.012,11309000000,-0.012,14025000000,-0.030,,9350000000,,53.37,,0.036,0.033,,,413264000000,257524000000,0.617,1455.06,254940000000,17246000000,-7032000000,-7927000000,45658000000,,0.225,,,,,,true,false,12,2015-04-01,2016-03-31,-1
2017-04-28,93010,2018-03-31,,,,,,103700000000,0.062,7100000000,0.134,8700000000,0.136,,5800000000,,33.11,,,,,,,,,,,,,,,,,,,,,,true,true,6,2017-04-01,2017-09-30,1
2017-04-28,93010,2018-03-31,,,,,,212000000000,0.016,12900000000,0.012,15500000000,-0.035,,10300000000,,117.58,,,,,,,,,,,,,,,,0.238,,,,,,true,true,12,2017-04-01,2018-03-31,1
2017-04-28,93010,2017-03-31,,,,,,146896000000,0.017,10284000000,0.171,13073000000,0.138,9074000000,,0.113,51.77,,,,,,383730000000,252899000000,0.659,1442.98,252899000000,,,,,14.00,,,,175921478,728344,175201860,false,false,12,2016-04-01,2017-03-31,0
2017-04-28,93010,2016-03-31,,,,,,144391000000,0.019,8783000000,0.094,11492000000,0.056,8149000000,,0.106,46.49,,,,,,363588000000,234989000000,0.646,1340.67,234989000000,,,,,12.00,,,,175921478,712459,175215576,false,false,12,2015-04-01,2016-03-31,-1
2017-04-28,93010,2018-03-31,,,,,,73500000000,0.069,5700000000,0.148,7600000000,0.137,5400000000,,0.198,30.81,,,,,,,,,,,,,,,,,,,,,,false,true,6,2017-04-01,2017-09-30,1
2017-04-28,93010,2018-03-31,,,,,,147800000000,0.006,10300000000,0.002,13100000000,0.002,9100000000,,0.003,103.84,,,,,,,,,,,,,,,14.00,,,,,,,false,true,12,2017-04-01,2018-03-31,1
2017-07-31,93010,2018-03-31,1,,,,,52022000000,0.056,3402000000,0.057,4393000000,0.052,,3155000000,,18.01,,,,,,447238000000,281443000000,0.623,,278802000000,,,,,,,,,,,,true,false,3,2017-04-01,2017-06-30,0
2017-07-31,93010,2017-03-31,1,,,,,49268000000,-0.039,3219000000,0.208,4176000000,0.142,,2413000000,,13.77,,,,,,,,,,,,,,,,,,,,,,true,false,3,2016-04-01,2016-06-30,-1
2017-07-31,93010,2018-03-31,1,,,,,103700000000,0.062,7100000000,0.134,8700000000,0.136,,5800000000,,33.11,,,,,,,,,,,,,,,,,,,,,,true,true,6,2017-04-01,2017-09-30,0
2017-07-31,93010,2018-03-31,1,,,,,212000000000,0.016,12900000000,0.012,15500000000,-0.035,,10300000000,,117.58,,,,,,,,,,,,,,,,,,,,,,true,true,12,2017-04-01,2018-03-31,0
2017-07-31,93010,2017-03-31,1,,,,,,,,,,,,,,,,,,,,435354000000,276870000000,0.630,,274223000000,,,,,,,,,,,,true,false,12,2016-04-01,2017-03-31,-1
2017-07-31,93010,2017-03-31,1,,,,,,,,,,,,,,,,,,,,,,,,,,,,,14.00,,,,175921478,728344,,false,false,12,2016-04-01,2017-03-31,-1
2017-07-31,93010,2018-03-31,1,,,,,,,,,,,,,,,,,,,,,,,,,,,,,14.00,,,,,,,false,true,12,2017-04-01,2018-03-31,0
2017-07-31,93010,2018-03-31,1,,,,,,,,,,,,,,,,,,,,,,,,,,,,,,,,,175921478,730059,175192385,false,false,3,2017-04-01,2017-06-30,0
2017-07-31,93010,2017-03-31,1,,,,,,,,,,,,,,,,,,,,,,,,,,,,,,,,,,,175207470,false,false,3,2016-04-01,2016-06-30,-1
2017-09-07,93010,2018-03-31,,,,,,73500000000,,5700000000,,10100000000,0.329,7900000000,,0.463,45.08,,,,,,,,,,,,,,,,,,,,,,false,true,6,2017-04-01,2017-09-30,0
2017-09-07,93010,2017-03-31,,,,,,68742000000,,4965000000,,6682000000,,4507000000,,,25.72,,,,,,,,,,,,,,,,,,,,,,false,false,6,2016-04-01,2016-09-30,-1
2017-09-07,93010,2018-03-31,,,,,,147800000000,,10300000000,,15600000000,0.191,11600000000,,0.275,132.37,,,,,,,,,,,,,,,,,,,,,,false,true,12,2017-04-01,2018-03-31,0
2017-09-07,93010,2017-03-31,,,,,,146896000000,,10284000000,,13073000000,,9074000000,,,51.77,,,,,,,,,,,,,,,,,,,,,,false,false,12,2016-04-01,2017-03-31,-1
2017-10-31,93010,2018-03-31,2,,,,,105459000000,0.080,6791000000,0.085,9041000000,0.181,,6393000000,,72.98,,,,,,450792000000,288510000000,0.634,,285836000000,,,,,,,,,,,,true,false,6,2017-04-01,2017-09-30,0
2017-10-31,93010,2017-03-31,2,,,,,97636000000,-0.065,6258000000,0.109,7656000000,0.101,,5062000000,,57.79,,,,,,,,,,,,,,,,,,,,,,true,false,6,2016-04-01,2016-09-30,-1
2017-10-31,93010,2018-03-31,2,,,,,212000000000,0.016,12900000000,0.012,15500000000,-0.035,,10300000000,,117.58,,,,,,,,,,,,,,,,,,,,,,true,true,12,2017-04-01,2018-03-31,0
2017-10-31,93010,2017-03-31,2,,,,,,,,,,,,,,,,,,,,435354000000,276870000000,0.630,,274223000000,,,,,,,,,,,,true,false,12,2016-04-01,2017-03-31,-1
2017-10-31,93010,2017-03-31,2,,,,,,,,,,,,,,,,,,,,,,,,,,,,,14.00,,,,87960739,364172,,false,false,12,2016-04-01,2017-03-31,-1
2017-10-31,93010,2018-03-31,2,,,,,,,,,,,,,,,,,,,,,,,,,,,,,7.00,,,,,,,false,false,12,2017-04-01,2018-03-31,0
2017-10-31,93010,2018-03-31,2,,,,,,,,,,,,,,,,,,,,,,,,,,,,,14.00,,,,,,,false,true,12,2017-04-01,2018-03-31,0
2017-10-31,93010,2018-03-31,2,,,,,,,,,,,,,,,,,,,,,,,,,,,,,,,,,87960739,365919,87595785,false,false,6,2017-04-01,2017-09-30,0
2017-10-31,93010,2017-03-31,2,,,,,,,,,,,,,,,,,,,,,,,,,,,,,,,,,,,87603226,false,false,6,2016-04-01,2016-09-30,-1
2018-01-31,93010,2018-03-31,3,,,,,160107000000,0.030,10113000000,-0.079,13437000000,0.019,,9226000000,,105.34,,,,,,465671000000,299424000000,0.637,,296669000000,,,,,,,,,,,,true,false,9,2017-04-01,2017-12-31,0
2018-01-31,93010,2017-03-31,3,,,,,155407000000,-0.010,10984000000,0.254,13191000000,0.223,,9011000000,,102.86,,,,,,,,,,,,,,,,,,,,,,true,false,9,2016-04-01,2016-12-31,-1
2018-01-31,93010,2018-03-31,3,,,,,212000000000,0.016,12900000000,0.012,15500000000,-0.035,,10300000000,,117.58,,,,,,,,,,,,,,,,,,,,,,true,true,12,2017-04-01,2018-03-31,0
2018-01-31,93010,2017-03-31,3,,,,,,,,,,,,,,,,,,,,435354000000,276870000000,0.630,,274223000000,,,,,,,,,,,,true,false,12,2016-04-01,2017-03-31,-1
2018-01-31,93010,2017-03-31,3,,,,,,,,,,,,,,,,,,,,,,,,,,,,,14.00,,,,87960739,364172,,false,false,12,2016-04-01,2017-03-31,-1
2018-01-31,93010,2018-03-31,3,,,,,,,,,,,,,,,,,,,,,,,,,,,,,7.00,,,,,,,false,false,12,2017-04-01,2018-03-31,0
2018-01-31,93010,2018-03-31,3,,,,,,,,,,,,,,,,,,,,,,,,,,,,,14.00,,,,,,,false,true,12,2017-04-01,2018-03-31,0
2018-01-31,93010,2018-03-31,3,,,,,,,,,,,,,,,,,,,,,,,,,,,,,,,,,87960739,367048,87595269,false,false,9,2017-04-01,2017-12-31,0
2018-01-31,93010,2017-03-31,3,,,,,,,,,,,,,,,,,,,,,,,,,,,,,,,,,,,87602142,false,false,9,2016-04-01,2016-12-31,-1
2018-04-27,93010,2018-03-31,,,,,,215407000000,0.032,12421000000,-0.026,16160000000,0.007,,10517000000,,120.07,,0.037,0.036,,,463174000000,294550000000,0.630,3330.71,291747000000,21481000000,-22219000000,3419000000,39580000000,,0.233,,,,,,true,false,12,2017-04-01,2018-03-31,0
2018-04-27,93010,2017-03-31,,,,,,208718000000,0.009,12748000000,0.127,16056000000,0.145,,10665000000,,121.75,,0.040,0.038,,,435354000000,276870000000,0.630,3130.53,274223000000,21466000000,-22270000000,-7819000000,36921000000,,0.230,,,,,,true,false,12,2016-04-01,2017-03-31,-1
2018-04-27,93010,2019-03-31,,,,,,108600000000,0.030,7100000000,0.045,8700000000,-0.038,,5800000000,,66.22,,,,,,,,,,,,,,,,,,,,,,true,true,6,2018-04-01,2018-09-30,1
2018-04-27,93010,2019-03-31,,,,,,224000000000,0.040,13200000000,0.063,16500000000,0.021,,11000000000,,125.58,,,,,,,,,,,,,,,,0.239,,,,,,true,true,12,2018-04-01,2019-03-31,1
2018-04-27,93010,2018-03-31,,,,,,148610000000,0.012,9665000000,-0.060,15382000000,0.177,10701000000,,0.179,122.12,,,,,,413798000000,270422000000,0.654,3086.04,270422000000,,,,,14.00,,,,87960739,367583,87594829,false,false,12,2017-04-01,2018-03-31,0
2018-04-27,93010,2017-03-31,,,,,,146896000000,0.017,10284000000,0.171,13073000000,0.138,9074000000,,0.113,103.55,,,,,,383730000000,252899000000,0.659,2885.95,252899000000,,,,,14.00,,,,87960739,364172,87600929,false,false,12,2016-04-01,2017-03-31,-1
2018-04-27,93010,2019-03-31,,,,,,75000000000,0.020,5400000000,0.010,7700000000,-0.223,5400000000,,-0.314,61.62,,,,,,,,,,,,,,,,,,,,,,false,true,6,2018-04-01,2018-09-30,1
2018-04-27,93010,2019-03-31,,,,,,155000000000,0.043,10000000000,0.035,13700000000,-0.109,9700000000,,-0.094,110.70,,,,,,,,,,,,,,,30.00,,,,,,,false,true,12,2018-04-01,2019-03-31,1
2018-07-31,93010,2019-03-31,1,,,,,54931000000,0.056,3613000000,0.062,4642000000,0.057,,2833000000,,32.34,,,,,,460537000000,296608000000,0.638,,293777000000,,,,,,,,,,,,true,false,3,2018-04-01,2018-06-30,0
2018-07-31,93010,2018-03-31,1,,,,,52022000000,0.056,3402000000,0.057,4393000000,0.052,,3155000000,,36.02,,,,,,,,,,,,,,,,,,,,,,true,false,3,2017-04-01,2017-06-30,-1
2018-07-31,93010,2019-03-31,1,,,,,108600000000,0.030,7100000000,0.045,8700000000,-0.038,,5800000000,,66.22,,,,,,,,,,,,,,,,,,,,,,true,true,6,2018-04-01,2018-09-30,0
2018-07-31,93010,2019-03-31,1,,,,,224000000000,0.040,13200000000,0.063,16500000000,0.021,,11000000000,,125.58,,,,,,,,,,,,,,,,,,,,,,true,true,12,2018-04-01,2019-03-31,0
2018-07-31,93010,2018-03-31,1,,,,,,,,,,,,,,,,,,,,462031000000,294550000000,0.631,,291747000000,,,,,,,,,,,,true,false,12,2017-04-01,2018-03-31,-1
2018-07-31,93010,2018-03-31,1,,,,,,,,,,,,,,,,,,,,,,,,,,,,,14.00,,,,87960739,367583,,false,false,12,2017-04-01,2018-03-31,-1
2018-07-31,93010,2019-03-31,1,,,,,,,,,,,,,,,,,,,,,,,,,,,,,30.00,,,,,,,false,true,12,2018-04-01,2019-03-31,0
2018-07-31,93010,2019-03-31,1,,,,,,,,,,,,,,,,,,,,,,,,,,,,,,,,,87960739,367779,87593055,false,false,3,2018-04-01,2018-06-30,0
2018-07-31,93010,2018-03-31,1,,,,,,,,,,,,,,,,,,,,,,,,,,,,,,,,,,,87596192,false,false,3,2017-04-01,2017-06-30,-1
2018-10-31,93010,2019-03-31,2,,,,,109979000000,0.043,6557000000,-0.034,8917000000,-0.014,,5598000000,,63.91,,,,,,471104000000,305288000000,0.642,,302363000000,,,,,,,,,,,,true,false,6,2018-04-01,2018-09-30,0
2018-10-31,93010,2018-03-31,2,,,,,105459000000,0.080,6791000000,0.085,9041000000,0.181,,6393000000,,72.98,,,,,,,,,,,,,,,,,,,,,,true,false,6,2017-04-01,2017-09-30,-1
2018-10-31,93010,2019-03-31,2,,,,,224000000000,0.040,12500000000,0.006,16500000000,0.021,,11000000000,,125.58,,,,,,,,,,,,,,,,,,,,,,true,true,12,2018-04-01,2019-03-31,0
2018-10-31,93010,2018-03-31,2,,,,,,,,,,,,,,,,,,,,462031000000,294550000000,0.631,,291747000000,,,,,,,,,,,,true,false,12,2017-04-01,2018-03-31,-1
2018-10-31,93010,2018-03-31,2,,,,,,,,,,,,,,,,,,,,,,,,,,,,,14.00,,,,87960739,367583,,false,false,12,2017-04-01,2018-03-31,-1
2018-10-31,93010,2019-03-31,2,,,,,,,,,,,,,,,,,,,,,,,,,,,,,15.00,,,,,,,false,false,12,2018-04-01,2019-03-31,0
2018-10-31,93010,2019-03-31,2,,,,,,,,,,,,,,,,,,,,,,,,,,,,,30.00,,,,,,,false,true,12,2018-04-01,2019-03-31,0
2018-10-31,93010,2019-03-31,2,,,,,,,,,,,,,,,,,,,,,,,,,,,,,,,,,87960739,368140,87592905,false,false,6,2018-04-01,2018-09-30,0
2018-10-31,93010,2018-03-31,2,,,,,,,,,,,,,,,,,,,,,,,,,,,,,,,,,,,87595785,false,false,6,2017-04-01,2017-09-30,-1
2019-01-31,93010,2019-03-31,3,,,,,169011000000,0.056,10205000000,0.009,13961000000,0.039,,8763000000,,100.05,,,,,,466874000000,292516000000,0.620,,289617000000,,,,,,,,,,,,true,false,9,2018-04-01,2018-12-31,0
2019-01-31,93010,2018-03-31,3,,,,,160107000000,0.030,10113000000,-0.079,13437000000,0.019,,9226000000,,105.34,,,,,,,,,,,,,,,,,,,,,,true,false,9,2017-04-01,2017-12-31,-1
2019-01-31,93010,2019-03-31,3,,,,,224000000000,0.040,12500000000,0.006,16500000000,0.021,,11000000000,,125.58,,,,,,,,,,,,,,,,,,,,,,true,true,12,2018-04-01,2019-03-31,0
2019-01-31,93010,2018-03-31,3,,,,,,,,,,,,,,,,,,,,462031000000,294550000000,0.631,,291747000000,,,,,,,,,,,,true,false,12,2017-04-01,2018-03-31,-1
2019-01-31,93010,2018-03-31,3,,,,,,,,,,,,,,,,,,,,,,,,,,,,,14.00,,,,87960739,367583,,false,false,12,2017-04-01,2018-03-31,-1
2019-01-31,93010,2019-03-31,3,,,,,,,,,,,,,,,,,,,,,,,,,,,,,15.00,,,,,,,false,false,12,2018-04-01,2019-03-31,0
2019-01-31,93010,2019-03-31,3,,,,,,,,,,,,,,,,,,,,,,,,,,,,,30.00,,,,,,,false,true,12,2018-04-01,2019-03-31,0
2019-01-31,93010,2019-03-31,3,,,,,,,,,,,,,,,,,,,,,,,,,,,,,,,,,87960739,368526,87592744,false,false,9,2018-04-01,2018-12-31,0
2019-01-31,93010,2018-03-31,3,,,,,,,,,,,,,,,,,,,,,,,,,,,,,,,,,,,87595269,false,false,9,2017-04-01,2017-12-31,-1
,93010,2019-03-31,,,,,,,,,,,,,,,,,,,,,,,,,,,,,,45.00,,,,,,,false,true,12,2018-04-01,2019-03-31,0
,93010,2019-03-31,,,,,,,,,,,,,,,,,,,,,,,,,,,,,,15.00,,,,,,,false,false,12,2018-04-01,2019-03-31,0
,93010,2018-03-31,,,,,,,,,,,,,,,,,,,,,,,,,,,,,,14.00,,,,,,,false,false,12,2017-04-01,2018-03-31,-1
2019-04-26,93010,2019-03-31,,,,,,227185000000,0.055,12660000000,0.019,17333000000,0.073,,11564000000,,132.03,,0.039,0.037,,,482575000000,299104000000,0.614,3381.20,296166000000,23352000000,-31786000000,12066000000,42972000000,,0.341,,,,,,true,false,12,2018-04-01,2019-03-31,0
2019-04-26,93010,2018-03-31,,,,,,215407000000,0.032,12421000000,-0.026,16160000000,0.007,,10517000000,,120.07,,0.037,0.036,,,462031000000,294550000000,0.631,3330.71,291747000000,21481000000,-22219000000,3419000000,39580000000,,0.233,,,,,,true,false,12,2017-04-01,2018-03-31,-1
2019-04-26,93010,2020-03-31,,,,,,115500000000,0.050,6200000000,-0.055,8300000000,-0.069,,6400000000,,73.07,,,,,,,,,,,,,,,,,,,,,,true,true,6,2019-04-01,2019-09-30,1
2019-04-26,93010,2020-03-31,,,,,,232000000000,0.021,11700000000,-0.076,15900000000,-0.083,,12500000000,,142.71,,,,,,,,,,,,,,,,0.420,,,,,,true,true,12,2019-04-01,2020-03-31,1
2019-04-26,93010,2019-03-31,,,,,,157432000000,0.059,9016000000,-0.067,14619000000,-0.050,10125000000,,-0.054,115.55,,,,,,433462000000,274400000000,0.633,3131.47,274400000000,,,,,45.00,,,,87960739,368700,87592599,false,false,12,2018-04-01,2019-03-31,0
2019-04-26,93010,2018-03-31,,,,,,148610000000,0.012,9665000000,-0.060,15382000000,0.177,10701000000,,0.179,122.12,,,,,,412693000000,270422000000,0.655,3086.04,270422000000,,,,,14.00,,,,87960739,367583,87594829,false,false,12,2017-04-01,2018-03-31,-1
2019-04-26,93010,2020-03-31,,,,,,,,,,,,,,,,,,,,,,,,,,,,,,60.00,,,,,,,false,true,12,2019-04-01,2020-03-31,1
2019-07-31,93010,2020-03-31,1,,,,,57883000000,0.054,3266000000,-0.096,5046000000,0.087,,3019000000,,34.58,,,,,,468032000000,293107000000,0.620,,290169000000,,,,,,,,,,,,true,false,3,2019-04-01,2019-06-30,0
2019-07-31,93010,2019-03-31,1,,,,,54931000000,0.056,3613000000,0.062,4642000000,0.057,,2833000000,,32.34,,,,,,,,,,,,,,,,,,,,,,true,false,3,2018-04-01,2018-06-30,-1
2019-07-31,93010,2020-03-31,1,,,,,115500000000,0.050,6200000000,-0.055,8300000000,-0.069,,6400000000,,73.73,,,,,,,,,,,,,,,,,,,,,,true,true,6,2019-04-01,2019-09-30,0
2019-07-31,93010,2020-03-31,1,,,,,232000000000,0.021,11700000000,-0.076,15900000000,-0.083,,12500000000,,144.74,,,,,,,,,,,,,,,,,,,,,,true,true,12,2019-04-01,2020-03-31,0
2019-07-31,93010,2019-03-31,1,,,,,,,,,,,,,,,,,,,,482575000000,299104000000,0.614,,296166000000,,,,,,,,,,,,true,false,12,2018-04-01,2019-03-31,-1
2019-07-31,93010,2019-03-31,1,,,,,,,,,,,,,,,,,,,,,,,,,,,,,45.00,,,,87960739,368700,,false,false,12,2018-04-01,2019-03-31,-1
2019-07-31,93010,2020-03-31,1,,,,,,,,,,,,,,,,,,,,,,,,,,,,,60.00,,,,,,,false,true,12,2019-04-01,2020-03-31,0
2019-07-31,93010,2020-03-31,1,,,,,,,,,,,,,,,,,,,,,,,,,,,,,,,,,87960739,1250769,87318428,false,false,3,2019-04-01,2019-06-30,0
2019-07-31,93010,2019-03-31,1,,,,,,,,,,,,,,,,,,,,,,,,,,,,,,,,,,,87593055,false,false,3,2018-04-01,2018-06-30,-1
2019-10-31,93010,2020-03-31,2,,,,,114978000000,0.045,6609000000,0.008,9210000000,0.033,,6945000000,,80.10,,,,,,476510000000,293243000000,0.609,,290283000000,,,,,,,,,,,,true,false,6,2019-04-01,2019-09-30,0
2019-10-31,93010,2019-03-31,2,,,,,109979000000,0.043,6557000000,-0.034,8917000000,-0.014,,5598000000,,63.91,,,,,,,,,,,,,,,,,,,,,,true,false,6,2018-04-01,2018-09-30,-1
2019-10-31,93010,2020-03-31,2,,,,,232000000000,0.021,11700000000,-0.076,15900000000,-0.083,,12500000000,,144.74,,,,,,,,,,,,,,,,,,,,,,true,true,12,2019-04-01,2020-03-31,0
2019-10-31,93010,2019-03-31,2,,,,,,,,,,,,,,,,,,,,482575000000,299104000000,0.614,,296166000000,,,,,,,,,,,,true,false,12,2018-04-01,2019-03-31,-1
2019-10-31,93010,2019-03-31,2,,,,,,,,,,,,,,,,,,,,,,,,,,,,,45.00,,,,87960739,368700,,false,false,12,2018-04-01,2019-03-31,-1
2019-10-31,93010,2020-03-31,2,,,,,,,,,,,,,,,,,,,,,,,,,,,,,30.00,,,,,,,false,false,12,2019-04-01,2020-03-31,0
2019-10-31,93010,2020-03-31,2,,,,,,,,,,,,,,,,,,,,,,,,,,,,,60.00,,,,,,,false,true,12,2019-04-01,2020-03-31,0
2019-10-31,93010,2020-03-31,2,,,,,,,,,,,,,,,,,,,,,,,,,,,,,,,,,87960739,2051939,86716002,false,false,6,2019-04-01,2019-09-30,0
2019-10-31,93010,2019-03-31,2,,,,,,,,,,,,,,,,,,,,,,,,,,,,,,,,,,,87592905,false,false,6,2018-04-01,2018-09-30,-1
2020-01-31,93010,2020-03-31,3,,,,,170655000000,0.010,9918000000,-0.028,14104000000,0.010,,10242000000,,118.49,,,,,,486452000000,299153000000,0.609,,296104000000,,,,,,,,,,,,true,false,9,2019-04-01,2019-12-31,0
2020-01-31,93010,2019-03-31,3,,,,,169011000000,0.056,10205000000,0.009,13961000000,0.039,,8763000000,,100.05,,,,,,,,,,,,,,,,,,,,,,true,false,9,2018-04-01,2018-12-31,-1
2020-01-31,93010,2020-03-31,3,,,,,232000000000,0.021,11700000000,-0.076,15900000000,-0.083,,12500000000,,144.74,,,,,,,,,,,,,,,,,,,,,,true,true,12,2019-04-01,2020-03-31,0
2020-01-31,93010,2019-03-31,3,,,,,,,,,,,,,,,,,,,,482575000000,299104000000,0.614,,296166000000,,,,,,,,,,,,true,false,12,2018-04-01,2019-03-31,-1
2020-01-31,93010,2019-03-31,3,,,,,,,,,,,,,,,,,,,,,,,,,,,,,45.00,,,,87960739,368700,,false,false,12,2018-04-01,2019-03-31,-1
2020-01-31,93010,2020-03-31,3,,,,,,,,,,,,,,,,,,,,,,,,,,,,,30.00,,,,,,,false,false,12,2019-04-01,2020-03-31,0
2020-01-31,93010,2020-03-31,3,,,,,,,,,,,,,,,,,,,,,,,,,,,,,60.00,,,,,,,false,true,12,2019-04-01,2020-03-31,0
2020-01-31,93010,2020-03-31,3,,,,,,,,,,,,,,,,,,,,,,,,,,,,,,,,,87960739,2052272,86445907,false,false,9,2019-04-01,2019-12-31,0
2020-01-31,93010,2019-03-31,3,,,,,,,,,,,,,,,,,,,,,,,,,,,,,,,,,,,87592744,false,false,9,2018-04-01,2018-12-31,-1
2020-04-30,93010,2020-03-31,,,,,,229057000000,0.008,12195000000,-0.037,16822000000,-0.030,,11851000000,,137.31,,0.041,0.035,,,468243000000,286356000000,0.605,3298.18,283340000000,17624000000,-18022000000,-2359000000,40541000000,,0.437,,,,,,true,false,12,2019-04-01,2020-03-31,0
2020-04-30,93010,2019-03-31,,,,,,227185000000,0.055,12660000000,0.019,17333000000,0.073,,11564000000,,132.03,,0.039,0.037,,,482575000000,299104000000,0.614,3381.20,296166000000,23352000000,-31786000000,12066000000,42972000000,,0.341,,,,,,true,false,12,2018-04-01,2019-03-31,-1
2020-04-30,93010,2021-03-31,,,,,,108000000000,-0.061,5200000000,-0.213,7400000000,-0.197,,5700000000,,66.35,,,,,,,,,,,,,,,,,,,,,,true,true,6,2020-04-01,2020-09-30,1
2020-04-30,93010,2021-03-31,,,,,,223000000000,-0.026,11300000000,-0.073,15500000000,-0.079,,12600000000,,146.67,,,,,,,,,,,,,,,,0.409,,,,,,true,true,12,2020-04-01,2021-03-31,1
2020-04-30,93010,2019-03-31,,,,,,,,,,,,,,,,,,,,,,,,,,,,,,45.00,,,,87960739,368700,87592599,false,false,12,2018-04-01,2019-03-31,-1
2020-04-30,93010,2020-03-31,,,,,,,,,,,,,,,,,,,,,,,,,,,,,,60.00,,,,87960739,2052493,86312264,false,false,12,2019-04-01,2020-03-31,0
2020-04-30,93010,2021-03-31,,,,,,,,,,,,,,,,,,,,,,,,,,,,,,60.00,,,,,,,false,true,12,2020-04-01,2021-03-31,1
2020-07-31,93010,2021-03-31,1,,,,,50276000000,-0.131,2215000000,-0.322,3365000000,-0.333,,1629000000,,18.97,,,,,,487764000000,287713000000,0.584,,284768000000,,,,,,,,,,,,true,false,3,2020-04-01,2020-06-30,0
2020-07-31,93010,2020-03-31,1,,,,,57883000000,0.054,3266000000,-0.096,5046000000,0.087,,3019000000,,34.58,,,,,,,,,,,,,,,,,,,,,,true,false,3,2019-04-01,2019-06-30,-1
2020-07-31,93010,2021-03-31,1,,,,,102200000000,-0.111,4700000000,-0.289,7000000000,-0.240,,31000000000,,361.15,,,,,,,,,,,,,,,,,,,,,,true,true,6,2020-04-01,2020-09-30,0
2020-07-31,93010,2021-03-31,1,,,,,213000000000,-0.070,10000000000,-0.180,14200000000,-0.156,,37600000000,,442.99,,,,,,,,,,,,,,,,,,,,,,true,true,12,2020-04-01,2021-03-31,0
2020-07-31,93010,2020-03-31,1,,,,,,,,,,,,,,,,,,,,468243000000,286356000000,0.605,,283340000000,,,,,,,,,,,,true,false,12,2019-04-01,2020-03-31,-1
2020-07-31,93010,2020-03-31,1,,,,,,,,,,,,,,,,,,,,,,,,,,,,,60.00,,,,87960739,2052493,,false,false,12,2019-04-01,2020-03-31,-1
2020-07-31,93010,2021-03-31,1,,,,,,,,,,,,,,,,,,,,,,,,,,,,,60.00,,,,,,,false,true,12,2020-04-01,2021-03-31,0
2020-07-31,93010,2021-03-31,1,,,,,,,,,,,,,,,,,,,,,,,,,,,,,,,,,87960739,2052568,85908204,false,false,3,2020-04-01,2020-06-30,0
2020-07-31,93010,2020-03-31,1,,,,,,,,,,,,,,,,,,,,,,,,,,,,,,,,,,,87318428,false,false,3,2019-04-01,2019-06-30,-1
2020-10-30,93010,2021-03-31,2,,,,,101388000000,-0.118,4495000000,-0.320,6888000000,-0.252,,30416000000,,354.67,,,,,,506023000000,316033000000,0.619,,312999000000,,,,,,,,,,,,true,false,6,2020-04-01,2020-09-30,0
2020-10-30,93010,2020-03-31,2,,,,,114978000000,0.045,6609000000,0.008,9210000000,0.033,,6945000000,,80.10,,,,,,,,,,,,,,,,,,,,,,true,false,6,2019-04-01,2019-09-30,-1
2020-10-30,93010,2021-03-31,2,,,,,213000000000,-0.070,10000000000,-0.180,14200000000,-0.156,,37600000000,,442.99,,,,,,,,,,,,,,,,,,,,,,true,true,12,2020-04-01,2021-03-31,0
2020-10-30,93010,2020-03-31,2,,,,,,,,,,,,,,,,,,,,468243000000,286356000000,0.605,,283340000000,,,,,,,,,,,,true,false,12,2019-04-01,2020-03-31,-1
2020-10-30,93010,2020-03-31,2,,,,,,,,,,,,,,,,,,,,,,,,,,,,,60.00,,,,87960739,2052493,,false,false,12,2019-04-01,2020-03-31,-1
2020-10-30,93010,2021-03-31,2,,,,,,,,,,,,,,,,,,,,,,,,,,,,,30.00,,,,,,,false,false,12,2020-04-01,2021-03-31,0
2020-10-30,93010,2021-03-31,2,,,,,,,,,,,,,,,,,,,,,,,,,,,,,60.00,,,,,,,false,true,12,2020-04-01,2021-03-31,0
2020-10-30,93010,2021-03-31,2,,,,,,,,,,,,,,,,,,,,,,,,,,,,,,,,,87960739,2911371,85761123,false,false,6,2020-04-01,2020-09-30,0
2020-10-30,93010,2020-03-31,2,,,,,,,,,,,,,,,,,,,,,,,,,,,,,,,,,,,86716002,false,false,6,2019-04-01,2019-09-30,-1
2021-01-29,93010,2021-03-31,3,,,,,154823000000,-0.093,7814000000,-0.212,11437000000,-0.189,,32829000000,,384.99,,,,,,512375000000,316919000000,0.613,,313837000000,,,,,,,,,,,,true,false,9,2020-04-01,2020-12-31,0
2021-01-29,93010,2020-03-31,3,,,,,170655000000,0.010,9918000000,-0.028,14104000000,0.010,,10242000000,,118.49,,,,,,,,,,,,,,,,,,,,,,true,false,9,2019-04-01,2019-12-31,-1
2021-01-29,93010,2021-03-31,3,,,,,213000000000,-0.070,10000000000,-0.180,14200000000,-0.156,,37600000000,,442.99,,,,,,,,,,,,,,,,,,,,,,true,true,12,2020-04-01,2021-03-31,0
2021-01-29,93010,2020-03-31,3,,,,,,,,,,,,,,,,,,,,468243000000,286356000000,0.605,,283340000000,,,,,,,,,,,,true,false,12,2019-04-01,2020-03-31,-1
2021-01-29,93010,2020-03-31,3,,,,,,,,,,,,,,,,,,,,,,,,,,,,,60.00,,,,87960739,2052493,,false,false,12,2019-04-01,2020-03-31,-1
2021-01-29,93010,2021-03-31,3,,,,,,,,,,,,,,,,,,,,,,,,,,,,,30.00,,,,,,,false,false,12,2020-04-01,2021-03-31,0
2021-01-29,93010,2021-03-31,3,,,,,,,,,,,,,,,,,,,,,,,,,,,,,60.00,,,,,,,false,true,12,2020-04-01,2021-03-31,0
2021-01-29,93010,2021-03-31,3,,,,,,,,,,,,,,,,,,,,,,,,,,,,,,,,,87960739,4377905,85273288,false,false,9,2020-04-01,2020-12-31,0
2021-01-29,93010,2020-03-31,3,,,,,,,,,,,,,,,,,,,,,,,,,,,,,,,,,,,86445907,false,false,9,2019-04-01,2019-12-31,-1
2021-04-30,93010,2021-03-31,,,,,,213729000000,-0.067,11735000000,-0.038,16013000000,-0.048,,39160000000,,462.28,,0.129,0.032,,,535761000000,326829000000,0.604,3914.63,323595000000,40176000000,-14002000000,-5270000000,61367000000,,0.130,,,,,,true,false,12,2020-04-01,2021-03-31,0
2021-04-30,93010,2020-03-31,,,,,,229057000000,0.008,12195000000,-0.037,16822000000,-0.030,,11851000000,,137.31,,0.041,0.035,,,468243000000,286356000000,0.605,3298.18,283340000000,17624000000,-18022000000,-2359000000,40541000000,,0.437,,,,,,true,false,12,2019-04-01,2020-03-31,-1
2021-04-30,93010,2022-03-31,,,,,,110000000000,0.085,5700000000,0.268,7700000000,0.118,,4900000000,,58.25,,,,,,,,,,,,,,,,,,,,,,true,true,6,2021-04-01,2021-09-30,1
2021-04-30,93010,2022-03-31,,,,,,227000000000,0.062,12600000000,0.074,16200000000,0.012,,13300000000,,159.20,,,,,,,,,,,,,,,,0.490,,,,,,true,true,12,2021-04-01,2022-03-31,1
2021-04-30,93010,2020-03-31,,,,,,,,,,,,,,,,,,,,,,,,,,,,,,60.00,,,,87960739,2052493,86312264,false,false,12,2019-04-01,2020-03-31,-1
2021-04-30,93010,2021-03-31,,,,,,,,,,,,,,,,,,,,,,,,,,,,,,60.00,,,,87960739,5297667,84711821,false,false,12,2020-04-01,2021-03-31,0
2021-04-30,93010,2022-03-31,,,,,,,,,,,,,,,,,,,,,,,,,,,,,,78.00,,,,,,,false,true,12,2021-04-01,2022-03-31,1
2021-07-30,93010,2022-03-31,1,,,,,56917000000,0.132,3037000000,0.371,4932000000,0.466,,3272000000,,39.72,,,,,,539784000000,325929000000,0.598,,322591000000,,,,,,,,,,,,true,false,3,2021-04-01,2021-06-30,0
2021-07-30,93010,2021-03-31,1,,,,,50276000000,-0.131,2215000000,-0.322,3365000000,-0.333,,1629000000,,18.97,,,,,,,,,,,,,,,,,,,,,,true,false,3,2020-04-01,2020-06-30,-1
2021-07-30,93010,2022-03-31,1,,,,,110000000000,0.085,5700000000,0.268,7700000000,0.118,,4900000000,,58.25,,,,,,,,,,,,,,,,,,,,,,true,true,6,2021-04-01,2021-09-30,0
2021-07-30,93010,2022-03-31,1,,,,,227000000000,0.062,12600000000,0.074,16200000000,0.012,,13300000000,,159.20,,,,,,,,,,,,,,,,,,,,,,true,true,12,2021-04-01,2022-03-31,0
2021-07-30,93010,2021-03-31,1,,,,,,,,,,,,,,,,,,,,535761000000,326829000000,0.604,,323595000000,,,,,,,,,,,,true,false,12,2020-04-01,2021-03-31,-1
2021-07-30,93010,2021-03-31,1,,,,,,,,,,,,,,,,,,,,,,,,,,,,,60.00,,,,87960739,5297667,,false,false,12,2020-04-01,2021-03-31,-1
2021-07-30,93010,2022-03-31,1,,,,,,,,,,,,,,,,,,,,,,,,,,,,,78.00,,,,,,,false,true,12,2021-04-01,2022-03-31,0
2021-07-30,93010,2022-03-31,1,,,,,,,,,,,,,,,,,,,,,,,,,,,,,,,,,87960739,6118336,82399759,false,false,3,2021-04-01,2021-06-30,0
2021-07-30,93010,2021-03-31,1,,,,,,,,,,,,,,,,,,,,,,,,,,,,,,,,,,,85908204,false,false,3,2020-04-01,2020-06-30,-1
2021-10-29,93010,2022-03-31,2,,,,,117632000000,0.160,7778000000,0.730,10167000000,0.476,,6817000000,,83.27,,,,,,551991000000,334500000000,0.600,,331029000000,,,,,,,,,,,,true,false,6,2021-04-01,2021-09-30,0
2021-10-29,93010,2021-03-31,2,,,,,101388000000,-0.118,4495000000,-0.320,6888000000,-0.252,,30416000000,,354.67,,,,,,,,,,,,,,,,,,,,,,true,false,6,2020-04-01,2020-09-30,-1
2021-10-29,93010,2022-03-31,2,,,,,240000000000,0.123,14800000000,0.261,19000000000,0.186,,14900000000,,182.82,,,,,,,,,,,,,,,,,,,,,,true,true,12,2021-04-01,2022-03-31,0
2021-10-29,93010,2021-03-31,2,,,,,,,,,,,,,,,,,,,,535761000000,326829000000,0.604,,323595000000,,,,,,,,,,,,true,false,12,2020-04-01,2021-03-31,-1
2021-10-29,93010,2021-03-31,2,,,,,,,,,,,,,,,,,,,,,,,,,,,,,60.00,,,,87960739,5297667,,false,false,12,2020-04-01,2021-03-31,-1
2021-10-29,93010,2022-03-31,2,,,,,,,,,,,,,,,,,,,,,,,,,,,,,39.00,,,,,,,false,false,12,2021-04-01,2022-03-31,0
2021-10-29,93010,2022-03-31,2,,,,,,,,,,,,,,,,,,,,,,,,,,,,,78.00,,,,,,,false,true,12,2021-04-01,2022-03-31,0
2021-10-29,93010,2022-03-31,2,,,,,,,,,,,,,,,,,,,,,,,,,,,,,,,,,87960739,6785913,81872460,false,false,6,2021-04-01,2021-09-30,0
2021-10-29,93010,2021-03-31,2,,,,,,,,,,,,,,,,,,,,,,,,,,,,,,,,,,,85761123,false,false,6,2020-04-01,2020-09-30,-1
2022-01-31,93010,2022-03-31,3,,,,,184542000000,0.192,13015000000,0.666,17251000000,0.508,,11833000000,,144.95,,,,,,551894000000,335565000000,0.602,,332003000000,,,,,,,,,,,,true,false,9,2021-04-01,2021-12-31,0
2022-01-31,93010,2021-03-31,3,,,,,154823000000,-0.093,7814000000,-0.212,11437000000,-0.189,,32829000000,,384.99,,,,,,,,,,,,,,,,,,,,,,true,false,9,2020-04-01,2020-12-31,-1
2022-01-31,93010,2022-03-31,3,,,,,250000000000,0.170,17200000000,0.466,21900000000,0.368,,16700000000,,204.91,,,,,,,,,,,,,,,,,,,,,,true,true,12,2021-04-01,2022-03-31,0
2022-01-31,93010,2021-03-31,3,,,,,,,,,,,,,,,,,,,,535761000000,326829000000,0.604,,323595000000,,,,,,,,,,,,true,false,12,2020-04-01,2021-03-31,-1
2022-01-31,93010,2021-03-31,3,,,,,,,,,,,,,,,,,,,,,,,,,,,,,60.00,,,,87960739,5297667,,false,false,12,2020-04-01,2021-03-31,-1
2022-01-31,93010,2022-03-31,3,,,,,,,,,,,,,,,,,,,,,,,,,,,,,39.00,,,,,,,false,false,12,2021-04-01,2022-03-31,0
2022-01-31,93010,2022-03-31,3,,,,,,,,,,,,,,,,,,,,,,,,,,,,,78.00,,,,,,,false,true,12,2021-04-01,2022-03-31,0
2022-01-31,93010,2022-03-31,3,,,,,,,,,,,,,,,,,,,,,,,,,,,,,,,,,87960739,6786187,81639038,false,false,9,2021-04-01,2021-12-31,0
2022-01-31,93010,2021-03-31,3,,,,,,,,,,,,,,,,,,,,,,,,,,,,,,,,,,,85273288,false,false,9,2020-04-01,2020-12-31,-1
2022-04-28,93010,2022-03-31,,,,,,257230000000,0.204,18144000000,0.546,23151000000,0.446,,17892000000,,219.47,,0.054,0.042,,,562187000000,347759000000,0.612,4238.85,344085000000,36216000000,-29221000000,-16518000000,52505000000,,0.365,,,,,,true,false,12,2021-04-01,2022-03-31,0
2022-04-28,93010,2021-03-31,,,,,,213729000000,-0.067,11735000000,-0.038,16013000000,-0.048,,39160000000,,462.28,,0.129,0.032,,,535761000000,326829000000,0.604,3914.63,323595000000,40176000000,-14002000000,-5270000000,61367000000,,0.130,,,,,,true,false,12,2020-04-01,2021-03-31,-1
2022-04-28,93010,2023-03-31,,,,,,126000000000,0.071,8500000000,0.093,11500000000,0.131,,9700000000,,120.01,,,,,,,,,,,,,,,,,,,,,,true,true,6,2022-04-01,2022-09-30,1
2022-04-28,93010,2023-03-31,,,,,,250000000000,-0.028,16800000000,-0.074,21800000000,-0.058,,21400000000,,267.08,,,,,,,,,,,,,,,,,,,,,,true,true,12,2022-04-01,2023-03-31,1
2022-04-28,93010,2021-03-31,,,,,,,,,,,,,,,,,,,,,,,,,,,,,,60.00,,,,87960739,5297667,84711821,false,false,12,2020-04-01,2021-03-31,-1
2022-04-28,93010,2022-03-31,,,,,,,,,,,,,,,,,,,,,,,,,,,,,,80.00,,,,87960739,6786541,81524458,false,false,12,2021-04-01,2022-03-31,0
2022-04-28,93010,2023-03-31,,,,,,,,,,,,,,,,,,,,,,,,,,,,,,82.00,,,,,,,false,true,12,2022-04-01,2023-03-31,1
2022-07-29,93010,2023-03-31,1,,,,,76187000000,0.339,6118000000,1.014,9586000000,0.943,,8449000000,,104.36,,,,,,554166000000,347379000000,0.620,,343536000000,,,,,,,,,,,,true,false,3,2022-04-01,2022-06-30,0
2022-07-29,93010,2022-03-31,1,,,,,56917000000,0.132,3037000000,0.371,4932000000,0.466,,3272000000,,39.72,,,,,,,,,,,,,,,,,,,,,,true,false,3,2021-04-01,2021-06-30,-1
2022-07-29,93010,2023-03-31,1,,,,,144000000000,0.224,10700000000,0.376,14700000000,0.446,,12000000000,,148.47,,,,,,,,,,,,,,,,,,,,,,true,true,6,2022-04-01,2022-09-30,0
2022-07-29,93010,2023-03-31,1,,,,,270000000000,0.050,18800000000,0.036,25300000000,0.093,,24000000000,,299.53,,,,,,,,,,,,,,,,,,,,,,true,true,12,2022-04-01,2023-03-31,0
2022-07-29,93010,2022-03-31,1,,,,,,,,,,,,,,,,,,,,562187000000,347759000000,0.612,,344085000000,,,,,,,,,,,,true,false,12,2021-04-01,2022-03-31,-1
2022-07-29,93010,2022-03-31,1,,,,,,,,,,,,,,,,,,,,,,,,,,,,,80.00,,,,87960739,6786541,,false,false,12,2021-04-01,2022-03-31,-1
2022-07-29,93010,2023-03-31,1,,,,,,,,,,,,,,,,,,,,,,,,,,,,,82.00,,,,,,,false,true,12,2022-04-01,2023-03-31,0
2022-07-29,93010,2023-03-31,1,,,,,,,,,,,,,,,,,,,,,,,,,,,,,,,,,81960739,1448316,80959983,false,false,3,2022-04-01,2022-06-30,0
2022-07-29,93010,2022-03-31,1,,,,,,,,,,,,,,,,,,,,,,,,,,,,,,,,,,,82399759,false,false,3,2021-04-01,2021-06-30,-1
2022-10-31,93010,2023-03-31,2,,,,,154266000000,0.311,11728000000,0.508,16101000000,0.584,,13012000000,,161.64,,,,,,561923000000,347568000000,0.611,,343535000000,,,,,,,,,,,,true,false,6,2022-04-01,2022-09-30,0
2022-10-31,93010,2022-03-31,2,,,,,117632000000,0.160,7778000000,0.730,10167000000,0.476,,6817000000,,83.27,,,,,,,,,,,,,,,,,,,,,,true,false,6,2021-04-01,2021-09-30,-1
2022-10-31,93010,2023-03-31,2,,,,,280000000000,0.089,19800000000,0.091,26800000000,0.158,,25300000000,,315.76,,,,,,,,,,,,,,,,,,,,,,true,true,12,2022-04-01,2023-03-31,0
2022-10-31,93010,2022-03-31,2,,,,,,,,,,,,,,,,,,,,562187000000,347759000000,0.612,,344085000000,,,,,,,,,,,,true,false,12,2021-04-01,2022-03-31,-1
2022-10-31,93010,2022-03-31,2,,,,,,,,,,,,,,,,,,,,,,,,,,,,,80.00,,,,87960739,6786541,,false,false,12,2021-04-01,2022-03-31,-1
2022-10-31,93010,2023-03-31,2,,,,,,,,,,,,,,,,,,,,,,,,,,,,,41.00,,,,,,,false,false,12,2022-04-01,2023-03-31,0
2022-10-31,93010,2023-03-31,2,,,,,,,,,,,,,,,,,,,,,,,,,,,,,82.00,,,,,,,false,true,12,2022-04-01,2023-03-31,0
2022-10-31,93010,2023-03-31,2,,,,,,,,,,,,,,,,,,,,,,,,,,,,,,,,,81960739,2345461,80502752,false,false,6,2022-04-01,2022-09-30,0
2022-10-31,93010,2022-03-31,2,,,,,,,,,,,,,,,,,,,,,,,,,,,,,,,,,,,81872460,false,false,6,2021-04-01,2021-09-30,-1
2023-01-31,93010,2023-03-31,3,,,,,231987000000,0.257,18115000000,0.392,25224000000,0.462,,21580000000,,269.61,,,,,,572451000000,352766000000,0.609,,348564000000,,,,,,,,,,,,true,false,9,2022-04-01,2022-12-31,0
2023-01-31,93010,2022-03-31,3,,,,,184542000000,0.192,13015000000,0.666,17251000000,0.508,,11833000000,,144.95,,,,,,,,,,,,,,,,,,,,,,true,false,9,2021-04-01,2021-12-31,-1
2023-01-31,93010,2023-03-31,3,,,,,290000000000,0.127,22000000000,0.212,28700000000,0.240,,26000000000,,326.78,,,,,,,,,,,,,,,,,,,,,,true,true,12,2022-04-01,2023-03-31,0
2023-01-31,93010,2022-03-31,3,,,,,,,,,,,,,,,,,,,,562187000000,347759000000,0.612,,344085000000,,,,,,,,,,,,true,false,12,2021-04-01,2022-03-31,-1
2023-01-31,93010,2022-03-31,3,,,,,,,,,,,,,,,,,,,,,,,,,,,,,80.00,,,,87960739,6786541,,false,false,12,2021-04-01,2022-03-31,-1
2023-01-31,93010,2023-03-31,3,,,,,,,,,,,,,,,,,,,,,,,,,,,,,41.00,,,,,,,false,false,12,2022-04-01,2023-03-31,0
2023-01-31,93010,2023-03-31,3,,,,,,,,,,,,,,,,,,,,,,,,,,,,,86.00,,,,,,,false,true,12,2022-04-01,2023-03-31,0
2023-01-31,93010,2023-03-31,3,,,,,,,,,,,,,,,,,,,,,,,,,,,,,,,,,81960739,3326416,80044429,false,false,9,2022-04-01,2022-12-31,0
2023-01-31,93010,2022-03-31,3,,,,,,,,,,,,,,,,,,,,,,,,,,,,,,,,,,,81639038,false,false,9,2021-04-01,2021-12-31,-1
2023-04-28,93010,2023-03-31,,,,,,300594000000,0.169,23027000000,0.269,30046000000,0.298,,27226000000,,342.00,,0.078,0.053,,,573689000000,354432000000,0.611,4489.01,350797000000,40488000000,-14379000000,-17067000000,62297000000,,0.263,,,,,,true,false,12,2022-04-01,2023-03-31,0
2023-04-28,93010,2022-03-31,,,,,,257230000000,0.204,18144000000,0.546,23151000000,0.446,,17892000000,,219.47,,0.054,0.042,,,562187000000,347759000000,0.612,4238.85,344085000000,36216000000,-29221000000,-16518000000,52505000000,,0.365,,,,,,true,false,12,2021-04-01,2022-03-31,-1
2023-04-28,93010,2024-03-31,,,,,,130000000000,-0.157,8300000000,-0.292,11100000000,-0.311,,7500000000,,96.94,,,,,,,,,,,,,,,,,,,,,,true,true,6,2023-04-01,2023-09-30,1
2023-04-28,93010,2024-03-31,,,,,,270000000000,-0.102,18000000000,-0.218,23200000000,-0.228,,24000000000,,313.38,,,,,,,,,,,,,,,,0.319,,,,,,true,true,12,2023-04-01,2024-03-31,1
2023-04-28,93010,2022-03-31,,,,,,,,,,,,,,,,,,,,,,,,,,,,,,80.00,,,,87960739,6786541,81524458,false,false,12,2021-04-01,2022-03-31,-1
2023-04-28,93010,2023-03-31,,,,,,,,,,,,,,,,,,,,,,,,,,,,,,90.00,,,,81960739,3814831,79608335,false,false,12,2022-04-01,2023-03-31,0
2023-04-28,93010,2024-03-31,,,,,,,,,,,,,,,,,,,,,,,,,,,,,,100.00,,,,,,,false,true,12,2023-04-01,2024-03-31,1
2023-07-31,93010,2024-03-31,1,,,,,63215000000,-0.170,4898000000,-0.199,7582000000,-0.209,,5436000000,,69.57,,,,,,593893000000,375600000000,0.626,,371825000000,,,,,,,,,,,,true,false,3,2023-04-01,2023-06-30,0
2023-07-31,93010,2023-03-31,1,,,,,76187000000,0.339,6118000000,1.014,9586000000,0.943,,8449000000,,104.36,,,,,,,,,,,,,,,,,,,,,,true,false,3,2022-04-01,2022-06-30,-1
2023-07-31,93010,2024-03-31,1,,,,,130000000000,-0.157,8300000000,-0.292,11100000000,-0.311,,7500000000,,96.94,,,,,,,,,,,,,,,,,,,,,,true,true,6,2023-04-01,2023-09-30,0
2023-07-31,93010,2024-03-31,1,,,,,270000000000,-0.102,18000000000,-0.218,23200000000,-0.228,,24000000000,,313.38,,,,,,,,,,,,,,,,,,,,,,true,true,12,2023-04-01,2024-03-31,0
2023-07-31,93010,2023-03-31,1,,,,,,,,,,,,,,,,,,,,573689000000,354432000000,0.611,,350797000000,,,,,,,,,,,,true,false,12,2022-04-01,2023-03-31,-1
2023-07-31,93010,2023-03-31,1,,,,,,,,,,,,,,,,,,,,,,,,,,,,,90.00,,,,81960739,3814831,,false,false,12,2022-04-01,2023-03-31,-1
2023-07-31,93010,2024-03-31,1,,,,,,,,,,,,,,,,,,,,,,,,,,,,,100.00,,,,,,,false,true,12,2023-04-01,2024-03-31,0
2023-07-31,93010,2024-03-31,1,,,,,,,,,,,,,,,,,,,,,,,,,,,,,,,,,81960739,3815017,78145782,false,false,3,2023-04-01,2023-06-30,0
2023-07-31,93010,2023-03-31,1,,,,,,,,,,,,,,,,,,,,,,,,,,,,,,,,,,,80959983,false,false,3,2022-04-01,2022-06-30,-1
2023-10-31,93010,2024-03-31,2,,,,,125760000000,-0.185,9920000000,-0.154,13345000000,-0.171,,9462000000,,121.26,,,,,,627449000000,383319000000,0.605,,379364000000,,,,,,,,,,,,true,false,6,2023-04-01,2023-09-30,0
2023-10-31,93010,2023-03-31,2,,,,,154266000000,0.311,11728000000,0.508,16101000000,0.584,,13012000000,,161.64,,,,,,,,,,,,,,,,,,,,,,true,false,6,2022-04-01,2022-09-30,-1
2023-10-31,93010,2024-03-31,2,,,,,270000000000,-0.102,19500000000,-0.153,25500000000,-0.151,,27500000000,,357.63,,,,,,,,,,,,,,,,,,,,,,true,true,12,2023-04-01,2024-03-31,0
2023-10-31,93010,2023-03-31,2,,,,,,,,,,,,,,,,,,,,573689000000,354432000000,0.611,,350797000000,,,,,,,,,,,,true,false,12,2022-04-01,2023-03-31,-1
2023-10-31,93010,2023-03-31,2,,,,,,,,,,,,,,,,,,,,,,,,,,,,,90.00,,,,81960739,3814831,,false,false,12,2022-04-01,2023-03-31,-1
2023-10-31,93010,2024-03-31,2,,,,,,,,,,,,,,,,,,,,,,,,,,,,,50.00,,,,,,,false,false,12,2023-04-01,2024-03-31,0
2023-10-31,93010,2024-03-31,2,,,,,,,,,,,,,,,,,,,,,,,,,,,,,110.00,,,,,,,false,true,12,2023-04-01,2024-03-31,0
2023-10-31,93010,2024-03-31,2,,,,,,,,,,,,,,,,,,,,,,,,,,,,,,,,,81960739,4460944,78036697,false,false,6,2023-04-01,2023-09-30,0
2023-10-31,93010,2023-03-31,2,,,,,,,,,,,,,,,,,,,,,,,,,,,,,,,,,,,80502752,false,false,6,2022-04-01,2022-09-30,-1
2024-01-31,93010,2024-03-31,3,,,,,192452000000,-0.170,15780000000,-0.129,21204000000,-0.159,,24596000000,,316.61,,,,,,634439000000,387479000000,0.600,,380901000000,,,,,,,,,,,,true,false,9,2023-04-01,2023-12-31,0
2024-01-31,93010,2023-03-31,3,,,,,231987000000,0.257,18115000000,0.392,25224000000,0.462,,21580000000,,269.61,,,,,,,,,,,,,,,,,,,,,,true,false,9,2022-04-01,2022-12-31,-1
2024-01-31,93010,2024-03-31,3,,,,,270000000000,-0.102,19500000000,-0.153,25500000000,-0.151,,27500000000,,357.63,,,,,,,,,,,,,,,,,,,,,,true,true,12,2023-04-01,2024-03-31,0
2024-01-31,93010,2023-03-31,3,,,,,,,,,,,,,,,,,,,,573689000000,354432000000,0.611,,350797000000,,,,,,,,,,,,true,false,12,2022-04-01,2023-03-31,-1
2024-01-31,93010,2023-03-31,3,,,,,,,,,,,,,,,,,,,,,,,,,,,,,90.00,,,,81960739,3814831,,false,false,12,2022-04-01,2023-03-31,-1
2024-01-31,93010,2024-03-31,3,,,,,,,,,,,,,,,,,,,,,,,,,,,,,50.00,,,,,,,false,false,12,2023-04-01,2024-03-31,0
2024-01-31,93010,2024-03-31,3,,,,,,,,,,,,,,,,,,,,,,,,,,,,,110.00,,,,,,,false,true,12,2023-04-01,2024-03-31,0
2024-01-31,93010,2024-03-31,3,,,,,,,,,,,,,,,,,,,,,,,,,,,,,,,,,81960739,5418500,77689077,false,false,9,2023-04-01,2023-12-31,0
2024-01-31,93010,2023-03-31,3,,,,,,,,,,,,,,,,,,,,,,,,,,,,,,,,,,,80044429,false,false,9,2022-04-01,2022-12-31,-1
2024-04-30,93010,2024-03-31,,,,,,254507000000,-0.153,18941000000,-0.177,24358000000,-0.189,,27787000000,,359.46,,0.073,0.039,,,679143000000,411703000000,0.597,5348.71,405427000000,41768000000,-31477000000,-14858000000,58444000000,,0.334,,,,,,true,false,12,2023-04-01,2024-03-31,0
2024-04-30,93010,2023-03-31,,,,,,300594000000,0.169,23027000000,0.269,30046000000,0.298,,27226000000,,342.00,,0.078,0.053,,,573689000000,354432000000,0.611,4489.01,350797000000,40488000000,-14379000000,-17067000000,62297000000,,0.263,,,,,,true,false,12,2022-04-01,2023-03-31,-1
2024-04-30,93010,2025-03-31,,,,,,130000000000,0.034,8700000000,-0.123,11300000000,-0.153,,18100000000,,240.37,,,,,,,,,,,,,,,,,,,,,,true,true,6,2024-04-01,2024-09-30,1
2024-04-30,93010,2025-03-31,,,,,,270000000000,0.061,20000000000,0.056,24800000000,0.018,,36600000000,,489.31,,,,,,,,,,,,,,,,0.327,,,,,,true,true,12,2024-04-01,2025-03-31,1
2024-04-30,93010,2023-03-31,,,,,,,,,,,,,,,,,,,,,,,,,,,,,,90.00,,,,81960739,3814831,79608335,false,false,12,2022-04-01,2023-03-31,-1
2024-04-30,93010,2024-03-31,,,,,,,,,,,,,,,,,,,,,,,,,,,,,,120.00,,,,81960739,6161586,77303571,false,false,12,2023-04-01,2024-03-31,0
2024-04-30,93010,2025-03-31,,,,,,,,,,,,,,,,,,,,,,,,,,,,,,160.00,,,,,,,false,true,12,2024-04-01,2025-03-31,1
2024-07-31,93010,2025-03-31,1,,,,,65877000000,0.042,4069000000,-0.169,6296000000,-0.170,,12784000000,,168.86,,,,,,667484000000,410934000000,0.606,,404433000000,,,,,,,,,,,,true,false,3,2024-04-01,2024-06-30,0
2024-07-31,93010,2024-03-31,1,,,,,63215000000,-0.170,4898000000,-0.199,7582000000,-0.209,,5436000000,,69.57,,,,,,,,,,,,,,,,,,,,,,true,false,3,2023-04-01,2023-06-30,-1
2024-07-31,93010,2025-03-31,1,,,,,130000000000,0.034,8700000000,-0.123,11300000000,-0.153,,18100000000,,240.37,,,,,,,,,,,,,,,,,,,,,,true,true,6,2024-04-01,2024-09-30,0
2024-07-31,93010,2025-03-31,1,,,,,270000000000,0.061,20000000000,0.056,24800000000,0.018,,36600000000,,489.31,,,,,,,,,,,,,,,,,,,,,,true,true,12,2024-04-01,2025-03-31,0
2024-07-31,93010,2024-03-31,1,,,,,,,,,,,,,,,,,,,,679143000000,411703000000,0.597,,405427000000,,,,,,,,,,,,true,false,12,2023-04-01,2024-03-31,-1
2024-07-31,93010,2024-03-31,1,,,,,,,,,,,,,,,,,,,,,,,,,,,,,120.00,,,,81960739,6161586,,false,false,12,2023-04-01,2024-03-31,-1
2024-07-31,93010,2025-03-31,1,,,,,,,,,,,,,,,,,,,,,,,,,,,,,160.00,,,,,,,false,true,12,2024-04-01,2025-03-31,0
2024-07-31,93010,2025-03-31,1,,,,,,,,,,,,,,,,,,,,,,,,,,,,,,,,,79584239,4184610,75712542,false,false,3,2024-04-01,2024-06-30,0
2024-07-31,93010,2024-03-31,1,,,,,,,,,,,,,,,,,,,,,,,,,,,,,,,,,,,78145782,false,false,3,2023-04-01,2023-06-30,-1
,93010,2025-03-31,,,,,,,,,,,,,,,,,,,,,,,,,,,,,,16.00,,,,,,,false,true,12,2024-04-01,2025-03-31,0
,93010,2024-03-31,,,,,,,,,,,,,,,,,,,,,,,,,,,,,,120.00,,,,,,,false,false,12,2023-04-01,2024-03-31,-1
2024-10-31,93010,2025-03-31,2,,,,,134890000000,0.073,8995000000,-0.093,11641000000,-0.128,,16359000000,,217.40,,,,,,661123000000,406152000000,0.604,,399344000000,,,,,,,,,,,,true,false,6,2024-04-01,2024-09-30,0
2024-10-31,93010,2024-03-31,2,,,,,125760000000,-0.185,9920000000,-0.154,13345000000,-0.171,,9462000000,,121.26,,,,,,,,,,,,,,,,,,,,,,true,false,6,2023-04-01,2023-09-30,-1
2024-10-31,93010,2025-03-31,2,,,,,270000000000,0.061,20000000000,0.056,24800000000,0.018,,36600000000,,97.86,,,,,,,,,,,,,,,,,,,,,,true,true,12,2024-04-01,2025-03-31,0
2024-10-31,93010,2024-03-31,2,,,,,,,,,,,,,,,,,,,,679143000000,411703000000,0.597,,405427000000,,,,,,,,,,,,true,false,12,2023-04-01,2024-03-31,-1
2024-10-31,93010,2024-03-31,2,,,,,,,,,,,,,,,,,,,,,,,,,,,,,120.00,,,,81960739,6161586,,false,false,12,2023-04-01,2024-03-31,-1
2024-10-31,93010,2025-03-31,2,,,,,,,,,,,,,,,,,,,,,,,,,,,,,80.00,,,,,,,false,false,12,2024-04-01,2025-03-31,0
2024-10-31,93010,2025-03-31,2,,,,,,,,,,,,,,,,,,,,,,,,,,,,,16.00,,,,,,,false,true,12,2024-04-01,2025-03-31,0
2024-10-31,93010,2025-03-31,2,,,,,,,,,,,,,,,,,,,,,,,,,,,,,,,,,79584239,5349078,75249509,false,false,6,2024-04-01,2024-09-30,0
2024-10-31,93010,2024-03-31,2,,,,,,,,,,,,,,,,,,,,,,,,,,,,,,,,,,,78036697,false,false,6,2023-04-01,2023-09-30,-1
2025-01-31,93010,2025-03-31,3,,,,,214245000000,0.113,16159000000,0.024,12865000000,-0.393,,22320000000,,59.75,,,,,,621934000000,380346000000,0.605,,376126000000,,,,,,,,,,,,true,false,9,2024-04-01,2024-12-31,0
2025-01-31,93010,2024-03-31,3,,,,,192452000000,-0.170,15780000000,-0.129,21204000000,-0.159,,24596000000,,63.32,,,,,,,,,,,,,,,,,,,,,,true,false,9,2023-04-01,2023-12-31,-1
2025-01-31,93010,2025-03-31,3,,,,,270000000000,0.061,20000000000,0.056,16700000000,-0.314,,30600000000,,82.84,,,,,,,,,,,,,,,,,,,,,,true,true,12,2024-04-01,2025-03-31,0
2025-01-31,93010,2024-03-31,3,,,,,,,,,,,,,,,,,,,,679143000000,411703000000,0.597,,405427000000,,,,,,,,,,,,true,false,12,2023-04-01,2024-03-31,-1
2025-01-31,93010,2024-03-31,3,,,,,,,,,,,,,,,,,,,,,,,,,,,,,120.00,,,,409803695,30807930,,false,false,12,2023-04-01,2024-03-31,-1
2025-01-31,93010,2025-03-31,3,,,,,,,,,,,,,,,,,,,,,,,,,,,,,80.00,,,,,,,false,false,12,2024-04-01,2025-03-31,0
2025-01-31,93010,2025-03-31,3,,,,,,,,,,,,,,,,,,,,,,,,,,,,,16.00,,,,,,,false,true,12,2024-04-01,2025-03-31,0
2025-01-31,93010,2025-03-31,3,,,,,,,,,,,,,,,,,,,,,,,,,,,,,,,,,388197695,22773604,373582735,false,false,9,2024-04-01,2024-12-31,0
2025-01-31,93010,2024-03-31,3,,,,,,,,,,,,,,,,,,,,,,,,,,,,,,,,,,,388445387,false,false,9,2023-04-01,2023-12-31,-1
2025-04-30,93010,2025-03-31,,,,,,284069000000,0.116,20310000000,0.072,18620000000,-0.236,,31864000000,,85.92,,0.082,0.029,,,626058000000,379276000000,0.598,1040.59,374668000000,29622000000,15500000000,-44188000000,61006000000,,0.372,,,,,,true,false,12,2024-04-01,2025-03-31,0
2025-04-30,93010,2024-03-31,,,,,,254507000000,-0.153,18941000000,-0.177,24358000000,-0.189,,27787000000,,71.89,,0.073,0.039,,,679143000000,411703000000,0.597,1069.74,405427000000,41768000000,-31477000000,-14858000000,58444000000,,0.334,,,,,,true,false,12,2023-04-01,2024-03-31,-1
2025-04-30,93010,2026-03-31,,,,,,140000000000,0.038,9400000000,0.045,12000000000,0.031,,32000000000,,90.13,,,,,,,,,,,,,,,,,,,,,,true,true,6,2025-04-01,2025-09-30,1
2025-04-30,93010,2026-03-31,,,,,,290000000000,0.021,20000000000,-0.015,24400000000,0.310,,40400000000,,115.41,,,,,,,,,,,,,,,,0.312,,,,,,true,true,12,2025-04-01,2026-03-31,1
2025-04-30,93010,2024-03-31,,,,,,,,,,,,,,,,,,,,,,,,,,,,,,120.00,,,,409803695,30807930,386517857,false,false,12,2023-04-01,2024-03-31,-1
2025-04-30,93010,2025-03-31,,,,,,,,,,,,,,,,,,,,,,,,,,,,,,16.00,,,,388197695,28142954,370876303,false,false,12,2024-04-01,2025-03-31,0
2025-04-30,93010,2026-03-31,,,,,,,,,,,,,,,,,,,,,,,,,,,,,,36.00,,,,,,,false,true,12,2025-04-01,2026-03-31,1
