filing_date,code,fiscal_year_end,quarterly_period,net_sales,net_sales_change,revenue,revenue_change,operating_revenue,operating_revenue_change,operating_profit,operating_profit_change,ordinary_profit,ordinary_profit_change,net_income,net_income_of_parent,net_income_change,eps,diluted_eps,roe,roa,operating_profit_to_net_sales,operating_profit_to_revenue,total_assets,net_assets,equity_ratio,bps,owner_equity,operating_cash_flow,investing_cash_flow,financing_cash_flow,cash,dividend_per_share,payout_ratio,commemorative_dividend,extra_dividend,number_of_shares,number_of_treqsury_shares,avg_number_of_shares,is_consolidated,is_forecast,duration,period_start,period_end,period_pos
2015-07-30,93070,2016-03-31,1,,,,,2564000000,0.070,272000000,0.231,273000000,0.284,,174000000,,11.03,11.01,,,,,20643000000,9923000000,0.480,,9913000000,,,,,,,,,,,,true,false,3,2015-04-01,2015-06-30,0
2015-07-30,93070,2015-03-31,1,,,,,2395000000,0.029,221000000,0.092,213000000,0.094,,132000000,,8.36,,,,,,,,,,,,,,,,,,,,,,true,false,3,2014-04-01,2014-06-30,-1
2015-07-30,93070,2016-03-31,1,,,,,4900000000,-0.004,470000000,-0.027,430000000,-0.036,,275000000,,17.35,,,,,,,,,,,,,,,,,,,,,,true,true,6,2015-04-01,2015-09-30,0
2015-07-30,93070,2016-03-31,1,,,,,9930000000,-0.002,1000000000,-0.086,910000000,-0.097,,580000000,,36.59,,,,,,,,,,,,,,,,,,,,,,true,true,12,2015-04-01,2016-03-31,0
2015-07-30,93070,2015-03-31,1,,,,,,,,,,,,,,,,,,,,19967000000,9802000000,0.490,,9793000000,,,,,,,,,,,,true,false,12,2014-04-01,2015-03-31,-1
2015-07-30,93070,2015-03-31,1,,,,,,,,,,,,,,,,,,,,,,,,,,,,,6.00,,,,15919010,66885,,false,false,12,2014-04-01,2015-03-31,-1
2015-07-30,93070,2016-03-31,1,,,,,,,,,,,,,,,,,,,,,,,,,,,,,6.00,,,,,,,false,true,12,2015-04-01,2016-03-31,0
2015-07-30,93070,2016-03-31,1,,,,,,,,,,,,,,,,,,,,,,,,,,,,,,,,,15919010,67105,15851939,false,false,3,2015-04-01,2015-06-30,0
2015-07-30,93070,2015-03-31,1,,,,,,,,,,,,,,,,,,,,,,,,,,,,,,,,,,,15815045,false,false,3,2014-04-01,2014-06-30,-1
2015-10-15,93070,2016-03-31,,,,,,5167000000,0.054,655000000,0.394,637000000,0.481,412000000,,0.498,26.02,,,,,,,,,,,,,,,,,,,,,,true,true,6,2015-04-01,2015-09-30,0
2015-10-15,93070,2015-03-31,,,,,,4922000000,,483000000,,446000000,,254000000,,,16.05,,,,,,,,,,,,,,,,,,,,,,true,false,6,2014-04-01,2014-09-30,-1
2015-10-15,93070,2016-03-31,,,,,,10200000000,0.027,1180000000,0.180,1130000000,0.242,670000000,,0.155,42.18,,,,,,,,,,,,,,,,,,,,,,true,true,12,2015-04-01,2016-03-31,0
2015-10-15,93070,2015-03-31,,,,,,9949000000,,1094000000,,1008000000,,411000000,,,25.99,,,,,,,,,,,,,,,,,,,,,,true,false,12,2014-04-01,2015-03-31,-1
2015-10-30,93070,2016-03-31,2,,,,,5167000000,0.050,655000000,0.357,637000000,0.429,,412000000,,26.02,25.99,,,,,20376000000,10056000000,0.493,,10049000000,,,,,,,,,,,,true,false,6,2015-04-01,2015-09-30,0
2015-10-30,93070,2015-03-31,2,,,,,4922000000,0.041,483000000,0.140,446000000,0.143,,254000000,,16.05,,,,,,,,,,,,,,,,,,,,,,true,false,6,2014-04-01,2014-09-30,-1
2015-10-30,93070,2016-03-31,2,,,,,10200000000,0.025,1180000000,0.079,1130000000,0.120,,670000000,,42.18,,,,,,,,,,,,,,,,,,,,,,true,true,12,2015-04-01,2016-03-31,0
2015-10-30,93070,2015-03-31,2,,,,,,,,,,,,,,,,,,,,19967000000,9802000000,0.490,,9793000000,,,,,,,,,,,,true,false,12,2014-04-01,2015-03-31,-1
2015-10-30,93070,2015-03-31,2,,,,,,,,,,,,,,,,,,,,,,,,,,,,,6.00,,,,15919010,66885,,false,false,12,2014-04-01,2015-03-31,-1
2015-10-30,93070,2016-03-31,2,,,,,,,,,,,,,,,,,,,,,,,,,,,,,3.00,,,,,,,false,false,12,2015-04-01,2016-03-31,0
2015-10-30,93070,2016-03-31,2,,,,,,,,,,,,,,,,,,,,,,,,,,,,,6.00,,,,,,,false,true,12,2015-04-01,2016-03-31,0
2015-10-30,93070,2016-03-31,2,,,,,,,,,,,,,,,,,,,,,,,,,,,,,,,,,15953010,68169,15864449,false,false,6,2015-04-01,2015-09-30,0
2015-10-30,93070,2015-03-31,2,,,,,,,,,,,,,,,,,,,,,,,,,,,,,,,,,,,15834141,false,false,6,2014-04-01,2014-09-30,-1
2016-01-28,93070,2016-03-31,3,,,,,7662000000,0.041,969000000,0.290,938000000,0.343,,591000000,,37.27,37.22,,,,,20722000000,10426000000,0.503,,10417000000,,,,,,,,,,,,true,false,9,2015-04-01,2015-12-31,0
2016-01-28,93070,2015-03-31,3,,,,,7359000000,0.025,751000000,0.189,699000000,0.210,,264000000,,16.71,,,,,,,,,,,,,,,,,,,,,,true,false,9,2014-04-01,2014-12-31,-1
2016-01-28,93070,2016-03-31,3,,,,,10200000000,0.025,1180000000,0.079,1130000000,0.120,,670000000,,42.18,,,,,,,,,,,,,,,,,,,,,,true,true,12,2015-04-01,2016-03-31,0
2016-01-28,93070,2015-03-31,3,,,,,,,,,,,,,,,,,,,,19967000000,9802000000,0.490,,9793000000,,,,,,,,,,,,true,false,12,2014-04-01,2015-03-31,-1
2016-01-28,93070,2015-03-31,3,,,,,,,,,,,,,,,,,,,,,,,,,,,,,6.00,,,,15919010,66885,,false,false,12,2014-04-01,2015-03-31,-1
2016-01-28,93070,2016-03-31,3,,,,,,,,,,,,,,,,,,,,,,,,,,,,,3.00,,,,,,,false,false,12,2015-04-01,2016-03-31,0
2016-01-28,93070,2016-03-31,3,,,,,,,,,,,,,,,,,,,,,,,,,,,,,6.00,,,,,,,false,true,12,2015-04-01,2016-03-31,0
2016-01-28,93070,2016-03-31,3,,,,,,,,,,,,,,,,,,,,,,,,,,,,,,,,,15955010,69878,15871253,false,false,9,2015-04-01,2015-12-31,0
2016-01-28,93070,2015-03-31,3,,,,,,,,,,,,,,,,,,,,,,,,,,,,,,,,,,,15840212,false,false,9,2014-04-01,2014-12-31,-1
2016-04-28,93070,2016-03-31,,,,,,10264000000,0.032,1250000000,0.143,1202000000,0.192,,702000000,,44.27,44.21,0.070,0.059,0.122,,20502000000,10338000000,0.504,650.24,10328000000,923000000,-642000000,-182000000,2393000000,,0.192,,,,,,true,false,12,2015-04-01,2016-03-31,0
2016-04-28,93070,2015-03-31,,,,,,9949000000,0.009,1094000000,0.158,1008000000,0.166,,411000000,,25.99,,0.044,0.051,0.110,,19967000000,9802000000,0.490,617.80,9793000000,1544000000,-514000000,-801000000,2294000000,,0.231,,,,,,true,false,12,2014-04-01,2015-03-31,-1
2016-04-28,93070,2017-03-31,,,,,,5090000000,-0.015,530000000,-0.192,500000000,-0.216,,300000000,,18.89,,,,,,,,,,,,,,,,,,,,,,true,true,6,2016-04-01,2016-09-30,1
2016-04-28,93070,2017-03-31,,,,,,10150000000,-0.011,990000000,-0.208,910000000,-0.243,,560000000,,35.26,,,,,,,,,,,,,,,,0.199,,,,,,true,true,12,2016-04-01,2017-03-31,1
2016-04-28,93070,2016-03-31,,,,,,6541000000,0.029,893000000,0.144,841000000,0.185,521000000,,1.744,32.83,32.78,,,,,18483000000,8385000000,0.453,527.11,8375000000,,,,,8.50,,,,15955010,70750,15874646,false,false,12,2015-04-01,2016-03-31,0
2016-04-28,93070,2015-03-31,,,,,,6353000000,-0.005,780000000,0.142,709000000,0.204,189000000,,-0.267,11.99,,,,,,17804000000,7996000000,0.449,503.72,7987000000,,,,,6.00,,,,15919010,66885,15843172,false,false,12,2014-04-01,2015-03-31,-1
2016-04-28,93070,2017-03-31,,,,,,,,,,,,,,,,,,,,,,,,,,,,,,7.00,,,,,,,false,true,12,2016-04-01,2017-03-31,1
2016-07-29,93070,2017-03-31,1,,,,,2448000000,-0.045,269000000,-0.013,271000000,-0.009,,171000000,,10.80,10.80,,,,,22888000000,10312000000,0.450,,10301000000,,,,,,,,,,,,true,false,3,2016-04-01,2016-06-30,0
2016-07-29,93070,2016-03-31,1,,,,,2564000000,0.070,272000000,0.231,273000000,0.284,,174000000,,11.03,11.01,,,,,,,,,,,,,,,,,,,,,true,false,3,2015-04-01,2015-06-30,-1
2016-07-29,93070,2017-03-31,1,,,,,5090000000,-0.015,530000000,-0.192,500000000,-0.216,,300000000,,18.89,,,,,,,,,,,,,,,,,,,,,,true,true,6,2016-04-01,2016-09-30,0
2016-07-29,93070,2017-03-31,1,,,,,10150000000,-0.011,990000000,-0.208,910000000,-0.243,,560000000,,35.26,,,,,,,,,,,,,,,,,,,,,,true,true,12,2016-04-01,2017-03-31,0
2016-07-29,93070,2016-03-31,1,,,,,,,,,,,,,,,,,,,,20502000000,10338000000,0.504,,10328000000,,,,,,,,,,,,true,false,12,2015-04-01,2016-03-31,-1
2016-07-29,93070,2016-03-31,1,,,,,,,,,,,,,,,,,,,,,,,,,,,,,8.50,,,,15955010,70750,,false,false,12,2015-04-01,2016-03-31,-1
2016-07-29,93070,2017-03-31,1,,,,,,,,,,,,,,,,,,,,,,,,,,,,,7.00,,,,,,,false,true,12,2016-04-01,2017-03-31,0
2016-07-29,93070,2017-03-31,1,,,,,,,,,,,,,,,,,,,,,,,,,,,,,,,,,15955010,70750,15884260,false,false,3,2016-04-01,2016-06-30,0
2016-07-29,93070,2016-03-31,1,,,,,,,,,,,,,,,,,,,,,,,,,,,,,,,,,,,15851939,false,false,3,2015-04-01,2015-06-30,-1
2016-10-28,93070,2017-03-31,2,,,,,5033000000,-0.026,539000000,-0.177,510000000,-0.200,,271000000,,17.11,17.06,,,,,24585000000,10390000000,0.421,,10351000000,,,,,,,,,,,,true,false,6,2016-04-01,2016-09-30,0
2016-10-28,93070,2016-03-31,2,,,,,5167000000,0.050,655000000,0.357,637000000,0.429,,412000000,,26.02,25.99,,,,,,,,,,,,,,,,,,,,,true,false,6,2015-04-01,2015-09-30,-1
2016-10-28,93070,2017-03-31,2,,,,,10150000000,-0.011,990000000,-0.208,910000000,-0.243,,560000000,,35.26,,,,,,,,,,,,,,,,,,,,,,true,true,12,2016-04-01,2017-03-31,0
2016-10-28,93070,2016-03-31,2,,,,,,,,,,,,,,,,,,,,20502000000,10338000000,0.504,,10328000000,,,,,,,,,,,,true,false,12,2015-04-01,2016-03-31,-1
2016-10-28,93070,2016-03-31,2,,,,,,,,,,,,,,,,,,,,,,,,,,,,,8.50,,,,15955010,70750,,false,false,12,2015-04-01,2016-03-31,-1
2016-10-28,93070,2017-03-31,2,,,,,,,,,,,,,,,,,,,,,,,,,,,,,3.00,,,,,,,false,false,12,2016-04-01,2017-03-31,0
2016-10-28,93070,2017-03-31,2,,,,,,,,,,,,,,,,,,,,,,,,,,,,,7.00,,,,,,,false,true,12,2016-04-01,2017-03-31,0
2016-10-28,93070,2017-03-31,2,,,,,,,,,,,,,,,,,,,,,,,,,,,,,,,,,15955010,70750,15884260,false,false,6,2016-04-01,2016-09-30,0
2016-10-28,93070,2016-03-31,2,,,,,,,,,,,,,,,,,,,,,,,,,,,,,,,,,,,15864449,false,false,6,2015-04-01,2015-09-30,-1
2017-01-27,93070,2017-03-31,3,,,,,7584000000,-0.010,785000000,-0.189,733000000,-0.219,,459000000,,28.92,28.78,,,,,24719000000,10533000000,0.424,,10493000000,,,,,,,,,,,,true,false,9,2016-04-01,2016-12-31,0
2017-01-27,93070,2016-03-31,3,,,,,7662000000,0.041,969000000,0.290,938000000,0.343,,591000000,,37.27,37.22,,,,,,,,,,,,,,,,,,,,,true,false,9,2015-04-01,2015-12-31,-1
2017-01-27,93070,2017-03-31,3,,,,,10150000000,-0.011,990000000,-0.208,910000000,-0.243,,560000000,,35.26,,,,,,,,,,,,,,,,,,,,,,true,true,12,2016-04-01,2017-03-31,0
2017-01-27,93070,2016-03-31,3,,,,,,,,,,,,,,,,,,,,20502000000,10338000000,0.504,,10328000000,,,,,,,,,,,,true,false,12,2015-04-01,2016-03-31,-1
2017-01-27,93070,2016-03-31,3,,,,,,,,,,,,,,,,,,,,,,,,,,,,,8.50,,,,15955010,70750,,false,false,12,2015-04-01,2016-03-31,-1
2017-01-27,93070,2017-03-31,3,,,,,,,,,,,,,,,,,,,,,,,,,,,,,3.00,,,,,,,false,false,12,2016-04-01,2017-03-31,0
2017-01-27,93070,2017-03-31,3,,,,,,,,,,,,,,,,,,,,,,,,,,,,,7.00,,,,,,,false,true,12,2016-04-01,2017-03-31,0
2017-01-27,93070,2017-03-31,3,,,,,,,,,,,,,,,,,,,,,,,,,,,,,,,,,15955010,71556,15884186,false,false,9,2016-04-01,2016-12-31,0
2017-01-27,93070,2016-03-31,3,,,,,,,,,,,,,,,,,,,,,,,,,,,,,,,,,,,15871253,false,false,9,2015-04-01,2015-12-31,-1
2017-04-28,93070,2017-03-31,,,,,,10190000000,-0.007,1102000000,-0.118,1049000000,-0.127,,784000000,,49.39,49.10,0.074,0.046,0.108,,24904000000,10835000000,0.433,679.58,10794000000,1005000000,-4464000000,4059000000,2994000000,,0.152,,,,,,true,false,12,2016-04-01,2017-03-31,0
2017-04-28,93070,2016-03-31,,,,,,10264000000,0.032,1250000000,0.143,1202000000,0.192,,702000000,,44.27,44.21,0.070,0.059,0.122,,20502000000,10338000000,0.504,650.24,10328000000,923000000,-642000000,-182000000,2393000000,,0.192,,,,,,true,false,12,2015-04-01,2016-03-31,-1
2017-04-28,93070,2018-03-31,,,,,,4890000000,-0.028,470000000,-0.130,440000000,-0.138,,360000000,,22.67,,,,,,,,,,,,,,,,,,,,,,true,true,6,2017-04-01,2017-09-30,1
2017-04-28,93070,2018-03-31,,,,,,9800000000,-0.038,980000000,-0.111,890000000,-0.152,,750000000,,47.22,,,,,,,,,,,,,,,,0.138,,,,,,true,true,12,2017-04-01,2018-03-31,1
2017-04-28,93070,2016-03-31,,,,,,,,,,,,,,,,,,,,,,,,,,,,,,8.50,,,,15955010,70750,15874646,false,false,12,2015-04-01,2016-03-31,-1
2017-04-28,93070,2017-03-31,,,,,,,,,,,,,,,,,,,,,,,,,,,,,,7.50,,,,15955010,71556,15884006,false,false,12,2016-04-01,2017-03-31,0
2017-04-28,93070,2018-03-31,,,,,,,,,,,,,,,,,,,,,,,,,,,,,,6.50,,,,,,,false,true,12,2017-04-01,2018-03-31,1
2017-07-28,93070,2018-03-31,1,,,,,2507000000,0.024,247000000,-0.081,242000000,-0.107,,479000000,,30.22,29.97,,,,,24973000000,11206000000,0.447,,11164000000,,,,,,,,,,,,true,false,3,2017-04-01,2017-06-30,0
2017-07-28,93070,2017-03-31,1,,,,,2448000000,-0.045,269000000,-0.013,271000000,-0.009,,171000000,,10.80,10.80,,,,,,,,,,,,,,,,,,,,,true,false,3,2016-04-01,2016-06-30,-1
2017-07-28,93070,2018-03-31,1,,,,,4890000000,-0.028,470000000,-0.130,440000000,-0.138,,360000000,,22.67,,,,,,,,,,,,,,,,,,,,,,true,true,6,2017-04-01,2017-09-30,0
2017-07-28,93070,2018-03-31,1,,,,,9800000000,-0.038,980000000,-0.111,890000000,-0.152,,750000000,,47.22,,,,,,,,,,,,,,,,,,,,,,true,true,12,2017-04-01,2018-03-31,0
2017-07-28,93070,2017-03-31,1,,,,,,,,,,,,,,,,,,,,24904000000,10835000000,0.433,,10794000000,,,,,,,,,,,,true,false,12,2016-04-01,2017-03-31,-1
2017-07-28,93070,2017-03-31,1,,,,,,,,,,,,,,,,,,,,,,,,,,,,,7.50,,,,15955010,71556,,false,false,12,2016-04-01,2017-03-31,-1
2017-07-28,93070,2018-03-31,1,,,,,,,,,,,,,,,,,,,,,,,,,,,,,6.50,,,,,,,false,true,12,2017-04-01,2018-03-31,0
2017-07-28,93070,2018-03-31,1,,,,,,,,,,,,,,,,,,,,,,,,,,,,,,,,,15955010,71556,15883454,false,false,3,2017-04-01,2017-06-30,0
2017-07-28,93070,2017-03-31,1,,,,,,,,,,,,,,,,,,,,,,,,,,,,,,,,,,,15884260,false,false,3,2016-04-01,2016-06-30,-1
2017-10-27,93070,2018-03-31,2,,,,,4969000000,-0.013,498000000,-0.076,460000000,-0.098,,454000000,,28.56,28.27,,,,,24782000000,11297000000,0.454,,11257000000,,,,,,,,,,,,true,false,6,2017-04-01,2017-09-30,0
2017-10-27,93070,2017-03-31,2,,,,,5033000000,-0.026,539000000,-0.177,510000000,-0.200,,271000000,,17.11,17.06,,,,,,,,,,,,,,,,,,,,,true,false,6,2016-04-01,2016-09-30,-1
2017-10-27,93070,2018-03-31,2,,,,,9800000000,-0.038,980000000,-0.111,890000000,-0.152,,750000000,,47.22,,,,,,,,,,,,,,,,,,,,,,true,true,12,2017-04-01,2018-03-31,0
2017-10-27,93070,2017-03-31,2,,,,,,,,,,,,,,,,,,,,24904000000,10835000000,0.433,,10794000000,,,,,,,,,,,,true,false,12,2016-04-01,2017-03-31,-1
2017-10-27,93070,2017-03-31,2,,,,,,,,,,,,,,,,,,,,,,,,,,,,,7.50,,,,15955010,71556,,false,false,12,2016-04-01,2017-03-31,-1
2017-10-27,93070,2018-03-31,2,,,,,,,,,,,,,,,,,,,,,,,,,,,,,3.00,,,,,,,false,false,12,2017-04-01,2018-03-31,0
2017-10-27,93070,2018-03-31,2,,,,,,,,,,,,,,,,,,,,,,,,,,,,,6.50,,,,,,,false,true,12,2017-04-01,2018-03-31,0
2017-10-27,93070,2018-03-31,2,,,,,,,,,,,,,,,,,,,,,,,,,,,,,,,,,16083310,71586,15925613,false,false,6,2017-04-01,2017-09-30,0
2017-10-27,93070,2017-03-31,2,,,,,,,,,,,,,,,,,,,,,,,,,,,,,,,,,,,15884260,false,false,6,2016-04-01,2016-09-30,-1
2018-01-26,93070,2018-03-31,3,,,,,7452000000,-0.017,762000000,-0.030,720000000,-0.018,,715000000,,44.80,44.23,,,,,24705000000,11500000000,0.464,,11466000000,,,,,,,,,,,,true,false,9,2017-04-01,2017-12-31,0
2018-01-26,93070,2017-03-31,3,,,,,7584000000,-0.010,785000000,-0.189,733000000,-0.219,,459000000,,28.92,28.78,,,,,,,,,,,,,,,,,,,,,true,false,9,2016-04-01,2016-12-31,-1
2018-01-26,93070,2018-03-31,3,,,,,9800000000,-0.038,980000000,-0.111,890000000,-0.152,,750000000,,47.22,,,,,,,,,,,,,,,,,,,,,,true,true,12,2017-04-01,2018-03-31,0
2018-01-26,93070,2017-03-31,3,,,,,,,,,,,,,,,,,,,,24904000000,10835000000,0.433,,10794000000,,,,,,,,,,,,true,false,12,2016-04-01,2017-03-31,-1
2018-01-26,93070,2017-03-31,3,,,,,,,,,,,,,,,,,,,,,,,,,,,,,7.50,,,,15955010,71556,,false,false,12,2016-04-01,2017-03-31,-1
2018-01-26,93070,2018-03-31,3,,,,,,,,,,,,,,,,,,,,,,,,,,,,,3.00,,,,,,,false,false,12,2017-04-01,2018-03-31,0
2018-01-26,93070,2018-03-31,3,,,,,,,,,,,,,,,,,,,,,,,,,,,,,6.50,,,,,,,false,true,12,2017-04-01,2018-03-31,0
2018-01-26,93070,2018-03-31,3,,,,,,,,,,,,,,,,,,,,,,,,,,,,,,,,,16176310,66655,15977240,false,false,9,2017-04-01,2017-12-31,0
2018-01-26,93070,2017-03-31,3,,,,,,,,,,,,,,,,,,,,,,,,,,,,,,,,,,,15884186,false,false,9,2016-04-01,2016-12-31,-1
2018-02-09,93070,2018-03-31,,,,,,9800000000,0.000,980000000,0.000,890000000,0.000,,990000000,,61.96,,,,,,,,,,,,,,,,,,,,,,true,true,12,2017-04-01,2018-03-31,0
2018-02-09,93070,2017-03-31,,,,,,10190000000,,1102000000,,1049000000,,,784000000,,49.39,,,,,,,,,,,,,,,,,,,,,,true,false,12,2016-04-01,2017-03-31,-1
2018-04-27,93070,2018-03-31,,,,,,10067000000,-0.012,1046000000,-0.051,974000000,-0.071,,1121000000,,69.98,69.12,0.099,0.039,0.104,,24942000000,11853000000,0.474,731.14,11822000000,2325000000,1038000000,-1621000000,4737000000,,0.093,,,,,,true,false,12,2017-04-01,2018-03-31,0
2018-04-27,93070,2017-03-31,,,,,,10190000000,-0.007,1102000000,-0.118,1049000000,-0.127,,784000000,,49.39,49.10,0.074,0.046,0.108,,24904000000,10835000000,0.433,679.58,10794000000,1005000000,-4464000000,4059000000,2994000000,,0.152,,,,,,true,false,12,2016-04-01,2017-03-31,-1
2018-04-27,93070,2019-03-31,,,,,,4920000000,-0.010,520000000,0.043,500000000,0.086,,400000000,,24.74,,,,,,,,,,,,,,,,,,,,,,true,true,6,2018-04-01,2018-09-30,1
2018-04-27,93070,2019-03-31,,,,,,10000000000,-0.007,1080000000,0.032,1030000000,0.057,,820000000,,50.71,,,,,,,,,,,,,,,,0.128,,,,,,true,true,12,2018-04-01,2019-03-31,1
2018-04-27,93070,2018-03-31,,,,,,6365000000,-0.016,721000000,-0.064,1087000000,0.565,1433000000,,1.632,89.49,88.40,,,,,22539000000,9945000000,0.440,613.14,9914000000,,,,,6.50,,,,16236310,66685,16020032,false,false,12,2017-04-01,2018-03-31,0
2018-04-27,93070,2017-03-31,,,,,,6471000000,-0.011,771000000,-0.137,694000000,-0.174,544000000,,0.045,34.29,34.09,,,,,22749000000,8633000000,0.378,540.79,8592000000,,,,,7.50,,,,15955010,71556,15884006,false,false,12,2016-04-01,2017-03-31,-1
2018-04-27,93070,2019-03-31,,,,,,,,,,,,,,,,,,,,,,,,,,,,,,6.50,,,,,,,false,true,12,2018-04-01,2019-03-31,1
2018-07-26,93070,2019-03-31,1,,,,,2498000000,-0.003,287000000,0.161,284000000,0.175,,267000000,,16.51,16.35,,,,,24500000000,12078000000,0.492,,12048000000,,,,,,,,,,,,true,false,3,2018-04-01,2018-06-30,0
2018-07-26,93070,2018-03-31,1,,,,,2507000000,0.024,247000000,-0.081,242000000,-0.107,,479000000,,30.22,29.97,,,,,,,,,,,,,,,,,,,,,true,false,3,2017-04-01,2017-06-30,-1
2018-07-26,93070,2019-03-31,1,,,,,4920000000,-0.010,520000000,0.043,500000000,0.086,,400000000,,24.74,,,,,,,,,,,,,,,,,,,,,,true,true,6,2018-04-01,2018-09-30,0
2018-07-26,93070,2019-03-31,1,,,,,10000000000,-0.007,1080000000,0.032,1030000000,0.057,,820000000,,50.71,,,,,,,,,,,,,,,,,,,,,,true,true,12,2018-04-01,2019-03-31,0
2018-07-26,93070,2018-03-31,1,,,,,,,,,,,,,,,,,,,,24942000000,11853000000,0.474,,11822000000,,,,,,,,,,,,true,false,12,2017-04-01,2018-03-31,-1
2018-07-26,93070,2018-03-31,1,,,,,,,,,,,,,,,,,,,,,,,,,,,,,6.50,,,,16236310,66685,,false,false,12,2017-04-01,2018-03-31,-1
2018-07-26,93070,2019-03-31,1,,,,,,,,,,,,,,,,,,,,,,,,,,,,,6.50,,,,,,,false,true,12,2018-04-01,2019-03-31,0
2018-07-26,93070,2019-03-31,1,,,,,,,,,,,,,,,,,,,,,,,,,,,,,,,,,16252310,66686,16182987,false,false,3,2018-04-01,2018-06-30,0
2018-07-26,93070,2018-03-31,1,,,,,,,,,,,,,,,,,,,,,,,,,,,,,,,,,,,15883454,false,false,3,2017-04-01,2017-06-30,-1
2018-10-26,93070,2019-03-31,2,,,,,5018000000,0.010,573000000,0.149,538000000,0.169,,422000000,,26.11,25.87,,,,,24318000000,12200000000,0.501,,12171000000,,,,,,,,,,,,true,false,6,2018-04-01,2018-09-30,0
2018-10-26,93070,2018-03-31,2,,,,,4969000000,-0.013,498000000,-0.076,460000000,-0.098,,454000000,,28.56,28.27,,,,,,,,,,,,,,,,,,,,,true,false,6,2017-04-01,2017-09-30,-1
2018-10-26,93070,2019-03-31,2,,,,,10000000000,-0.007,1080000000,0.032,1030000000,0.057,,820000000,,50.71,,,,,,,,,,,,,,,,,,,,,,true,true,12,2018-04-01,2019-03-31,0
2018-10-26,93070,2018-03-31,2,,,,,,,,,,,,,,,,,,,,24942000000,11853000000,0.474,,11822000000,,,,,,,,,,,,true,false,12,2017-04-01,2018-03-31,-1
2018-10-26,93070,2018-03-31,2,,,,,,,,,,,,,,,,,,,,,,,,,,,,,6.50,,,,16236310,66685,,false,false,12,2017-04-01,2018-03-31,-1
2018-10-26,93070,2019-03-31,2,,,,,,,,,,,,,,,,,,,,,,,,,,,,,3.00,,,,,,,false,false,12,2018-04-01,2019-03-31,0
2018-10-26,93070,2019-03-31,2,,,,,,,,,,,,,,,,,,,,,,,,,,,,,6.50,,,,,,,false,true,12,2018-04-01,2019-03-31,0
2018-10-26,93070,2019-03-31,2,,,,,,,,,,,,,,,,,,,,,,,,,,,,,,,,,16282110,66738,16194661,false,false,6,2018-04-01,2018-09-30,0
2018-10-26,93070,2018-03-31,2,,,,,,,,,,,,,,,,,,,,,,,,,,,,,,,,,,,15925613,false,false,6,2017-04-01,2017-09-30,-1
2019-01-30,93070,2019-03-31,3,,,,,7600000000,0.020,877000000,0.151,828000000,0.151,,659000000,,40.68,40.30,,,,,23696000000,12234000000,0.515,,12204000000,,,,,,,,,,,,true,false,9,2018-04-01,2018-12-31,0
2019-01-30,93070,2018-03-31,3,,,,,7452000000,-0.017,762000000,-0.030,720000000,-0.018,,715000000,,44.80,44.23,,,,,,,,,,,,,,,,,,,,,true,false,9,2017-04-01,2017-12-31,-1
2019-01-30,93070,2019-03-31,3,,,,,10000000000,-0.007,1080000000,0.032,1030000000,0.057,,820000000,,50.71,,,,,,,,,,,,,,,,,,,,,,true,true,12,2018-04-01,2019-03-31,0
2019-01-30,93070,2018-03-31,3,,,,,,,,,,,,,,,,,,,,24942000000,11853000000,0.474,,11822000000,,,,,,,,,,,,true,false,12,2017-04-01,2018-03-31,-1
2019-01-30,93070,2018-03-31,3,,,,,,,,,,,,,,,,,,,,,,,,,,,,,6.50,,,,16236310,66685,,false,false,12,2017-04-01,2018-03-31,-1
2019-01-30,93070,2019-03-31,3,,,,,,,,,,,,,,,,,,,,,,,,,,,,,3.00,,,,,,,false,false,12,2018-04-01,2019-03-31,0
2019-01-30,93070,2019-03-31,3,,,,,,,,,,,,,,,,,,,,,,,,,,,,,6.50,,,,,,,false,true,12,2018-04-01,2019-03-31,0
2019-01-30,93070,2019-03-31,3,,,,,,,,,,,,,,,,,,,,,,,,,,,,,,,,,16282110,66763,16201585,false,false,9,2018-04-01,2018-12-31,0
2019-01-30,93070,2018-03-31,3,,,,,,,,,,,,,,,,,,,,,,,,,,,,,,,,,,,15977240,false,false,9,2017-04-01,2017-12-31,-1
2019-04-25,93070,2019-03-31,,,,,,10174000000,0.011,1180000000,0.128,1110000000,0.139,,940000000,,58.04,57.51,0.077,0.046,0.116,,23839000000,12525000000,0.524,770.63,12495000000,1398000000,-118000000,-1423000000,4594000000,,0.129,,,,,,true,false,12,2018-04-01,2019-03-31,0
2019-04-25,93070,2018-03-31,,,,,,10067000000,-0.012,1046000000,-0.051,974000000,-0.071,,1121000000,,69.98,69.12,0.099,0.039,0.104,,24942000000,11853000000,0.474,731.14,11822000000,2325000000,1038000000,-1621000000,4737000000,,0.093,,,,,,true,false,12,2017-04-01,2018-03-31,-1
2019-04-25,93070,2020-03-31,,,,,,5100000000,0.016,570000000,-0.006,540000000,0.003,,450000000,,27.75,,,,,,,,,,,,,,,,,,,,,,true,true,6,2019-04-01,2019-09-30,1
2019-04-25,93070,2020-03-31,,,,,,10300000000,0.012,1210000000,0.025,1140000000,0.027,,930000000,,57.35,,,,,,,,,,,,,,,,0.131,,,,,,true,true,12,2019-04-01,2020-03-31,1
2019-04-25,93070,2019-03-31,,,,,,6574000000,0.033,822000000,0.139,915000000,-0.158,879000000,,-0.387,54.25,53.75,,,,,21529000000,10551000000,0.489,648.91,10522000000,,,,,7.50,,,,16282110,66763,16204978,false,false,12,2018-04-01,2019-03-31,0
2019-04-25,93070,2018-03-31,,,,,,6365000000,-0.016,721000000,-0.064,1087000000,0.565,1433000000,,1.632,89.49,88.40,,,,,22539000000,9945000000,0.440,613.14,9914000000,,,,,6.50,,,,16236310,66685,16020032,false,false,12,2017-04-01,2018-03-31,-1
2019-04-25,93070,2020-03-31,,,,,,,,,,,,,,,,,,,,,,,,,,,,,,7.50,,,,,,,false,true,12,2019-04-01,2020-03-31,1
2019-07-26,93070,2020-03-31,1,,,,,2532000000,0.014,297000000,0.035,296000000,0.042,,246000000,,15.20,15.07,,,,,23503000000,12619000000,0.536,,12590000000,,,,,,,,,,,,true,false,3,2019-04-01,2019-06-30,0
2019-07-26,93070,2019-03-31,1,,,,,2498000000,-0.003,287000000,0.161,284000000,0.175,,267000000,,16.51,16.35,,,,,,,,,,,,,,,,,,,,,true,false,3,2018-04-01,2018-06-30,-1
2019-07-26,93070,2020-03-31,1,,,,,5100000000,0.016,570000000,-0.006,540000000,0.003,,450000000,,27.75,,,,,,,,,,,,,,,,,,,,,,true,true,6,2019-04-01,2019-09-30,0
2019-07-26,93070,2020-03-31,1,,,,,10300000000,0.012,1210000000,0.025,1140000000,0.027,,930000000,,57.35,,,,,,,,,,,,,,,,,,,,,,true,true,12,2019-04-01,2020-03-31,0
2019-07-26,93070,2019-03-31,1,,,,,,,,,,,,,,,,,,,,23839000000,12525000000,0.524,,12495000000,,,,,,,,,,,,true,false,12,2018-04-01,2019-03-31,-1
2019-07-26,93070,2019-03-31,1,,,,,,,,,,,,,,,,,,,,,,,,,,,,,7.50,,,,16282110,66763,,false,false,12,2018-04-01,2019-03-31,-1
2019-07-26,93070,2020-03-31,1,,,,,,,,,,,,,,,,,,,,,,,,,,,,,7.50,,,,,,,false,true,12,2019-04-01,2020-03-31,0
2019-07-26,93070,2020-03-31,1,,,,,,,,,,,,,,,,,,,,,,,,,,,,,,,,,16282110,111347,16191380,false,false,3,2019-04-01,2019-06-30,0
2019-07-26,93070,2019-03-31,1,,,,,,,,,,,,,,,,,,,,,,,,,,,,,,,,,,,16182987,false,false,3,2018-04-01,2018-06-30,-1
2019-10-25,93070,2020-03-31,2,,,,,5171000000,0.030,651000000,0.137,622000000,0.157,,515000000,,31.82,31.56,,,,,23365000000,12878000000,0.550,,12852000000,,,,,,,,,,,,true,false,6,2019-04-01,2019-09-30,0
2019-10-25,93070,2019-03-31,2,,,,,5018000000,0.010,573000000,0.149,538000000,0.169,,422000000,,26.11,25.87,,,,,,,,,,,,,,,,,,,,,true,false,6,2018-04-01,2018-09-30,-1
2019-10-25,93070,2020-03-31,2,,,,,10300000000,0.012,1210000000,0.025,1140000000,0.027,,930000000,,57.35,,,,,,,,,,,,,,,,,,,,,,true,true,12,2019-04-01,2020-03-31,0
2019-10-25,93070,2019-03-31,2,,,,,,,,,,,,,,,,,,,,23839000000,12525000000,0.524,,12495000000,,,,,,,,,,,,true,false,12,2018-04-01,2019-03-31,-1
2019-10-25,93070,2019-03-31,2,,,,,,,,,,,,,,,,,,,,,,,,,,,,,7.50,,,,16282110,66763,,false,false,12,2018-04-01,2019-03-31,-1
2019-10-25,93070,2020-03-31,2,,,,,,,,,,,,,,,,,,,,,,,,,,,,,3.00,,,,,,,false,false,12,2019-04-01,2020-03-31,0
2019-10-25,93070,2020-03-31,2,,,,,,,,,,,,,,,,,,,,,,,,,,,,,7.50,,,,,,,false,true,12,2019-04-01,2020-03-31,0
2019-10-25,93070,2020-03-31,2,,,,,,,,,,,,,,,,,,,,,,,,,,,,,,,,,16304110,66847,16207824,false,false,6,2019-04-01,2019-09-30,0
2019-10-25,93070,2019-03-31,2,,,,,,,,,,,,,,,,,,,,,,,,,,,,,,,,,,,16194661,false,false,6,2018-04-01,2018-09-30,-1
2020-01-28,93070,2020-03-31,3,,,,,7715000000,0.015,924000000,0.054,883000000,0.066,,721000000,,44.45,44.11,,,,,23298000000,13047000000,0.559,,13026000000,,,,,,,,,,,,true,false,9,2019-04-01,2019-12-31,0
2020-01-28,93070,2019-03-31,3,,,,,7600000000,0.020,877000000,0.151,828000000,0.151,,659000000,,40.68,40.30,,,,,,,,,,,,,,,,,,,,,true,false,9,2018-04-01,2018-12-31,-1
2020-01-28,93070,2020-03-31,3,,,,,10300000000,0.012,1210000000,0.025,1140000000,0.027,,930000000,,57.35,,,,,,,,,,,,,,,,,,,,,,true,true,12,2019-04-01,2020-03-31,0
2020-01-28,93070,2019-03-31,3,,,,,,,,,,,,,,,,,,,,23839000000,12525000000,0.524,,12495000000,,,,,,,,,,,,true,false,12,2018-04-01,2019-03-31,-1
2020-01-28,93070,2019-03-31,3,,,,,,,,,,,,,,,,,,,,,,,,,,,,,7.50,,,,16282110,66763,,false,false,12,2018-04-01,2019-03-31,-1
2020-01-28,93070,2020-03-31,3,,,,,,,,,,,,,,,,,,,,,,,,,,,,,3.00,,,,,,,false,false,12,2019-04-01,2020-03-31,0
2020-01-28,93070,2020-03-31,3,,,,,,,,,,,,,,,,,,,,,,,,,,,,,7.50,,,,,,,false,true,12,2019-04-01,2020-03-31,0
2020-01-28,93070,2020-03-31,3,,,,,,,,,,,,,,,,,,,,,,,,,,,,,,,,,16325110,66847,16222941,false,false,9,2019-04-01,2019-12-31,0
2020-01-28,93070,2019-03-31,3,,,,,,,,,,,,,,,,,,,,,,,,,,,,,,,,,,,16201585,false,false,9,2018-04-01,2018-12-31,-1
2020-04-30,93070,2020-03-31,,,,,,10266000000,0.009,1204000000,0.021,1137000000,0.025,,924000000,,56.93,56.53,0.072,0.048,0.117,,23168000000,13096000000,0.565,802.52,13086000000,1606000000,-682000000,-1378000000,4139000000,,0.132,,,,,,true,false,12,2019-04-01,2020-03-31,0
2020-04-30,93070,2019-03-31,,,,,,10174000000,0.011,1180000000,0.128,1110000000,0.139,,940000000,,58.04,57.51,0.077,0.046,0.116,,23839000000,12525000000,0.524,770.63,12495000000,1398000000,-118000000,-1423000000,4594000000,,0.129,,,,,,true,false,12,2018-04-01,2019-03-31,-1
2020-04-30,93070,2021-03-31,,,,,,4970000000,-0.039,550000000,-0.156,530000000,-0.149,,440000000,,26.98,,,,,,,,,,,,,,,,,,,,,,true,true,6,2020-04-01,2020-09-30,1
2020-04-30,93070,2021-03-31,,,,,,10020000000,-0.024,1090000000,-0.095,1030000000,-0.095,,850000000,,52.12,,,,,,,,,,,,,,,,0.134,,,,,,true,true,12,2020-04-01,2021-03-31,1
2020-04-30,93070,2019-03-31,,,,,,,,,,,,,,,,,,,,,,,,,,,,,,7.50,,,,16282110,66763,16204978,false,false,12,2018-04-01,2019-03-31,-1
2020-04-30,93070,2020-03-31,,,,,,,,,,,,,,,,,,,,,,,,,,,,,,7.50,,,,16374110,66947,16237883,false,false,12,2019-04-01,2020-03-31,0
2020-04-30,93070,2021-03-31,,,,,,,,,,,,,,,,,,,,,,,,,,,,,,7.00,,,,,,,false,true,12,2020-04-01,2021-03-31,1
2020-07-29,93070,2021-03-31,1,,,,,2467000000,-0.026,267000000,-0.104,270000000,-0.089,,222000000,,13.67,13.63,,,,,23035000000,13237000000,0.574,,13228000000,,,,,,,,,,,,true,false,3,2020-04-01,2020-06-30,0
2020-07-29,93070,2020-03-31,1,,,,,2532000000,0.014,297000000,0.035,296000000,0.042,,246000000,,15.20,15.07,,,,,,,,,,,,,,,,,,,,,true,false,3,2019-04-01,2019-06-30,-1
2020-07-29,93070,2021-03-31,1,,,,,4970000000,-0.039,550000000,-0.156,530000000,-0.149,,440000000,,26.98,,,,,,,,,,,,,,,,,,,,,,true,true,6,2020-04-01,2020-09-30,0
2020-07-29,93070,2021-03-31,1,,,,,10020000000,-0.024,1090000000,-0.095,1030000000,-0.095,,850000000,,52.12,,,,,,,,,,,,,,,,,,,,,,true,true,12,2020-04-01,2021-03-31,0
2020-07-29,93070,2020-03-31,1,,,,,,,,,,,,,,,,,,,,23168000000,13096000000,0.565,,13086000000,,,,,,,,,,,,true,false,12,2019-04-01,2020-03-31,-1
2020-07-29,93070,2020-03-31,1,,,,,,,,,,,,,,,,,,,,,,,,,,,,,7.50,,,,16374110,66947,,false,false,12,2019-04-01,2020-03-31,-1
2020-07-29,93070,2021-03-31,1,,,,,,,,,,,,,,,,,,,,,,,,,,,,,7.00,,,,,,,false,true,12,2020-04-01,2021-03-31,0
2020-07-29,93070,2021-03-31,1,,,,,,,,,,,,,,,,,,,,,,,,,,,,,,,,,16374110,120347,16286827,false,false,3,2020-04-01,2020-06-30,0
2020-07-29,93070,2020-03-31,1,,,,,,,,,,,,,,,,,,,,,,,,,,,,,,,,,,,16191380,false,false,3,2019-04-01,2019-06-30,-1
2020-10-30,93070,2021-03-31,2,,,,,5103000000,-0.013,634000000,-0.027,620000000,-0.004,,513000000,,31.55,31.46,,,,,23528000000,13504000000,0.574,,13495000000,,,,,,,,,,,,true,false,6,2020-04-01,2020-09-30,0
2020-10-30,93070,2020-03-31,2,,,,,5171000000,0.030,651000000,0.137,622000000,0.157,,515000000,,31.82,31.56,,,,,,,,,,,,,,,,,,,,,true,false,6,2019-04-01,2019-09-30,-1
2020-10-30,93070,2021-03-31,2,,,,,10020000000,-0.024,1090000000,-0.095,1030000000,-0.095,,850000000,,52.12,,,,,,,,,,,,,,,,,,,,,,true,true,12,2020-04-01,2021-03-31,0
2020-10-30,93070,2020-03-31,2,,,,,,,,,,,,,,,,,,,,23168000000,13096000000,0.565,,13086000000,,,,,,,,,,,,true,false,12,2019-04-01,2020-03-31,-1
2020-10-30,93070,2020-03-31,2,,,,,,,,,,,,,,,,,,,,,,,,,,,,,7.50,,,,16374110,66947,,false,false,12,2019-04-01,2020-03-31,-1
2020-10-30,93070,2021-03-31,2,,,,,,,,,,,,,,,,,,,,,,,,,,,,,3.00,,,,,,,false,false,12,2020-04-01,2021-03-31,0
2020-10-30,93070,2021-03-31,2,,,,,,,,,,,,,,,,,,,,,,,,,,,,,7.00,,,,,,,false,true,12,2020-04-01,2021-03-31,0
2020-10-30,93070,2021-03-31,2,,,,,,,,,,,,,,,,,,,,,,,,,,,,,,,,,16374110,72745,16289209,false,false,6,2020-04-01,2020-09-30,0
2020-10-30,93070,2020-03-31,2,,,,,,,,,,,,,,,,,,,,,,,,,,,,,,,,,,,16207824,false,false,6,2019-04-01,2019-09-30,-1
2021-01-29,93070,2021-03-31,3,,,,,7594000000,-0.016,928000000,0.003,902000000,0.022,,734000000,,45.05,44.92,,,,,22642000000,13617000000,0.601,,13611000000,,,,,,,,,,,,true,false,9,2020-04-01,2020-12-31,0
2021-01-29,93070,2020-03-31,3,,,,,7715000000,0.015,924000000,0.054,883000000,0.066,,721000000,,44.45,44.11,,,,,,,,,,,,,,,,,,,,,true,false,9,2019-04-01,2019-12-31,-1
2021-01-29,93070,2021-03-31,3,,,,,10020000000,-0.024,1090000000,-0.095,1030000000,-0.095,,850000000,,52.12,,,,,,,,,,,,,,,,,,,,,,true,true,12,2020-04-01,2021-03-31,0
2021-01-29,93070,2020-03-31,3,,,,,,,,,,,,,,,,,,,,23168000000,13096000000,0.565,,13086000000,,,,,,,,,,,,true,false,12,2019-04-01,2020-03-31,-1
2021-01-29,93070,2020-03-31,3,,,,,,,,,,,,,,,,,,,,,,,,,,,,,7.50,,,,16374110,66947,,false,false,12,2019-04-01,2020-03-31,-1
2021-01-29,93070,2021-03-31,3,,,,,,,,,,,,,,,,,,,,,,,,,,,,,3.00,,,,,,,false,false,12,2020-04-01,2021-03-31,0
2021-01-29,93070,2021-03-31,3,,,,,,,,,,,,,,,,,,,,,,,,,,,,,7.00,,,,,,,false,true,12,2020-04-01,2021-03-31,0
2021-01-29,93070,2021-03-31,3,,,,,,,,,,,,,,,,,,,,,,,,,,,,,,,,,16391110,72745,16295901,false,false,9,2020-04-01,2020-12-31,0
2021-01-29,93070,2020-03-31,3,,,,,,,,,,,,,,,,,,,,,,,,,,,,,,,,,,,16222941,false,false,9,2019-04-01,2019-12-31,-1
2021-04-30,93070,2021-03-31,,,,,,10204000000,-0.006,1263000000,0.049,1221000000,0.073,,995000000,,61.10,60.93,0.074,0.053,0.124,,22846000000,13841000000,0.606,847.66,13836000000,975000000,-706000000,-1074000000,3334000000,,0.131,,,,,,true,false,12,2020-04-01,2021-03-31,0
2021-04-30,93070,2020-03-31,,,,,,10266000000,0.009,1204000000,0.021,1137000000,0.025,,924000000,,56.93,56.53,0.072,0.048,0.117,,23168000000,13096000000,0.565,802.52,13086000000,1606000000,-682000000,-1378000000,4139000000,,0.132,,,,,,true,false,12,2019-04-01,2020-03-31,-1
2021-04-30,93070,2022-03-31,,,,,,5020000000,-0.016,540000000,-0.149,530000000,-0.145,,360000000,,22.05,,,,,,,,,,,,,,,,,,,,,,true,true,6,2021-04-01,2021-09-30,1
2021-04-30,93070,2022-03-31,,,,,,10240000000,0.003,1110000000,-0.121,1080000000,-0.116,,740000000,,45.33,,,,,,,,,,,,,,,,,,,,,,true,true,12,2021-04-01,2022-03-31,1
2021-04-30,93070,2020-03-31,,,,,,,,,,,,,,,,,,,,,,,,,,,,,,7.50,,,,16374110,66947,16237883,false,false,12,2019-04-01,2020-03-31,-1
2021-04-30,93070,2021-03-31,,,,,,,,,,,,,,,,,,,,,,,,,,,,,,8.00,,,,16396110,72745,16302057,false,false,12,2020-04-01,2021-03-31,0
2021-04-30,93070,2022-03-31,,,,,,,,,,,,,,,,,,,,,,,,,,,,,,7.50,,,,,,,false,true,12,2021-04-01,2022-03-31,1
2021-07-30,93070,2022-03-31,1,,,,,2445000000,-0.009,302000000,0.134,304000000,0.126,,201000000,,12.34,12.32,,,,,22388000000,13951000000,0.623,,13947000000,,,,,,,,,,,,true,false,3,2021-04-01,2021-06-30,0
2021-07-30,93070,2021-03-31,1,,,,,2467000000,-0.026,267000000,-0.104,270000000,-0.089,,222000000,,13.67,13.63,,,,,,,,,,,,,,,,,,,,,true,false,3,2020-04-01,2020-06-30,-1
2021-07-30,93070,2022-03-31,1,,,,,5020000000,-0.016,540000000,-0.149,530000000,-0.145,,360000000,,22.05,,,,,,,,,,,,,,,,,,,,,,true,true,6,2021-04-01,2021-09-30,0
2021-07-30,93070,2022-03-31,1,,,,,10240000000,0.003,1110000000,-0.121,1080000000,-0.116,,740000000,,45.33,,,,,,,,,,,,,,,,,,,,,,true,true,12,2021-04-01,2022-03-31,0
2021-07-30,93070,2021-03-31,1,,,,,,,,,,,,,,,,,,,,22846000000,13841000000,0.606,,13836000000,,,,,,,,,,,,true,false,12,2020-04-01,2021-03-31,-1
2021-07-30,93070,2021-03-31,1,,,,,,,,,,,,,,,,,,,,,,,,,,,,,8.00,,,,16396110,72745,,false,false,12,2020-04-01,2021-03-31,-1
2021-07-30,93070,2022-03-31,1,,,,,,,,,,,,,,,,,,,,,,,,,,,,,7.50,,,,,,,false,true,12,2021-04-01,2022-03-31,0
2021-07-30,93070,2022-03-31,1,,,,,,,,,,,,,,,,,,,,,,,,,,,,,,,,,16398110,129845,16301582,false,false,3,2021-04-01,2021-06-30,0
2021-07-30,93070,2021-03-31,1,,,,,,,,,,,,,,,,,,,,,,,,,,,,,,,,,,,16286827,false,false,3,2020-04-01,2020-06-30,-1
2021-10-28,93070,2022-03-31,2,,,,,4952000000,-0.029,538000000,-0.151,522000000,-0.157,,342000000,,20.97,20.94,,,,,22009000000,14136000000,0.642,,14131000000,,,,,,,,,,,,true,false,6,2021-04-01,2021-09-30,0
2021-10-28,93070,2021-03-31,2,,,,,5103000000,-0.013,634000000,-0.027,620000000,-0.004,,513000000,,31.55,31.46,,,,,,,,,,,,,,,,,,,,,true,false,6,2020-04-01,2020-09-30,-1
2021-10-28,93070,2022-03-31,2,,,,,10060000000,-0.014,1000000000,-0.209,960000000,-0.214,,660000000,,40.42,,,,,,,,,,,,,,,,,,,,,,true,true,12,2021-04-01,2022-03-31,0
2021-10-28,93070,2021-03-31,2,,,,,,,,,,,,,,,,,,,,22846000000,13841000000,0.606,,13836000000,,,,,,,,,,,,true,false,12,2020-04-01,2021-03-31,-1
2021-10-28,93070,2021-03-31,2,,,,,,,,,,,,,,,,,,,,,,,,,,,,,8.00,,,,16396110,72745,,false,false,12,2020-04-01,2021-03-31,-1
2021-10-28,93070,2022-03-31,2,,,,,,,,,,,,,,,,,,,,,,,,,,,,,3.00,,,,,,,false,false,12,2021-04-01,2022-03-31,0
2021-10-28,93070,2022-03-31,2,,,,,,,,,,,,,,,,,,,,,,,,,,,,,7.50,,,,,,,false,true,12,2021-04-01,2022-03-31,0
2021-10-28,93070,2022-03-31,2,,,,,,,,,,,,,,,,,,,,,,,,,,,,,,,,,16398110,70045,16308687,false,false,6,2021-04-01,2021-09-30,0
2021-10-28,93070,2021-03-31,2,,,,,,,,,,,,,,,,,,,,,,,,,,,,,,,,,,,16289209,false,false,6,2020-04-01,2020-09-30,-1
2022-01-28,93070,2022-03-31,3,,,,,7448000000,-0.019,828000000,-0.107,807000000,-0.105,,529000000,,32.46,32.41,,,,,21723000000,14265000000,0.656,,14260000000,,,,,,,,,,,,true,false,9,2021-04-01,2021-12-31,0
2022-01-28,93070,2021-03-31,3,,,,,7594000000,-0.016,928000000,0.003,902000000,0.022,,734000000,,45.05,44.92,,,,,,,,,,,,,,,,,,,,,true,false,9,2020-04-01,2020-12-31,-1
2022-01-28,93070,2022-03-31,3,,,,,10060000000,-0.014,1000000000,-0.209,960000000,-0.214,,660000000,,40.42,,,,,,,,,,,,,,,,,,,,,,true,true,12,2021-04-01,2022-03-31,0
2022-01-28,93070,2021-03-31,3,,,,,,,,,,,,,,,,,,,,22846000000,13841000000,0.606,,13836000000,,,,,,,,,,,,true,false,12,2020-04-01,2021-03-31,-1
2022-01-28,93070,2021-03-31,3,,,,,,,,,,,,,,,,,,,,,,,,,,,,,8.00,,,,16396110,72745,,false,false,12,2020-04-01,2021-03-31,-1
2022-01-28,93070,2022-03-31,3,,,,,,,,,,,,,,,,,,,,,,,,,,,,,3.00,,,,,,,false,false,12,2021-04-01,2022-03-31,0
2022-01-28,93070,2022-03-31,3,,,,,,,,,,,,,,,,,,,,,,,,,,,,,7.50,,,,,,,false,true,12,2021-04-01,2022-03-31,0
2022-01-28,93070,2022-03-31,3,,,,,,,,,,,,,,,,,,,,,,,,,,,,,,,,,16398110,70075,16315168,false,false,9,2021-04-01,2021-12-31,0
2022-01-28,93070,2021-03-31,3,,,,,,,,,,,,,,,,,,,,,,,,,,,,,,,,,,,16295901,false,false,9,2020-04-01,2020-12-31,-1
2022-04-28,93070,2022-03-31,,,,,,10191000000,-0.001,1175000000,-0.069,1142000000,-0.064,,800000000,,49.03,48.97,0.056,0.051,0.115,,21907000000,14542000000,0.664,889.93,14539000000,1564000000,-291000000,-1700000000,2906000000,,0.153,,,,,,true,false,12,2021-04-01,2022-03-31,0
2022-04-28,93070,2021-03-31,,,,,,10204000000,-0.006,1263000000,0.049,1221000000,0.073,,995000000,,61.10,60.93,0.074,0.053,0.124,,22846000000,13841000000,0.606,847.66,13836000000,975000000,-706000000,-1074000000,3334000000,,0.131,,,,,,true,false,12,2020-04-01,2021-03-31,-1
2022-04-28,93070,2023-03-31,,,,,,5230000000,0.056,470000000,-0.127,470000000,-0.101,,310000000,,18.97,,,,,,,,,,,,,,,,,,,,,,true,true,6,2022-04-01,2022-09-30,1
2022-04-28,93070,2023-03-31,,,,,,10660000000,0.046,1000000000,-0.149,970000000,-0.151,,650000000,,39.78,,,,,,,,,,,,,,,,,,,,,,true,true,12,2022-04-01,2023-03-31,1
2022-04-28,93070,2022-03-31,,,,,,5950000000,-0.114,726000000,-0.104,1280000000,0.336,1103000000,,0.195,67.62,67.53,,,,,19816000000,12758000000,0.644,780.79,12756000000,,,,,7.50,,,,16408110,70075,16320724,false,false,12,2021-04-01,2022-03-31,0
2022-04-28,93070,2021-03-31,,,,,,6719000000,0.005,811000000,0.009,958000000,0.033,923000000,,0.071,56.64,56.49,,,,,20304000000,11744000000,0.578,719.22,11740000000,,,,,8.00,,,,16396110,72745,16302057,false,false,12,2020-04-01,2021-03-31,-1
2022-04-28,93070,2023-03-31,,,,,,,,,,,,,,,,,,,,,,,,,,,,,,7.50,,,,,,,false,true,12,2022-04-01,2023-03-31,1
2022-07-29,93070,2023-03-31,1,,,,,2578000000,0.054,231000000,-0.237,241000000,-0.206,,160000000,,9.83,9.83,,,,,21779000000,14617000000,0.671,,14615000000,,,,,,,,,,,,true,false,3,2022-04-01,2022-06-30,0
2022-07-29,93070,2022-03-31,1,,,,,2445000000,-0.009,302000000,0.134,304000000,0.126,,201000000,,12.34,12.32,,,,,,,,,,,,,,,,,,,,,true,false,3,2021-04-01,2021-06-30,-1
2022-07-29,93070,2023-03-31,1,,,,,5230000000,0.056,470000000,-0.127,470000000,-0.101,,310000000,,18.97,,,,,,,,,,,,,,,,,,,,,,true,true,6,2022-04-01,2022-09-30,0
2022-07-29,93070,2023-03-31,1,,,,,10660000000,0.046,1000000000,-0.149,970000000,-0.151,,650000000,,39.78,,,,,,,,,,,,,,,,,,,,,,true,true,12,2022-04-01,2023-03-31,0
2022-07-29,93070,2022-03-31,1,,,,,,,,,,,,,,,,,,,,21907000000,14542000000,0.664,,14539000000,,,,,,,,,,,,true,false,12,2021-04-01,2022-03-31,-1
2022-07-29,93070,2022-03-31,1,,,,,,,,,,,,,,,,,,,,,,,,,,,,,7.50,,,,16408110,70075,,false,false,12,2021-04-01,2022-03-31,-1
2022-07-29,93070,2023-03-31,1,,,,,,,,,,,,,,,,,,,,,,,,,,,,,7.50,,,,,,,false,true,12,2022-04-01,2023-03-31,0
2022-07-29,93070,2023-03-31,1,,,,,,,,,,,,,,,,,,,,,,,,,,,,,,,,,16408110,115075,16317661,false,false,3,2022-04-01,2022-06-30,0
2022-07-29,93070,2022-03-31,1,,,,,,,,,,,,,,,,,,,,,,,,,,,,,,,,,,,16301582,false,false,3,2021-04-01,2021-06-30,-1
2022-10-28,93070,2023-03-31,2,,,,,5249000000,0.060,537000000,-0.003,529000000,0.012,,341000000,,20.92,20.90,,,,,21795000000,14834000000,0.681,,14833000000,,,,,,,,,,,,true,false,6,2022-04-01,2022-09-30,0
2022-10-28,93070,2022-03-31,2,,,,,4952000000,-0.029,538000000,-0.151,522000000,-0.157,,342000000,,20.97,20.94,,,,,,,,,,,,,,,,,,,,,true,false,6,2021-04-01,2021-09-30,-1
2022-10-28,93070,2023-03-31,2,,,,,10800000000,0.060,1120000000,-0.047,1100000000,-0.037,,730000000,,44.72,,,,,,,,,,,,,,,,,,,,,,true,true,12,2022-04-01,2023-03-31,0
2022-10-28,93070,2022-03-31,2,,,,,,,,,,,,,,,,,,,,21907000000,14542000000,0.664,,14539000000,,,,,,,,,,,,true,false,12,2021-04-01,2022-03-31,-1
2022-10-28,93070,2022-03-31,2,,,,,,,,,,,,,,,,,,,,,,,,,,,,,7.50,,,,16408110,70075,,false,false,12,2021-04-01,2022-03-31,-1
2022-10-28,93070,2023-03-31,2,,,,,,,,,,,,,,,,,,,,,,,,,,,,,3.00,,,,,,,false,false,12,2022-04-01,2023-03-31,0
2022-10-28,93070,2023-03-31,2,,,,,,,,,,,,,,,,,,,,,,,,,,,,,8.00,,,,,,,false,true,12,2022-04-01,2023-03-31,0
2022-10-28,93070,2023-03-31,2,,,,,,,,,,,,,,,,,,,,,,,,,,,,,,,,,16414110,73775,16324641,false,false,6,2022-04-01,2022-09-30,0
2022-10-28,93070,2022-03-31,2,,,,,,,,,,,,,,,,,,,,,,,,,,,,,,,,,,,16308687,false,false,6,2021-04-01,2021-09-30,-1
2023-01-27,93070,2023-03-31,3,,,,,7837000000,0.052,762000000,-0.080,752000000,-0.069,,529000000,,32.40,32.38,,,,,21673000000,14942000000,0.689,,14941000000,,,,,,,,,,,,true,false,9,2022-04-01,2022-12-31,0
2023-01-27,93070,2022-03-31,3,,,,,7448000000,-0.019,828000000,-0.107,807000000,-0.105,,529000000,,32.46,32.41,,,,,,,,,,,,,,,,,,,,,true,false,9,2021-04-01,2021-12-31,-1
2023-01-27,93070,2023-03-31,3,,,,,10800000000,0.060,1120000000,-0.047,1100000000,-0.037,,730000000,,44.72,,,,,,,,,,,,,,,,,,,,,,true,true,12,2022-04-01,2023-03-31,0
2023-01-27,93070,2022-03-31,3,,,,,,,,,,,,,,,,,,,,21907000000,14542000000,0.664,,14539000000,,,,,,,,,,,,true,false,12,2021-04-01,2022-03-31,-1
2023-01-27,93070,2022-03-31,3,,,,,,,,,,,,,,,,,,,,,,,,,,,,,7.50,,,,16408110,70075,,false,false,12,2021-04-01,2022-03-31,-1
2023-01-27,93070,2023-03-31,3,,,,,,,,,,,,,,,,,,,,,,,,,,,,,3.00,,,,,,,false,false,12,2022-04-01,2023-03-31,0
2023-01-27,93070,2023-03-31,3,,,,,,,,,,,,,,,,,,,,,,,,,,,,,8.00,,,,,,,false,true,12,2022-04-01,2023-03-31,0
2023-01-27,93070,2023-03-31,3,,,,,,,,,,,,,,,,,,,,,,,,,,,,,,,,,16414110,73775,16329891,false,false,9,2022-04-01,2022-12-31,0
2023-01-27,93070,2022-03-31,3,,,,,,,,,,,,,,,,,,,,,,,,,,,,,,,,,,,16315168,false,false,9,2021-04-01,2021-12-31,-1
2023-04-28,93070,2023-03-31,,,,,,10553000000,0.036,1052000000,-0.105,1037000000,-0.092,,716000000,,43.88,43.84,0.048,0.047,0.100,,22034000000,15145000000,0.687,926.79,15144000000,1849000000,-283000000,-919000000,3552000000,,0.182,,,,,,true,false,12,2022-04-01,2023-03-31,0
2023-04-28,93070,2022-03-31,,,,,,10191000000,-0.001,1175000000,-0.069,1142000000,-0.064,,800000000,,49.03,48.97,0.056,0.051,0.115,,21907000000,14542000000,0.664,889.93,14539000000,1564000000,-291000000,-1700000000,2906000000,,0.153,,,,,,true,false,12,2021-04-01,2022-03-31,-1
2023-04-28,93070,2024-03-31,,,,,,5420000000,0.032,600000000,0.117,600000000,0.134,,410000000,,25.10,,,,,,,,,,,,,,,,,,,,,,true,true,6,2023-04-01,2023-09-30,1
2023-04-28,93070,2024-03-31,,,,,,10900000000,0.033,1190000000,0.131,1170000000,0.127,,800000000,,48.98,,,,,,,,,,,,,,,,,,,,,,true,true,12,2023-04-01,2024-03-31,1
2023-04-28,93070,2022-03-31,,,,,,,,,,,,,,,,,,,,,,,,,,,,,,7.50,,,,16408110,70075,16320724,false,false,12,2021-04-01,2022-03-31,-1
2023-04-28,93070,2023-03-31,,,,,,,,,,,,,,,,,,,,,,,,,,,,,,8.00,,,,16414110,73775,16332466,false,false,12,2022-04-01,2023-03-31,0
2023-04-28,93070,2024-03-31,,,,,,,,,,,,,,,,,,,,,,,,,,,,,,8.00,,,,,,,false,true,12,2023-04-01,2024-03-31,1
2023-07-28,93070,2024-03-31,1,2683000000,0.041,,,,,299000000,0.297,318000000,0.316,,213000000,,13.05,13.05,,,,,21818000000,15304000000,0.701,,15303000000,,,,,,,,,,,,true,false,3,2023-04-01,2023-06-30,0
2023-07-28,93070,2023-03-31,1,2578000000,0.054,,,,,231000000,-0.237,241000000,-0.206,,160000000,,9.83,9.83,,,,,,,,,,,,,,,,,,,,,true,false,3,2022-04-01,2022-06-30,-1
2023-07-28,93070,2024-03-31,1,,,,,5420000000,0.032,600000000,0.117,600000000,0.134,,410000000,,25.10,,,,,,,,,,,,,,,,,,,,,,true,true,6,2023-04-01,2023-09-30,0
2023-07-28,93070,2024-03-31,1,,,,,10900000000,0.033,1190000000,0.131,1170000000,0.127,,800000000,,48.98,,,,,,,,,,,,,,,,,,,,,,true,true,12,2023-04-01,2024-03-31,0
2023-07-28,93070,2023-03-31,1,,,,,,,,,,,,,,,,,,,,22034000000,15145000000,0.687,,15144000000,,,,,,,,,,,,true,false,12,2022-04-01,2023-03-31,-1
2023-07-28,93070,2023-03-31,1,,,,,,,,,,,,,,,,,,,,,,,,,,,,,8.00,,,,16414110,73775,,false,false,12,2022-04-01,2023-03-31,-1
2023-07-28,93070,2024-03-31,1,,,,,,,,,,,,,,,,,,,,,,,,,,,,,8.00,,,,,,,false,true,12,2023-04-01,2024-03-31,0
2023-07-28,93070,2024-03-31,1,,,,,,,,,,,,,,,,,,,,,,,,,,,,,,,,,16414110,117775,16319475,false,false,3,2023-04-01,2023-06-30,0
2023-07-28,93070,2023-03-31,1,,,,,,,,,,,,,,,,,,,,,,,,,,,,,,,,,,,16317661,false,false,3,2022-04-01,2022-06-30,-1
2023-10-27,93070,2024-03-31,2,,,,,5392000000,0.027,614000000,0.145,622000000,0.177,,416000000,,25.50,,,,,,21710000000,15528000000,0.715,,15528000000,,,,,,,,,,,,true,false,6,2023-04-01,2023-09-30,0
2023-10-27,93070,2023-03-31,2,,,,,5249000000,0.060,537000000,-0.003,529000000,0.012,,341000000,,20.92,20.90,,,,,,,,,,,,,,,,,,,,,true,false,6,2022-04-01,2022-09-30,-1
2023-10-27,93070,2024-03-31,2,,,,,10900000000,0.033,1190000000,0.131,1170000000,0.127,,800000000,,48.98,,,,,,,,,,,,,,,,,,,,,,true,true,12,2023-04-01,2024-03-31,0
2023-10-27,93070,2023-03-31,2,,,,,,,,,,,,,,,,,,,,22034000000,15145000000,0.687,,15144000000,,,,,,,,,,,,true,false,12,2022-04-01,2023-03-31,-1
2023-10-27,93070,2023-03-31,2,,,,,,,,,,,,,,,,,,,,,,,,,,,,,8.00,,,,16414110,73775,,false,false,12,2022-04-01,2023-03-31,-1
2023-10-27,93070,2024-03-31,2,,,,,,,,,,,,,,,,,,,,,,,,,,,,,3.00,,,,,,,false,false,12,2023-04-01,2024-03-31,0
2023-10-27,93070,2024-03-31,2,,,,,,,,,,,,,,,,,,,,,,,,,,,,,8.00,,,,,,,false,true,12,2023-04-01,2024-03-31,0
2023-10-27,93070,2024-03-31,2,,,,,,,,,,,,,,,,,,,,,,,,,,,,,,,,,16419110,67775,16330191,false,false,6,2023-04-01,2023-09-30,0
2023-10-27,93070,2023-03-31,2,,,,,,,,,,,,,,,,,,,,,,,,,,,,,,,,,,,16324641,false,false,6,2022-04-01,2022-09-30,-1
2024-01-26,93070,2024-03-31,3,,,,,8063000000,0.029,909000000,0.193,920000000,0.223,,615000000,,37.66,,,,,,21778000000,15706000000,0.721,,15706000000,,,,,,,,,,,,true,false,9,2023-04-01,2023-12-31,0
2024-01-26,93070,2023-03-31,3,,,,,7837000000,0.052,762000000,-0.080,752000000,-0.069,,529000000,,32.40,32.38,,,,,,,,,,,,,,,,,,,,,true,false,9,2022-04-01,2022-12-31,-1
2024-01-26,93070,2024-03-31,3,,,,,10900000000,0.033,1190000000,0.131,1170000000,0.127,,800000000,,48.98,,,,,,,,,,,,,,,,,,,,,,true,true,12,2023-04-01,2024-03-31,0
2024-01-26,93070,2023-03-31,3,,,,,,,,,,,,,,,,,,,,22034000000,15145000000,0.687,,15144000000,,,,,,,,,,,,true,false,12,2022-04-01,2023-03-31,-1
2024-01-26,93070,2023-03-31,3,,,,,,,,,,,,,,,,,,,,,,,,,,,,,8.00,,,,16414110,73775,,false,false,12,2022-04-01,2023-03-31,-1
2024-01-26,93070,2024-03-31,3,,,,,,,,,,,,,,,,,,,,,,,,,,,,,3.00,,,,,,,false,false,12,2023-04-01,2024-03-31,0
2024-01-26,93070,2024-03-31,3,,,,,,,,,,,,,,,,,,,,,,,,,,,,,8.00,,,,,,,false,true,12,2023-04-01,2024-03-31,0
2024-01-26,93070,2024-03-31,3,,,,,,,,,,,,,,,,,,,,,,,,,,,,,,,,,16419110,67776,16337264,false,false,9,2023-04-01,2023-12-31,0
2024-01-26,93070,2023-03-31,3,,,,,,,,,,,,,,,,,,,,,,,,,,,,,,,,,,,16329891,false,false,9,2022-04-01,2022-12-31,-1
2024-04-26,93070,2024-03-31,,,,,,10850000000,0.028,1292000000,0.228,1295000000,0.248,,863000000,,52.86,,0.055,0.059,0.119,,22084000000,15998000000,0.724,978.40,15998000000,2101000000,-413000000,-983000000,4257000000,,0.189,,,,,,true,false,12,2023-04-01,2024-03-31,0
2024-04-26,93070,2023-03-31,,,,,,10553000000,0.036,1052000000,-0.105,1037000000,-0.092,,716000000,,43.88,43.84,0.048,0.047,0.100,,22034000000,15145000000,0.687,926.79,15144000000,1849000000,-283000000,-919000000,3552000000,,0.182,,,,,,true,false,12,2022-04-01,2023-03-31,-1
2024-04-26,93070,2025-03-31,,,,,,5500000000,0.020,650000000,0.057,650000000,0.044,,450000000,,27.52,,,,,,,,,,,,,,,,,,,,,,true,true,6,2024-04-01,2024-09-30,1
2024-04-26,93070,2025-03-31,,,,,,11000000000,0.014,1300000000,0.006,1300000000,0.004,,880000000,,53.82,,,,,,,,,,,,,,,,,,,,,,true,true,12,2024-04-01,2025-03-31,1
2024-04-26,93070,2023-03-31,,,,,,,,,,,,,,,,,,,,,,,,,,,,,,8.00,,,,16414110,73775,16332466,false,false,12,2022-04-01,2023-03-31,-1
2024-04-26,93070,2024-03-31,,,,,,,,,,,,,,,,,,,,,,,,,,,,,,10.00,,,,16419110,67776,16340763,false,false,12,2023-04-01,2024-03-31,0
2024-04-26,93070,2025-03-31,,,,,,,,,,,,,,,,,,,,,,,,,,,,,,10.00,,,,,,,false,true,12,2024-04-01,2025-03-31,1
2024-07-26,93070,2025-03-31,1,,,,,2733000000,0.018,314000000,0.049,328000000,0.031,,219000000,,13.43,,,,,,21935000000,16067000000,0.733,,16067000000,,,,,,,,,,,,true,false,3,2024-04-01,2024-06-30,0
2024-07-26,93070,2024-03-31,1,,,,,2683000000,0.041,299000000,0.297,318000000,0.316,,213000000,,13.05,13.05,,,,,,,,,,,,,,,,,,,,,true,false,3,2023-04-01,2023-06-30,-1
2024-07-26,93070,2025-03-31,1,,,,,5500000000,0.020,650000000,0.057,650000000,0.044,,450000000,,27.52,,,,,,,,,,,,,,,,,,,,,,true,true,6,2024-04-01,2024-09-30,0
2024-07-26,93070,2025-03-31,1,,,,,11000000000,0.014,1300000000,0.006,1300000000,0.004,,880000000,,53.82,,,,,,,,,,,,,,,,,,,,,,true,true,12,2024-04-01,2025-03-31,0
2024-07-26,93070,2024-03-31,1,,,,,,,,,,,,,,,,,,,,22084000000,15998000000,0.724,,15998000000,,,,,,,,,,,,true,false,12,2023-04-01,2024-03-31,-1
2024-07-26,93070,2024-03-31,1,,,,,,,,,,,,,,,,,,,,,,,,,,,,,10.00,,,,16419110,67776,,false,false,12,2023-04-01,2024-03-31,-1
2024-07-26,93070,2025-03-31,1,,,,,,,,,,,,,,,,,,,,,,,,,,,,,10.00,,,,,,,false,true,12,2024-04-01,2025-03-31,0
2024-07-26,93070,2025-03-31,1,,,,,,,,,,,,,,,,,,,,,,,,,,,,,,,,,16419110,117776,16329499,false,false,3,2024-04-01,2024-06-30,0
2024-07-26,93070,2024-03-31,1,,,,,,,,,,,,,,,,,,,,,,,,,,,,,,,,,,,16319475,false,false,3,2023-04-01,2023-06-30,-1
2024-10-31,93070,2025-03-31,2,,,,,5594000000,0.037,682000000,0.110,690000000,0.109,,459000000,,28.12,,,,,,22039000000,16366000000,0.743,,16366000000,,,,,,,,,,,,true,false,6,2024-04-01,2024-09-30,0
2024-10-31,93070,2024-03-31,2,,,,,5392000000,0.027,614000000,0.145,622000000,0.177,,416000000,,25.50,,,,,,,,,,,,,,,,,,,,,,true,false,6,2023-04-01,2023-09-30,-1
2024-10-31,93070,2025-03-31,2,,,,,11000000000,0.014,1300000000,0.006,1300000000,0.004,,880000000,,53.82,,,,,,,,,,,,,,,,,,,,,,true,true,12,2024-04-01,2025-03-31,0
2024-10-31,93070,2024-03-31,2,,,,,,,,,,,,,,,,,,,,22084000000,15998000000,0.724,,15998000000,,,,,,,,,,,,true,false,12,2023-04-01,2024-03-31,-1
2024-10-31,93070,2024-03-31,2,,,,,,,,,,,,,,,,,,,,,,,,,,,,,10.00,,,,16419110,67776,,false,false,12,2023-04-01,2024-03-31,-1
2024-10-31,93070,2025-03-31,2,,,,,,,,,,,,,,,,,,,,,,,,,,,,,5.00,,,,,,,false,false,12,2024-04-01,2025-03-31,0
2024-10-31,93070,2025-03-31,2,,,,,,,,,,,,,,,,,,,,,,,,,,,,,10.00,,,,,,,false,true,12,2024-04-01,2025-03-31,0
2024-10-31,93070,2025-03-31,2,,,,,,,,,,,,,,,,,,,,,,,,,,,,,,,,,16419110,60976,16338308,false,false,6,2024-04-01,2024-09-30,0
2024-10-31,93070,2024-03-31,2,,,,,,,,,,,,,,,,,,,,,,,,,,,,,,,,,,,16330191,false,false,6,2023-04-01,2023-09-30,-1
2025-01-30,93070,2025-03-31,3,,,,,8355000000,0.036,990000000,0.090,1004000000,0.091,,668000000,,40.89,,,,,,22111000000,16519000000,0.747,,16519000000,,,,,,,,,,,,true,false,9,2024-04-01,2024-12-31,0
2025-01-30,93070,2024-03-31,3,,,,,8063000000,0.029,909000000,0.193,920000000,0.223,,615000000,,37.66,,,,,,,,,,,,,,,,,,,,,,true,false,9,2023-04-01,2023-12-31,-1
2025-01-30,93070,2025-03-31,3,,,,,11000000000,0.014,1300000000,0.006,1300000000,0.004,,880000000,,53.82,,,,,,,,,,,,,,,,,,,,,,true,true,12,2024-04-01,2025-03-31,0
2025-01-30,93070,2024-03-31,3,,,,,,,,,,,,,,,,,,,,22084000000,15998000000,0.724,,15998000000,,,,,,,,,,,,true,false,12,2023-04-01,2024-03-31,-1
2025-01-30,93070,2024-03-31,3,,,,,,,,,,,,,,,,,,,,,,,,,,,,,10.00,,,,16419110,67776,,false,false,12,2023-04-01,2024-03-31,-1
2025-01-30,93070,2025-03-31,3,,,,,,,,,,,,,,,,,,,,,,,,,,,,,5.00,,,,,,,false,false,12,2024-04-01,2025-03-31,0
2025-01-30,93070,2025-03-31,3,,,,,,,,,,,,,,,,,,,,,,,,,,,,,10.00,,,,,,,false,true,12,2024-04-01,2025-03-31,0
2025-01-30,93070,2025-03-31,3,,,,,,,,,,,,,,,,,,,,,,,,,,,,,,,,,16419110,60976,16344940,false,false,9,2024-04-01,2024-12-31,0
2025-01-30,93070,2024-03-31,3,,,,,,,,,,,,,,,,,,,,,,,,,,,,,,,,,,,16337264,false,false,9,2023-04-01,2023-12-31,-1
,93070,2025-03-31,,,,,,,,,,,,,,,,,,,,,,,,,,,,,,15.00,,,,,,,false,true,12,2024-04-01,2025-03-31,0
,93070,2025-03-31,,,,,,,,,,,,,,,,,,,,,,,,,,,,,,5.00,,,,,,,false,false,12,2024-04-01,2025-03-31,0
,93070,2024-03-31,,,,,,,,,,,,,,,,,,,,,,,,,,,,,,10.00,,,,,,,false,false,12,2023-04-01,2024-03-31,-1
2025-04-30,93070,2025-03-31,,,,,,11235000000,0.035,1366000000,0.057,1379000000,0.065,,917000000,,56.11,,0.056,0.062,0.122,,22353000000,16775000000,0.750,1025.51,16775000000,1946000000,-242000000,-746000000,5214000000,,0.267,,,,,,true,false,12,2024-04-01,2025-03-31,0
2025-04-30,93070,2024-03-31,,,,,,10850000000,0.028,1292000000,0.228,1295000000,0.248,,863000000,,52.86,,0.055,0.059,0.119,,22084000000,15998000000,0.724,978.40,15998000000,2101000000,-413000000,-983000000,4257000000,,0.189,,,,,,true,false,12,2023-04-01,2024-03-31,-1
2025-04-30,93070,2026-03-31,,,,,,5600000000,0.001,670000000,-0.018,680000000,-0.015,,470000000,,28.73,,,,,,,,,,,,,,,,,,,,,,true,true,6,2025-04-01,2025-09-30,1
2025-04-30,93070,2026-03-31,,,,,,11200000000,-0.003,1330000000,-0.027,1350000000,-0.021,,910000000,,55.63,,,,,,,,,,,,,,,,,,,,,,true,true,12,2025-04-01,2026-03-31,1
2025-04-30,93070,2024-03-31,,,,,,,,,,,,,,,,,,,,,,,,,,,,,,10.00,,,,16419110,67776,16340763,false,false,12,2023-04-01,2024-03-31,-1
2025-04-30,93070,2025-03-31,,,,,,,,,,,,,,,,,,,,,,,,,,,,,,15.00,,,,16419110,61106,16348171,false,false,12,2024-04-01,2025-03-31,0
2025-04-30,93070,2026-03-31,,,,,,,,,,,,,,,,,,,,,,,,,,,,,,12.00,,,,,,,false,true,12,2025-04-01,2026-03-31,1
