filing_date,code,fiscal_year_end,quarterly_period,net_sales,net_sales_change,revenue,revenue_change,operating_revenue,operating_revenue_change,operating_profit,operating_profit_change,ordinary_profit,ordinary_profit_change,net_income,net_income_of_parent,net_income_change,eps,diluted_eps,roe,roa,operating_profit_to_net_sales,operating_profit_to_revenue,total_assets,net_assets,equity_ratio,bps,owner_equity,operating_cash_flow,investing_cash_flow,financing_cash_flow,cash,dividend_per_share,payout_ratio,commemorative_dividend,extra_dividend,number_of_shares,number_of_treqsury_shares,avg_number_of_shares,is_consolidated,is_forecast,duration,period_start,period_end,period_pos
2015-05-15,93110,2015-03-31,,46756000000,0.021,,,,,1725000000,-0.137,1565000000,-0.078,878000000,,0.212,62.07,,0.068,0.030,0.037,,52953000000,13640000000,0.255,955.08,13515000000,3454000000,-1346000000,-1763000000,4193000000,,0.161,,,,,,true,false,12,2014-04-01,2015-03-31,0
2015-05-15,93110,2014-03-31,,45787000000,0.033,,,,,1998000000,0.130,1699000000,0.152,724000000,,-0.115,51.19,,0.060,0.032,0.044,,53087000000,12362000000,0.231,864.78,12238000000,2932000000,-787000000,-2112000000,3846000000,,0.156,,,,,,true,false,12,2013-04-01,2014-03-31,-1
2015-05-15,93110,2016-03-31,,19022000000,-0.028,,,,,-146000000,,-256000000,,,-274000000,,-19.40,,,,,,,,,,,,,,,,,,,,,,true,true,6,2015-04-01,2015-09-30,1
2015-05-15,93110,2016-03-31,,45698000000,-0.023,,,,,1631000000,-0.054,1445000000,-0.077,,769000000,,54.34,,,,,,,,,,,,,,,,,,,,,,true,true,12,2015-04-01,2016-03-31,1
2015-05-15,93110,2015-03-31,,22518000000,0.018,,,,,975000000,-0.134,994000000,-0.187,608000000,,0.060,43.01,,,,,,45554000000,11314000000,0.248,799.52,11314000000,,,,,10.00,,,,14180000,28932,14151660,false,false,12,2014-04-01,2015-03-31,0
2015-05-15,93110,2014-03-31,,22129000000,0.041,,,,,1126000000,0.142,1223000000,0.558,574000000,,0.347,40.59,,,,,,45974000000,10422000000,0.227,736.46,10422000000,,,,,8.00,,,,14180000,28207,14152839,false,false,12,2013-04-01,2014-03-31,-1
2015-05-15,93110,2016-03-31,,11006000000,-0.012,,,,,,,523000000,-0.229,352000000,,-0.203,24.88,,,,,,,,,,,,,,,,,,,,,,false,true,6,2015-04-01,2015-09-30,1
2015-05-15,93110,2016-03-31,,22226000000,-0.013,,,,,,,798000000,-0.197,520000000,,-0.145,36.76,,,,,,,,,,,,,,,,,,,,,,false,true,12,2015-04-01,2016-03-31,1
2015-07-31,93110,2016-03-31,1,9370000000,-0.045,,,,,105000000,-0.183,72000000,-0.000,,-9000000,,-0.65,,,,,,52321000000,13682000000,0.259,,13561000000,,,,,,,,,,,,true,false,3,2015-04-01,2015-06-30,0
2015-07-31,93110,2015-03-31,1,9808000000,0.012,,,,,129000000,-0.534,72000000,-0.635,,-37000000,,-2.62,,,,,,,,,,,,,,,,,,,,,,true,false,3,2014-04-01,2014-06-30,-1
2015-07-31,93110,2016-03-31,1,19022000000,-0.028,,,,,-146000000,,-256000000,,,-274000000,,-19.40,,,,,,,,,,,,,,,,,,,,,,true,true,6,2015-04-01,2015-09-30,0
2015-07-31,93110,2016-03-31,1,45698000000,-0.023,,,,,1631000000,-0.054,1445000000,-0.077,,769000000,,54.34,,,,,,,,,,,,,,,,,,,,,,true,true,12,2015-04-01,2016-03-31,0
2015-07-31,93110,2015-03-31,1,,,,,,,,,,,,,,,,,,,,52953000000,13640000000,0.255,,13515000000,,,,,,,,,,,,true,false,12,2014-04-01,2015-03-31,-1
2015-07-31,93110,2015-03-31,1,,,,,,,,,,,,,,,,,,,,,,,,,,,,,10.00,,,,14180000,28932,,false,false,12,2014-04-01,2015-03-31,-1
2015-07-31,93110,2016-03-31,1,,,,,,,,,,,,,,,,,,,,,,,,,,,,,0.00,,,,,,,false,true,12,2015-04-01,2016-03-31,0
2015-07-31,93110,2016-03-31,1,,,,,,,,,,,,,,,,,,,,,,,,,,,,,,,,,14180000,28932,14151068,false,false,3,2015-04-01,2015-06-30,0
2015-07-31,93110,2015-03-31,1,,,,,,,,,,,,,,,,,,,,,,,,,,,,,,,,,,,14151793,false,false,3,2014-04-01,2014-06-30,-1
2015-10-29,93110,2016-03-31,2,18781000000,-0.041,,,,,-241000000,,-338000000,,,-317000000,,-22.42,,,,,,52063000000,13114000000,0.250,,12991000000,,,,,,,,,,,,true,false,6,2015-04-01,2015-09-30,0
2015-10-29,93110,2015-03-31,2,19577000000,0.008,,,,,76000000,-0.802,-21000000,,,-136000000,,-9.65,,,,,,,,,,,,,,,,,,,,,,true,false,6,2014-04-01,2014-09-30,-1
2015-10-29,93110,2016-03-31,2,45698000000,-0.023,,,,,1631000000,-0.054,1445000000,-0.077,,769000000,,54.34,,,,,,,,,,,,,,,,,,,,,,true,true,12,2015-04-01,2016-03-31,0
2015-10-29,93110,2015-03-31,2,,,,,,,,,,,,,,,,,,,,52953000000,13640000000,0.255,,13515000000,,,,,,,,,,,,true,false,12,2014-04-01,2015-03-31,-1
2015-10-29,93110,2015-03-31,2,,,,,,,,,,,,,,,,,,,,,,,,,,,,,10.00,,,,14180000,28932,,false,false,12,2014-04-01,2015-03-31,-1
2015-10-29,93110,2016-03-31,2,,,,,,,,,,,,,,,,,,,,,,,,,,,,,0.00,,,,,,,false,false,12,2015-04-01,2016-03-31,0
2015-10-29,93110,2016-03-31,2,,,,,,,,,,,,,,,,,,,,,,,,,,,,,,,,,14180000,28932,14151068,false,false,6,2015-04-01,2015-09-30,0
2015-10-29,93110,2015-03-31,2,,,,,,,,,,,,,,,,,,,,,,,,,,,,,,,,,,,14151739,false,false,6,2014-04-01,2014-09-30,-1
2016-01-29,93110,2016-03-31,3,36308000000,-0.023,,,,,1735000000,-0.171,1642000000,-0.173,,908000000,,64.18,,,,,,62246000000,14456000000,0.230,,14330000000,,,,,,,,,,,,true,false,9,2015-04-01,2015-12-31,0
2016-01-29,93110,2015-03-31,3,37155000000,0.032,,,,,2094000000,-0.014,1985000000,0.037,,1062000000,,75.10,,,,,,,,,,,,,,,,,,,,,,true,false,9,2014-04-01,2014-12-31,-1
2016-01-29,93110,2016-03-31,3,45698000000,-0.023,,,,,1631000000,-0.054,1445000000,-0.077,,769000000,,54.34,,,,,,,,,,,,,,,,,,,,,,true,true,12,2015-04-01,2016-03-31,0
2016-01-29,93110,2015-03-31,3,,,,,,,,,,,,,,,,,,,,52953000000,13640000000,0.255,,13515000000,,,,,,,,,,,,true,false,12,2014-04-01,2015-03-31,-1
2016-01-29,93110,2015-03-31,3,,,,,,,,,,,,,,,,,,,,,,,,,,,,,10.00,,,,14180000,28932,,false,false,12,2014-04-01,2015-03-31,-1
2016-01-29,93110,2016-03-31,3,,,,,,,,,,,,,,,,,,,,,,,,,,,,,0.00,,,,,,,false,false,12,2015-04-01,2016-03-31,0
2016-01-29,93110,2016-03-31,3,,,,,,,,,,,,,,,,,,,,,,,,,,,,,,,,,14180000,28932,14151068,false,false,9,2015-04-01,2015-12-31,0
2016-01-29,93110,2015-03-31,3,,,,,,,,,,,,,,,,,,,,,,,,,,,,,,,,,,,14151718,false,false,9,2014-04-01,2014-12-31,-1
2016-04-27,93110,2016-03-31,,45783000000,0.002,,,,,1679000000,0.029,1524000000,0.054,,242000000,,17.12,,,,,,,,,,,,,,,,,,,,,,true,true,12,2015-04-01,2016-03-31,0
2016-04-27,93110,2015-03-31,,46756000000,,,,,,1725000000,,1565000000,,,878000000,,62.07,,,,,,,,,,,,,,,,,,,,,,true,false,12,2014-04-01,2015-03-31,-1
2016-04-27,93110,2016-03-31,,22185000000,-0.002,,,,,,,853000000,0.068,-37000000,,,-2.62,,,,,,,,,,,,,,,,,,,,,,false,true,12,2015-04-01,2016-03-31,0
2016-04-27,93110,2015-03-31,,22518000000,,,,,,,,994000000,,608000000,,,43.01,,,,,,,,,,,,,,,,,,,,,,false,false,12,2014-04-01,2015-03-31,-1
2016-05-13,93110,2016-03-31,,45783000000,-0.021,,,,,1679000000,-0.027,1524000000,-0.027,,242000000,,17.12,,0.018,0.030,0.037,,49569000000,13759000000,0.275,963.19,13630000000,1631000000,78000000,-2516000000,3388000000,,0.584,,,,,,true,false,12,2015-04-01,2016-03-31,0
2016-05-13,93110,2015-03-31,,46756000000,0.021,,,,,1725000000,-0.137,1565000000,-0.078,,878000000,,62.07,,0.068,0.030,0.037,,52953000000,13640000000,0.255,955.08,13515000000,3454000000,-1346000000,-1763000000,4193000000,,0.161,,,,,,true,false,12,2014-04-01,2015-03-31,-1
2016-05-13,93110,2017-03-31,,18340000000,-0.023,,,,,-295000000,,-393000000,,,-296000000,,-20.98,,,,,,,,,,,,,,,,,,,,,,true,true,6,2016-04-01,2016-09-30,1
2016-05-13,93110,2017-03-31,,44966000000,-0.018,,,,,1778000000,0.059,1620000000,0.063,,947000000,,66.92,,,,,,,,,,,,,,,,,,,,,,true,true,12,2016-04-01,2017-03-31,1
2016-05-13,93110,2016-03-31,,22185000000,-0.015,,,,,769000000,-0.211,853000000,-0.142,-37000000,,,-2.62,,,,,,42277000000,11147000000,0.264,787.75,11147000000,,,,,10.00,,,,14180000,28932,14151068,false,false,12,2015-04-01,2016-03-31,0
2016-05-13,93110,2015-03-31,,22518000000,0.018,,,,,975000000,-0.134,994000000,-0.187,608000000,,0.060,43.01,,,,,,45554000000,11314000000,0.248,799.52,11314000000,,,,,10.00,,,,14180000,28932,14151660,false,false,12,2014-04-01,2015-03-31,-1
2016-05-13,93110,2017-03-31,,10684000000,-0.021,,,,,,,407000000,-0.164,332000000,,-0.021,23.47,,,,,,,,,,,,,,,,,,,,,,false,true,6,2016-04-01,2016-09-30,1
2016-05-13,93110,2017-03-31,,21816000000,-0.017,,,,,,,688000000,-0.194,472000000,,,33.37,,,,,,,,,,,,,,,,,,,,,,false,true,12,2016-04-01,2017-03-31,1
2016-05-13,93110,2016-03-31,,45783000000,-0.021,,,,,1679000000,-0.027,1524000000,-0.027,,242000000,,17.12,,0.018,0.030,0.037,,49569000000,13759000000,0.275,963.19,13630000000,1631000000,78000000,-2516000000,3388000000,,0.584,,,,,,true,false,12,2015-04-01,2016-03-31,0
2016-05-13,93110,2015-03-31,,46756000000,0.021,,,,,1725000000,-0.137,1565000000,-0.078,,878000000,,62.07,,0.068,0.030,0.037,,52953000000,13640000000,0.255,955.08,13515000000,3454000000,-1346000000,-1763000000,4193000000,,0.161,,,,,,true,false,12,2014-04-01,2015-03-31,-1
2016-05-13,93110,2017-03-31,,18340000000,-0.023,,,,,-295000000,,-393000000,,,-296000000,,-20.98,,,,,,,,,,,,,,,,,,,,,,true,true,6,2016-04-01,2016-09-30,1
2016-05-13,93110,2017-03-31,,44966000000,-0.018,,,,,1778000000,0.059,1620000000,0.063,,947000000,,66.92,,,,,,,,,,,,,,,,,,,,,,true,true,12,2016-04-01,2017-03-31,1
2016-05-13,93110,2016-03-31,,22185000000,-0.015,,,,,769000000,-0.211,853000000,-0.142,-37000000,,,-2.62,,,,,,42277000000,11147000000,0.264,787.75,11147000000,,,,,10.00,,,,14180000,28932,14151068,false,false,12,2015-04-01,2016-03-31,0
2016-05-13,93110,2015-03-31,,22518000000,0.018,,,,,975000000,-0.134,994000000,-0.187,608000000,,0.060,43.01,,,,,,45554000000,11314000000,0.248,799.52,11314000000,,,,,10.00,,,,14180000,28932,14151660,false,false,12,2014-04-01,2015-03-31,-1
2016-05-13,93110,2017-03-31,,10684000000,-0.021,,,,,,,407000000,-0.164,332000000,,-0.021,23.47,,,,,,,,,,,,,,,,,,,,,,false,true,6,2016-04-01,2016-09-30,1
2016-05-13,93110,2017-03-31,,21816000000,-0.017,,,,,,,688000000,-0.194,472000000,,,33.37,,,,,,,,,,,,,,,,,,,,,,false,true,12,2016-04-01,2017-03-31,1
2016-07-29,93110,2017-03-31,1,9106000000,-0.028,,,,,39000000,-0.623,56000000,-0.226,,-15000000,,-1.10,,,,,,49569000000,13499000000,0.270,,13371000000,,,,,,,,,,,,true,false,3,2016-04-01,2016-06-30,0
2016-07-29,93110,2016-03-31,1,9370000000,-0.045,,,,,105000000,-0.183,72000000,-0.000,,-9000000,,-0.65,,,,,,,,,,,,,,,,,,,,,,true,false,3,2015-04-01,2015-06-30,-1
2016-07-29,93110,2017-03-31,1,18340000000,-0.023,,,,,-295000000,,-393000000,,,-296000000,,-20.98,,,,,,,,,,,,,,,,,,,,,,true,true,6,2016-04-01,2016-09-30,0
2016-07-29,93110,2017-03-31,1,44966000000,-0.018,,,,,1778000000,0.059,1620000000,0.063,,947000000,,66.92,,,,,,,,,,,,,,,,,,,,,,true,true,12,2016-04-01,2017-03-31,0
2016-07-29,93110,2016-03-31,1,,,,,,,,,,,,,,,,,,,,49569000000,13759000000,0.275,,13630000000,,,,,,,,,,,,true,false,12,2015-04-01,2016-03-31,-1
2016-07-29,93110,2016-03-31,1,,,,,,,,,,,,,,,,,,,,,,,,,,,,,10.00,,,,14180000,28932,,false,false,12,2015-04-01,2016-03-31,-1
2016-07-29,93110,2017-03-31,1,,,,,,,,,,,,,,,,,,,,,,,,,,,,,0.00,,,,,,,false,true,12,2016-04-01,2017-03-31,0
2016-07-29,93110,2017-03-31,1,,,,,,,,,,,,,,,,,,,,,,,,,,,,,,,,,14180000,28932,14151068,false,false,3,2016-04-01,2016-06-30,0
2016-07-29,93110,2016-03-31,1,,,,,,,,,,,,,,,,,,,,,,,,,,,,,,,,,,,14151068,false,false,3,2015-04-01,2015-06-30,-1
2016-10-28,93110,2017-03-31,2,18169000000,-0.033,,,,,-21000000,,-51000000,,,-111000000,,-7.90,,,,,,50205000000,13474000000,0.266,,13344000000,,,,,,,,,,,,true,false,6,2016-04-01,2016-09-30,0
2016-10-28,93110,2016-03-31,2,18781000000,-0.041,,,,,-241000000,,-338000000,,,-317000000,,-22.42,,,,,,,,,,,,,,,,,,,,,,true,false,6,2015-04-01,2015-09-30,-1
2016-10-28,93110,2017-03-31,2,44966000000,-0.018,,,,,1778000000,0.059,1620000000,0.063,,947000000,,66.92,,,,,,,,,,,,,,,,,,,,,,true,true,12,2016-04-01,2017-03-31,0
2016-10-28,93110,2016-03-31,2,,,,,,,,,,,,,,,,,,,,49569000000,13759000000,0.275,,13630000000,,,,,,,,,,,,true,false,12,2015-04-01,2016-03-31,-1
2016-10-28,93110,2016-03-31,2,,,,,,,,,,,,,,,,,,,,,,,,,,,,,10.00,,,,14180000,28932,,false,false,12,2015-04-01,2016-03-31,-1
2016-10-28,93110,2017-03-31,2,,,,,,,,,,,,,,,,,,,,,,,,,,,,,0.00,,,,,,,false,false,12,2016-04-01,2017-03-31,0
2016-10-28,93110,2017-03-31,2,,,,,,,,,,,,,,,,,,,,,,,,,,,,,,,,,14180000,28932,14151068,false,false,6,2016-04-01,2016-09-30,0
2016-10-28,93110,2016-03-31,2,,,,,,,,,,,,,,,,,,,,,,,,,,,,,,,,,,,14151068,false,false,6,2015-04-01,2015-09-30,-1
2017-01-31,93110,2017-03-31,3,35695000000,-0.017,,,,,2218000000,0.279,2207000000,0.344,,1283000000,,90.69,,,,,,59438000000,15100000000,0.252,,14968000000,,,,,,,,,,,,true,false,9,2016-04-01,2016-12-31,0
2017-01-31,93110,2016-03-31,3,36308000000,-0.023,,,,,1735000000,-0.171,1642000000,-0.173,,908000000,,64.18,,,,,,,,,,,,,,,,,,,,,,true,false,9,2015-04-01,2015-12-31,-1
2017-01-31,93110,2017-03-31,3,44966000000,-0.018,,,,,1778000000,0.059,1620000000,0.063,,947000000,,66.92,,,,,,,,,,,,,,,,,,,,,,true,true,12,2016-04-01,2017-03-31,0
2017-01-31,93110,2016-03-31,3,,,,,,,,,,,,,,,,,,,,49569000000,13759000000,0.275,,13630000000,,,,,,,,,,,,true,false,12,2015-04-01,2016-03-31,-1
2017-01-31,93110,2016-03-31,3,,,,,,,,,,,,,,,,,,,,,,,,,,,,,10.00,,,,14180000,28932,,false,false,12,2015-04-01,2016-03-31,-1
2017-01-31,93110,2017-03-31,3,,,,,,,,,,,,,,,,,,,,,,,,,,,,,0.00,,,,,,,false,false,12,2016-04-01,2017-03-31,0
2017-01-31,93110,2017-03-31,3,,,,,,,,,,,,,,,,,,,,,,,,,,,,,,,,,14180000,29784,14150982,false,false,9,2016-04-01,2016-12-31,0
2017-01-31,93110,2016-03-31,3,,,,,,,,,,,,,,,,,,,,,,,,,,,,,,,,,,,14151068,false,false,9,2015-04-01,2015-12-31,-1
2017-04-28,93110,2017-03-31,,45449000000,0.011,,,,,2106000000,0.184,2054000000,0.268,,1279000000,,90.42,,,,,,,,,,,,,,,,,,,,,,true,true,12,2016-04-01,2017-03-31,0
2017-04-28,93110,2016-03-31,,45783000000,,,,,,1679000000,,1524000000,,,242000000,,17.12,,,,,,,,,,,,,,,,,,,,,,true,false,12,2015-04-01,2016-03-31,-1
2017-04-28,93110,2017-03-31,,22210000000,0.018,,,,,,,1077000000,0.566,805000000,,0.706,56.92,,,,,,,,,,,,,,,,,,,,,,false,true,12,2016-04-01,2017-03-31,0
2017-04-28,93110,2016-03-31,,22815000000,,,,,,,,853000000,,-37000000,,,-2.62,,,,,,,,,,,,,,,,,,,,,,false,false,12,2015-04-01,2016-03-31,-1
2017-05-12,93110,2017-03-31,,45449000000,-0.007,,,,,2102000000,0.252,2049000000,0.345,,1276000000,,90.22,,0.089,0.041,0.046,,50510000000,15134000000,0.297,1060.13,15001000000,3567000000,-908000000,-1256000000,4790000000,,0.111,,,,,,true,false,12,2016-04-01,2017-03-31,0
2017-05-12,93110,2016-03-31,,45783000000,-0.021,,,,,1679000000,-0.027,1524000000,-0.027,,242000000,,17.12,,0.018,0.030,0.037,,49569000000,13759000000,0.275,963.19,13630000000,1631000000,78000000,-2516000000,3388000000,,0.584,,,,,,true,false,12,2015-04-01,2016-03-31,-1
2017-05-12,93110,2018-03-31,,19091000000,0.051,,,,,-100000000,,-121000000,,,-311000000,,-22.00,,,,,,,,,,,,,,,,,,,,,,true,true,6,2017-04-01,2017-09-30,1
2017-05-12,93110,2018-03-31,,46208000000,0.017,,,,,1835000000,-0.127,1780000000,-0.132,,1013000000,,71.64,,,,,,,,,,,,,,,,,,,,,,true,true,12,2017-04-01,2018-03-31,1
2017-05-12,93110,2017-03-31,,22210000000,0.001,,,,,913000000,0.186,1077000000,0.263,805000000,,,56.92,,,,,,42957000000,12015000000,0.280,849.14,12015000000,,,,,10.00,,,,14180000,29784,14150805,false,false,12,2016-04-01,2017-03-31,0
2017-05-12,93110,2016-03-31,,22185000000,-0.015,,,,,769000000,-0.211,853000000,-0.142,-37000000,,,-2.62,,,,,,42277000000,11147000000,0.264,787.75,11147000000,,,,,10.00,,,,14180000,28932,14151068,false,false,12,2015-04-01,2016-03-31,-1
2017-05-12,93110,2018-03-31,,11058000000,0.037,,,,,,,734000000,0.141,520000000,,0.088,36.76,,,,,,,,,,,,,,,,,,,,,,false,true,6,2017-04-01,2017-09-30,1
2017-05-12,93110,2018-03-31,,22154000000,-0.003,,,,,,,882000000,-0.181,596000000,,-0.260,42.14,,,,,,,,,,,,,,,,,,,,,,false,true,12,2017-04-01,2018-03-31,1
2017-07-28,93110,2018-03-31,1,9689000000,0.064,,,,,227000000,4.700,230000000,3.096,,47000000,,3.37,,,,,,50295000000,15115000000,0.298,,14985000000,,,,,,,,,,,,true,false,3,2017-04-01,2017-06-30,0
2017-07-28,93110,2017-03-31,1,9106000000,-0.028,,,,,39000000,-0.623,56000000,-0.226,,-15000000,,-1.10,,,,,,,,,,,,,,,,,,,,,,true,false,3,2016-04-01,2016-06-30,-1
2017-07-28,93110,2018-03-31,1,19091000000,0.051,,,,,-100000000,,-121000000,,,-311000000,,-22.00,,,,,,,,,,,,,,,,,,,,,,true,true,6,2017-04-01,2017-09-30,0
2017-07-28,93110,2018-03-31,1,46208000000,0.017,,,,,1835000000,-0.127,1780000000,-0.132,,1013000000,,71.64,,,,,,,,,,,,,,,,,,,,,,true,true,12,2017-04-01,2018-03-31,0
2017-07-28,93110,2017-03-31,1,,,,,,,,,,,,,,,,,,,,50510000000,15134000000,0.297,,15001000000,,,,,,,,,,,,true,false,12,2016-04-01,2017-03-31,-1
2017-07-28,93110,2017-03-31,1,,,,,,,,,,,,,,,,,,,,,,,,,,,,,10.00,,,,14180000,29784,,false,false,12,2016-04-01,2017-03-31,-1
2017-07-28,93110,2018-03-31,1,,,,,,,,,,,,,,,,,,,,,,,,,,,,,0.00,,,,,,,false,true,12,2017-04-01,2018-03-31,0
2017-07-28,93110,2018-03-31,1,,,,,,,,,,,,,,,,,,,,,,,,,,,,,,,,,14180000,30258,14150010,false,false,3,2017-04-01,2017-06-30,0
2017-07-28,93110,2017-03-31,1,,,,,,,,,,,,,,,,,,,,,,,,,,,,,,,,,,,14151068,false,false,3,2016-04-01,2016-06-30,-1
2017-10-27,93110,2018-03-31,2,19346000000,0.065,,,,,74000000,,66000000,,,-99000000,,-7.05,,,,,,53078000000,14986000000,0.280,,14859000000,,,,,,,,,,,,true,false,6,2017-04-01,2017-09-30,0
2017-10-27,93110,2017-03-31,2,18169000000,-0.033,,,,,-21000000,,-51000000,,,-111000000,,-7.90,,,,,,,,,,,,,,,,,,,,,,true,false,6,2016-04-01,2016-09-30,-1
2017-10-27,93110,2018-03-31,2,46208000000,0.017,,,,,1835000000,-0.127,1780000000,-0.132,,1013000000,,71.64,,,,,,,,,,,,,,,,,,,,,,true,true,12,2017-04-01,2018-03-31,0
2017-10-27,93110,2017-03-31,2,,,,,,,,,,,,,,,,,,,,50510000000,15134000000,0.297,,15001000000,,,,,,,,,,,,true,false,12,2016-04-01,2017-03-31,-1
2017-10-27,93110,2017-03-31,2,,,,,,,,,,,,,,,,,,,,,,,,,,,,,10.00,,,,14180000,29784,,false,false,12,2016-04-01,2017-03-31,-1
2017-10-27,93110,2018-03-31,2,,,,,,,,,,,,,,,,,,,,,,,,,,,,,0.00,,,,,,,false,false,12,2017-04-01,2018-03-31,0
2017-10-27,93110,2018-03-31,2,,,,,,,,,,,,,,,,,,,,,,,,,,,,,,,,,14180000,30465,14149836,false,false,6,2017-04-01,2017-09-30,0
2017-10-27,93110,2017-03-31,2,,,,,,,,,,,,,,,,,,,,,,,,,,,,,,,,,,,14151068,false,false,6,2016-04-01,2016-09-30,-1
2018-01-30,93110,2018-03-31,3,37116000000,0.040,,,,,2134000000,-0.038,2148000000,-0.027,,1190000000,,841.67,,,,,,59041000000,16377000000,0.275,,16250000000,,,,,,,,,,,,true,false,9,2017-04-01,2017-12-31,0
2018-01-30,93110,2017-03-31,3,35695000000,-0.017,,,,,2218000000,0.279,2207000000,0.344,,1283000000,,906.92,,,,,,,,,,,,,,,,,,,,,,true,false,9,2016-04-01,2016-12-31,-1
2018-01-30,93110,2018-03-31,3,46208000000,0.017,,,,,1835000000,-0.127,1780000000,-0.132,,1013000000,,716.37,,,,,,,,,,,,,,,,,,,,,,true,true,12,2017-04-01,2018-03-31,0
2018-01-30,93110,2017-03-31,3,,,,,,,,,,,,,,,,,,,,50510000000,15134000000,0.297,,15001000000,,,,,,,,,,,,true,false,12,2016-04-01,2017-03-31,-1
2018-01-30,93110,2017-03-31,3,,,,,,,,,,,,,,,,,,,,,,,,,,,,,10.00,,,,1418000,2978,,false,false,12,2016-04-01,2017-03-31,-1
2018-01-30,93110,2018-03-31,3,,,,,,,,,,,,,,,,,,,,,,,,,,,,,0.00,,,,,,,false,false,12,2017-04-01,2018-03-31,0
2018-01-30,93110,2018-03-31,3,,,,,,,,,,,,,,,,,,,,,,,,,,,,,,,,,1418000,3135,1414955,false,false,9,2017-04-01,2017-12-31,0
2018-01-30,93110,2017-03-31,3,,,,,,,,,,,,,,,,,,,,,,,,,,,,,,,,,,,1415098,false,false,9,2016-04-01,2016-12-31,-1
2018-05-11,93110,2018-03-31,,46696000000,0.027,,,,,1937000000,-0.078,1911000000,-0.067,,1016000000,,718.48,,0.066,0.038,0.041,,50663000000,16104000000,0.315,11288.43,15971000000,2688000000,-1378000000,-1188000000,4911000000,,0.167,,,,,,true,false,12,2017-04-01,2018-03-31,0
2018-05-11,93110,2017-03-31,,45449000000,-0.007,,,,,2102000000,0.252,2049000000,0.345,,1276000000,,902.22,,0.089,0.041,0.046,,50510000000,15134000000,0.297,10601.27,15001000000,3567000000,-908000000,-1256000000,4790000000,,0.111,,,,,,true,false,12,2016-04-01,2017-03-31,-1
2018-05-11,93110,2019-03-31,,18274000000,-0.055,,,,,-480000000,,-482000000,,,-429000000,,-303.34,,,,,,,,,,,,,,,,,,,,,,true,true,6,2018-04-01,2018-09-30,1
2018-05-11,93110,2019-03-31,,45223000000,-0.032,,,,,1378000000,-0.289,1350000000,-0.294,,696000000,,492.26,,,,,,,,,,,,,,,,,,,,,,true,true,12,2018-04-01,2019-03-31,1
2018-05-11,93110,2018-03-31,,23014000000,0.036,,,,,863000000,-0.055,1172000000,0.088,751000000,,-0.067,531.17,,,,,,42820000000,12687000000,0.296,8967.64,12687000000,,,,,120.00,,,,1418000,3167,1414929,false,false,12,2017-04-01,2018-03-31,0
2018-05-11,93110,2017-03-31,,22210000000,0.001,,,,,913000000,0.186,1077000000,0.263,805000000,,,569.17,,,,,,42957000000,12015000000,0.280,8491.45,12015000000,,,,,10.00,,,,1418000,2978,1415080,false,false,12,2016-04-01,2017-03-31,-1
2018-05-11,93110,2019-03-31,,10981000000,-0.038,,,,,,,459000000,-0.522,330000000,,-0.500,233.58,,,,,,,,,,,,,,,,,,,,,,false,true,6,2018-04-01,2018-09-30,1
2018-05-11,93110,2019-03-31,,22194000000,-0.036,,,,,,,742000000,-0.367,469000000,,-0.376,331.52,,,,,,,,,,,,,,,,,,,,,,false,true,12,2018-04-01,2019-03-31,1
2018-07-27,93110,2019-03-31,1,9383000000,-0.032,,,,,66000000,-0.708,87000000,-0.621,,-44000000,,-31.38,,,,,,50081000000,15896000000,0.315,,15766000000,,,,,,,,,,,,true,false,3,2018-04-01,2018-06-30,0
2018-07-27,93110,2018-03-31,1,9689000000,0.064,,,,,227000000,4.700,230000000,3.096,,47000000,,33.72,,,,,,,,,,,,,,,,,,,,,,true,false,3,2017-04-01,2017-06-30,-1
2018-07-27,93110,2019-03-31,1,18274000000,-0.055,,,,,-480000000,,-482000000,,,-429000000,,-303.34,,,,,,,,,,,,,,,,,,,,,,true,true,6,2018-04-01,2018-09-30,0
2018-07-27,93110,2019-03-31,1,45223000000,-0.032,,,,,1378000000,-0.289,1350000000,-0.294,,696000000,,492.26,,,,,,,,,,,,,,,,,,,,,,true,true,12,2018-04-01,2019-03-31,0
2018-07-27,93110,2018-03-31,1,,,,,,,,,,,,,,,,,,,,50663000000,16104000000,0.315,,15971000000,,,,,,,,,,,,true,false,12,2017-04-01,2018-03-31,-1
2018-07-27,93110,2018-03-31,1,,,,,,,,,,,,,,,,,,,,,,,,,,,,,120.00,,,,1418000,3167,,false,false,12,2017-04-01,2018-03-31,-1
2018-07-27,93110,2019-03-31,1,,,,,,,,,,,,,,,,,,,,,,,,,,,,,0.00,,,,,,,false,true,12,2018-04-01,2019-03-31,0
2018-07-27,93110,2019-03-31,1,,,,,,,,,,,,,,,,,,,,,,,,,,,,,,,,,1418000,3167,1414833,false,false,3,2018-04-01,2018-06-30,0
2018-07-27,93110,2018-03-31,1,,,,,,,,,,,,,,,,,,,,,,,,,,,,,,,,,,,1415001,false,false,3,2017-04-01,2017-06-30,-1
2018-10-26,93110,2019-03-31,2,18637000000,-0.037,,,,,-215000000,,-211000000,,,-396000000,,-280.00,,,,,,52388000000,15753000000,0.298,,15623000000,,,,,,,,,,,,true,false,6,2018-04-01,2018-09-30,0
2018-10-26,93110,2018-03-31,2,19346000000,0.065,,,,,74000000,,66000000,,,-99000000,,-70.50,,,,,,,,,,,,,,,,,,,,,,true,false,6,2017-04-01,2017-09-30,-1
2018-10-26,93110,2019-03-31,2,45223000000,-0.032,,,,,1378000000,-0.289,1350000000,-0.294,,696000000,,492.26,,,,,,,,,,,,,,,,,,,,,,true,true,12,2018-04-01,2019-03-31,0
2018-10-26,93110,2018-03-31,2,,,,,,,,,,,,,,,,,,,,50663000000,16104000000,0.315,,15971000000,,,,,,,,,,,,true,false,12,2017-04-01,2018-03-31,-1
2018-10-26,93110,2018-03-31,2,,,,,,,,,,,,,,,,,,,,,,,,,,,,,120.00,,,,1418000,3167,,false,false,12,2017-04-01,2018-03-31,-1
2018-10-26,93110,2019-03-31,2,,,,,,,,,,,,,,,,,,,,,,,,,,,,,0.00,,,,,,,false,false,12,2018-04-01,2019-03-31,0
2018-10-26,93110,2019-03-31,2,,,,,,,,,,,,,,,,,,,,,,,,,,,,,,,,,1418000,3167,1414833,false,false,6,2018-04-01,2018-09-30,0
2018-10-26,93110,2018-03-31,2,,,,,,,,,,,,,,,,,,,,,,,,,,,,,,,,,,,1414983,false,false,6,2017-04-01,2017-09-30,-1
2019-01-31,93110,2019-03-31,3,36599000000,-0.014,,,,,1819000000,-0.148,1830000000,-0.148,,881000000,,623.27,,,,,,59132000000,16831000000,0.282,,16701000000,,,,,,,,,,,,true,false,9,2018-04-01,2018-12-31,0
2019-01-31,93110,2018-03-31,3,37116000000,0.040,,,,,2134000000,-0.038,2148000000,-0.027,,1190000000,,841.67,,,,,,,,,,,,,,,,,,,,,,true,false,9,2017-04-01,2017-12-31,-1
2019-01-31,93110,2019-03-31,3,45223000000,-0.032,,,,,1378000000,-0.289,1350000000,-0.294,,696000000,,492.26,,,,,,,,,,,,,,,,,,,,,,true,true,12,2018-04-01,2019-03-31,0
2019-01-31,93110,2018-03-31,3,,,,,,,,,,,,,,,,,,,,50663000000,16104000000,0.315,,15971000000,,,,,,,,,,,,true,false,12,2017-04-01,2018-03-31,-1
2019-01-31,93110,2018-03-31,3,,,,,,,,,,,,,,,,,,,,,,,,,,,,,120.00,,,,1418000,3167,,false,false,12,2017-04-01,2018-03-31,-1
2019-01-31,93110,2019-03-31,3,,,,,,,,,,,,,,,,,,,,,,,,,,,,,0.00,,,,,,,false,false,12,2018-04-01,2019-03-31,0
2019-01-31,93110,2019-03-31,3,,,,,,,,,,,,,,,,,,,,,,,,,,,,,,,,,1418000,3167,1414833,false,false,9,2018-04-01,2018-12-31,0
2019-01-31,93110,2018-03-31,3,,,,,,,,,,,,,,,,,,,,,,,,,,,,,,,,,,,1414955,false,false,9,2017-04-01,2017-12-31,-1
2019-04-26,93110,2019-03-31,,45839000000,0.014,,,,,1646000000,0.194,1622000000,0.202,,940000000,,664.59,,,,,,,,,,,,,,,,,,,,,,true,true,12,2018-04-01,2019-03-31,0
2019-04-26,93110,2018-03-31,,46696000000,,,,,,1937000000,,1911000000,,,1016000000,,718.48,,,,,,,,,,,,,,,,,,,,,,true,false,12,2017-04-01,2018-03-31,-1
2019-05-15,93110,2019-03-31,,45839000000,-0.018,,,,,1646000000,-0.150,1622000000,-0.152,,940000000,,664.59,,0.058,0.033,0.036,,48990000000,16617000000,0.336,11650.18,16483000000,2540000000,91000000,-2223000000,5322000000,,0.181,,,,,,true,false,12,2018-04-01,2019-03-31,0
2019-05-15,93110,2018-03-31,,46696000000,0.027,,,,,1937000000,-0.078,1911000000,-0.067,,1016000000,,718.48,,0.066,0.038,0.041,,50663000000,16104000000,0.315,11288.43,15971000000,2688000000,-1378000000,-1188000000,4911000000,,0.167,,,,,,true,false,12,2017-04-01,2018-03-31,-1
2019-05-15,93110,2020-03-31,,18516000000,-0.007,,,,,-283000000,,-251000000,,,-257000000,,-182.20,,,,,,,,,,,,,,,,,,,,,,true,true,6,2019-04-01,2019-09-30,1
2019-05-15,93110,2020-03-31,,45750000000,-0.002,,,,,1560000000,-0.052,1573000000,-0.030,,849000000,,600.69,,,,,,,,,,,,,,,,,,,,,,true,true,12,2019-04-01,2020-03-31,1
2019-05-15,93110,2019-03-31,,22874000000,-0.006,,,,,728000000,-0.155,981000000,-0.162,718000000,,-0.044,507.93,,,,,,40968000000,12994000000,0.317,9184.16,12994000000,,,,,120.00,,,,1418000,3167,1414833,false,false,12,2018-04-01,2019-03-31,0
2019-05-15,93110,2018-03-31,,23014000000,0.036,,,,,863000000,-0.055,1172000000,0.088,751000000,,-0.067,531.17,,,,,,42820000000,12687000000,0.296,8967.64,12687000000,,,,,120.00,,,,1418000,3167,1414929,false,false,12,2017-04-01,2018-03-31,-1
2019-05-15,93110,2020-03-31,,11303000000,0.011,,,,,,,464000000,-0.296,284000000,,-0.137,201.05,,,,,,,,,,,,,,,,,,,,,,false,true,6,2019-04-01,2019-09-30,1
2019-05-15,93110,2020-03-31,,22971000000,0.004,,,,,,,897000000,-0.086,524000000,,-0.270,370.82,,,,,,,,,,,,,,,,,,,,,,false,true,12,2019-04-01,2020-03-31,1
2019-07-26,93110,2020-03-31,1,9378000000,-0.000,,,,,120000000,0.816,171000000,0.961,,37000000,,26.35,,,,,,48889000000,16473000000,0.334,,16342000000,,,,,,,,,,,,true,false,3,2019-04-01,2019-06-30,0
2019-07-26,93110,2019-03-31,1,9383000000,-0.032,,,,,66000000,-0.708,87000000,-0.621,,-44000000,,-31.38,,,,,,,,,,,,,,,,,,,,,,true,false,3,2018-04-01,2018-06-30,-1
2019-07-26,93110,2020-03-31,1,18516000000,-0.007,,,,,-283000000,,-251000000,,,-257000000,,-182.20,,,,,,,,,,,,,,,,,,,,,,true,true,6,2019-04-01,2019-09-30,0
2019-07-26,93110,2020-03-31,1,45750000000,-0.002,,,,,1560000000,-0.052,1573000000,-0.030,,849000000,,600.69,,,,,,,,,,,,,,,,,,,,,,true,true,12,2019-04-01,2020-03-31,0
2019-07-26,93110,2019-03-31,1,,,,,,,,,,,,,,,,,,,,48990000000,16617000000,0.336,,16483000000,,,,,,,,,,,,true,false,12,2018-04-01,2019-03-31,-1
2019-07-26,93110,2019-03-31,1,,,,,,,,,,,,,,,,,,,,,,,,,,,,,120.00,,,,1418000,3167,,false,false,12,2018-04-01,2019-03-31,-1
2019-07-26,93110,2020-03-31,1,,,,,,,,,,,,,,,,,,,,,,,,,,,,,0.00,,,,,,,false,true,12,2019-04-01,2020-03-31,0
2019-07-26,93110,2020-03-31,1,,,,,,,,,,,,,,,,,,,,,,,,,,,,,,,,,1418000,3167,1414833,false,false,3,2019-04-01,2019-06-30,0
2019-07-26,93110,2019-03-31,1,,,,,,,,,,,,,,,,,,,,,,,,,,,,,,,,,,,1414833,false,false,3,2018-04-01,2018-06-30,-1
2019-10-25,93110,2020-03-31,2,18727000000,0.005,,,,,86000000,,142000000,,,-1000000,,-1.29,,,,,,51561000000,16409000000,0.316,,16279000000,,,,,,,,,,,,true,false,6,2019-04-01,2019-09-30,0
2019-10-25,93110,2019-03-31,2,18637000000,-0.037,,,,,-215000000,,-211000000,,,-396000000,,-280.00,,,,,,,,,,,,,,,,,,,,,,true,false,6,2018-04-01,2018-09-30,-1
2019-10-25,93110,2020-03-31,2,45750000000,-0.002,,,,,1560000000,-0.052,1573000000,-0.030,,849000000,,600.69,,,,,,,,,,,,,,,,,,,,,,true,true,12,2019-04-01,2020-03-31,0
2019-10-25,93110,2019-03-31,2,,,,,,,,,,,,,,,,,,,,48990000000,16617000000,0.336,,16483000000,,,,,,,,,,,,true,false,12,2018-04-01,2019-03-31,-1
2019-10-25,93110,2019-03-31,2,,,,,,,,,,,,,,,,,,,,,,,,,,,,,120.00,,,,1418000,3167,,false,false,12,2018-04-01,2019-03-31,-1
2019-10-25,93110,2020-03-31,2,,,,,,,,,,,,,,,,,,,,,,,,,,,,,0.00,,,,,,,false,false,12,2019-04-01,2020-03-31,0
2019-10-25,93110,2020-03-31,2,,,,,,,,,,,,,,,,,,,,,,,,,,,,,,,,,1418000,3167,1414833,false,false,6,2019-04-01,2019-09-30,0
2019-10-25,93110,2019-03-31,2,,,,,,,,,,,,,,,,,,,,,,,,,,,,,,,,,,,1414833,false,false,6,2018-04-01,2018-09-30,-1
2020-01-31,93110,2020-03-31,3,36212000000,-0.011,,,,,2001000000,0.099,2076000000,0.135,,1184000000,,837.10,,,,,,59337000000,17729000000,0.297,,17597000000,,,,,,,,,,,,true,false,9,2019-04-01,2019-12-31,0
2020-01-31,93110,2019-03-31,3,36599000000,-0.014,,,,,1819000000,-0.148,1830000000,-0.148,,881000000,,623.27,,,,,,,,,,,,,,,,,,,,,,true,false,9,2018-04-01,2018-12-31,-1
2020-01-31,93110,2020-03-31,3,45750000000,-0.002,,,,,1560000000,-0.052,1573000000,-0.030,,849000000,,600.69,,,,,,,,,,,,,,,,,,,,,,true,true,12,2019-04-01,2020-03-31,0
2020-01-31,93110,2019-03-31,3,,,,,,,,,,,,,,,,,,,,48990000000,16617000000,0.336,,16483000000,,,,,,,,,,,,true,false,12,2018-04-01,2019-03-31,-1
2020-01-31,93110,2019-03-31,3,,,,,,,,,,,,,,,,,,,,,,,,,,,,,120.00,,,,1418000,3167,,false,false,12,2018-04-01,2019-03-31,-1
2020-01-31,93110,2020-03-31,3,,,,,,,,,,,,,,,,,,,,,,,,,,,,,0.00,,,,,,,false,false,12,2019-04-01,2020-03-31,0
2020-01-31,93110,2020-03-31,3,,,,,,,,,,,,,,,,,,,,,,,,,,,,,,,,,1418000,3192,1414832,false,false,9,2019-04-01,2019-12-31,0
2020-01-31,93110,2019-03-31,3,,,,,,,,,,,,,,,,,,,,,,,,,,,,,,,,,,,1414833,false,false,9,2018-04-01,2018-12-31,-1
2020-05-15,93110,2020-03-31,,44894000000,-0.021,,,,,1730000000,0.051,1776000000,0.095,,622000000,,439.75,,0.037,0.037,0.039,,47937000000,16863000000,0.349,11822.70,16726000000,2868000000,-950000000,-1779000000,5460000000,,0.273,,,,,,true,false,12,2019-04-01,2020-03-31,0
2020-05-15,93110,2019-03-31,,45839000000,-0.018,,,,,1646000000,-0.150,1622000000,-0.152,,940000000,,664.59,,0.058,0.033,0.036,,48990000000,16617000000,0.336,11650.18,16483000000,2540000000,91000000,-2223000000,5322000000,,0.181,,,,,,true,false,12,2018-04-01,2019-03-31,-1
2020-05-15,93110,2021-03-31,,15439000000,-0.176,,,,,-1743000000,,-1586000000,,,-1114000000,,-787.73,,,,,,,,,,,,,,,,,,,,,,true,true,6,2020-04-01,2020-09-30,1
2020-05-15,93110,2021-03-31,,41615000000,-0.073,,,,,58000000,-0.966,205000000,-0.884,,42000000,,29.94,,,,,,,,,,,,,,,,,,,,,,true,true,12,2020-04-01,2021-03-31,1
2020-05-15,93110,2020-03-31,,23075000000,0.009,,,,,1176000000,0.614,1283000000,0.308,438000000,,-0.390,309.74,,,,,,39056000000,13035000000,0.334,9213.53,13035000000,,,,,120.00,,,,1418000,3192,1414826,false,false,12,2019-04-01,2020-03-31,0
2020-05-15,93110,2019-03-31,,22874000000,-0.006,,,,,728000000,-0.155,981000000,-0.162,718000000,,-0.044,507.93,,,,,,40968000000,12994000000,0.317,9184.16,12994000000,,,,,120.00,,,,1418000,3167,1414833,false,false,12,2018-04-01,2019-03-31,-1
2020-05-15,93110,2021-03-31,,10587000000,-0.094,,,,,,,465000000,-0.417,287000000,,-0.438,203.49,,,,,,,,,,,,,,,,,,,,,,false,true,6,2020-04-01,2020-09-30,1
2020-05-15,93110,2021-03-31,,21850000000,-0.053,,,,,,,923000000,-0.281,592000000,,0.353,419.03,,,,,,,,,,,,,,,,,,,,,,false,true,12,2020-04-01,2021-03-31,1
2020-07-31,93110,2021-03-31,1,7064000000,-0.247,,,,,-601000000,,-379000000,,,-367000000,,-259.42,,,,,,47802000000,16397000000,0.340,,16265000000,,,,,,,,,,,,true,false,3,2020-04-01,2020-06-30,0
2020-07-31,93110,2020-03-31,1,9378000000,-0.000,,,,,120000000,0.816,171000000,0.961,,37000000,,26.35,,,,,,,,,,,,,,,,,,,,,,true,false,3,2019-04-01,2019-06-30,-1
2020-07-31,93110,2021-03-31,1,15439000000,-0.176,,,,,-1743000000,,-1586000000,,,-1114000000,,-787.73,,,,,,,,,,,,,,,,,,,,,,true,true,6,2020-04-01,2020-09-30,0
2020-07-31,93110,2021-03-31,1,41615000000,-0.073,,,,,58000000,-0.966,205000000,-0.884,,42000000,,29.94,,,,,,,,,,,,,,,,,,,,,,true,true,12,2020-04-01,2021-03-31,0
2020-07-31,93110,2020-03-31,1,,,,,,,,,,,,,,,,,,,,47937000000,16863000000,0.349,,16726000000,,,,,,,,,,,,true,false,12,2019-04-01,2020-03-31,-1
2020-07-31,93110,2020-03-31,1,,,,,,,,,,,,,,,,,,,,,,,,,,,,,120.00,,,,1418000,3192,,false,false,12,2019-04-01,2020-03-31,-1
2020-07-31,93110,2021-03-31,1,,,,,,,,,,,,,,,,,,,,,,,,,,,,,,,,,1418000,3192,1414808,false,false,3,2020-04-01,2020-06-30,0
2020-07-31,93110,2020-03-31,1,,,,,,,,,,,,,,,,,,,,,,,,,,,,,,,,,,,1414833,false,false,3,2019-04-01,2019-06-30,-1
2020-10-30,93110,2021-03-31,2,14518000000,-0.225,,,,,-1170000000,,-928000000,,,-749000000,,-529.81,,,,,,49883000000,15986000000,0.318,,15858000000,,,,,,,,,,,,true,false,6,2020-04-01,2020-09-30,0
2020-10-30,93110,2020-03-31,2,18727000000,0.005,,,,,86000000,,142000000,,,-1000000,,-1.29,,,,,,,,,,,,,,,,,,,,,,true,false,6,2019-04-01,2019-09-30,-1
2020-10-30,93110,2021-03-31,2,41615000000,-0.073,,,,,58000000,-0.966,205000000,-0.884,,42000000,,29.94,,,,,,,,,,,,,,,,,,,,,,true,true,12,2020-04-01,2021-03-31,0
2020-10-30,93110,2020-03-31,2,,,,,,,,,,,,,,,,,,,,47937000000,16863000000,0.349,,16726000000,,,,,,,,,,,,true,false,12,2019-04-01,2020-03-31,-1
2020-10-30,93110,2020-03-31,2,,,,,,,,,,,,,,,,,,,,,,,,,,,,,120.00,,,,1418000,3192,,false,false,12,2019-04-01,2020-03-31,-1
2020-10-30,93110,2021-03-31,2,,,,,,,,,,,,,,,,,,,,,,,,,,,,,0.00,,,,,,,false,false,12,2020-04-01,2021-03-31,0
2020-10-30,93110,2021-03-31,2,,,,,,,,,,,,,,,,,,,,,,,,,,,,,,,,,1418000,3192,1414808,false,false,6,2020-04-01,2020-09-30,0
2020-10-30,93110,2020-03-31,2,,,,,,,,,,,,,,,,,,,,,,,,,,,,,,,,,,,1414833,false,false,6,2019-04-01,2019-09-30,-1
2021-01-29,93110,2021-03-31,3,30914000000,-0.146,,,,,832000000,-0.584,1134000000,-0.454,,578000000,,408.70,,,,,,55967000000,17371000000,0.308,,17241000000,,,,,,,,,,,,true,false,9,2020-04-01,2020-12-31,0
2021-01-29,93110,2020-03-31,3,36212000000,-0.011,,,,,2001000000,0.099,2076000000,0.135,,1184000000,,837.10,,,,,,,,,,,,,,,,,,,,,,true,false,9,2019-04-01,2019-12-31,-1
2021-01-29,93110,2021-03-31,3,41615000000,-0.073,,,,,58000000,-0.966,205000000,-0.884,,42000000,,29.94,,,,,,,,,,,,,,,,,,,,,,true,true,12,2020-04-01,2021-03-31,0
2021-01-29,93110,2020-03-31,3,,,,,,,,,,,,,,,,,,,,47937000000,16863000000,0.349,,16726000000,,,,,,,,,,,,true,false,12,2019-04-01,2020-03-31,-1
2021-01-29,93110,2020-03-31,3,,,,,,,,,,,,,,,,,,,,,,,,,,,,,120.00,,,,1418000,3192,,false,false,12,2019-04-01,2020-03-31,-1
2021-01-29,93110,2021-03-31,3,,,,,,,,,,,,,,,,,,,,,,,,,,,,,0.00,,,,,,,false,false,12,2020-04-01,2021-03-31,0
2021-01-29,93110,2021-03-31,3,,,,,,,,,,,,,,,,,,,,,,,,,,,,,,,,,1418000,3192,1414808,false,false,9,2020-04-01,2020-12-31,0
2021-01-29,93110,2020-03-31,3,,,,,,,,,,,,,,,,,,,,,,,,,,,,,,,,,,,1414832,false,false,9,2019-04-01,2019-12-31,-1
2021-04-27,93110,2021-03-31,,38781000000,-0.068,,,,,644000000,10.072,972000000,3.732,,147000000,,104.48,,,,,,,,,,,,,,,,,,,,,,true,true,12,2020-04-01,2021-03-31,0
2021-04-27,93110,2020-03-31,,44894000000,,,,,,1730000000,,1776000000,,,622000000,,439.75,,,,,,,,,,,,,,,,,,,,,,true,false,12,2019-04-01,2020-03-31,-1
2021-05-14,93110,2021-03-31,,38781000000,-0.136,,,,,644000000,-0.627,972000000,-0.453,,147000000,,104.48,,0.009,0.020,0.017,,47425000000,17101000000,0.358,11995.86,16971000000,2910000000,-1539000000,25000000,6858000000,,1.149,,,,,,true,false,12,2020-04-01,2021-03-31,0
2021-05-14,93110,2020-03-31,,44894000000,-0.021,,,,,1730000000,0.051,1776000000,0.095,,622000000,,439.75,,0.037,0.037,0.039,,47937000000,16863000000,0.349,11822.70,16726000000,2868000000,-950000000,-1779000000,5460000000,,0.273,,,,,,true,false,12,2019-04-01,2020-03-31,-1
2021-05-14,93110,2022-03-31,,15747000000,0.085,,,,,-473000000,,-436000000,,,-745000000,,-527.10,,,,,,,,,,,,,,,,,,,,,,true,true,6,2021-04-01,2021-09-30,1
2021-05-14,93110,2022-03-31,,40047000000,0.033,,,,,1191000000,0.848,1225000000,0.260,,659000000,,465.92,,,,,,,,,,,,,,,,,,,,,,true,true,12,2021-04-01,2022-03-31,1
2021-05-14,93110,2021-03-31,,20996000000,-0.090,,,,,1276000000,0.085,1420000000,0.106,916000000,,1.092,647.93,,,,,,38625000000,14040000000,0.363,9923.70,14040000000,,,,,120.00,,,,1418000,3192,1414808,false,false,12,2020-04-01,2021-03-31,0
2021-05-14,93110,2020-03-31,,23075000000,0.009,,,,,1176000000,0.614,1283000000,0.308,438000000,,-0.390,309.74,,,,,,39056000000,13035000000,0.334,9213.53,13035000000,,,,,120.00,,,,1418000,3192,1414826,false,false,12,2019-04-01,2020-03-31,-1
2021-05-14,93110,2022-03-31,,10727000000,0.054,,,,,,,606000000,-0.186,357000000,,-0.257,252.65,,,,,,,,,,,,,,,,,,,,,,false,true,6,2021-04-01,2021-09-30,1
2021-05-14,93110,2022-03-31,,21764000000,0.037,,,,,,,1165000000,-0.179,721000000,,-0.213,510.21,,,,,,,,,,,,,,,,,,,,,,false,true,12,2021-04-01,2022-03-31,1
2021-07-30,93110,2022-03-31,1,8472000000,0.199,,,,,260000000,,385000000,,,39000000,,28.01,,,,,,46716000000,16944000000,0.360,,16818000000,,,,,,,,,,,,true,false,3,2021-04-01,2021-06-30,0
2021-07-30,93110,2021-03-31,1,7064000000,-0.247,,,,,-601000000,,-379000000,,,-367000000,,-259.42,,,,,,,,,,,,,,,,,,,,,,true,false,3,2020-04-01,2020-06-30,-1
2021-07-30,93110,2022-03-31,1,15747000000,0.085,,,,,-473000000,,-436000000,,,-745000000,,-527.10,,,,,,,,,,,,,,,,,,,,,,true,true,6,2021-04-01,2021-09-30,0
2021-07-30,93110,2022-03-31,1,40047000000,0.033,,,,,1191000000,0.848,1225000000,0.260,,659000000,,465.92,,,,,,,,,,,,,,,,,,,,,,true,true,12,2021-04-01,2022-03-31,0
2021-07-30,93110,2021-03-31,1,,,,,,,,,,,,,,,,,,,,47425000000,17101000000,0.358,,16971000000,,,,,,,,,,,,true,false,12,2020-04-01,2021-03-31,-1
2021-07-30,93110,2021-03-31,1,,,,,,,,,,,,,,,,,,,,,,,,,,,,,120.00,,,,1418000,3192,,false,false,12,2020-04-01,2021-03-31,-1
2021-07-30,93110,2022-03-31,1,,,,,,,,,,,,,,,,,,,,,,,,,,,,,,,,,1418000,3192,1414808,false,false,3,2021-04-01,2021-06-30,0
2021-07-30,93110,2021-03-31,1,,,,,,,,,,,,,,,,,,,,,,,,,,,,,,,,,,,1414808,false,false,3,2020-04-01,2020-06-30,-1
2021-10-29,93110,2022-03-31,2,16801000000,0.157,,,,,237000000,,370000000,,,-259000000,,-183.08,,,,,,49521000000,16706000000,0.335,,16582000000,,,,,,,,,,,,true,false,6,2021-04-01,2021-09-30,0
2021-10-29,93110,2021-03-31,2,14518000000,-0.225,,,,,-1170000000,,-928000000,,,-749000000,,-529.81,,,,,,,,,,,,,,,,,,,,,,true,false,6,2020-04-01,2020-09-30,-1
2021-10-29,93110,2022-03-31,2,40047000000,0.033,,,,,1191000000,0.848,1225000000,0.260,,659000000,,465.92,,,,,,,,,,,,,,,,,,,,,,true,true,12,2021-04-01,2022-03-31,0
2021-10-29,93110,2021-03-31,2,,,,,,,,,,,,,,,,,,,,47425000000,17101000000,0.358,,16971000000,,,,,,,,,,,,true,false,12,2020-04-01,2021-03-31,-1
2021-10-29,93110,2021-03-31,2,,,,,,,,,,,,,,,,,,,,,,,,,,,,,120.00,,,,1418000,3192,,false,false,12,2020-04-01,2021-03-31,-1
2021-10-29,93110,2022-03-31,2,,,,,,,,,,,,,,,,,,,,,,,,,,,,,0.00,,,,,,,false,false,12,2021-04-01,2022-03-31,0
2021-10-29,93110,2022-03-31,2,,,,,,,,,,,,,,,,,,,,,,,,,,,,,,,,,1418000,3192,1414808,false,false,6,2021-04-01,2021-09-30,0
2021-10-29,93110,2021-03-31,2,,,,,,,,,,,,,,,,,,,,,,,,,,,,,,,,,,,1414808,false,false,6,2020-04-01,2020-09-30,-1
2022-01-28,93110,2022-03-31,3,32553000000,0.053,,,,,1989000000,1.391,2148000000,0.894,,1306000000,,923.14,,,,,,56235000000,18235000000,0.322,,18111000000,,,,,,,,,,,,true,false,9,2021-04-01,2021-12-31,0
2022-01-28,93110,2021-03-31,3,30914000000,-0.146,,,,,832000000,-0.584,1134000000,-0.454,,578000000,,408.70,,,,,,,,,,,,,,,,,,,,,,true,false,9,2020-04-01,2020-12-31,-1
2022-01-28,93110,2022-03-31,3,40047000000,0.033,,,,,1191000000,0.848,1225000000,0.260,,659000000,,465.92,,,,,,,,,,,,,,,,,,,,,,true,true,12,2021-04-01,2022-03-31,0
2022-01-28,93110,2021-03-31,3,,,,,,,,,,,,,,,,,,,,47425000000,17101000000,0.358,,16971000000,,,,,,,,,,,,true,false,12,2020-04-01,2021-03-31,-1
2022-01-28,93110,2021-03-31,3,,,,,,,,,,,,,,,,,,,,,,,,,,,,,120.00,,,,1418000,3192,,false,false,12,2020-04-01,2021-03-31,-1
2022-01-28,93110,2022-03-31,3,,,,,,,,,,,,,,,,,,,,,,,,,,,,,0.00,,,,,,,false,false,12,2021-04-01,2022-03-31,0
2022-01-28,93110,2022-03-31,3,,,,,,,,,,,,,,,,,,,,,,,,,,,,,,,,,1418000,3192,1414808,false,false,9,2021-04-01,2021-12-31,0
2022-01-28,93110,2021-03-31,3,,,,,,,,,,,,,,,,,,,,,,,,,,,,,,,,,,,1414808,false,false,9,2020-04-01,2020-12-31,-1
2022-04-28,93110,2022-03-31,,41526000000,0.037,,,,,1983000000,0.664,2160000000,0.763,,1263000000,,893.33,,,,,,,,,,,,,,,,,,,,,,true,true,12,2021-04-01,2022-03-31,0
2022-04-28,93110,2021-03-31,,38781000000,,,,,,644000000,,972000000,,,147000000,,104.48,,,,,,,,,,,,,,,,,,,,,,true,false,12,2020-04-01,2021-03-31,-1
2022-05-13,93110,2022-03-31,,41526000000,0.071,,,,,1983000000,2.075,2160000000,1.221,,1263000000,,893.33,,0.072,0.046,0.048,,46664000000,18164000000,0.387,12750.51,18039000000,2555000000,-828000000,-1896000000,6698000000,,0.134,,,,,,true,false,12,2021-04-01,2022-03-31,0
2022-05-13,93110,2021-03-31,,38781000000,-0.136,,,,,644000000,-0.627,972000000,-0.453,,147000000,,104.48,,0.009,0.020,0.017,,47425000000,17101000000,0.358,11995.86,16971000000,2910000000,-1539000000,25000000,6858000000,,1.149,,,,,,true,false,12,2020-04-01,2021-03-31,-1
2022-05-13,93110,2023-03-31,,16269000000,-0.032,,,,,-537000000,,-482000000,,,-832000000,,-588.20,,,,,,,,,,,,,,,,,,,,,,true,true,6,2022-04-01,2022-09-30,1
2022-05-13,93110,2023-03-31,,40236000000,-0.031,,,,,1332000000,-0.328,1382000000,-0.360,,832000000,,588.23,,,,,,,,,,,,,,,,,,,,,,true,true,12,2022-04-01,2023-03-31,1
2022-05-13,93110,2022-03-31,,23356000000,0.112,,,,,1653000000,0.295,1814000000,0.278,826000000,,-0.098,584.40,,,,,,38078000000,14689000000,0.386,10382.37,14689000000,,,,,120.00,,,,1418000,3192,1414808,false,false,12,2021-04-01,2022-03-31,0
2022-05-13,93110,2021-03-31,,20996000000,-0.090,,,,,1276000000,0.085,1420000000,0.106,916000000,,1.092,647.93,,,,,,38625000000,14040000000,0.363,9923.70,14040000000,,,,,120.00,,,,1418000,3192,1414808,false,false,12,2020-04-01,2021-03-31,-1
2022-05-13,93110,2023-03-31,,11313000000,-0.031,,,,,,,808000000,-0.311,491000000,,-0.302,347.37,,,,,,,,,,,,,,,,,,,,,,false,true,6,2022-04-01,2022-09-30,1
2022-05-13,93110,2023-03-31,,22394000000,-0.041,,,,,,,1290000000,-0.289,822000000,,-0.005,581.59,,,,,,,,,,,,,,,,,,,,,,false,true,12,2022-04-01,2023-03-31,1
2022-07-29,93110,2023-03-31,1,8428000000,-0.005,,,,,109000000,-0.582,207000000,-0.462,,10000000,,7.73,,,,,,45829000000,17995000000,0.390,,17867000000,,,,,,,,,,,,true,false,3,2022-04-01,2022-06-30,0
2022-07-29,93110,2022-03-31,1,8472000000,0.199,,,,,260000000,,385000000,,,39000000,,28.01,,,,,,,,,,,,,,,,,,,,,,true,false,3,2021-04-01,2021-06-30,-1
2022-07-29,93110,2023-03-31,1,16269000000,-0.032,,,,,-537000000,,-482000000,,,-832000000,,-588.20,,,,,,,,,,,,,,,,,,,,,,true,true,6,2022-04-01,2022-09-30,0
2022-07-29,93110,2023-03-31,1,40236000000,-0.031,,,,,1332000000,-0.328,1382000000,-0.360,,832000000,,588.23,,,,,,,,,,,,,,,,,,,,,,true,true,12,2022-04-01,2023-03-31,0
2022-07-29,93110,2022-03-31,1,,,,,,,,,,,,,,,,,,,,46664000000,18164000000,0.387,,18039000000,,,,,,,,,,,,true,false,12,2021-04-01,2022-03-31,-1
2022-07-29,93110,2022-03-31,1,,,,,,,,,,,,,,,,,,,,,,,,,,,,,120.00,,,,1418000,3192,,false,false,12,2021-04-01,2022-03-31,-1
2022-07-29,93110,2023-03-31,1,,,,,,,,,,,,,,,,,,,,,,,,,,,,,,,,,1418000,3192,1414808,false,false,3,2022-04-01,2022-06-30,0
2022-07-29,93110,2022-03-31,1,,,,,,,,,,,,,,,,,,,,,,,,,,,,,,,,,,,1414808,false,false,3,2021-04-01,2021-06-30,-1
2022-10-28,93110,2023-03-31,2,16868000000,0.004,,,,,-47000000,,70000000,-0.810,,-328000000,,-232.09,,,,,,48908000000,17609000000,0.357,,17483000000,,,,,,,,,,,,true,false,6,2022-04-01,2022-09-30,0
2022-10-28,93110,2022-03-31,2,16801000000,0.157,,,,,237000000,,370000000,,,-259000000,,-183.08,,,,,,,,,,,,,,,,,,,,,,true,false,6,2021-04-01,2021-09-30,-1
2022-10-28,93110,2023-03-31,2,40236000000,-0.031,,,,,1332000000,-0.328,1382000000,-0.360,,832000000,,588.23,,,,,,,,,,,,,,,,,,,,,,true,true,12,2022-04-01,2023-03-31,0
2022-10-28,93110,2022-03-31,2,,,,,,,,,,,,,,,,,,,,46664000000,18164000000,0.387,,18039000000,,,,,,,,,,,,true,false,12,2021-04-01,2022-03-31,-1
2022-10-28,93110,2022-03-31,2,,,,,,,,,,,,,,,,,,,,,,,,,,,,,120.00,,,,1418000,3192,,false,false,12,2021-04-01,2022-03-31,-1
2022-10-28,93110,2023-03-31,2,,,,,,,,,,,,,,,,,,,,,,,,,,,,,0.00,,,,,,,false,false,12,2022-04-01,2023-03-31,0
2022-10-28,93110,2023-03-31,2,,,,,,,,,,,,,,,,,,,,,,,,,,,,,,,,,1418000,3217,1414800,false,false,6,2022-04-01,2022-09-30,0
2022-10-28,93110,2022-03-31,2,,,,,,,,,,,,,,,,,,,,,,,,,,,,,,,,,,,1414808,false,false,6,2021-04-01,2021-09-30,-1
2023-01-27,93110,2023-03-31,3,32470000000,-0.003,,,,,1633000000,-0.179,1780000000,-0.171,,1015000000,,717.53,,,,,,55012000000,19067000000,0.344,,18940000000,,,,,,,,,,,,true,false,9,2022-04-01,2022-12-31,0
2023-01-27,93110,2022-03-31,3,32553000000,0.053,,,,,1989000000,1.391,2148000000,0.894,,1306000000,,923.14,,,,,,,,,,,,,,,,,,,,,,true,false,9,2021-04-01,2021-12-31,-1
2023-01-27,93110,2023-03-31,3,40236000000,-0.031,,,,,1332000000,-0.328,1382000000,-0.360,,832000000,,588.23,,,,,,,,,,,,,,,,,,,,,,true,true,12,2022-04-01,2023-03-31,0
2023-01-27,93110,2022-03-31,3,,,,,,,,,,,,,,,,,,,,46664000000,18164000000,0.387,,18039000000,,,,,,,,,,,,true,false,12,2021-04-01,2022-03-31,-1
2023-01-27,93110,2022-03-31,3,,,,,,,,,,,,,,,,,,,,,,,,,,,,,120.00,,,,1418000,3192,,false,false,12,2021-04-01,2022-03-31,-1
2023-01-27,93110,2023-03-31,3,,,,,,,,,,,,,,,,,,,,,,,,,,,,,0.00,,,,,,,false,false,12,2022-04-01,2023-03-31,0
2023-01-27,93110,2023-03-31,3,,,,,,,,,,,,,,,,,,,,,,,,,,,,,,,,,1418000,3249,1414787,false,false,9,2022-04-01,2022-12-31,0
2023-01-27,93110,2022-03-31,3,,,,,,,,,,,,,,,,,,,,,,,,,,,,,,,,,,,1414808,false,false,9,2021-04-01,2021-12-31,-1
2023-04-28,93110,2023-03-31,,41091000000,0.021,,,,,1676000000,0.258,1872000000,0.355,,997000000,,704.71,,,,,,,,,,,,,,,,,,,,,,true,true,12,2022-04-01,2023-03-31,0
2023-04-28,93110,2022-03-31,,41526000000,,,,,,1983000000,,2160000000,,,1263000000,,893.33,,,,,,,,,,,,,,,,,,,,,,true,false,12,2021-04-01,2022-03-31,-1
2023-05-15,93110,2023-03-31,,41091000000,-0.010,,,,,1676000000,-0.155,1872000000,-0.133,,997000000,,704.71,,0.054,0.041,0.041,,45325000000,19080000000,0.418,13394.15,18949000000,2008000000,-790000000,-1831000000,6085000000,,0.170,,,,,,true,false,12,2022-04-01,2023-03-31,0
2023-05-15,93110,2022-03-31,,41526000000,0.071,,,,,1983000000,2.075,2160000000,1.221,,1263000000,,893.33,,0.072,0.046,0.048,,46664000000,18164000000,0.387,12750.51,18039000000,2555000000,-826000000,-1897000000,6698000000,,0.134,,,,,,true,false,12,2021-04-01,2022-03-31,-1
2023-05-15,93110,2024-03-31,,16370000000,-0.029,,,,,-305000000,,-271000000,,,-575000000,,-406.90,,,,,,,,,,,,,,,,,,,,,,true,true,6,2023-04-01,2023-09-30,1
2023-05-15,93110,2024-03-31,,40482000000,-0.015,,,,,1289000000,-0.231,1334000000,-0.287,,797000000,,563.67,,,,,,,,,,,,,,,,,,,,,,true,true,12,2023-04-01,2024-03-31,1
2023-05-15,93110,2023-03-31,,22633000000,-0.031,,,,,1299000000,-0.214,1501000000,-0.173,853000000,,0.032,603.22,,,,,,37203000000,15443000000,0.415,10915.96,15443000000,,,,,120.00,,,,1418000,3249,1414778,false,false,12,2022-04-01,2023-03-31,0
2023-05-15,93110,2022-03-31,,23356000000,0.112,,,,,1653000000,0.295,1814000000,0.278,826000000,,-0.098,584.40,,,,,,38126000000,14689000000,0.385,10382.37,14689000000,,,,,120.00,,,,1418000,3192,1414808,false,false,12,2021-04-01,2022-03-31,-1
2023-05-15,93110,2024-03-31,,10986000000,-0.041,,,,,,,680000000,-0.289,421000000,,-0.356,297.67,,,,,,,,,,,,,,,,,,,,,,false,true,6,2023-04-01,2023-09-30,1
2023-05-15,93110,2024-03-31,,22156000000,-0.021,,,,,,,1194000000,-0.204,757000000,,-0.113,535.21,,,,,,,,,,,,,,,,,,,,,,false,true,12,2023-04-01,2024-03-31,1
2023-07-28,93110,2024-03-31,1,8130000000,-0.035,,,,,139000000,0.283,194000000,-0.062,,-76000000,,-54.39,,,,,,44665000000,18962000000,0.422,,18833000000,,,,,,,,,,,,true,false,3,2023-04-01,2023-06-30,0
2023-07-28,93110,2023-03-31,1,8428000000,-0.005,,,,,109000000,-0.582,207000000,-0.462,,10000000,,7.73,,,,,,,,,,,,,,,,,,,,,,true,false,3,2022-04-01,2022-06-30,-1
2023-07-28,93110,2024-03-31,1,16370000000,-0.029,,,,,-305000000,,-271000000,,,-575000000,,-406.90,,,,,,,,,,,,,,,,,,,,,,true,true,6,2023-04-01,2023-09-30,0
2023-07-28,93110,2024-03-31,1,40482000000,-0.015,,,,,1289000000,-0.231,1334000000,-0.287,,797000000,,563.67,,,,,,,,,,,,,,,,,,,,,,true,true,12,2023-04-01,2024-03-31,0
2023-07-28,93110,2023-03-31,1,,,,,,,,,,,,,,,,,,,,45325000000,19080000000,0.418,,18949000000,,,,,,,,,,,,true,false,12,2022-04-01,2023-03-31,-1
2023-07-28,93110,2023-03-31,1,,,,,,,,,,,,,,,,,,,,,,,,,,,,,120.00,,,,1418000,3249,,false,false,12,2022-04-01,2023-03-31,-1
2023-07-28,93110,2024-03-31,1,,,,,,,,,,,,,,,,,,,,,,,,,,,,,,,,,1418000,3284,1414723,false,false,3,2023-04-01,2023-06-30,0
2023-07-28,93110,2023-03-31,1,,,,,,,,,,,,,,,,,,,,,,,,,,,,,,,,,,,1414808,false,false,3,2022-04-01,2022-06-30,-1
2023-10-27,93110,2024-03-31,2,16256000000,-0.036,,,,,-8000000,,41000000,-0.406,,-422000000,,-298.65,,,,,,48876000000,18729000000,0.381,,18599000000,,,,,,,,,,,,true,false,6,2023-04-01,2023-09-30,0
2023-10-27,93110,2023-03-31,2,16868000000,0.004,,,,,-47000000,,70000000,-0.810,,-328000000,,-232.09,,,,,,,,,,,,,,,,,,,,,,true,false,6,2022-04-01,2022-09-30,-1
2023-10-27,93110,2024-03-31,2,40482000000,-0.015,,,,,1289000000,-0.231,1334000000,-0.287,,797000000,,563.67,,,,,,,,,,,,,,,,,,,,,,true,true,12,2023-04-01,2024-03-31,0
2023-10-27,93110,2023-03-31,2,,,,,,,,,,,,,,,,,,,,45325000000,19080000000,0.418,,18949000000,,,,,,,,,,,,true,false,12,2022-04-01,2023-03-31,-1
2023-10-27,93110,2023-03-31,2,,,,,,,,,,,,,,,,,,,,,,,,,,,,,120.00,,,,1418000,3249,,false,false,12,2022-04-01,2023-03-31,-1
2023-10-27,93110,2024-03-31,2,,,,,,,,,,,,,,,,,,,,,,,,,,,,,0.00,,,,,,,false,false,12,2023-04-01,2024-03-31,0
2023-10-27,93110,2024-03-31,2,,,,,,,,,,,,,,,,,,,,,,,,,,,,,,,,,1418000,3284,1414719,false,false,6,2023-04-01,2023-09-30,0
2023-10-27,93110,2023-03-31,2,,,,,,,,,,,,,,,,,,,,,,,,,,,,,,,,,,,1414800,false,false,6,2022-04-01,2022-09-30,-1
2024-01-26,93110,2024-03-31,3,31123000000,-0.041,,,,,1517000000,-0.071,1602000000,-0.100,,960000000,,678.77,,,,,,52920000000,20096000000,0.377,,19966000000,,,,,,,,,,,,true,false,9,2023-04-01,2023-12-31,0
2024-01-26,93110,2023-03-31,3,32470000000,-0.003,,,,,1633000000,-0.179,1780000000,-0.171,,1015000000,,717.53,,,,,,,,,,,,,,,,,,,,,,true,false,9,2022-04-01,2022-12-31,-1
2024-01-26,93110,2024-03-31,3,40482000000,-0.015,,,,,1289000000,-0.231,1334000000,-0.287,,797000000,,563.67,,,,,,,,,,,,,,,,,,,,,,true,true,12,2023-04-01,2024-03-31,0
2024-01-26,93110,2023-03-31,3,,,,,,,,,,,,,,,,,,,,45325000000,19080000000,0.418,,18949000000,,,,,,,,,,,,true,false,12,2022-04-01,2023-03-31,-1
2024-01-26,93110,2023-03-31,3,,,,,,,,,,,,,,,,,,,,,,,,,,,,,120.00,,,,1418000,3249,,false,false,12,2022-04-01,2023-03-31,-1
2024-01-26,93110,2024-03-31,3,,,,,,,,,,,,,,,,,,,,,,,,,,,,,0.00,,,,,,,false,false,12,2023-04-01,2024-03-31,0
2024-01-26,93110,2024-03-31,3,,,,,,,,,,,,,,,,,,,,,,,,,,,,,,,,,1418000,3355,1414717,false,false,9,2023-04-01,2023-12-31,0
2024-01-26,93110,2023-03-31,3,,,,,,,,,,,,,,,,,,,,,,,,,,,,,,,,,,,1414787,false,false,9,2022-04-01,2022-12-31,-1
2024-05-15,93110,2024-03-31,,39634000000,-0.035,,,,,1537000000,-0.083,1636000000,-0.126,,858000000,,606.79,,0.044,0.036,0.039,,45549000000,20242000000,0.442,14218.45,20113000000,2839000000,-900000000,-1854000000,6171000000,,0.198,,,,,,true,false,12,2023-04-01,2024-03-31,0
2024-05-15,93110,2023-03-31,,41091000000,-0.010,,,,,1676000000,-0.155,1872000000,-0.133,,997000000,,704.71,,0.054,0.041,0.041,,45325000000,19080000000,0.418,13394.15,18949000000,2008000000,-790000000,-1831000000,6085000000,,0.170,,,,,,true,false,12,2022-04-01,2023-03-31,-1
2024-05-15,93110,2025-03-31,,15896000000,-0.022,,,,,-174000000,,-133000000,,,-514000000,,-363.46,,,,,,,,,,,,,,,,,,,,,,true,true,6,2024-04-01,2024-09-30,1
2024-05-15,93110,2025-03-31,,40006000000,0.009,,,,,1750000000,0.139,1786000000,0.091,,1055000000,,746.08,,,,,,,,,,,,,,,,,,,,,,true,true,12,2024-04-01,2025-03-31,1
2024-05-15,93110,2024-03-31,,22516000000,-0.005,,,,,1111000000,-0.145,1342000000,-0.106,847000000,,-0.007,599.32,,,,,,37752000000,16590000000,0.439,11727.43,16590000000,,,,,120.00,,,,1418000,3367,1414698,false,false,12,2023-04-01,2024-03-31,0
2024-05-15,93110,2023-03-31,,22633000000,-0.031,,,,,1299000000,-0.214,1501000000,-0.173,853000000,,0.032,603.22,,,,,,37203000000,15443000000,0.415,10915.96,15443000000,,,,,120.00,,,,1418000,3249,1414778,false,false,12,2022-04-01,2023-03-31,-1
2024-05-15,93110,2025-03-31,,10979000000,-0.020,,,,,,,854000000,-0.078,535000000,,-0.074,378.34,,,,,,,,,,,,,,,,,,,,,,false,true,6,2024-04-01,2024-09-30,1
2024-05-15,93110,2025-03-31,,22492000000,-0.001,,,,,,,1560000000,0.162,962000000,,0.135,680.19,,,,,,,,,,,,,,,,,,,,,,false,true,12,2024-04-01,2025-03-31,1
2024-07-31,93110,2025-03-31,1,8067000000,-0.008,,,,,147000000,0.056,231000000,0.190,,-24000000,,-17.45,,,,,,44753000000,20169000000,0.448,,20040000000,,,,,,,,,,,,true,false,3,2024-04-01,2024-06-30,0
2024-07-31,93110,2024-03-31,1,8130000000,-0.035,,,,,139000000,0.283,194000000,-0.062,,-76000000,,-54.39,,,,,,,,,,,,,,,,,,,,,,true,false,3,2023-04-01,2023-06-30,-1
2024-07-31,93110,2025-03-31,1,15896000000,-0.022,,,,,-174000000,,-133000000,,,-514000000,,-363.46,,,,,,,,,,,,,,,,,,,,,,true,true,6,2024-04-01,2024-09-30,0
2024-07-31,93110,2025-03-31,1,40006000000,0.009,,,,,1750000000,0.139,1786000000,0.091,,1055000000,,746.08,,,,,,,,,,,,,,,,,,,,,,true,true,12,2024-04-01,2025-03-31,0
2024-07-31,93110,2024-03-31,1,,,,,,,,,,,,,,,,,,,,45549000000,20242000000,0.442,,20113000000,,,,,,,,,,,,true,false,12,2023-04-01,2024-03-31,-1
2024-07-31,93110,2024-03-31,1,,,,,,,,,,,,,,,,,,,,,,,,,,,,,120.00,,,,1418000,3367,,false,false,12,2023-04-01,2024-03-31,-1
2024-07-31,93110,2025-03-31,1,,,,,,,,,,,,,,,,,,,,,,,,,,,,,,,,,1418000,3438,1414579,false,false,3,2024-04-01,2024-06-30,0
2024-07-31,93110,2024-03-31,1,,,,,,,,,,,,,,,,,,,,,,,,,,,,,,,,,,,1414723,false,false,3,2023-04-01,2023-06-30,-1
2024-10-31,93110,2025-03-31,2,16048000000,-0.013,,,,,32000000,,113000000,1.728,,-389000000,,-275.55,,,,,,47243000000,19605000000,0.412,,19477000000,,,,,,,,,,,,true,false,6,2024-04-01,2024-09-30,0
2024-10-31,93110,2024-03-31,2,16256000000,-0.036,,,,,-8000000,,41000000,-0.406,,-422000000,,-298.65,,,,,,,,,,,,,,,,,,,,,,true,false,6,2023-04-01,2023-09-30,-1
2024-10-31,93110,2025-03-31,2,40006000000,0.009,,,,,1750000000,0.139,1786000000,0.091,,1055000000,,746.08,,,,,,,,,,,,,,,,,,,,,,true,true,12,2024-04-01,2025-03-31,0
2024-10-31,93110,2024-03-31,2,,,,,,,,,,,,,,,,,,,,45549000000,20242000000,0.442,,20113000000,,,,,,,,,,,,true,false,12,2023-04-01,2024-03-31,-1
2024-10-31,93110,2024-03-31,2,,,,,,,,,,,,,,,,,,,,,,,,,,,,,120.00,,,,1418000,3367,,false,false,12,2023-04-01,2024-03-31,-1
2024-10-31,93110,2025-03-31,2,,,,,,,,,,,,,,,,,,,,,,,,,,,,,0.00,,,,,,,false,false,12,2024-04-01,2025-03-31,0
2024-10-31,93110,2025-03-31,2,,,,,,,,,,,,,,,,,,,,,,,,,,,,,,,,,1418000,3466,1414559,false,false,6,2024-04-01,2024-09-30,0
2024-10-31,93110,2024-03-31,2,,,,,,,,,,,,,,,,,,,,,,,,,,,,,,,,,,,1414719,false,false,6,2023-04-01,2023-09-30,-1
2025-01-31,93110,2025-03-31,3,30644000000,-0.015,,,,,1719000000,0.133,1842000000,0.150,,1130000000,,799.42,,,,,,53209000000,21320000000,0.398,,21192000000,,,,,,,,,,,,true,false,9,2024-04-01,2024-12-31,0
2025-01-31,93110,2024-03-31,3,31123000000,-0.041,,,,,1517000000,-0.071,1602000000,-0.100,,960000000,,678.77,,,,,,,,,,,,,,,,,,,,,,true,false,9,2023-04-01,2023-12-31,-1
2025-01-31,93110,2025-03-31,3,40006000000,0.009,,,,,1750000000,0.139,1786000000,0.091,,1055000000,,746.08,,,,,,,,,,,,,,,,,,,,,,true,true,12,2024-04-01,2025-03-31,0
2025-01-31,93110,2024-03-31,3,,,,,,,,,,,,,,,,,,,,45549000000,20242000000,0.442,,20113000000,,,,,,,,,,,,true,false,12,2023-04-01,2024-03-31,-1
2025-01-31,93110,2024-03-31,3,,,,,,,,,,,,,,,,,,,,,,,,,,,,,120.00,,,,1418000,3367,,false,false,12,2023-04-01,2024-03-31,-1
2025-01-31,93110,2025-03-31,3,,,,,,,,,,,,,,,,,,,,,,,,,,,,,0.00,,,,,,,false,false,12,2024-04-01,2025-03-31,0
2025-01-31,93110,2025-03-31,3,,,,,,,,,,,,,,,,,,,,,,,,,,,,,,,,,1418000,3469,1414550,false,false,9,2024-04-01,2024-12-31,0
2025-01-31,93110,2024-03-31,3,,,,,,,,,,,,,,,,,,,,,,,,,,,,,,,,,,,1414717,false,false,9,2023-04-01,2023-12-31,-1
2025-05-15,93110,2025-03-31,,38943000000,-0.017,,,,,1928000000,0.255,2056000000,0.257,,1174000000,,829.98,,0.057,0.046,0.050,,44249000000,21313000000,0.479,14975.38,21183000000,3126000000,-486000000,-1726000000,7084000000,,0.145,,,,,,true,false,12,2024-04-01,2025-03-31,0
2025-05-15,93110,2024-03-31,,39634000000,-0.035,,,,,1537000000,-0.083,1636000000,-0.126,,858000000,,606.79,,0.044,0.036,0.039,,45549000000,20242000000,0.442,14218.45,20113000000,2839000000,-900000000,-1854000000,6171000000,,0.198,,,,,,true,false,12,2023-04-01,2024-03-31,-1
2025-05-15,93110,2026-03-31,,15857000000,-0.012,,,,,90000000,1.794,119000000,0.051,,-283000000,,-200.26,,,,,,,,,,,,,,,,,,,,,,true,true,6,2025-04-01,2025-09-30,1
2025-05-15,93110,2026-03-31,,37815000000,-0.029,,,,,1735000000,-0.100,1748000000,-0.150,,1145000000,,809.65,,,,,,,,,,,,,,,,,,,,,,true,true,12,2025-04-01,2026-03-31,1
2025-05-15,93110,2025-03-31,,22286000000,-0.010,,,,,1242000000,0.118,1540000000,0.147,995000000,,0.174,703.47,,,,,,37058000000,17452000000,0.471,12338.34,17452000000,,,,,120.00,,,,1418000,3469,1414545,false,false,12,2024-04-01,2025-03-31,0
2025-05-15,93110,2024-03-31,,22516000000,-0.005,,,,,1111000000,-0.145,1342000000,-0.106,847000000,,-0.007,599.32,,,,,,37752000000,16590000000,0.439,11727.43,16590000000,,,,,120.00,,,,1418000,3367,1414698,false,false,12,2023-04-01,2024-03-31,-1
2025-05-15,93110,2026-03-31,,11071000000,-0.013,,,,,,,799000000,-0.201,502000000,,-0.240,355.36,,,,,,,,,,,,,,,,,,,,,,false,true,6,2025-04-01,2025-09-30,1
2025-05-15,93110,2026-03-31,,22407000000,0.005,,,,,,,1268000000,-0.176,820000000,,-0.175,580.20,,,,,,,,,,,,,,,,,,,,,,false,true,12,2025-04-01,2026-03-31,1
2025-07-31,93110,2026-03-31,1,8060000000,-0.001,,,,,320000000,1.169,397000000,0.718,,127000000,,89.82,,,,,,43765000000,21350000000,0.485,,21220000000,,,,,,,,,,,,true,false,3,2025-04-01,2025-06-30,0
2025-07-31,93110,2025-03-31,1,8067000000,-0.008,,,,,147000000,0.056,231000000,0.190,,-24000000,,-17.45,,,,,,,,,,,,,,,,,,,,,,true,false,3,2024-04-01,2024-06-30,-1
2025-07-31,93110,2026-03-31,1,15857000000,-0.012,,,,,90000000,1.794,119000000,0.051,,-283000000,,-200.26,,,,,,,,,,,,,,,,,,,,,,true,true,6,2025-04-01,2025-09-30,0
2025-07-31,93110,2026-03-31,1,37815000000,-0.029,,,,,1735000000,-0.100,1748000000,-0.150,,1145000000,,809.65,,,,,,,,,,,,,,,,,,,,,,true,true,12,2025-04-01,2026-03-31,0
2025-07-31,93110,2025-03-31,1,,,,,,,,,,,,,,,,,,,,44249000000,21313000000,0.479,,21183000000,,,,,,,,,,,,true,false,12,2024-04-01,2025-03-31,-1
2025-07-31,93110,2025-03-31,1,,,,,,,,,,,,,,,,,,,,,,,,,,,,,120.00,,,,1418000,3469,,false,false,12,2024-04-01,2025-03-31,-1
2025-07-31,93110,2026-03-31,1,,,,,,,,,,,,,,,,,,,,,,,,,,,,,,,,,1418000,3469,1414531,false,false,3,2025-04-01,2025-06-30,0
2025-07-31,93110,2025-03-31,1,,,,,,,,,,,,,,,,,,,,,,,,,,,,,,,,,,,1414579,false,false,3,2024-04-01,2024-06-30,-1
