filing_date,code,fiscal_year_end,quarterly_period,net_sales,net_sales_change,revenue,revenue_change,operating_revenue,operating_revenue_change,operating_profit,operating_profit_change,ordinary_profit,ordinary_profit_change,net_income,net_income_of_parent,net_income_change,eps,diluted_eps,roe,roa,operating_profit_to_net_sales,operating_profit_to_revenue,total_assets,net_assets,equity_ratio,bps,owner_equity,operating_cash_flow,investing_cash_flow,financing_cash_flow,cash,dividend_per_share,payout_ratio,commemorative_dividend,extra_dividend,number_of_shares,number_of_treqsury_shares,avg_number_of_shares,is_consolidated,is_forecast,duration,period_start,period_end,period_pos
2015-05-15,93530,2015-03-31,,4673000000,0.078,,,,,57000000,,106000000,1.123,83000000,,0.526,5.56,,0.024,0.018,0.012,,6145000000,3639000000,0.592,242.34,3639000000,520000000,-129000000,-312000000,808000000,,0.180,,,,,,true,false,12,2014-04-01,2015-03-31,0
2015-05-15,93530,2014-03-31,,4334000000,,,,,,4000000,,50000000,,54000000,,,3.64,,0.017,0.009,0.001,,5790000000,3314000000,0.572,220.64,3314000000,347000000,-154000000,-85000000,729000000,,0.275,,,,,,true,false,12,2013-04-01,2014-03-31,-1
2015-05-15,93530,2016-03-31,,2200000000,-0.001,,,,,0,,20000000,-0.085,,20000000,,1.33,,,,,,,,,,,,,,,,,,,,,,true,true,6,2015-04-01,2015-09-30,1
2015-05-15,93530,2016-03-31,,4400000000,-0.058,,,,,40000000,-0.300,70000000,-0.340,,70000000,,4.66,,,,,,,,,,,,,,,,,,,,,,true,true,12,2015-04-01,2016-03-31,1
2015-05-15,93530,2014-03-31,,,,,,,,,,,,,,,,,,,,,,,,,,,,,,1.00,,,,15400000,379653,15020896,false,false,12,2013-04-01,2014-03-31,-1
2015-05-15,93530,2015-03-31,,,,,,,,,,,,,,,,,,,,,,,,,,,,,,1.00,,,,15400000,381232,15019794,false,false,12,2014-04-01,2015-03-31,0
2015-07-31,93530,2016-03-31,1,1013000000,-0.061,,,,,-21000000,,3000000,,,3000000,,0.26,,,,,,6137000000,3829000000,0.624,,3829000000,,,,,,,,,,,,true,false,3,2015-04-01,2015-06-30,0
2015-07-31,93530,2015-03-31,1,1078000000,,,,,,-25000000,,-3000000,,,-4000000,,-0.30,,,,,,,,,,,,,,,,,,,,,,true,false,3,2014-04-01,2014-06-30,-1
2015-07-31,93530,2016-03-31,1,2200000000,-0.001,,,,,0,,20000000,-0.085,,20000000,,1.33,,,,,,,,,,,,,,,,,,,,,,true,true,6,2015-04-01,2015-09-30,0
2015-07-31,93530,2016-03-31,1,4400000000,-0.058,,,,,40000000,-0.300,70000000,-0.340,,70000000,,4.66,,,,,,,,,,,,,,,,,,,,,,true,true,12,2015-04-01,2016-03-31,0
2015-07-31,93530,2015-03-31,1,,,,,,,,,,,,,,,,,,,,6145000000,3639000000,0.592,,3639000000,,,,,,,,,,,,true,false,12,2014-04-01,2015-03-31,-1
2015-07-31,93530,2015-03-31,1,,,,,,,,,,,,,,,,,,,,,,,,,,,,,1.00,,,,15400000,381232,,false,false,12,2014-04-01,2015-03-31,-1
2015-07-31,93530,2016-03-31,1,,,,,,,,,,,,,,,,,,,,,,,,,,,,,,,,,15400000,381232,15018768,false,false,3,2015-04-01,2015-06-30,0
2015-07-31,93530,2015-03-31,1,,,,,,,,,,,,,,,,,,,,,,,,,,,,,,,,,,,15020347,false,false,3,2014-04-01,2014-06-30,-1
2015-10-19,93530,2016-03-31,,2213000000,0.006,,,,,36000000,,61000000,2.050,,66000000,,4.40,,,,,,,,,,,,,,,,,,,,,,true,true,6,2015-04-01,2015-09-30,0
2015-10-19,93530,2015-03-31,,2202000000,,,,,,-8000000,,21000000,,,10000000,,0.71,,,,,,,,,,,,,,,,,,,,,,true,false,6,2014-04-01,2014-09-30,-1
2015-10-30,93530,2016-03-31,2,2213000000,0.005,,,,,36000000,,61000000,1.825,,66000000,,4.40,,,,,,5700000000,3644000000,0.639,,3644000000,,,,,,,,,,,,true,false,6,2015-04-01,2015-09-30,0
2015-10-30,93530,2015-03-31,2,2202000000,,,,,,-8000000,,21000000,,,10000000,,0.71,,,,,,,,,,,,,,,,,,,,,,true,false,6,2014-04-01,2014-09-30,-1
2015-10-30,93530,2016-03-31,2,4400000000,-0.058,,,,,40000000,-0.300,70000000,-0.340,,70000000,,4.66,,,,,,,,,,,,,,,,,,,,,,true,true,12,2015-04-01,2016-03-31,0
2015-10-30,93530,2015-03-31,2,,,,,,,,,,,,,,,,,,,,6145000000,3639000000,0.592,,3639000000,,,,,,,,,,,,true,false,12,2014-04-01,2015-03-31,-1
2015-10-30,93530,2015-03-31,2,,,,,,,,,,,,,,,,,,,,,,,,,,,,,1.00,,,,15400000,381232,,false,false,12,2014-04-01,2015-03-31,-1
2015-10-30,93530,2016-03-31,2,,,,,,,,,,,,,,,,,,,,,,,,,,,,,,,,,15400000,381232,15018768,false,false,6,2015-04-01,2015-09-30,0
2015-10-30,93530,2015-03-31,2,,,,,,,,,,,,,,,,,,,,,,,,,,,,,,,,,,,15020168,false,false,6,2014-04-01,2014-09-30,-1
2016-01-29,93530,2016-03-31,3,3347000000,0.004,,,,,76000000,4.910,122000000,0.980,,125000000,,8.33,,,,,,5802000000,3767000000,0.649,,3767000000,,,,,,,,,,,,true,false,9,2015-04-01,2015-12-31,0
2016-01-29,93530,2015-03-31,3,3333000000,,,,,,12000000,,61000000,,,45000000,,3.03,,,,,,,,,,,,,,,,,,,,,,true,false,9,2014-04-01,2014-12-31,-1
2016-01-29,93530,2016-03-31,3,4400000000,-0.058,,,,,40000000,-0.300,70000000,-0.340,,70000000,,4.66,,,,,,,,,,,,,,,,,,,,,,true,true,12,2015-04-01,2016-03-31,0
2016-01-29,93530,2015-03-31,3,,,,,,,,,,,,,,,,,,,,6145000000,3639000000,0.592,,3639000000,,,,,,,,,,,,true,false,12,2014-04-01,2015-03-31,-1
2016-01-29,93530,2015-03-31,3,,,,,,,,,,,,,,,,,,,,,,,,,,,,,1.00,,,,15400000,381232,,false,false,12,2014-04-01,2015-03-31,-1
2016-01-29,93530,2016-03-31,3,,,,,,,,,,,,,,,,,,,,,,,,,,,,,,,,,15400000,381232,15018768,false,false,9,2015-04-01,2015-12-31,0
2016-01-29,93530,2015-03-31,3,,,,,,,,,,,,,,,,,,,,,,,,,,,,,,,,,,,15019967,false,false,9,2014-04-01,2014-12-31,-1
,93530,2016-03-31,,,,,,,,,,,,,,,,,,,,,,,,,,,,,,1.00,,,,,,,false,true,12,2015-04-01,2016-03-31,0
,93530,2015-03-31,,,,,,,,,,,,,,,,,,,,,,,,,,,,,,1.00,,,,,,,false,false,12,2014-04-01,2015-03-31,-1
2016-03-24,93530,2016-03-31,,4430000000,0.007,,,,,55000000,0.375,105000000,0.500,,125000000,,8.32,,,,,,,,,,,,,,,,,,,,,,true,true,12,2015-04-01,2016-03-31,0
2016-03-24,93530,2015-03-31,,4673000000,,,,,,57000000,,106000000,,,83000000,,5.56,,,,,,,,,,,,,,,,,,,,,,true,false,12,2014-04-01,2015-03-31,-1
2016-04-25,93530,2016-03-31,,4464000000,0.008,,,,,84000000,0.527,132000000,0.257,,155000000,,10.38,,,,,,,,,,,,,,,,,,,,,,true,true,12,2015-04-01,2016-03-31,0
2016-04-25,93530,2015-03-31,,4673000000,,,,,,57000000,,106000000,,,83000000,,5.56,,,,,,,,,,,,,,,,,,,,,,true,false,12,2014-04-01,2015-03-31,-1
2016-05-13,93530,2016-03-31,,4464000000,-0.045,,,,,84000000,0.484,132000000,0.253,,155000000,,10.38,,0.044,0.023,0.019,,5440000000,3484000000,0.640,232.00,3484000000,372000000,40000000,-192000000,1028000000,,0.096,,,,,,true,false,12,2015-04-01,2016-03-31,0
2016-05-13,93530,2015-03-31,,4673000000,0.078,,,,,57000000,,106000000,1.123,,83000000,,5.56,,0.024,0.018,0.012,,6145000000,3639000000,0.592,242.34,3639000000,520000000,-129000000,-312000000,808000000,,0.180,,,,,,true,false,12,2014-04-01,2015-03-31,-1
2016-05-13,93530,2017-03-31,,2000000000,-0.096,,,,,-25000000,,-5000000,,,-10000000,,-0.67,,,,,,,,,,,,,,,,,,,,,,true,true,6,2016-04-01,2016-09-30,1
2016-05-13,93530,2017-03-31,,4300000000,-0.037,,,,,20000000,-0.764,60000000,-0.549,,50000000,,3.33,,,,,,,,,,,,,,,,,,,,,,true,true,12,2016-04-01,2017-03-31,1
2016-05-13,93530,2015-03-31,,,,,,,,,,,,,,,,,,,,,,,,,,,,,,1.00,,,,15400000,381232,15019794,false,false,12,2014-04-01,2015-03-31,-1
2016-05-13,93530,2016-03-31,,,,,,,,,,,,,,,,,,,,,,,,,,,,,,1.00,,,,15400000,382432,15018676,false,false,12,2015-04-01,2016-03-31,0
2016-07-29,93530,2017-03-31,1,872000000,-0.139,,,,,-72000000,,-50000000,,,-51000000,,-3.41,,,,,,4981000000,3310000000,0.665,,3310000000,,,,,,,,,,,,true,false,3,2016-04-01,2016-06-30,0
2016-07-29,93530,2016-03-31,1,1013000000,-0.061,,,,,-21000000,,3000000,,,3000000,,0.26,,,,,,,,,,,,,,,,,,,,,,true,false,3,2015-04-01,2015-06-30,-1
2016-07-29,93530,2017-03-31,1,2000000000,-0.096,,,,,-25000000,,-5000000,,,-10000000,,-0.67,,,,,,,,,,,,,,,,,,,,,,true,true,6,2016-04-01,2016-09-30,0
2016-07-29,93530,2017-03-31,1,4300000000,-0.037,,,,,20000000,-0.764,60000000,-0.549,,50000000,,3.33,,,,,,,,,,,,,,,,,,,,,,true,true,12,2016-04-01,2017-03-31,0
2016-07-29,93530,2016-03-31,1,,,,,,,,,,,,,,,,,,,,5440000000,3484000000,0.640,,3484000000,,,,,,,,,,,,true,false,12,2015-04-01,2016-03-31,-1
2016-07-29,93530,2016-03-31,1,,,,,,,,,,,,,,,,,,,,,,,,,,,,,1.00,,,,15400000,382432,,false,false,12,2015-04-01,2016-03-31,-1
2016-07-29,93530,2017-03-31,1,,,,,,,,,,,,,,,,,,,,,,,,,,,,,,,,,15400000,382432,15017568,false,false,3,2016-04-01,2016-06-30,0
2016-07-29,93530,2016-03-31,1,,,,,,,,,,,,,,,,,,,,,,,,,,,,,,,,,,,15018798,false,false,3,2015-04-01,2015-06-30,-1
2016-10-21,93530,2017-03-31,,1979000000,-0.011,,,,,-27000000,,-4000000,,,-19000000,,-1.29,,,,,,,,,,,,,,,,,,,,,,true,true,6,2016-04-01,2016-09-30,0
2016-10-21,93530,2016-03-31,,2213000000,,,,,,36000000,,61000000,,,66000000,,4.40,,,,,,,,,,,,,,,,,,,,,,true,false,6,2015-04-01,2015-09-30,-1
2016-10-28,93530,2017-03-31,2,1979000000,-0.106,,,,,-27000000,,-4000000,,,-19000000,,-1.28,,,,,,5043000000,3429000000,0.680,,3429000000,,,,,,,,,,,,true,false,6,2016-04-01,2016-09-30,0
2016-10-28,93530,2016-03-31,2,2213000000,0.005,,,,,36000000,,61000000,1.825,,66000000,,4.40,,,,,,,,,,,,,,,,,,,,,,true,false,6,2015-04-01,2015-09-30,-1
2016-10-28,93530,2017-03-31,2,4300000000,-0.037,,,,,20000000,-0.764,60000000,-0.549,,50000000,,3.33,,,,,,,,,,,,,,,,,,,,,,true,true,12,2016-04-01,2017-03-31,0
2016-10-28,93530,2016-03-31,2,,,,,,,,,,,,,,,,,,,,5440000000,3484000000,0.640,,3484000000,,,,,,,,,,,,true,false,12,2015-04-01,2016-03-31,-1
2016-10-28,93530,2016-03-31,2,,,,,,,,,,,,,,,,,,,,,,,,,,,,,1.00,,,,15400000,382432,,false,false,12,2015-04-01,2016-03-31,-1
2016-10-28,93530,2017-03-31,2,,,,,,,,,,,,,,,,,,,,,,,,,,,,,,,,,15400000,383108,15017375,false,false,6,2016-04-01,2016-09-30,0
2016-10-28,93530,2016-03-31,2,,,,,,,,,,,,,,,,,,,,,,,,,,,,,,,,,,,15018768,false,false,6,2015-04-01,2015-09-30,-1
2017-01-31,93530,2017-03-31,3,3123000000,-0.067,,,,,10000000,-0.869,52000000,-0.568,,6000000,,0.43,,,,,,5502000000,3769000000,0.685,,3769000000,,,,,,,,,,,,true,false,9,2016-04-01,2016-12-31,0
2017-01-31,93530,2016-03-31,3,3347000000,0.004,,,,,76000000,4.910,122000000,0.980,,125000000,,8.33,,,,,,,,,,,,,,,,,,,,,,true,false,9,2015-04-01,2015-12-31,-1
2017-01-31,93530,2017-03-31,3,4300000000,-0.037,,,,,20000000,-0.764,60000000,-0.549,,10000000,,0.67,,,,,,,,,,,,,,,,,,,,,,true,true,12,2016-04-01,2017-03-31,0
2017-01-31,93530,2016-03-31,3,,,,,,,,,,,,,,,,,,,,5440000000,3484000000,0.640,,3484000000,,,,,,,,,,,,true,false,12,2015-04-01,2016-03-31,-1
2017-01-31,93530,2016-03-31,3,,,,,,,,,,,,,,,,,,,,,,,,,,,,,1.00,,,,15400000,382432,,false,false,12,2015-04-01,2016-03-31,-1
2017-01-31,93530,2017-03-31,3,,,,,,,,,,,,,,,,,,,,,,,,,,,,,,,,,15400000,383808,15017140,false,false,9,2016-04-01,2016-12-31,0
2017-01-31,93530,2016-03-31,3,,,,,,,,,,,,,,,,,,,,,,,,,,,,,,,,,,,15018768,false,false,9,2015-04-01,2015-12-31,-1
2017-01-31,93530,2017-03-31,,4300000000,0.000,,,,,20000000,0.000,60000000,0.000,,10000000,,0.67,,,,,,,,,,,,,,,,,,,,,,true,true,12,2016-04-01,2017-03-31,0
2017-01-31,93530,2016-03-31,,4464000000,,,,,,84000000,,132000000,,,155000000,,10.38,,,,,,,,,,,,,,,,,,,,,,true,false,12,2015-04-01,2016-03-31,-1
2017-03-13,93530,2017-03-31,,4100000000,-0.047,,,,,-30000000,,10000000,-0.833,,-35000000,,-2.33,,,,,,,,,,,,,,,,,,,,,,true,true,12,2016-04-01,2017-03-31,0
2017-03-13,93530,2016-03-31,,4464000000,,,,,,84000000,,132000000,,,155000000,,10.38,,,,,,,,,,,,,,,,,,,,,,true,false,12,2015-04-01,2016-03-31,-1
2017-03-13,93530,2017-03-31,,,,,,,,,,,,,,,,,,,,,,,,,,,,,,1.00,,,,,,,false,true,12,2016-04-01,2017-03-31,0
2017-03-13,93530,2016-03-31,,,,,,,,,,,,,,,,,,,,,,,,,,,,,,1.00,,,,,,,false,false,12,2015-04-01,2016-03-31,-1
2017-04-24,93530,2017-03-31,,4129000000,0.007,,,,,11000000,,54000000,4.400,,7000000,,0.51,,,,,,,,,,,,,,,,,,,,,,true,true,12,2016-04-01,2017-03-31,0
2017-04-24,93530,2016-03-31,,4464000000,,,,,,84000000,,132000000,,,155000000,,10.38,,,,,,,,,,,,,,,,,,,,,,true,false,12,2015-04-01,2016-03-31,-1
2017-05-12,93530,2017-03-31,,4129000000,-0.075,,,,,11000000,-0.860,54000000,-0.594,,7000000,,0.51,,0.002,0.009,0.003,,6043000000,3748000000,0.620,249.66,3748000000,37000000,-165000000,258000000,1157000000,,1.961,,,,,,true,false,12,2016-04-01,2017-03-31,0
2017-05-12,93530,2016-03-31,,4464000000,-0.045,,,,,84000000,0.484,132000000,0.253,,155000000,,10.38,,0.044,0.023,0.019,,5440000000,3484000000,0.640,232.00,3484000000,372000000,40000000,-192000000,1028000000,,0.096,,,,,,true,false,12,2015-04-01,2016-03-31,-1
2017-05-12,93530,2018-03-31,,2000000000,0.010,,,,,0,,30000000,,,30000000,,2.00,,,,,,,,,,,,,,,,,,,,,,true,true,6,2017-04-01,2017-09-30,1
2017-05-12,93530,2018-03-31,,4300000000,0.041,,,,,40000000,2.377,85000000,0.573,,75000000,,4.99,,,,,,,,,,,,,,,,,,,,,,true,true,12,2017-04-01,2018-03-31,1
2017-05-12,93530,2017-03-31,,3954000000,-0.073,,,,,17000000,-0.805,59000000,-0.561,12000000,,-0.922,0.81,,,,,,6033000000,3769000000,0.625,251.05,3769000000,,,,,1.00,,,,15400000,384321,15016803,false,false,12,2016-04-01,2017-03-31,0
2017-05-12,93530,2016-03-31,,4268000000,-0.046,,,,,90000000,0.241,135000000,0.121,156000000,,0.579,10.43,,,,,,5416000000,3500000000,0.646,223.10,3500000000,,,,,1.00,,,,15400000,382432,15018676,false,false,12,2015-04-01,2016-03-31,-1
2017-07-28,93530,2018-03-31,1,957000000,0.097,,,,,-27000000,,-1000000,,,-7000000,,-0.50,,,,,,6121000000,3822000000,0.624,,3822000000,,,,,,,,,,,,true,false,3,2017-04-01,2017-06-30,0
2017-07-28,93530,2017-03-31,1,872000000,-0.139,,,,,-72000000,,-50000000,,,-51000000,,-3.41,,,,,,,,,,,,,,,,,,,,,,true,false,3,2016-04-01,2016-06-30,-1
2017-07-28,93530,2018-03-31,1,2000000000,0.010,,,,,0,,30000000,,,30000000,,2.00,,,,,,,,,,,,,,,,,,,,,,true,true,6,2017-04-01,2017-09-30,0
2017-07-28,93530,2018-03-31,1,4300000000,0.041,,,,,40000000,2.377,85000000,0.573,,75000000,,4.99,,,,,,,,,,,,,,,,,,,,,,true,true,12,2017-04-01,2018-03-31,0
2017-07-28,93530,2017-03-31,1,,,,,,,,,,,,,,,,,,,,6043000000,3748000000,0.620,,3748000000,,,,,,,,,,,,true,false,12,2016-04-01,2017-03-31,-1
2017-07-28,93530,2017-03-31,1,,,,,,,,,,,,,,,,,,,,,,,,,,,,,1.00,,,,15400000,384321,,false,false,12,2016-04-01,2017-03-31,-1
2017-07-28,93530,2018-03-31,1,,,,,,,,,,,,,,,,,,,,,,,,,,,,,,,,,15400000,384321,15015679,false,false,3,2017-04-01,2017-06-30,0
2017-07-28,93530,2017-03-31,1,,,,,,,,,,,,,,,,,,,,,,,,,,,,,,,,,,,15017568,false,false,3,2016-04-01,2016-06-30,-1
2017-10-31,93530,2018-03-31,2,2031000000,0.026,,,,,0,,33000000,,,32000000,,2.17,,,,,,6083000000,3843000000,0.632,,3843000000,,,,,,,,,,,,true,false,6,2017-04-01,2017-09-30,0
2017-10-31,93530,2017-03-31,2,1979000000,-0.106,,,,,-27000000,,-4000000,,,-19000000,,-1.28,,,,,,,,,,,,,,,,,,,,,,true,false,6,2016-04-01,2016-09-30,-1
2017-10-31,93530,2018-03-31,2,4300000000,0.041,,,,,40000000,2.377,85000000,0.573,,75000000,,4.99,,,,,,,,,,,,,,,,,,,,,,true,true,12,2017-04-01,2018-03-31,0
2017-10-31,93530,2017-03-31,2,,,,,,,,,,,,,,,,,,,,6043000000,3748000000,0.620,,3748000000,,,,,,,,,,,,true,false,12,2016-04-01,2017-03-31,-1
2017-10-31,93530,2017-03-31,2,,,,,,,,,,,,,,,,,,,,,,,,,,,,,1.00,,,,15400000,384321,,false,false,12,2016-04-01,2017-03-31,-1
2017-10-31,93530,2018-03-31,2,,,,,,,,,,,,,,,,,,,,,,,,,,,,,,,,,15400000,384861,15015448,false,false,6,2017-04-01,2017-09-30,0
2017-10-31,93530,2017-03-31,2,,,,,,,,,,,,,,,,,,,,,,,,,,,,,,,,,,,15017375,false,false,6,2016-04-01,2016-09-30,-1
2018-01-31,93530,2018-03-31,3,3214000000,0.029,,,,,71000000,6.145,125000000,1.363,,115000000,,7.67,,,,,,6512000000,4093000000,0.628,,4093000000,,,,,,,,,,,,true,false,9,2017-04-01,2017-12-31,0
2018-01-31,93530,2017-03-31,3,3123000000,-0.067,,,,,10000000,-0.869,52000000,-0.568,,6000000,,0.43,,,,,,,,,,,,,,,,,,,,,,true,false,9,2016-04-01,2016-12-31,-1
2018-01-31,93530,2018-03-31,3,4300000000,0.041,,,,,40000000,2.377,85000000,0.573,,75000000,,4.99,,,,,,,,,,,,,,,,,,,,,,true,true,12,2017-04-01,2018-03-31,0
2018-01-31,93530,2017-03-31,3,,,,,,,,,,,,,,,,,,,,6043000000,3748000000,0.620,,3748000000,,,,,,,,,,,,true,false,12,2016-04-01,2017-03-31,-1
2018-01-31,93530,2017-03-31,3,,,,,,,,,,,,,,,,,,,,,,,,,,,,,1.00,,,,15400000,384321,,false,false,12,2016-04-01,2017-03-31,-1
2018-01-31,93530,2018-03-31,3,,,,,,,,,,,,,,,,,,,,,,,,,,,,,,,,,15400000,384861,15015355,false,false,9,2017-04-01,2017-12-31,0
2018-01-31,93530,2017-03-31,3,,,,,,,,,,,,,,,,,,,,,,,,,,,,,,,,,,,15017140,false,false,9,2016-04-01,2016-12-31,-1
,93530,2018-03-31,,,,,,,,,,,,,,,,,,,,,,,,,,,,,,1.00,,,,,,,false,true,12,2017-04-01,2018-03-31,0
,93530,2017-03-31,,,,,,,,,,,,,,,,,,,,,,,,,,,,,,1.00,,,,,,,false,false,12,2016-04-01,2017-03-31,-1
2018-04-23,93530,2018-03-31,,4284000000,-0.004,,,,,63000000,0.575,123000000,0.447,,141000000,,9.44,,,,,,,,,,,,,,,,,,,,,,true,true,12,2017-04-01,2018-03-31,0
2018-04-23,93530,2017-03-31,,4129000000,,,,,,11000000,,54000000,,,7000000,,0.51,,,,,,,,,,,,,,,,,,,,,,true,false,12,2016-04-01,2017-03-31,-1
2018-05-15,93530,2018-03-31,,4284000000,0.037,,,,,63000000,4.375,123000000,1.289,,141000000,,9.45,,0.036,0.020,0.015,,6261000000,3947000000,0.631,262.93,3947000000,370000000,-236000000,-143000000,1148000000,,0.106,,,,,,true,false,12,2017-04-01,2018-03-31,0
2018-05-15,93530,2017-03-31,,4129000000,-0.075,,,,,11000000,-0.860,54000000,-0.594,,7000000,,0.51,,0.002,0.009,0.003,,6043000000,3748000000,0.620,249.66,3748000000,37000000,-165000000,258000000,1157000000,,1.961,,,,,,true,false,12,2016-04-01,2017-03-31,-1
2018-05-15,93530,2019-03-31,,2000000000,-0.015,,,,,-30000000,,0,,,-10000000,,-0.67,,,,,,,,,,,,,,,,,,,,,,true,true,6,2018-04-01,2018-09-30,1
2018-05-15,93530,2019-03-31,,4300000000,0.004,,,,,20000000,-0.686,65000000,-0.474,,40000000,,2.66,,,,,,,,,,,,,,,,,,,,,,true,true,12,2018-04-01,2019-03-31,1
2018-05-15,93530,2018-03-31,,4095000000,0.036,,,,,49000000,1.817,109000000,0.831,125000000,,9.301,8.33,,,,,,6226000000,3952000000,0.635,263.21,3952000000,,,,,1.00,,,,15400000,385097,15015251,false,false,12,2017-04-01,2018-03-31,0
2018-05-15,93530,2017-03-31,,3954000000,-0.073,,,,,17000000,-0.805,59000000,-0.561,12000000,,-0.922,0.81,,,,,,6033000000,3769000000,0.625,251.05,3769000000,,,,,1.00,,,,15400000,384321,15016803,false,false,12,2016-04-01,2017-03-31,-1
2018-07-31,93530,2019-03-31,1,1104000000,0.154,,,,,35000000,,61000000,,,52000000,,3.52,,,,,,6084000000,3954000000,0.650,,3954000000,,,,,,,,,,,,true,false,3,2018-04-01,2018-06-30,0
2018-07-31,93530,2018-03-31,1,957000000,0.097,,,,,-27000000,,-1000000,,,-7000000,,-0.50,,,,,,,,,,,,,,,,,,,,,,true,false,3,2017-04-01,2017-06-30,-1
2018-07-31,93530,2019-03-31,1,2000000000,-0.015,,,,,-30000000,,0,,,-10000000,,-0.67,,,,,,,,,,,,,,,,,,,,,,true,true,6,2018-04-01,2018-09-30,0
2018-07-31,93530,2019-03-31,1,4300000000,0.004,,,,,20000000,-0.686,65000000,-0.474,,40000000,,2.66,,,,,,,,,,,,,,,,,,,,,,true,true,12,2018-04-01,2019-03-31,0
2018-07-31,93530,2018-03-31,1,,,,,,,,,,,,,,,,,,,,6232000000,3947000000,0.633,,3947000000,,,,,,,,,,,,true,false,12,2017-04-01,2018-03-31,-1
2018-07-31,93530,2018-03-31,1,,,,,,,,,,,,,,,,,,,,,,,,,,,,,1.00,,,,15400000,385097,,false,false,12,2017-04-01,2018-03-31,-1
2018-07-31,93530,2019-03-31,1,,,,,,,,,,,,,,,,,,,,,,,,,,,,,,,,,15400000,385611,15014646,false,false,3,2018-04-01,2018-06-30,0
2018-07-31,93530,2018-03-31,1,,,,,,,,,,,,,,,,,,,,,,,,,,,,,,,,,,,15015679,false,false,3,2017-04-01,2017-06-30,-1
2018-10-22,93530,2019-03-31,,2255000000,0.128,,,,,67000000,,96000000,,,82000000,,54.98,,,,,,,,,,,,,,,,,,,,,,true,true,6,2018-04-01,2018-09-30,0
2018-10-22,93530,2018-03-31,,2031000000,,,,,,0,,33000000,,,32000000,,21.70,,,,,,,,,,,,,,,,,,,,,,true,false,6,2017-04-01,2017-09-30,-1
2018-10-30,93530,2019-03-31,2,2255000000,0.110,,,,,67000000,,96000000,1.870,,82000000,,54.98,,,,,,6266000000,4148000000,0.662,,4148000000,,,,,,,,,,,,true,false,6,2018-04-01,2018-09-30,0
2018-10-30,93530,2018-03-31,2,2031000000,0.026,,,,,0,,33000000,,,32000000,,21.70,,,,,,,,,,,,,,,,,,,,,,true,false,6,2017-04-01,2017-09-30,-1
2018-10-30,93530,2019-03-31,2,4300000000,0.004,,,,,20000000,-0.686,65000000,-0.474,,40000000,,26.60,,,,,,,,,,,,,,,,,,,,,,true,true,12,2018-04-01,2019-03-31,0
2018-10-30,93530,2018-03-31,2,,,,,,,,,,,,,,,,,,,,6232000000,3947000000,0.633,,3947000000,,,,,,,,,,,,true,false,12,2017-04-01,2018-03-31,-1
2018-10-30,93530,2018-03-31,2,,,,,,,,,,,,,,,,,,,,,,,,,,,,,1.00,,,,1540000,38509,,false,false,12,2017-04-01,2018-03-31,-1
2018-10-30,93530,2019-03-31,2,,,,,,,,,,,,,,,,,,,,,,,,,,,,,,,,,1540000,38561,1501455,false,false,6,2018-04-01,2018-09-30,0
2018-10-30,93530,2018-03-31,2,,,,,,,,,,,,,,,,,,,,,,,,,,,,,,,,,,,1501545,false,false,6,2017-04-01,2017-09-30,-1
2019-01-31,93530,2019-03-31,3,3336000000,0.038,,,,,85000000,0.183,141000000,0.128,,119000000,,79.78,,,,,,6184000000,3818000000,0.617,,3818000000,,,,,,,,,,,,true,false,9,2018-04-01,2018-12-31,0
2019-01-31,93530,2018-03-31,3,3214000000,0.029,,,,,71000000,6.145,125000000,1.363,,115000000,,76.73,,,,,,,,,,,,,,,,,,,,,,true,false,9,2017-04-01,2017-12-31,-1
2019-01-31,93530,2019-03-31,3,4300000000,0.004,,,,,20000000,-0.686,65000000,-0.474,,40000000,,26.60,,,,,,,,,,,,,,,,,,,,,,true,true,12,2018-04-01,2019-03-31,0
2019-01-31,93530,2018-03-31,3,,,,,,,,,,,,,,,,,,,,6232000000,3947000000,0.633,,3947000000,,,,,,,,,,,,true,false,12,2017-04-01,2018-03-31,-1
2019-01-31,93530,2018-03-31,3,,,,,,,,,,,,,,,,,,,,,,,,,,,,,1.00,,,,1540000,38509,,false,false,12,2017-04-01,2018-03-31,-1
2019-01-31,93530,2019-03-31,3,,,,,,,,,,,,,,,,,,,,,,,,,,,,,,,,,1540000,38686,1501430,false,false,9,2018-04-01,2018-12-31,0
2019-01-31,93530,2018-03-31,3,,,,,,,,,,,,,,,,,,,,,,,,,,,,,,,,,,,1501536,false,false,9,2017-04-01,2017-12-31,-1
,93530,2019-03-31,,,,,,,,,,,,,,,,,,,,,,,,,,,,,,10.00,,,,,,,false,true,12,2018-04-01,2019-03-31,0
,93530,2018-03-31,,,,,,,,,,,,,,,,,,,,,,,,,,,,,,1.00,,,,,,,false,false,12,2017-04-01,2018-03-31,-1
2019-04-22,93530,2019-03-31,,4426000000,0.029,,,,,43000000,1.150,112000000,0.723,,143000000,,95.46,,,,,,,,,,,,,,,,,,,,,,true,true,12,2018-04-01,2019-03-31,0
2019-04-22,93530,2018-03-31,,4284000000,,,,,,63000000,,123000000,,,141000000,,9.45,,,,,,,,,,,,,,,,,,,,,,true,false,12,2017-04-01,2018-03-31,-1
2019-05-15,93530,2019-03-31,,4426000000,0.033,,,,,43000000,-0.315,112000000,-0.090,,143000000,,95.46,,0.037,0.018,0.010,,6285000000,3886000000,0.618,2588.95,3886000000,401000000,-145000000,-61000000,1342000000,,0.105,,,,,,true,false,12,2018-04-01,2019-03-31,0
2019-05-15,93530,2018-03-31,,4284000000,0.037,,,,,63000000,4.375,123000000,1.289,,141000000,,94.46,,0.036,0.020,0.015,,6232000000,3947000000,0.633,2629.22,3947000000,370000000,-236000000,-143000000,1148000000,,0.106,,,,,,true,false,12,2017-04-01,2018-03-31,-1
2019-05-15,93530,2020-03-31,,2100000000,-0.069,,,,,30000000,-0.559,50000000,-0.484,,40000000,,26.64,,,,,,,,,,,,,,,,,,,,,,true,true,6,2019-04-01,2019-09-30,1
2019-05-15,93530,2020-03-31,,4500000000,0.017,,,,,135000000,2.097,180000000,0.600,,140000000,,93.25,,,,,,,,,,,,,,,,,,,,,,true,true,12,2019-04-01,2020-03-31,1
2019-05-15,93530,2019-03-31,,4241000000,0.036,,,,,35000000,-0.287,102000000,-0.060,135000000,,0.081,90.09,,,,,,6241000000,3883000000,0.622,2586.42,3883000000,,,,,10.00,,,,1540000,38686,1501404,false,false,12,2018-04-01,2019-03-31,0
2019-05-15,93530,2018-03-31,,4095000000,0.036,,,,,49000000,1.817,109000000,0.831,125000000,,9.301,83.33,,,,,,6199000000,3952000000,0.638,2632.12,3952000000,,,,,1.00,,,,1540000,38509,1501525,false,false,12,2017-04-01,2018-03-31,-1
2019-07-31,93530,2020-03-31,1,1053000000,-0.046,,,,,84000000,1.364,113000000,0.830,,104000000,,69.53,,,,,,5905000000,3927000000,0.665,,3927000000,,,,,,,,,,,,true,false,3,2019-04-01,2019-06-30,0
2019-07-31,93530,2019-03-31,1,1104000000,0.154,,,,,35000000,,61000000,,,52000000,,35.20,,,,,,,,,,,,,,,,,,,,,,true,false,3,2018-04-01,2018-06-30,-1
2019-07-31,93530,2020-03-31,1,2100000000,-0.069,,,,,30000000,-0.559,50000000,-0.484,,40000000,,26.64,,,,,,,,,,,,,,,,,,,,,,true,true,6,2019-04-01,2019-09-30,0
2019-07-31,93530,2020-03-31,1,4500000000,0.017,,,,,135000000,2.097,180000000,0.600,,140000000,,93.25,,,,,,,,,,,,,,,,,,,,,,true,true,12,2019-04-01,2020-03-31,0
2019-07-31,93530,2019-03-31,1,,,,,,,,,,,,,,,,,,,,6285000000,3886000000,0.618,,3886000000,,,,,,,,,,,,true,false,12,2018-04-01,2019-03-31,-1
2019-07-31,93530,2019-03-31,1,,,,,,,,,,,,,,,,,,,,,,,,,,,,,10.00,,,,1540000,38686,,false,false,12,2018-04-01,2019-03-31,-1
2019-07-31,93530,2020-03-31,1,,,,,,,,,,,,,,,,,,,,,,,,,,,,,,,,,1540000,38686,1501314,false,false,3,2019-04-01,2019-06-30,0
2019-07-31,93530,2019-03-31,1,,,,,,,,,,,,,,,,,,,,,,,,,,,,,,,,,,,1501464,false,false,3,2018-04-01,2018-06-30,-1
2019-10-25,93530,2020-03-31,,2249000000,0.071,,,,,154000000,4.133,185000000,2.700,,166000000,,110.64,,,,,,,,,,,,,,,,,,,,,,true,true,6,2019-04-01,2019-09-30,0
2019-10-25,93530,2019-03-31,,2255000000,,,,,,67000000,,96000000,,,82000000,,54.98,,,,,,,,,,,,,,,,,,,,,,true,false,6,2018-04-01,2018-09-30,-1
2019-10-25,93530,2020-03-31,,4300000000,-0.044,,,,,135000000,0.000,180000000,0.000,,140000000,,93.25,,,,,,,,,,,,,,,,,,,,,,true,true,12,2019-04-01,2020-03-31,0
2019-10-25,93530,2019-03-31,,4426000000,,,,,,43000000,,112000000,,,143000000,,95.46,,,,,,,,,,,,,,,,,,,,,,true,false,12,2018-04-01,2019-03-31,-1
2019-10-31,93530,2020-03-31,2,2249000000,-0.002,,,,,154000000,1.267,185000000,0.912,,166000000,,110.64,,,,,,5929000000,4003000000,0.675,,4003000000,,,,,,,,,,,,true,false,6,2019-04-01,2019-09-30,0
2019-10-31,93530,2019-03-31,2,2255000000,0.110,,,,,67000000,,96000000,1.870,,82000000,,54.98,,,,,,,,,,,,,,,,,,,,,,true,false,6,2018-04-01,2018-09-30,-1
2019-10-31,93530,2020-03-31,2,4300000000,-0.028,,,,,135000000,2.097,180000000,0.600,,140000000,,93.25,,,,,,,,,,,,,,,,,,,,,,true,true,12,2019-04-01,2020-03-31,0
2019-10-31,93530,2019-03-31,2,,,,,,,,,,,,,,,,,,,,6285000000,3886000000,0.618,,3886000000,,,,,,,,,,,,true,false,12,2018-04-01,2019-03-31,-1
2019-10-31,93530,2019-03-31,2,,,,,,,,,,,,,,,,,,,,,,,,,,,,,10.00,,,,1540000,38686,,false,false,12,2018-04-01,2019-03-31,-1
2019-10-31,93530,2020-03-31,2,,,,,,,,,,,,,,,,,,,,,,,,,,,,,,,,,1540000,38686,1501314,false,false,6,2019-04-01,2019-09-30,0
2019-10-31,93530,2019-03-31,2,,,,,,,,,,,,,,,,,,,,,,,,,,,,,,,,,,,1501455,false,false,6,2018-04-01,2018-09-30,-1
2020-01-31,93530,2020-03-31,3,3432000000,0.029,,,,,213000000,1.512,273000000,0.937,,238000000,,159.16,,,,,,6249000000,4172000000,0.668,,4172000000,,,,,,,,,,,,true,false,9,2019-04-01,2019-12-31,0
2020-01-31,93530,2019-03-31,3,3336000000,0.038,,,,,85000000,0.183,141000000,0.128,,119000000,,79.78,,,,,,,,,,,,,,,,,,,,,,true,false,9,2018-04-01,2018-12-31,-1
2020-01-31,93530,2020-03-31,3,4500000000,0.017,,,,,200000000,3.587,260000000,1.311,,220000000,,146.54,,,,,,,,,,,,,,,,,,,,,,true,true,12,2019-04-01,2020-03-31,0
2020-01-31,93530,2019-03-31,3,,,,,,,,,,,,,,,,,,,,6285000000,3886000000,0.618,,3886000000,,,,,,,,,,,,true,false,12,2018-04-01,2019-03-31,-1
2020-01-31,93530,2019-03-31,3,,,,,,,,,,,,,,,,,,,,,,,,,,,,,10.00,,,,1540000,38686,,false,false,12,2018-04-01,2019-03-31,-1
2020-01-31,93530,2020-03-31,3,,,,,,,,,,,,,,,,,,,,,,,,,,,,,,,,,1540000,38686,1501314,false,false,9,2019-04-01,2019-12-31,0
2020-01-31,93530,2019-03-31,3,,,,,,,,,,,,,,,,,,,,,,,,,,,,,,,,,,,1501430,false,false,9,2018-04-01,2018-12-31,-1
2020-01-31,93530,2020-03-31,,4500000000,0.047,,,,,200000000,0.481,260000000,0.444,,220000000,,146.54,,,,,,,,,,,,,,,,,,,,,,true,true,12,2019-04-01,2020-03-31,0
2020-01-31,93530,2019-03-31,,4426000000,,,,,,43000000,,112000000,,,143000000,,95.46,,,,,,,,,,,,,,,,,,,,,,true,false,12,2018-04-01,2019-03-31,-1
,93530,2020-03-31,,,,,,,,,,,,,,,,,,,,,,,,,,,,,,20.00,,,,,,,false,true,12,2019-04-01,2020-03-31,0
,93530,2019-03-31,,,,,,,,,,,,,,,,,,,,,,,,,,,,,,10.00,,,,,,,false,false,12,2018-04-01,2019-03-31,-1
2020-05-15,93530,2020-03-31,,4627000000,0.045,,,,,224000000,4.155,282000000,1.507,,234000000,,156.25,,0.061,0.044,0.049,,6477000000,3825000000,0.591,2548.45,3825000000,-154000000,-343000000,501000000,1346000000,,0.128,,,,,,true,false,12,2019-04-01,2020-03-31,0
2020-05-15,93530,2019-03-31,,4426000000,0.033,,,,,43000000,-0.315,112000000,-0.090,,143000000,,95.46,,0.037,0.018,0.010,,6285000000,3886000000,0.618,2588.95,3886000000,401000000,-145000000,-61000000,1342000000,,0.105,,,,,,true,false,12,2018-04-01,2019-03-31,-1
2020-05-15,93530,2021-03-31,,2100000000,-0.067,,,,,30000000,-0.805,60000000,-0.676,,80000000,,53.29,,,,,,,,,,,,,,,,,,,,,,true,true,6,2020-04-01,2020-09-30,1
2020-05-15,93530,2021-03-31,,4600000000,-0.006,,,,,100000000,-0.555,150000000,-0.468,,130000000,,86.59,,,,,,,,,,,,,,,,,,,,,,true,true,12,2020-04-01,2021-03-31,1
2020-05-15,93530,2020-03-31,,4433000000,0.045,,,,,209000000,4.912,266000000,1.593,224000000,,0.658,149.36,,,,,,6425000000,3811000000,0.593,2539.04,3811000000,,,,,20.00,,,,1540000,38713,1501310,false,false,12,2019-04-01,2020-03-31,0
2020-05-15,93530,2019-03-31,,4241000000,0.036,,,,,35000000,-0.287,102000000,-0.060,135000000,,0.081,90.09,,,,,,6241000000,3883000000,0.622,2586.42,3883000000,,,,,10.00,,,,1540000,38686,1501404,false,false,12,2018-04-01,2019-03-31,-1
2020-07-31,93530,2021-03-31,1,1040000000,-0.012,,,,,54000000,-0.355,98000000,-0.133,,76000000,,50.90,,,,,,6772000000,3922000000,0.579,,3922000000,,,,,,,,,,,,true,false,3,2020-04-01,2020-06-30,0
2020-07-31,93530,2020-03-31,1,1053000000,-0.046,,,,,84000000,1.364,113000000,0.830,,104000000,,69.53,,,,,,,,,,,,,,,,,,,,,,true,false,3,2019-04-01,2019-06-30,-1
2020-07-31,93530,2021-03-31,1,2100000000,-0.067,,,,,30000000,-0.805,60000000,-0.676,,80000000,,53.29,,,,,,,,,,,,,,,,,,,,,,true,true,6,2020-04-01,2020-09-30,0
2020-07-31,93530,2021-03-31,1,4600000000,-0.006,,,,,100000000,-0.555,150000000,-0.468,,130000000,,86.59,,,,,,,,,,,,,,,,,,,,,,true,true,12,2020-04-01,2021-03-31,0
2020-07-31,93530,2020-03-31,1,,,,,,,,,,,,,,,,,,,,6477000000,3825000000,0.591,,3825000000,,,,,,,,,,,,true,false,12,2019-04-01,2020-03-31,-1
2020-07-31,93530,2020-03-31,1,,,,,,,,,,,,,,,,,,,,,,,,,,,,,20.00,,,,1540000,38713,,false,false,12,2019-04-01,2020-03-31,-1
2020-07-31,93530,2021-03-31,1,,,,,,,,,,,,,,,,,,,,,,,,,,,,,,,,,1540000,38713,1501287,false,false,3,2020-04-01,2020-06-30,0
2020-07-31,93530,2020-03-31,1,,,,,,,,,,,,,,,,,,,,,,,,,,,,,,,,,,,1501314,false,false,3,2019-04-01,2019-06-30,-1
2020-10-26,93530,2021-03-31,,2302000000,0.096,,,,,130000000,3.333,177000000,1.950,,190000000,,126.86,,,,,,,,,,,,,,,,,,,,,,true,true,6,2020-04-01,2020-09-30,0
2020-10-26,93530,2020-03-31,,2249000000,,,,,,154000000,,185000000,,,166000000,,110.64,,,,,,,,,,,,,,,,,,,,,,true,false,6,2019-04-01,2019-09-30,-1
2020-10-26,93530,2021-03-31,,4500000000,-0.022,,,,,80000000,-0.200,130000000,-0.133,,130000000,,86.59,,,,,,,,,,,,,,,,,,,,,,true,true,12,2020-04-01,2021-03-31,0
2020-10-26,93530,2020-03-31,,4627000000,,,,,,224000000,,282000000,,,234000000,,156.25,,,,,,,,,,,,,,,,,,,,,,true,false,12,2019-04-01,2020-03-31,-1
2020-10-30,93530,2021-03-31,2,2302000000,0.023,,,,,130000000,-0.156,177000000,-0.043,,190000000,,126.86,,,,,,6873000000,4022000000,0.585,,4022000000,,,,,,,,,,,,true,false,6,2020-04-01,2020-09-30,0
2020-10-30,93530,2020-03-31,2,2249000000,-0.002,,,,,154000000,1.267,185000000,0.912,,166000000,,110.64,,,,,,,,,,,,,,,,,,,,,,true,false,6,2019-04-01,2019-09-30,-1
2020-10-30,93530,2021-03-31,2,4500000000,-0.027,,,,,80000000,-0.644,130000000,-0.539,,130000000,,86.59,,,,,,,,,,,,,,,,,,,,,,true,true,12,2020-04-01,2021-03-31,0
2020-10-30,93530,2020-03-31,2,,,,,,,,,,,,,,,,,,,,6477000000,3825000000,0.591,,3825000000,,,,,,,,,,,,true,false,12,2019-04-01,2020-03-31,-1
2020-10-30,93530,2020-03-31,2,,,,,,,,,,,,,,,,,,,,,,,,,,,,,20.00,,,,1540000,38713,,false,false,12,2019-04-01,2020-03-31,-1
2020-10-30,93530,2021-03-31,2,,,,,,,,,,,,,,,,,,,,,,,,,,,,,,,,,1540000,38740,1501279,false,false,6,2020-04-01,2020-09-30,0
2020-10-30,93530,2020-03-31,2,,,,,,,,,,,,,,,,,,,,,,,,,,,,,,,,,,,1501314,false,false,6,2019-04-01,2019-09-30,-1
2021-01-29,93530,2021-03-31,3,3419000000,-0.004,,,,,137000000,-0.357,214000000,-0.215,,231000000,,154.08,,,,,,6584000000,4131000000,0.627,,4131000000,,,,,,,,,,,,true,false,9,2020-04-01,2020-12-31,0
2021-01-29,93530,2020-03-31,3,3432000000,0.029,,,,,213000000,1.512,273000000,0.937,,238000000,,159.16,,,,,,,,,,,,,,,,,,,,,,true,false,9,2019-04-01,2019-12-31,-1
2021-01-29,93530,2021-03-31,3,4500000000,-0.027,,,,,80000000,-0.644,130000000,-0.539,,130000000,,86.59,,,,,,,,,,,,,,,,,,,,,,true,true,12,2020-04-01,2021-03-31,0
2021-01-29,93530,2020-03-31,3,,,,,,,,,,,,,,,,,,,,6477000000,3825000000,0.591,,3825000000,,,,,,,,,,,,true,false,12,2019-04-01,2020-03-31,-1
2021-01-29,93530,2020-03-31,3,,,,,,,,,,,,,,,,,,,,,,,,,,,,,20.00,,,,1540000,38713,,false,false,12,2019-04-01,2020-03-31,-1
2021-01-29,93530,2021-03-31,3,,,,,,,,,,,,,,,,,,,,,,,,,,,,,,,,,1540000,38740,1501274,false,false,9,2020-04-01,2020-12-31,0
2021-01-29,93530,2020-03-31,3,,,,,,,,,,,,,,,,,,,,,,,,,,,,,,,,,,,1501314,false,false,9,2019-04-01,2019-12-31,-1
,93530,2021-03-31,,,,,,,,,,,,,,,,,,,,,,,,,,,,,,20.00,,,,,,,false,true,12,2020-04-01,2021-03-31,0
,93530,2020-03-31,,,,,,,,,,,,,,,,,,,,,,,,,,,,,,20.00,,,,,,,false,false,12,2019-04-01,2020-03-31,-1
2021-04-28,93530,2021-03-31,,4507000000,0.002,,,,,91000000,0.138,171000000,0.315,,189000000,,126.31,,,,,,,,,,,,,,,,,,,,,,true,true,12,2020-04-01,2021-03-31,0
2021-04-28,93530,2020-03-31,,4627000000,,,,,,224000000,,282000000,,,234000000,,156.25,,,,,,,,,,,,,,,,,,,,,,true,false,12,2019-04-01,2020-03-31,-1
2021-05-14,93530,2021-03-31,,4507000000,-0.026,,,,,91000000,-0.592,171000000,-0.391,,189000000,,126.31,,0.044,0.024,0.020,,7150000000,4309000000,0.603,2870.38,4309000000,557000000,-563000000,-8000000,1331000000,,0.158,,,,,,true,false,12,2020-04-01,2021-03-31,0
2021-05-14,93530,2020-03-31,,4627000000,0.045,,,,,224000000,4.155,282000000,1.507,,234000000,,156.25,,0.061,0.044,0.049,,6477000000,3825000000,0.591,2548.45,3825000000,-154000000,-343000000,501000000,1346000000,,0.128,,,,,,true,false,12,2019-04-01,2020-03-31,-1
2021-05-14,93530,2022-03-31,,1900000000,,,,,,20000000,-0.846,50000000,-0.718,,50000000,,33.30,,,,,,,,,,,,,,,,,,,,,,true,true,6,2021-04-01,2021-09-30,1
2021-05-14,93530,2022-03-31,,4000000000,,,,,,90000000,-0.019,140000000,-0.185,,130000000,,86.59,,,,,,,,,,,,,,,,0.231,,,,,,true,true,12,2021-04-01,2022-03-31,1
2021-05-14,93530,2021-03-31,,4339000000,-0.021,,,,,99000000,-0.526,178000000,-0.329,191000000,,-0.145,127.72,,,,,,7094000000,4297000000,0.606,2862.37,4297000000,,,,,20.00,,,,1540000,38740,1501270,false,false,12,2020-04-01,2021-03-31,0
2021-05-14,93530,2020-03-31,,4433000000,0.045,,,,,209000000,4.912,266000000,1.593,224000000,,0.658,149.36,,,,,,6425000000,3811000000,0.593,2539.04,3811000000,,,,,20.00,,,,1540000,38713,1501310,false,false,12,2019-04-01,2020-03-31,-1
2021-05-14,93530,2022-03-31,,,,,,,,,,,,,,,,,,,,,,,,,,,,,,20.00,,,,,,,false,true,12,2021-04-01,2022-03-31,1
2021-07-30,93530,2022-03-31,1,876000000,,,,,,-15000000,,13000000,-0.866,,7000000,,4.90,,,,,,6861000000,4270000000,0.622,,4270000000,,,,,,,,,,,,true,false,3,2021-04-01,2021-06-30,0
2021-07-30,93530,2021-03-31,1,1040000000,-0.012,,,,,54000000,-0.355,98000000,-0.133,,76000000,,50.90,,,,,,,,,,,,,,,,,,,,,,true,false,3,2020-04-01,2020-06-30,-1
2021-07-30,93530,2022-03-31,1,1900000000,,,,,,20000000,-0.846,50000000,-0.718,,50000000,,33.30,,,,,,,,,,,,,,,,,,,,,,true,true,6,2021-04-01,2021-09-30,0
2021-07-30,93530,2022-03-31,1,4000000000,,,,,,90000000,-0.019,140000000,-0.185,,130000000,,86.59,,,,,,,,,,,,,,,,,,,,,,true,true,12,2021-04-01,2022-03-31,0
2021-07-30,93530,2021-03-31,1,,,,,,,,,,,,,,,,,,,,7150000000,4309000000,0.603,,4309000000,,,,,,,,,,,,true,false,12,2020-04-01,2021-03-31,-1
2021-07-30,93530,2021-03-31,1,,,,,,,,,,,,,,,,,,,,,,,,,,,,,20.00,,,,1540000,38740,,false,false,12,2020-04-01,2021-03-31,-1
2021-07-30,93530,2022-03-31,1,,,,,,,,,,,,,,,,,,,,,,,,,,,,,20.00,,,,,,,false,true,12,2021-04-01,2022-03-31,0
2021-07-30,93530,2022-03-31,1,,,,,,,,,,,,,,,,,,,,,,,,,,,,,,,,,1540000,38740,1501260,false,false,3,2021-04-01,2021-06-30,0
2021-07-30,93530,2021-03-31,1,,,,,,,,,,,,,,,,,,,,,,,,,,,,,,,,,,,1501287,false,false,3,2020-04-01,2020-06-30,-1
2021-10-25,93530,2022-03-31,,2043000000,0.075,,,,,45000000,1.250,76000000,0.520,,70000000,,46.91,,,,,,,,,,,,,,,,,,,,,,true,true,6,2021-04-01,2021-09-30,0
2021-10-25,93530,2021-03-31,,2302000000,,,,,,130000000,,177000000,,,190000000,,110.64,,,,,,,,,,,,,,,,,,,,,,true,false,6,2020-04-01,2020-09-30,-1
2021-10-29,93530,2022-03-31,2,2043000000,,,,,,45000000,-0.647,76000000,-0.571,,70000000,,46.91,,,,,,6971000000,4419000000,0.634,,4419000000,,,,,,,,,,,,true,false,6,2021-04-01,2021-09-30,0
2021-10-29,93530,2021-03-31,2,2302000000,0.023,,,,,130000000,-0.156,177000000,-0.043,,190000000,,126.86,,,,,,,,,,,,,,,,,,,,,,true,false,6,2020-04-01,2020-09-30,-1
2021-10-29,93530,2022-03-31,2,4000000000,,,,,,90000000,-0.019,140000000,-0.185,,130000000,,86.59,,,,,,,,,,,,,,,,,,,,,,true,true,12,2021-04-01,2022-03-31,0
2021-10-29,93530,2021-03-31,2,,,,,,,,,,,,,,,,,,,,7150000000,4309000000,0.603,,4309000000,,,,,,,,,,,,true,false,12,2020-04-01,2021-03-31,-1
2021-10-29,93530,2021-03-31,2,,,,,,,,,,,,,,,,,,,,,,,,,,,,,20.00,,,,1540000,38740,,false,false,12,2020-04-01,2021-03-31,-1
2021-10-29,93530,2022-03-31,2,,,,,,,,,,,,,,,,,,,,,,,,,,,,,20.00,,,,,,,false,true,12,2021-04-01,2022-03-31,0
2021-10-29,93530,2022-03-31,2,,,,,,,,,,,,,,,,,,,,,,,,,,,,,,,,,1540000,38740,1501260,false,false,6,2021-04-01,2021-09-30,0
2021-10-29,93530,2021-03-31,2,,,,,,,,,,,,,,,,,,,,,,,,,,,,,,,,,,,1501279,false,false,6,2020-04-01,2020-09-30,-1
2022-01-28,93530,2022-03-31,3,3167000000,,,,,,106000000,-0.224,196000000,-0.087,,176000000,,117.66,,,,,,6917000000,4486000000,0.649,,4486000000,,,,,,,,,,,,true,false,9,2021-04-01,2021-12-31,0
2022-01-28,93530,2021-03-31,3,3419000000,-0.004,,,,,137000000,-0.357,214000000,-0.215,,231000000,,154.08,,,,,,,,,,,,,,,,,,,,,,true,false,9,2020-04-01,2020-12-31,-1
2022-01-28,93530,2022-03-31,3,4000000000,,,,,,90000000,-0.019,140000000,-0.185,,130000000,,86.59,,,,,,,,,,,,,,,,,,,,,,true,true,12,2021-04-01,2022-03-31,0
2022-01-28,93530,2021-03-31,3,,,,,,,,,,,,,,,,,,,,7150000000,4309000000,0.603,,4309000000,,,,,,,,,,,,true,false,12,2020-04-01,2021-03-31,-1
2022-01-28,93530,2021-03-31,3,,,,,,,,,,,,,,,,,,,,,,,,,,,,,20.00,,,,1540000,38740,,false,false,12,2020-04-01,2021-03-31,-1
2022-01-28,93530,2022-03-31,3,,,,,,,,,,,,,,,,,,,,,,,,,,,,,20.00,,,,,,,false,true,12,2021-04-01,2022-03-31,0
2022-01-28,93530,2022-03-31,3,,,,,,,,,,,,,,,,,,,,,,,,,,,,,,,,,1540000,38740,1501260,false,false,9,2021-04-01,2021-12-31,0
2022-01-28,93530,2021-03-31,3,,,,,,,,,,,,,,,,,,,,,,,,,,,,,,,,,,,1501274,false,false,9,2020-04-01,2020-12-31,-1
2022-04-28,93530,2022-03-31,,4198000000,0.050,,,,,108000000,0.200,217000000,0.550,,177000000,,118.09,,,,,,,,,,,,,,,,,,,,,,true,true,12,2021-04-01,2022-03-31,0
2022-04-28,93530,2021-03-31,,4507000000,,,,,,91000000,,171000000,,,189000000,,126.31,,,,,,,,,,,,,,,,,,,,,,true,false,12,2020-04-01,2021-03-31,-1
2022-05-13,93530,2022-03-31,,4198000000,,,,,,108000000,0.186,217000000,0.265,,177000000,,118.09,,0.038,0.029,0.026,,7576000000,4627000000,0.611,3082.49,4627000000,387000000,-262000000,85000000,1542000000,,0.169,,,,,,true,false,12,2021-04-01,2022-03-31,0
2022-05-13,93530,2021-03-31,,4507000000,-0.026,,,,,91000000,-0.592,171000000,-0.391,,189000000,,126.31,,0.044,0.024,0.020,,7150000000,4309000000,0.603,2870.38,4309000000,557000000,-563000000,-8000000,1331000000,,0.158,,,,,,true,false,12,2020-04-01,2021-03-31,-1
2022-05-13,93530,2023-03-31,,1800000000,-0.119,,,,,0,,30000000,-0.605,,20000000,,13.32,,,,,,,,,,,,,,,,,,,,,,true,true,6,2022-04-01,2022-09-30,1
2022-05-13,93530,2023-03-31,,4000000000,-0.047,,,,,100000000,-0.074,150000000,-0.539,,100000000,,66.61,,,,,,,,,,,,,,,,0.300,,,,,,true,true,12,2022-04-01,2023-03-31,1
2022-05-13,93530,2022-03-31,,4020000000,,,,,,105000000,0.062,213000000,0.196,174000000,,-0.089,116.35,,,,,,7524000000,4612000000,0.613,3072.73,4612000000,,,,,20.00,,,,1540000,38740,1501260,false,false,12,2021-04-01,2022-03-31,0
2022-05-13,93530,2021-03-31,,4339000000,-0.021,,,,,99000000,-0.526,178000000,-0.329,191000000,,-0.145,127.72,,,,,,7094000000,4297000000,0.606,2862.37,4297000000,,,,,20.00,,,,1540000,38740,1501270,false,false,12,2020-04-01,2021-03-31,-1
2022-05-13,93530,2023-03-31,,,,,,,,,,,,,,,,,,,,,,,,,,,,,,20.00,,,,,,,false,true,12,2022-04-01,2023-03-31,1
2022-07-29,93530,2023-03-31,1,809000000,-0.076,,,,,-37000000,,-4000000,,,-15000000,,-10.56,,,,,,7452000000,4539000000,0.609,,4539000000,,,,,,,,,,,,true,false,3,2022-04-01,2022-06-30,0
2022-07-29,93530,2022-03-31,1,876000000,,,,,,-15000000,,13000000,-0.866,,7000000,,4.90,,,,,,,,,,,,,,,,,,,,,,true,false,3,2021-04-01,2021-06-30,-1
2022-07-29,93530,2023-03-31,1,1800000000,-0.119,,,,,0,,30000000,-0.605,,20000000,,13.32,,,,,,,,,,,,,,,,,,,,,,true,true,6,2022-04-01,2022-09-30,0
2022-07-29,93530,2023-03-31,1,4000000000,-0.047,,,,,100000000,-0.074,150000000,-0.539,,100000000,,66.61,,,,,,,,,,,,,,,,,,,,,,true,true,12,2022-04-01,2023-03-31,0
2022-07-29,93530,2022-03-31,1,,,,,,,,,,,,,,,,,,,,7576000000,4627000000,0.611,,4627000000,,,,,,,,,,,,true,false,12,2021-04-01,2022-03-31,-1
2022-07-29,93530,2022-03-31,1,,,,,,,,,,,,,,,,,,,,,,,,,,,,,20.00,,,,1540000,38740,,false,false,12,2021-04-01,2022-03-31,-1
2022-07-29,93530,2023-03-31,1,,,,,,,,,,,,,,,,,,,,,,,,,,,,,20.00,,,,,,,false,true,12,2022-04-01,2023-03-31,0
2022-07-29,93530,2023-03-31,1,,,,,,,,,,,,,,,,,,,,,,,,,,,,,,,,,1540000,38740,1501260,false,false,3,2022-04-01,2022-06-30,0
2022-07-29,93530,2022-03-31,1,,,,,,,,,,,,,,,,,,,,,,,,,,,,,,,,,,,1501260,false,false,3,2021-04-01,2021-06-30,-1
2022-10-24,93530,2023-03-31,,1862000000,0.034,,,,,46000000,,92000000,2.067,,100000000,,67.11,,,,,,,,,,,,,,,,,,,,,,true,true,6,2022-04-01,2022-09-30,0
2022-10-24,93530,2022-03-31,,2043000000,,,,,,45000000,,76000000,,,70000000,,46.91,,,,,,,,,,,,,,,,,,,,,,true,false,6,2021-04-01,2021-09-30,-1
2022-10-24,93530,2023-03-31,,4000000000,0.000,,,,,110000000,0.100,180000000,0.200,,120000000,,79.93,,,,,,,,,,,,,,,,,,,,,,true,true,12,2022-04-01,2023-03-31,0
2022-10-24,93530,2022-03-31,,4198000000,,,,,,108000000,,217000000,,,177000000,,118.09,,,,,,,,,,,,,,,,,,,,,,true,false,12,2021-04-01,2022-03-31,-1
2022-10-27,93530,2023-03-31,2,1862000000,-0.089,,,,,46000000,0.022,92000000,0.220,,100000000,,67.11,,,,,,7302000000,4557000000,0.624,,4557000000,,,,,,,,,,,,true,false,6,2022-04-01,2022-09-30,0
2022-10-27,93530,2022-03-31,2,2043000000,,,,,,45000000,-0.647,76000000,-0.571,,70000000,,46.91,,,,,,,,,,,,,,,,,,,,,,true,false,6,2021-04-01,2021-09-30,-1
2022-10-27,93530,2023-03-31,2,4000000000,-0.047,,,,,110000000,0.011,180000000,-0.172,,120000000,,79.93,,,,,,,,,,,,,,,,,,,,,,true,true,12,2022-04-01,2023-03-31,0
2022-10-27,93530,2022-03-31,2,,,,,,,,,,,,,,,,,,,,7576000000,4627000000,0.611,,4627000000,,,,,,,,,,,,true,false,12,2021-04-01,2022-03-31,-1
2022-10-27,93530,2022-03-31,2,,,,,,,,,,,,,,,,,,,,,,,,,,,,,20.00,,,,1540000,38740,,false,false,12,2021-04-01,2022-03-31,-1
2022-10-27,93530,2023-03-31,2,,,,,,,,,,,,,,,,,,,,,,,,,,,,,20.00,,,,,,,false,true,12,2022-04-01,2023-03-31,0
2022-10-27,93530,2023-03-31,2,,,,,,,,,,,,,,,,,,,,,,,,,,,,,,,,,1540000,38740,1501260,false,false,6,2022-04-01,2022-09-30,0
2022-10-27,93530,2022-03-31,2,,,,,,,,,,,,,,,,,,,,,,,,,,,,,,,,,,,1501260,false,false,6,2021-04-01,2021-09-30,-1
2023-01-26,93530,2023-03-31,3,2846000000,-0.101,,,,,131000000,0.233,216000000,0.104,,198000000,,132.39,,,,,,7987000000,4988000000,0.625,,4988000000,,,,,,,,,,,,true,false,9,2022-04-01,2022-12-31,0
2023-01-26,93530,2022-03-31,3,3167000000,,,,,,106000000,-0.224,196000000,-0.087,,176000000,,117.66,,,,,,,,,,,,,,,,,,,,,,true,false,9,2021-04-01,2021-12-31,-1
2023-01-26,93530,2023-03-31,3,4000000000,-0.047,,,,,110000000,0.011,180000000,-0.172,,120000000,,79.93,,,,,,,,,,,,,,,,,,,,,,true,true,12,2022-04-01,2023-03-31,0
2023-01-26,93530,2022-03-31,3,,,,,,,,,,,,,,,,,,,,7576000000,4627000000,0.611,,4627000000,,,,,,,,,,,,true,false,12,2021-04-01,2022-03-31,-1
2023-01-26,93530,2022-03-31,3,,,,,,,,,,,,,,,,,,,,,,,,,,,,,20.00,,,,1540000,38740,,false,false,12,2021-04-01,2022-03-31,-1
2023-01-26,93530,2023-03-31,3,,,,,,,,,,,,,,,,,,,,,,,,,,,,,30.00,,,,,,,false,true,12,2022-04-01,2023-03-31,0
2023-01-26,93530,2023-03-31,3,,,,,,,,,,,,,,,,,,,,,,,,,,,,,,,,,1540000,38740,1501260,false,false,9,2022-04-01,2022-12-31,0
2023-01-26,93530,2022-03-31,3,,,,,,,,,,,,,,,,,,,,,,,,,,,,,,,,,,,1501260,false,false,9,2021-04-01,2021-12-31,-1
2023-04-27,93530,2023-03-31,,3865000000,-0.034,,,,,157000000,0.427,243000000,0.350,,193000000,,128.64,,,,,,,,,,,,,,,,,,,,,,true,true,12,2022-04-01,2023-03-31,0
2023-04-27,93530,2022-03-31,,4198000000,,,,,,108000000,,217000000,,,177000000,,118.09,,,,,,,,,,,,,,,,,,,,,,true,false,12,2021-04-01,2022-03-31,-1
2023-05-12,93530,2023-03-31,,3865000000,-0.079,,,,,157000000,0.445,243000000,0.120,,193000000,,128.64,,0.039,0.031,0.041,,7943000000,4968000000,0.625,3296.84,4968000000,631000000,-1113000000,-126000000,934000000,,0.233,,,,,,true,false,12,2022-04-01,2023-03-31,0
2023-05-12,93530,2022-03-31,,4198000000,,,,,,108000000,0.186,217000000,0.265,,177000000,,118.09,,0.038,0.029,0.026,,7576000000,4627000000,0.611,3082.49,4627000000,387000000,-262000000,85000000,1542000000,,0.169,,,,,,true,false,12,2021-04-01,2022-03-31,-1
2023-05-12,93530,2024-03-31,,1900000000,0.020,,,,,70000000,0.491,100000000,0.077,,40000000,,26.63,,,,,,,,,,,,,,,,,,,,,,true,true,6,2023-04-01,2023-09-30,1
2023-05-12,93530,2024-03-31,,4000000000,0.035,,,,,170000000,0.082,240000000,-0.014,,140000000,,93.20,,,,,,,,,,,,,,,,0.322,,,,,,true,true,12,2023-04-01,2024-03-31,1
2023-05-12,93530,2023-03-31,,3671000000,-0.087,,,,,142000000,0.350,225000000,0.054,181000000,,0.041,121.07,,,,,,7867000000,4942000000,0.628,3279.58,4942000000,,,,,30.00,,,,1540000,33040,1502137,false,false,12,2022-04-01,2023-03-31,0
2023-05-12,93530,2022-03-31,,4020000000,,,,,,105000000,0.062,213000000,0.196,174000000,,-0.089,116.35,,,,,,7524000000,4612000000,0.613,3072.73,4612000000,,,,,20.00,,,,1540000,38740,1501260,false,false,12,2021-04-01,2022-03-31,-1
2023-05-12,93530,2024-03-31,,,,,,,,,,,,,,,,,,,,,,,,,,,,,,30.00,,,,,,,false,true,12,2023-04-01,2024-03-31,1
2023-07-28,93530,2024-03-31,1,959000000,0.185,,,,,36000000,,72000000,,,42000000,,28.17,,,,,,8417000000,5290000000,0.629,,5290000000,,,,,,,,,,,,true,false,3,2023-04-01,2023-06-30,0
2023-07-28,93530,2023-03-31,1,809000000,-0.076,,,,,-37000000,,-4000000,,,-15000000,,-10.56,,,,,,,,,,,,,,,,,,,,,,true,false,3,2022-04-01,2022-06-30,-1
2023-07-28,93530,2024-03-31,1,1900000000,0.020,,,,,70000000,0.491,100000000,0.077,,40000000,,26.63,,,,,,,,,,,,,,,,,,,,,,true,true,6,2023-04-01,2023-09-30,0
2023-07-28,93530,2024-03-31,1,4000000000,0.035,,,,,170000000,0.082,240000000,-0.014,,140000000,,93.20,,,,,,,,,,,,,,,,,,,,,,true,true,12,2023-04-01,2024-03-31,0
2023-07-28,93530,2023-03-31,1,,,,,,,,,,,,,,,,,,,,7943000000,4968000000,0.625,,4968000000,,,,,,,,,,,,true,false,12,2022-04-01,2023-03-31,-1
2023-07-28,93530,2023-03-31,1,,,,,,,,,,,,,,,,,,,,,,,,,,,,,30.00,,,,1540000,33040,,false,false,12,2022-04-01,2023-03-31,-1
2023-07-28,93530,2024-03-31,1,,,,,,,,,,,,,,,,,,,,,,,,,,,,,30.00,,,,,,,false,true,12,2023-04-01,2024-03-31,0
2023-07-28,93530,2024-03-31,1,,,,,,,,,,,,,,,,,,,,,,,,,,,,,,,,,1540000,33040,1506960,false,false,3,2023-04-01,2023-06-30,0
2023-07-28,93530,2023-03-31,1,,,,,,,,,,,,,,,,,,,,,,,,,,,,,,,,,,,1501260,false,false,3,2022-04-01,2022-06-30,-1
2023-10-25,93530,2024-03-31,,2036000000,0.072,,,,,131000000,0.871,167000000,0.670,,98000000,,65.59,,,,,,,,,,,,,,,,,,,,,,true,true,6,2023-04-01,2023-09-30,0
2023-10-25,93530,2023-03-31,,1862000000,,,,,,46000000,,92000000,,,100000000,,67.11,,,,,,,,,,,,,,,,,,,,,,true,false,6,2022-04-01,2022-09-30,-1
2023-10-27,93530,2024-03-31,2,2036000000,0.093,,,,,131000000,1.807,167000000,0.803,,98000000,,65.59,,,,,,8849000000,5689000000,0.643,,5689000000,,,,,,,,,,,,true,false,6,2023-04-01,2023-09-30,0
2023-10-27,93530,2023-03-31,2,1862000000,-0.089,,,,,46000000,0.022,92000000,0.220,,100000000,,67.11,,,,,,,,,,,,,,,,,,,,,,true,false,6,2022-04-01,2022-09-30,-1
2023-10-27,93530,2024-03-31,2,4000000000,0.035,,,,,170000000,0.082,240000000,-0.014,,140000000,,93.20,,,,,,,,,,,,,,,,,,,,,,true,true,12,2023-04-01,2024-03-31,0
2023-10-27,93530,2023-03-31,2,,,,,,,,,,,,,,,,,,,,7943000000,4968000000,0.625,,4968000000,,,,,,,,,,,,true,false,12,2022-04-01,2023-03-31,-1
2023-10-27,93530,2023-03-31,2,,,,,,,,,,,,,,,,,,,,,,,,,,,,,30.00,,,,1540000,33040,,false,false,12,2022-04-01,2023-03-31,-1
2023-10-27,93530,2024-03-31,2,,,,,,,,,,,,,,,,,,,,,,,,,,,,,30.00,,,,,,,false,true,12,2023-04-01,2024-03-31,0
2023-10-27,93530,2024-03-31,2,,,,,,,,,,,,,,,,,,,,,,,,,,,,,,,,,1540000,27940,1509146,false,false,6,2023-04-01,2023-09-30,0
2023-10-27,93530,2023-03-31,2,,,,,,,,,,,,,,,,,,,,,,,,,,,,,,,,,,,1501260,false,false,6,2022-04-01,2022-09-30,-1
2024-01-26,93530,2024-03-31,3,3047000000,0.071,,,,,174000000,0.325,273000000,0.263,,178000000,,118.52,,,,,,9281000000,5729000000,0.617,,5729000000,,,,,,,,,,,,true,false,9,2023-04-01,2023-12-31,0
2024-01-26,93530,2023-03-31,3,2846000000,-0.101,,,,,131000000,0.233,216000000,0.104,,198000000,,132.39,,,,,,,,,,,,,,,,,,,,,,true,false,9,2022-04-01,2022-12-31,-1
2024-01-26,93530,2024-03-31,3,4000000000,0.035,,,,,170000000,0.082,240000000,-0.014,,140000000,,93.20,,,,,,,,,,,,,,,,,,,,,,true,true,12,2023-04-01,2024-03-31,0
2024-01-26,93530,2023-03-31,3,,,,,,,,,,,,,,,,,,,,7943000000,4968000000,0.625,,4968000000,,,,,,,,,,,,true,false,12,2022-04-01,2023-03-31,-1
2024-01-26,93530,2023-03-31,3,,,,,,,,,,,,,,,,,,,,,,,,,,,,,30.00,,,,1540000,33040,,false,false,12,2022-04-01,2023-03-31,-1
2024-01-26,93530,2024-03-31,3,,,,,,,,,,,,,,,,,,,,,,,,,,,,,30.00,,,,,,,false,true,12,2023-04-01,2024-03-31,0
2024-01-26,93530,2024-03-31,3,,,,,,,,,,,,,,,,,,,,,,,,,,,,,,,,,1540000,27940,1510020,false,false,9,2023-04-01,2023-12-31,0
2024-01-26,93530,2023-03-31,3,,,,,,,,,,,,,,,,,,,,,,,,,,,,,,,,,,,1501260,false,false,9,2022-04-01,2022-12-31,-1
2024-04-25,93530,2024-03-31,,4112000000,0.028,,,,,235000000,0.382,335000000,0.396,,211000000,,140.13,,,,,,,,,,,,,,,,,,,,,,true,true,12,2023-04-01,2024-03-31,0
2024-04-25,93530,2023-03-31,,3865000000,,,,,,157000000,,243000000,,,193000000,,128.64,,,,,,,,,,,,,,,,,,,,,,true,false,12,2022-04-01,2023-03-31,-1
2024-05-14,93530,2024-03-31,,4112000000,0.064,,,,,235000000,0.500,335000000,0.379,,211000000,,140.13,,0.038,0.037,0.057,,10076000000,6265000000,0.622,4143.85,6265000000,755000000,-1081000000,241000000,850000000,,0.214,,,,,,true,false,12,2023-04-01,2024-03-31,0
2024-05-14,93530,2023-03-31,,3865000000,-0.079,,,,,157000000,0.445,243000000,0.120,,193000000,,128.64,,0.039,0.031,0.041,,7943000000,4968000000,0.625,3296.84,4968000000,631000000,-1113000000,-126000000,934000000,,0.233,,,,,,true,false,12,2022-04-01,2023-03-31,-1
2024-05-14,93530,2025-03-31,,1900000000,-0.067,,,,,100000000,-0.241,130000000,-0.223,,90000000,,59.52,,,,,,,,,,,,,,,,,,,,,,true,true,6,2024-04-01,2024-09-30,1
2024-05-14,93530,2025-03-31,,4100000000,-0.003,,,,,170000000,-0.279,240000000,-0.285,,160000000,,105.82,,,,,,,,,,,,,,,,0.284,,,,,,true,true,12,2024-04-01,2025-03-31,1
2024-05-14,93530,2024-03-31,,3941000000,0.074,,,,,243000000,0.713,341000000,0.515,215000000,,0.186,142.83,,,,,,10036000000,6243000000,0.622,4129.34,6243000000,,,,,30.00,,,,1540000,28022,1510484,false,false,12,2023-04-01,2024-03-31,0
2024-05-14,93530,2023-03-31,,3671000000,-0.087,,,,,142000000,0.350,225000000,0.054,181000000,,0.041,121.07,,,,,,7867000000,4942000000,0.628,3279.58,4942000000,,,,,30.00,,,,1540000,33040,1502137,false,false,12,2022-04-01,2023-03-31,-1
2024-05-14,93530,2025-03-31,,,,,,,,,,,,,,,,,,,,,,,,,,,,,,30.00,,,,,,,false,true,12,2024-04-01,2025-03-31,1
2024-07-26,93530,2025-03-31,1,924000000,-0.036,,,,,24000000,-0.318,71000000,-0.012,,49000000,,33.04,,,,,,10687000000,6559000000,0.614,,6559000000,,,,,,,,,,,,true,false,3,2024-04-01,2024-06-30,0
2024-07-26,93530,2024-03-31,1,959000000,0.185,,,,,36000000,,72000000,,,42000000,,28.17,,,,,,,,,,,,,,,,,,,,,,true,false,3,2023-04-01,2023-06-30,-1
2024-07-26,93530,2025-03-31,1,1900000000,-0.067,,,,,100000000,-0.241,130000000,-0.223,,90000000,,59.52,,,,,,,,,,,,,,,,,,,,,,true,true,6,2024-04-01,2024-09-30,0
2024-07-26,93530,2025-03-31,1,4100000000,-0.003,,,,,170000000,-0.279,240000000,-0.285,,160000000,,105.82,,,,,,,,,,,,,,,,,,,,,,true,true,12,2024-04-01,2025-03-31,0
2024-07-26,93530,2024-03-31,1,,,,,,,,,,,,,,,,,,,,10076000000,6265000000,0.622,,6265000000,,,,,,,,,,,,true,false,12,2023-04-01,2024-03-31,-1
2024-07-26,93530,2024-03-31,1,,,,,,,,,,,,,,,,,,,,,,,,,,,,,30.00,,,,1540000,28022,,false,false,12,2023-04-01,2024-03-31,-1
2024-07-26,93530,2025-03-31,1,,,,,,,,,,,,,,,,,,,,,,,,,,,,,30.00,,,,,,,false,true,12,2024-04-01,2025-03-31,0
2024-07-26,93530,2025-03-31,1,,,,,,,,,,,,,,,,,,,,,,,,,,,,,,,,,1540000,28248,1511827,false,false,3,2024-04-01,2024-06-30,0
2024-07-26,93530,2024-03-31,1,,,,,,,,,,,,,,,,,,,,,,,,,,,,,,,,,,,1506960,false,false,3,2023-04-01,2023-06-30,-1
2024-10-25,93530,2025-03-31,2,1988000000,-0.023,,,,,103000000,-0.216,148000000,-0.114,,112000000,,74.21,,,,,,9980000000,6211000000,0.622,,6211000000,,,,,,,,,,,,true,false,6,2024-04-01,2024-09-30,0
2024-10-25,93530,2024-03-31,2,2036000000,0.093,,,,,131000000,1.807,167000000,0.803,,98000000,,65.59,,,,,,,,,,,,,,,,,,,,,,true,false,6,2023-04-01,2023-09-30,-1
2024-10-25,93530,2025-03-31,2,4100000000,-0.003,,,,,170000000,-0.279,240000000,-0.285,,160000000,,105.82,,,,,,,,,,,,,,,,,,,,,,true,true,12,2024-04-01,2025-03-31,0
2024-10-25,93530,2024-03-31,2,,,,,,,,,,,,,,,,,,,,10076000000,6265000000,0.622,,6265000000,,,,,,,,,,,,true,false,12,2023-04-01,2024-03-31,-1
2024-10-25,93530,2024-03-31,2,,,,,,,,,,,,,,,,,,,,,,,,,,,,,30.00,,,,1540000,28022,,false,false,12,2023-04-01,2024-03-31,-1
2024-10-25,93530,2025-03-31,2,,,,,,,,,,,,,,,,,,,,,,,,,,,,,30.00,,,,,,,false,true,12,2024-04-01,2025-03-31,0
2024-10-25,93530,2025-03-31,2,,,,,,,,,,,,,,,,,,,,,,,,,,,,,,,,,1540000,23148,1513981,false,false,6,2024-04-01,2024-09-30,0
2024-10-25,93530,2024-03-31,2,,,,,,,,,,,,,,,,,,,,,,,,,,,,,,,,,,,1509146,false,false,6,2023-04-01,2023-09-30,-1
2025-01-24,93530,2025-03-31,3,3206000000,0.052,,,,,228000000,0.312,326000000,0.194,,245000000,,162.01,,,,,,10894000000,6883000000,0.632,,6883000000,,,,,,,,,,,,true,false,9,2024-04-01,2024-12-31,0
2025-01-24,93530,2024-03-31,3,3047000000,0.071,,,,,174000000,0.325,273000000,0.263,,178000000,,118.52,,,,,,,,,,,,,,,,,,,,,,true,false,9,2023-04-01,2023-12-31,-1
2025-01-24,93530,2025-03-31,3,4300000000,0.046,,,,,200000000,-0.152,300000000,-0.106,,200000000,,131.99,,,,,,,,,,,,,,,,,,,,,,true,true,12,2024-04-01,2025-03-31,0
2025-01-24,93530,2024-03-31,3,,,,,,,,,,,,,,,,,,,,10076000000,6265000000,0.622,,6265000000,,,,,,,,,,,,true,false,12,2023-04-01,2024-03-31,-1
2025-01-24,93530,2024-03-31,3,,,,,,,,,,,,,,,,,,,,,,,,,,,,,30.00,,,,1540000,28022,,false,false,12,2023-04-01,2024-03-31,-1
2025-01-24,93530,2025-03-31,3,,,,,,,,,,,,,,,,,,,,,,,,,,,,,30.00,,,,,,,false,true,12,2024-04-01,2025-03-31,0
2025-01-24,93530,2025-03-31,3,,,,,,,,,,,,,,,,,,,,,,,,,,,,,,,,,1540000,23148,1514842,false,false,9,2024-04-01,2024-12-31,0
2025-01-24,93530,2024-03-31,3,,,,,,,,,,,,,,,,,,,,,,,,,,,,,,,,,,,1510020,false,false,9,2023-04-01,2023-12-31,-1
,93530,2025-03-31,,,,,,,,,,,,,,,,,,,,,,,,,,,,,,40.00,,,,,,,false,true,12,2024-04-01,2025-03-31,0
,93530,2024-03-31,,,,,,,,,,,,,,,,,,,,,,,,,,,,,,30.00,,,,,,,false,false,12,2023-04-01,2024-03-31,-1
2025-05-14,93530,2025-03-31,,4338000000,0.055,,,,,203000000,-0.139,299000000,-0.106,,232000000,,153.77,,0.035,0.028,0.047,,11098000000,6970000000,0.628,4595.76,6970000000,755000000,-608000000,-56000000,941000000,,0.260,,,,,,true,false,12,2024-04-01,2025-03-31,0
2025-05-14,93530,2024-03-31,,4112000000,0.064,,,,,235000000,0.500,335000000,0.379,,211000000,,140.13,,0.038,0.037,0.057,,10076000000,6265000000,0.622,4143.85,6265000000,755000000,-1081000000,241000000,850000000,,0.214,,,,,,true,false,12,2023-04-01,2024-03-31,-1
2025-05-14,93530,2026-03-31,,1900000000,-0.045,,,,,90000000,-0.129,150000000,0.011,,100000000,,65.93,,,,,,,,,,,,,,,,,,,,,,true,true,6,2025-04-01,2025-09-30,1
2025-05-14,93530,2026-03-31,,4100000000,-0.055,,,,,200000000,-0.015,330000000,0.101,,220000000,,145.05,,,,,,,,,,,,,,,,0.276,,,,,,true,true,12,2025-04-01,2026-03-31,1
2025-05-14,93530,2025-03-31,,4116000000,0.044,,,,,214000000,-0.122,307000000,-0.098,241000000,,0.117,159.09,,,,,,11047000000,6956000000,0.630,4586.61,6956000000,,,,,40.00,,,,1540000,23251,1515291,false,false,12,2024-04-01,2025-03-31,0
2025-05-14,93530,2024-03-31,,3941000000,0.074,,,,,243000000,0.713,341000000,0.515,215000000,,0.186,142.83,,,,,,10036000000,6243000000,0.622,4129.34,6243000000,,,,,30.00,,,,1540000,28022,1510484,false,false,12,2023-04-01,2024-03-31,-1
2025-05-14,93530,2026-03-31,,,,,,,,,,,,,,,,,,,,,,,,,,,,,,40.00,,,,,,,false,true,12,2025-04-01,2026-03-31,1
