filing_date,code,fiscal_year_end,quarterly_period,net_sales,net_sales_change,revenue,revenue_change,operating_revenue,operating_revenue_change,operating_profit,operating_profit_change,ordinary_profit,ordinary_profit_change,net_income,net_income_of_parent,net_income_change,eps,diluted_eps,roe,roa,operating_profit_to_net_sales,operating_profit_to_revenue,total_assets,net_assets,equity_ratio,bps,owner_equity,operating_cash_flow,investing_cash_flow,financing_cash_flow,cash,dividend_per_share,payout_ratio,commemorative_dividend,extra_dividend,number_of_shares,number_of_treqsury_shares,avg_number_of_shares,is_consolidated,is_forecast,duration,period_start,period_end,period_pos
2015-05-15,93660,2015-03-31,,17830000000,0.045,,,,,565000000,0.060,385000000,0.119,126000000,,0.173,21.13,,0.018,0.017,0.032,,21323000000,7070000000,0.327,1162.03,6975000000,1299000000,137000000,-1903000000,2477000000,,0.757,,,,,,true,false,12,2014-04-01,2015-03-31,0
2015-05-15,93660,2014-03-31,,17062000000,0.109,,,,,533000000,,344000000,,108000000,,,18.01,,0.016,0.015,0.031,,22852000000,6983000000,0.302,1148.46,6893000000,1553000000,237000000,-1124000000,2877000000,,0.722,,,,,,true,false,12,2013-04-01,2014-03-31,-1
2015-05-15,93660,2016-03-31,,7970000000,-0.075,,,,,250000000,0.036,180000000,0.213,,70000000,,11.66,,,,,,,,,,,,,,,,,,,,,,true,true,6,2015-04-01,2015-09-30,1
2015-05-15,93660,2016-03-31,,16200000000,-0.091,,,,,680000000,0.203,560000000,0.452,,300000000,,49.98,,,,,,,,,,,,,,,,0.360,,,,,,true,true,12,2015-04-01,2016-03-31,1
2015-05-15,93660,2015-03-31,,14440000000,0.075,,,,,726000000,0.114,579000000,0.167,222000000,,-0.141,37.05,,,,,,19617000000,6311000000,0.322,1051.53,6311000000,,,,,16.00,,,,6006373,3876,6002654,false,false,12,2014-04-01,2015-03-31,0
2015-05-15,93660,2014-03-31,,13434000000,0.094,,,,,651000000,4.491,496000000,,258000000,,,43.12,,,,,,20991000000,6180000000,0.294,1029.64,6180000000,,,,,13.00,,,,6006373,3640,6002820,false,false,12,2013-04-01,2014-03-31,-1
2015-05-15,93660,2016-03-31,,6700000000,-0.038,,,,,,,580000000,2.007,450000000,,2.958,74.97,,,,,,,,,,,,,,,,,,,,,,false,true,6,2015-04-01,2015-09-30,1
2015-05-15,93660,2016-03-31,,13940000000,-0.035,,,,,,,950000000,0.639,690000000,,2.103,114.95,,,,,,,,,,,,,,,18.00,,,,,,,false,true,12,2015-04-01,2016-03-31,1
2015-07-31,93660,2016-03-31,1,3866000000,-0.073,,,,,101000000,0.176,64000000,0.755,,-53000000,,-8.96,,,,,,20432000000,6859000000,0.331,1126.66,6762000000,,,,,,,,,,,,true,false,3,2015-04-01,2015-06-30,0
2015-07-31,93660,2015-03-31,1,4169000000,0.114,,,,,86000000,3.998,36000000,,,6000000,,1.13,,,,,,,,,,,,,,,,,,,,,,true,false,3,2014-04-01,2014-06-30,-1
2015-07-31,93660,2016-03-31,1,7970000000,-0.075,,,,,250000000,0.036,180000000,0.213,,70000000,,11.66,,,,,,,,,,,,,,,,,,,,,,true,true,6,2015-04-01,2015-09-30,0
2015-07-31,93660,2016-03-31,1,16200000000,-0.091,,,,,680000000,0.203,560000000,0.452,,300000000,,49.98,,,,,,,,,,,,,,,,,,,,,,true,true,12,2015-04-01,2016-03-31,0
2015-07-31,93660,2015-03-31,1,,,,,,,,,,,,,,,,,,,,21323000000,7070000000,0.327,1162.03,6975000000,,,,,,,,,,,,true,false,12,2014-04-01,2015-03-31,-1
2015-07-31,93660,2015-03-31,1,,,,,,,,,,,,,,,,,,,,,,,,,,,,,16.00,,,,6006373,3876,,false,false,12,2014-04-01,2015-03-31,-1
2015-07-31,93660,2016-03-31,1,,,,,,,,,,,,,,,,,,,,,,,,,,,,,18.00,,,,,,,false,true,12,2015-04-01,2016-03-31,0
2015-07-31,93660,2016-03-31,1,,,,,,,,,,,,,,,,,,,,,,,,,,,,,,,,,6006373,3910,6002479,false,false,3,2015-04-01,2015-06-30,0
2015-07-31,93660,2015-03-31,1,,,,,,,,,,,,,,,,,,,,,,,,,,,,,,,,,,,6002733,false,false,3,2014-04-01,2014-06-30,-1
2015-10-30,93660,2016-03-31,2,7711000000,-0.105,,,,,324000000,0.343,252000000,0.700,,48000000,,8.16,,,,,,20234000000,6915000000,0.337,1135.93,6818000000,,,,,,,,,,,,true,false,6,2015-04-01,2015-09-30,0
2015-10-30,93660,2015-03-31,2,8617000000,0.106,,,,,241000000,0.513,148000000,1.164,,60000000,,10.03,,,,,,,,,,,,,,,,,,,,,,true,false,6,2014-04-01,2014-09-30,-1
2015-10-30,93660,2016-03-31,2,16200000000,-0.091,,,,,680000000,0.203,560000000,0.452,,300000000,,49.98,,,,,,,,,,,,,,,,,,,,,,true,true,12,2015-04-01,2016-03-31,0
2015-10-30,93660,2015-03-31,2,,,,,,,,,,,,,,,,,,,,21323000000,7070000000,0.327,1162.03,6975000000,,,,,,,,,,,,true,false,12,2014-04-01,2015-03-31,-1
2015-10-30,93660,2015-03-31,2,,,,,,,,,,,,,,,,,,,,,,,,,,,,,16.00,,,,6006373,3876,,false,false,12,2014-04-01,2015-03-31,-1
2015-10-30,93660,2016-03-31,2,,,,,,,,,,,,,,,,,,,,,,,,,,,,,0.00,,,,,,,false,false,12,2015-04-01,2016-03-31,0
2015-10-30,93660,2016-03-31,2,,,,,,,,,,,,,,,,,,,,,,,,,,,,,18.00,,,,,,,false,true,12,2015-04-01,2016-03-31,0
2015-10-30,93660,2016-03-31,2,,,,,,,,,,,,,,,,,,,,,,,,,,,,,,,,,6006373,3910,6002473,false,false,6,2015-04-01,2015-09-30,0
2015-10-30,93660,2015-03-31,2,,,,,,,,,,,,,,,,,,,,,,,,,,,,,,,,,,,6002721,false,false,6,2014-04-01,2014-09-30,-1
2016-01-29,93660,2016-03-31,3,11707000000,-0.122,,,,,622000000,0.218,518000000,0.377,,275000000,,45.91,,,,,,20362000000,7151000000,0.346,1175.21,7054000000,,,,,,,,,,,,true,false,9,2015-04-01,2015-12-31,0
2016-01-29,93660,2015-03-31,3,13331000000,0.080,,,,,510000000,0.517,376000000,0.912,,182000000,,30.44,,,,,,,,,,,,,,,,,,,,,,true,false,9,2014-04-01,2014-12-31,-1
2016-01-29,93660,2016-03-31,3,16200000000,-0.091,,,,,680000000,0.203,560000000,0.452,,300000000,,49.98,,,,,,,,,,,,,,,,,,,,,,true,true,12,2015-04-01,2016-03-31,0
2016-01-29,93660,2015-03-31,3,,,,,,,,,,,,,,,,,,,,21323000000,7070000000,0.327,1162.03,6975000000,,,,,,,,,,,,true,false,12,2014-04-01,2015-03-31,-1
2016-01-29,93660,2015-03-31,3,,,,,,,,,,,,,,,,,,,,,,,,,,,,,16.00,,,,6006373,3876,,false,false,12,2014-04-01,2015-03-31,-1
2016-01-29,93660,2016-03-31,3,,,,,,,,,,,,,,,,,,,,,,,,,,,,,0.00,,,,,,,false,false,12,2015-04-01,2016-03-31,0
2016-01-29,93660,2016-03-31,3,,,,,,,,,,,,,,,,,,,,,,,,,,,,,18.00,,,,,,,false,true,12,2015-04-01,2016-03-31,0
2016-01-29,93660,2016-03-31,3,,,,,,,,,,,,,,,,,,,,,,,,,,,,,,,,,6006373,3910,6002470,false,false,9,2015-04-01,2015-12-31,0
2016-01-29,93660,2015-03-31,3,,,,,,,,,,,,,,,,,,,,,,,,,,,,,,,,,,,6002690,false,false,9,2014-04-01,2014-12-31,-1
2016-05-10,93660,2016-03-31,,15647000000,-0.122,,,,,769000000,0.360,627000000,0.628,,305000000,,50.90,,0.044,0.030,0.049,,20269000000,7047000000,0.343,1157.51,6947000000,1262000000,-314000000,-1027000000,2384000000,,0.354,,,,,,true,false,12,2015-04-01,2016-03-31,0
2016-05-10,93660,2015-03-31,,17830000000,0.045,,,,,565000000,0.060,385000000,0.119,,126000000,,21.13,,0.018,0.017,0.032,,21323000000,7070000000,0.327,1162.03,6975000000,1299000000,137000000,-1903000000,2477000000,,0.757,,,,,,true,false,12,2014-04-01,2015-03-31,-1
2016-05-10,93660,2017-03-31,,7220000000,-0.064,,,,,180000000,-0.445,110000000,-0.564,,50000000,,8.33,,,,,,,,,,,,,,,,,,,,,,true,true,6,2016-04-01,2016-09-30,1
2016-05-10,93660,2017-03-31,,14730000000,-0.059,,,,,600000000,-0.220,450000000,-0.283,,250000000,,41.65,,,,,,,,,,,,,,,,0.360,,,,,,true,true,12,2016-04-01,2017-03-31,1
2016-05-10,93660,2016-03-31,,13543000000,-0.062,,,,,835000000,0.151,1025000000,0.769,702000000,,2.158,117.01,,,,,,19512000000,6820000000,0.350,1136.29,6820000000,,,,,18.00,,,,6006373,3910,6002468,false,false,12,2015-04-01,2016-03-31,0
2016-05-10,93660,2015-03-31,,14440000000,0.075,,,,,726000000,0.114,579000000,0.167,222000000,,-0.141,37.05,,,,,,19617000000,6311000000,0.322,1051.53,6311000000,,,,,16.00,,,,6006373,3876,6002654,false,false,12,2014-04-01,2015-03-31,-1
2016-05-10,93660,2017-03-31,,6270000000,-0.044,,,,,,,140000000,-0.778,80000000,,-0.830,13.33,,,,,,,,,,,,,,,,,,,,,,false,true,6,2016-04-01,2016-09-30,1
2016-05-10,93660,2017-03-31,,12820000000,-0.053,,,,,,,470000000,-0.542,260000000,,-0.630,43.32,,,,,,,,,,,,,,,15.00,,,,,,,false,true,12,2016-04-01,2017-03-31,1
2016-07-29,93660,2017-03-31,1,3548000000,-0.082,,,,,56000000,-0.443,24000000,-0.616,,35000000,,5.87,,,,,,20004000000,6916000000,0.341,1136.81,6823000000,,,,,,,,,,,,true,false,3,2016-04-01,2016-06-30,0
2016-07-29,93660,2016-03-31,1,3866000000,-0.073,,,,,101000000,0.176,64000000,0.755,,-53000000,,-8.96,,,,,,,,,,,,,,,,,,,,,,true,false,3,2015-04-01,2015-06-30,-1
2016-07-29,93660,2017-03-31,1,7220000000,-0.064,,,,,180000000,-0.445,110000000,-0.564,,50000000,,8.33,,,,,,,,,,,,,,,,,,,,,,true,true,6,2016-04-01,2016-09-30,0
2016-07-29,93660,2017-03-31,1,14730000000,-0.059,,,,,600000000,-0.220,450000000,-0.283,,250000000,,41.65,,,,,,,,,,,,,,,,,,,,,,true,true,12,2016-04-01,2017-03-31,0
2016-07-29,93660,2016-03-31,1,,,,,,,,,,,,,,,,,,,,20269000000,7047000000,0.343,1157.51,6947000000,,,,,,,,,,,,true,false,12,2015-04-01,2016-03-31,-1
2016-07-29,93660,2016-03-31,1,,,,,,,,,,,,,,,,,,,,,,,,,,,,,18.00,,,,6006373,3910,,false,false,12,2015-04-01,2016-03-31,-1
2016-07-29,93660,2017-03-31,1,,,,,,,,,,,,,,,,,,,,,,,,,,,,,15.00,,,,,,,false,true,12,2016-04-01,2017-03-31,0
2016-07-29,93660,2017-03-31,1,,,,,,,,,,,,,,,,,,,,,,,,,,,,,,,,,6006373,3952,6002453,false,false,3,2016-04-01,2016-06-30,0
2016-07-29,93660,2016-03-31,1,,,,,,,,,,,,,,,,,,,,,,,,,,,,,,,,,,,6002479,false,false,3,2015-04-01,2015-06-30,-1
2016-10-31,93660,2017-03-31,2,7187000000,-0.068,,,,,218000000,-0.327,158000000,-0.371,,37000000,,6.45,,,,,,19316000000,6793000000,0.347,1200.02,6699000000,,,,,,,,,,,,true,false,6,2016-04-01,2016-09-30,0
2016-10-31,93660,2016-03-31,2,7711000000,-0.105,,,,,324000000,0.343,252000000,0.700,,48000000,,8.16,,,,,,,,,,,,,,,,,,,,,,true,false,6,2015-04-01,2015-09-30,-1
2016-10-31,93660,2017-03-31,2,14730000000,-0.059,,,,,600000000,-0.220,450000000,-0.283,,250000000,,41.65,,,,,,,,,,,,,,,,,,,,,,true,true,12,2016-04-01,2017-03-31,0
2016-10-31,93660,2016-03-31,2,,,,,,,,,,,,,,,,,,,,20269000000,7047000000,0.343,1157.51,6947000000,,,,,,,,,,,,true,false,12,2015-04-01,2016-03-31,-1
2016-10-31,93660,2016-03-31,2,,,,,,,,,,,,,,,,,,,,,,,,,,,,,18.00,,,,6006373,3910,,false,false,12,2015-04-01,2016-03-31,-1
2016-10-31,93660,2017-03-31,2,,,,,,,,,,,,,,,,,,,,,,,,,,,,,0.00,,,,,,,false,false,12,2016-04-01,2017-03-31,0
2016-10-31,93660,2017-03-31,2,,,,,,,,,,,,,,,,,,,,,,,,,,,,,15.00,,,,,,,false,true,12,2016-04-01,2017-03-31,0
2016-10-31,93660,2017-03-31,2,,,,,,,,,,,,,,,,,,,,,,,,,,,,,,,,,6006373,423952,5882439,false,false,6,2016-04-01,2016-09-30,0
2016-10-31,93660,2016-03-31,2,,,,,,,,,,,,,,,,,,,,,,,,,,,,,,,,,,,6002473,false,false,6,2015-04-01,2015-09-30,-1
2017-01-31,93660,2017-03-31,3,10862000000,-0.072,,,,,429000000,-0.310,335000000,-0.352,,157000000,,27.19,,,,,,19064000000,6995000000,0.362,1235.79,6898000000,,,,,,,,,,,,true,false,9,2016-04-01,2016-12-31,0
2017-01-31,93660,2016-03-31,3,11707000000,-0.122,,,,,622000000,0.218,518000000,0.377,,275000000,,45.91,,,,,,,,,,,,,,,,,,,,,,true,false,9,2015-04-01,2015-12-31,-1
2017-01-31,93660,2017-03-31,3,14730000000,-0.059,,,,,600000000,-0.220,450000000,-0.283,,250000000,,41.65,,,,,,,,,,,,,,,,,,,,,,true,true,12,2016-04-01,2017-03-31,0
2017-01-31,93660,2016-03-31,3,,,,,,,,,,,,,,,,,,,,20269000000,7047000000,0.343,1157.51,6947000000,,,,,,,,,,,,true,false,12,2015-04-01,2016-03-31,-1
2017-01-31,93660,2016-03-31,3,,,,,,,,,,,,,,,,,,,,,,,,,,,,,18.00,,,,6006373,3910,,false,false,12,2015-04-01,2016-03-31,-1
2017-01-31,93660,2017-03-31,3,,,,,,,,,,,,,,,,,,,,,,,,,,,,,0.00,,,,,,,false,false,12,2016-04-01,2017-03-31,0
2017-01-31,93660,2017-03-31,3,,,,,,,,,,,,,,,,,,,,,,,,,,,,,15.00,,,,,,,false,true,12,2016-04-01,2017-03-31,0
2017-01-31,93660,2017-03-31,3,,,,,,,,,,,,,,,,,,,,,,,,,,,,,,,,,6006373,423952,5792434,false,false,9,2016-04-01,2016-12-31,0
2017-01-31,93660,2016-03-31,3,,,,,,,,,,,,,,,,,,,,,,,,,,,,,,,,,,,6002470,false,false,9,2015-04-01,2015-12-31,-1
2017-05-11,93660,2017-03-31,,14626000000,-0.065,,,,,627000000,-0.184,478000000,-0.238,,258000000,,45.03,,0.037,0.024,0.043,,18823000000,7130000000,0.374,1259.60,7031000000,669000000,-253000000,-1355000000,1424000000,,0.355,,,,,,true,false,12,2016-04-01,2017-03-31,0
2017-05-11,93660,2016-03-31,,15647000000,-0.122,,,,,769000000,0.360,627000000,0.628,,305000000,,50.90,,0.044,0.030,0.049,,20269000000,7047000000,0.343,1157.51,6947000000,1262000000,-314000000,-1027000000,2384000000,,0.354,,,,,,true,false,12,2015-04-01,2016-03-31,-1
2017-05-11,93660,2018-03-31,,7100000000,-0.012,,,,,220000000,0.009,160000000,0.008,,100000000,,17.41,,,,,,,,,,,,,,,,,,,,,,true,true,6,2017-04-01,2017-09-30,1
2017-05-11,93660,2018-03-31,,14800000000,0.012,,,,,690000000,0.100,570000000,0.191,,340000000,,59.19,,,,,,,,,,,,,,,,0.372,,,,,,true,true,12,2017-04-01,2018-03-31,1
2017-05-11,93660,2016-03-31,,,,,,,,,,,,,,,,,,,,,,,,,,,,,,18.00,,,,6006373,3910,6002468,false,false,12,2015-04-01,2016-03-31,-1
2017-05-11,93660,2017-03-31,,,,,,,,,,,,,,,,,,,,,,,,,,,,,,16.00,,,,6006373,423992,5743965,false,false,12,2016-04-01,2017-03-31,0
2017-05-11,93660,2018-03-31,,,,,,,,,,,,,,,,,,,,,,,,,,,,,,22.00,,,,,,,false,true,12,2017-04-01,2018-03-31,1
2017-07-31,93660,2018-03-31,1,3651000000,0.029,,,,,113000000,1.009,86000000,2.527,,53000000,,9.59,9.58,,,,,19116000000,7129000000,0.367,1257.31,7018000000,,,,,,,,,,,,true,false,3,2017-04-01,2017-06-30,0
2017-07-31,93660,2017-03-31,1,3548000000,-0.082,,,,,56000000,-0.443,24000000,-0.616,,35000000,,5.87,,,,,,,,,,,,,,,,,,,,,,true,false,3,2016-04-01,2016-06-30,-1
2017-07-31,93660,2018-03-31,1,7100000000,-0.012,,,,,220000000,0.009,160000000,0.008,,100000000,,17.41,,,,,,,,,,,,,,,,,,,,,,true,true,6,2017-04-01,2017-09-30,0
2017-07-31,93660,2018-03-31,1,14800000000,0.012,,,,,690000000,0.100,570000000,0.191,,340000000,,59.19,,,,,,,,,,,,,,,,,,,,,,true,true,12,2017-04-01,2018-03-31,0
2017-07-31,93660,2017-03-31,1,,,,,,,,,,,,,,,,,,,,18823000000,7130000000,0.374,1259.60,7031000000,,,,,,,,,,,,true,false,12,2016-04-01,2017-03-31,-1
2017-07-31,93660,2017-03-31,1,,,,,,,,,,,,,,,,,,,,,,,,,,,,,16.00,,,,6006373,423992,,false,false,12,2016-04-01,2017-03-31,-1
2017-07-31,93660,2018-03-31,1,,,,,,,,,,,,,,,,,,,,,,,,,,,,,22.00,,,,,,,false,true,12,2017-04-01,2018-03-31,0
2017-07-31,93660,2018-03-31,1,,,,,,,,,,,,,,,,,,,,,,,,,,,,,,,,,6006373,423992,5582381,false,false,3,2017-04-01,2017-06-30,0
2017-07-31,93660,2017-03-31,1,,,,,,,,,,,,,,,,,,,,,,,,,,,,,,,,,,,6002453,false,false,3,2016-04-01,2016-06-30,-1
2017-10-31,93660,2018-03-31,2,7752000000,0.079,,,,,290000000,0.330,241000000,0.520,,156000000,,27.97,27.87,,,,,18824000000,7268000000,0.380,1282.09,7157000000,,,,,,,,,,,,true,false,6,2017-04-01,2017-09-30,0
2017-10-31,93660,2017-03-31,2,7187000000,-0.068,,,,,218000000,-0.327,158000000,-0.371,,37000000,,6.45,,,,,,,,,,,,,,,,,,,,,,true,false,6,2016-04-01,2016-09-30,-1
2017-10-31,93660,2018-03-31,2,14800000000,0.012,,,,,690000000,0.100,570000000,0.191,,340000000,,59.19,,,,,,,,,,,,,,,,,,,,,,true,true,12,2017-04-01,2018-03-31,0
2017-10-31,93660,2017-03-31,2,,,,,,,,,,,,,,,,,,,,18823000000,7130000000,0.374,1259.60,7031000000,,,,,,,,,,,,true,false,12,2016-04-01,2017-03-31,-1
2017-10-31,93660,2017-03-31,2,,,,,,,,,,,,,,,,,,,,,,,,,,,,,16.00,,,,6006373,423992,,false,false,12,2016-04-01,2017-03-31,-1
2017-10-31,93660,2018-03-31,2,,,,,,,,,,,,,,,,,,,,,,,,,,,,,0.00,,,,,,,false,false,12,2017-04-01,2018-03-31,0
2017-10-31,93660,2018-03-31,2,,,,,,,,,,,,,,,,,,,,,,,,,,,,,22.00,,,,,,,false,true,12,2017-04-01,2018-03-31,0
2017-10-31,93660,2018-03-31,2,,,,,,,,,,,,,,,,,,,,,,,,,,,,,,,,,6006373,423992,5582381,false,false,6,2017-04-01,2017-09-30,0
2017-10-31,93660,2017-03-31,2,,,,,,,,,,,,,,,,,,,,,,,,,,,,,,,,,,,5882439,false,false,6,2016-04-01,2016-09-30,-1
2017-11-30,93660,2018-03-31,,15600000000,0.054,,,,,750000000,0.087,620000000,0.088,,380000000,,66.16,,,,,,,,,,,,,,,,,,,,,,true,true,12,2017-04-01,2018-03-31,0
2017-11-30,93660,2017-03-31,,14626000000,,,,,,627000000,,478000000,,,258000000,,45.03,,,,,,,,,,,,,,,,,,,,,,true,false,12,2016-04-01,2017-03-31,-1
2018-01-31,93660,2018-03-31,3,12146000000,0.118,,,,,614000000,0.432,537000000,0.602,,365000000,,65.51,65.22,,,,,19432000000,7540000000,0.382,1330.91,7429000000,,,,,,,,,,,,true,false,9,2017-04-01,2017-12-31,0
2018-01-31,93660,2017-03-31,3,10862000000,-0.072,,,,,429000000,-0.310,335000000,-0.352,,157000000,,27.19,,,,,,,,,,,,,,,,,,,,,,true,false,9,2016-04-01,2016-12-31,-1
2018-01-31,93660,2018-03-31,3,15600000000,0.067,,,,,750000000,0.196,620000000,0.296,,380000000,,66.16,,,,,,,,,,,,,,,,,,,,,,true,true,12,2017-04-01,2018-03-31,0
2018-01-31,93660,2017-03-31,3,,,,,,,,,,,,,,,,,,,,18823000000,7130000000,0.374,1259.60,7031000000,,,,,,,,,,,,true,false,12,2016-04-01,2017-03-31,-1
2018-01-31,93660,2017-03-31,3,,,,,,,,,,,,,,,,,,,,,,,,,,,,,16.00,,,,6006373,423992,,false,false,12,2016-04-01,2017-03-31,-1
2018-01-31,93660,2018-03-31,3,,,,,,,,,,,,,,,,,,,,,,,,,,,,,0.00,,,,,,,false,false,12,2017-04-01,2018-03-31,0
2018-01-31,93660,2018-03-31,3,,,,,,,,,,,,,,,,,,,,,,,,,,,,,22.00,,,,,,,false,true,12,2017-04-01,2018-03-31,0
2018-01-31,93660,2018-03-31,3,,,,,,,,,,,,,,,,,,,,,,,,,,,,,,,,,6006373,424092,5582371,false,false,9,2017-04-01,2017-12-31,0
2018-01-31,93660,2017-03-31,3,,,,,,,,,,,,,,,,,,,,,,,,,,,,,,,,,,,5792434,false,false,9,2016-04-01,2016-12-31,-1
2018-05-10,93660,2018-03-31,,16623000000,0.137,,,,,817000000,0.303,711000000,0.488,,459000000,,82.31,81.91,0.063,0.037,0.049,,19554000000,7640000000,0.385,1348.76,7529000000,1152000000,-313000000,-605000000,1658000000,,0.292,,,,,,true,false,12,2017-04-01,2018-03-31,0
2018-05-10,93660,2017-03-31,,14626000000,-0.065,,,,,627000000,-0.184,478000000,-0.238,,258000000,,45.03,,0.037,0.024,0.043,,18823000000,7130000000,0.374,1259.60,7031000000,669000000,-253000000,-1355000000,1424000000,,0.355,,,,,,true,false,12,2016-04-01,2017-03-31,-1
2018-05-10,93660,2019-03-31,,8000000000,0.032,,,,,360000000,0.241,320000000,0.326,,190000000,,34.04,,,,,,,,,,,,,,,,,,,,,,true,true,6,2018-04-01,2018-09-30,1
2018-05-10,93660,2019-03-31,,16500000000,-0.007,,,,,900000000,0.102,810000000,0.138,,480000000,,85.99,,,,,,,,,,,,,,,,0.291,,,,,,true,true,12,2018-04-01,2019-03-31,1
2018-05-10,93660,2017-03-31,,,,,,,,,,,,,,,,,,,,,,,,,,,,,,16.00,,,,6006373,423992,5743965,false,false,12,2016-04-01,2017-03-31,-1
2018-05-10,93660,2018-03-31,,,,,,,,,,,,,,,,,,,,,,,,,,,,,,24.00,,,,6006373,424102,5582349,false,false,12,2017-04-01,2018-03-31,0
2018-05-10,93660,2019-03-31,,,,,,,,,,,,,,,,,,,,,,,,,,,,,,25.00,,,,,,,false,true,12,2018-04-01,2019-03-31,1
2018-07-31,93660,2019-03-31,1,4172000000,0.143,,,,,187000000,0.649,162000000,0.876,,115000000,,20.68,20.54,,,,,19178000000,7603000000,0.390,1340.00,7480000000,,,,,,,,,,,,true,false,3,2018-04-01,2018-06-30,0
2018-07-31,93660,2018-03-31,1,3651000000,0.029,,,,,113000000,1.009,86000000,2.527,,53000000,,9.59,9.58,,,,,,,,,,,,,,,,,,,,,true,false,3,2017-04-01,2017-06-30,-1
2018-07-31,93660,2019-03-31,1,8000000000,0.032,,,,,360000000,0.241,320000000,0.326,,190000000,,34.04,,,,,,,,,,,,,,,,,,,,,,true,true,6,2018-04-01,2018-09-30,0
2018-07-31,93660,2019-03-31,1,16500000000,-0.007,,,,,900000000,0.102,810000000,0.138,,480000000,,85.99,,,,,,,,,,,,,,,,,,,,,,true,true,12,2018-04-01,2019-03-31,0
2018-07-31,93660,2018-03-31,1,,,,,,,,,,,,,,,,,,,,19554000000,7640000000,0.385,1348.76,7529000000,,,,,,,,,,,,true,false,12,2017-04-01,2018-03-31,-1
2018-07-31,93660,2018-03-31,1,,,,,,,,,,,,,,,,,,,,,,,,,,,,,24.00,,,,6006373,424102,,false,false,12,2017-04-01,2018-03-31,-1
2018-07-31,93660,2019-03-31,1,,,,,,,,,,,,,,,,,,,,,,,,,,,,,25.00,,,,,,,false,true,12,2018-04-01,2019-03-31,0
2018-07-31,93660,2019-03-31,1,,,,,,,,,,,,,,,,,,,,,,,,,,,,,,,,,6006373,424102,5582271,false,false,3,2018-04-01,2018-06-30,0
2018-07-31,93660,2018-03-31,1,,,,,,,,,,,,,,,,,,,,,,,,,,,,,,,,,,,5582381,false,false,3,2017-04-01,2017-06-30,-1
2018-10-31,93660,2019-03-31,2,8517000000,0.099,,,,,474000000,0.637,430000000,0.782,,287000000,,51.58,51.15,,,,,19271000000,7821000000,0.399,1379.01,7697000000,,,,,,,,,,,,true,false,6,2018-04-01,2018-09-30,0
2018-10-31,93660,2018-03-31,2,7752000000,0.079,,,,,290000000,0.330,241000000,0.520,,156000000,,27.97,27.87,,,,,,,,,,,,,,,,,,,,,true,false,6,2017-04-01,2017-09-30,-1
2018-10-31,93660,2019-03-31,2,16500000000,-0.007,,,,,900000000,0.102,810000000,0.138,,480000000,,85.99,,,,,,,,,,,,,,,,,,,,,,true,true,12,2018-04-01,2019-03-31,0
2018-10-31,93660,2018-03-31,2,,,,,,,,,,,,,,,,,,,,19554000000,7640000000,0.385,1348.76,7529000000,,,,,,,,,,,,true,false,12,2017-04-01,2018-03-31,-1
2018-10-31,93660,2018-03-31,2,,,,,,,,,,,,,,,,,,,,,,,,,,,,,24.00,,,,6006373,424102,,false,false,12,2017-04-01,2018-03-31,-1
2018-10-31,93660,2019-03-31,2,,,,,,,,,,,,,,,,,,,,,,,,,,,,,0.00,,,,,,,false,false,12,2018-04-01,2019-03-31,0
2018-10-31,93660,2019-03-31,2,,,,,,,,,,,,,,,,,,,,,,,,,,,,,25.00,,,,,,,false,true,12,2018-04-01,2019-03-31,0
2018-10-31,93660,2019-03-31,2,,,,,,,,,,,,,,,,,,,,,,,,,,,,,,,,,6006373,424154,5582249,false,false,6,2018-04-01,2018-09-30,0
2018-10-31,93660,2018-03-31,2,,,,,,,,,,,,,,,,,,,,,,,,,,,,,,,,,,,5582381,false,false,6,2017-04-01,2017-09-30,-1
2019-01-31,93660,2019-03-31,3,13166000000,0.084,,,,,841000000,0.370,778000000,0.448,,534000000,,95.73,94.88,,,,,19565000000,7967000000,0.401,1404.81,7841000000,,,,,,,,,,,,true,false,9,2018-04-01,2018-12-31,0
2019-01-31,93660,2018-03-31,3,12146000000,0.118,,,,,614000000,0.432,537000000,0.602,,365000000,,65.51,65.22,,,,,,,,,,,,,,,,,,,,,true,false,9,2017-04-01,2017-12-31,-1
2019-01-31,93660,2019-03-31,3,16500000000,-0.007,,,,,900000000,0.102,810000000,0.138,,480000000,,85.99,,,,,,,,,,,,,,,,,,,,,,true,true,12,2018-04-01,2019-03-31,0
2019-01-31,93660,2018-03-31,3,,,,,,,,,,,,,,,,,,,,19554000000,7640000000,0.385,1348.76,7529000000,,,,,,,,,,,,true,false,12,2017-04-01,2018-03-31,-1
2019-01-31,93660,2018-03-31,3,,,,,,,,,,,,,,,,,,,,,,,,,,,,,24.00,,,,6006373,424102,,false,false,12,2017-04-01,2018-03-31,-1
2019-01-31,93660,2019-03-31,3,,,,,,,,,,,,,,,,,,,,,,,,,,,,,0.00,,,,,,,false,false,12,2018-04-01,2019-03-31,0
2019-01-31,93660,2019-03-31,3,,,,,,,,,,,,,,,,,,,,,,,,,,,,,25.00,,,,,,,false,true,12,2018-04-01,2019-03-31,0
2019-01-31,93660,2019-03-31,3,,,,,,,,,,,,,,,,,,,,,,,,,,,,,,,,,6006373,424252,5582230,false,false,9,2018-04-01,2018-12-31,0
2019-01-31,93660,2018-03-31,3,,,,,,,,,,,,,,,,,,,,,,,,,,,,,,,,,,,5582371,false,false,9,2017-04-01,2017-12-31,-1
,93660,2019-03-31,,,,,,,,,,,,,,,,,,,,,,,,,,,,,,27.00,,,,,,,false,true,12,2018-04-01,2019-03-31,0
,93660,2019-03-31,,,,,,,,,,,,,,,,,,,,,,,,,,,,,,0.00,,,,,,,false,false,12,2018-04-01,2019-03-31,0
,93660,2018-03-31,,,,,,,,,,,,,,,,,,,,,,,,,,,,,,24.00,,,,,,,false,false,12,2017-04-01,2018-03-31,-1
2019-05-14,93660,2019-03-31,,17631000000,0.061,,,,,980000000,0.200,883000000,0.241,,586000000,,105.14,104.19,0.076,0.045,0.056,,19377000000,8057000000,0.409,1421.08,7932000000,1037000000,-635000000,-609000000,1444000000,,0.266,,,,,,true,false,12,2018-04-01,2019-03-31,0
2019-05-14,93660,2018-03-31,,16623000000,0.137,,,,,817000000,0.303,711000000,0.488,,459000000,,82.31,81.91,0.063,0.037,0.049,,19554000000,7640000000,0.385,1348.76,7529000000,1152000000,-313000000,-605000000,1658000000,,0.292,,,,,,true,false,12,2017-04-01,2018-03-31,-1
2019-05-14,93660,2020-03-31,,8000000000,-0.061,,,,,400000000,-0.158,360000000,-0.163,,220000000,,39.41,,,,,,,,,,,,,,,,,,,,,,true,true,6,2019-04-01,2019-09-30,1
2019-05-14,93660,2020-03-31,,16800000000,-0.047,,,,,940000000,-0.041,850000000,-0.038,,520000000,,93.15,,,,,,,,,,,,,,,,0.301,,,,,,true,true,12,2019-04-01,2020-03-31,1
2019-05-14,93660,2018-03-31,,,,,,,,,,,,,,,,,,,,,,,,,,,,,,24.00,,,,6006373,424102,5582349,false,false,12,2017-04-01,2018-03-31,-1
2019-05-14,93660,2019-03-31,,,,,,,,,,,,,,,,,,,,,,,,,,,,,,28.00,,,,6006373,424252,5582205,false,false,12,2018-04-01,2019-03-31,0
2019-05-14,93660,2020-03-31,,,,,,,,,,,,,,,,,,,,,,,,,,,,,,28.00,,,,,,,false,true,12,2019-04-01,2020-03-31,1
2019-07-31,93660,2020-03-31,1,3950000000,-0.053,,,,,156000000,-0.166,132000000,-0.188,,82000000,,14.83,14.66,,,,,19712000000,8005000000,0.399,1408.63,7863000000,,,,,,,,,,,,true,false,3,2019-04-01,2019-06-30,0
2019-07-31,93660,2019-03-31,1,4172000000,0.143,,,,,187000000,0.649,162000000,0.876,,115000000,,20.68,20.54,,,,,,,,,,,,,,,,,,,,,true,false,3,2018-04-01,2018-06-30,-1
2019-07-31,93660,2020-03-31,1,8000000000,-0.061,,,,,400000000,-0.158,360000000,-0.163,,220000000,,39.41,,,,,,,,,,,,,,,,,,,,,,true,true,6,2019-04-01,2019-09-30,0
2019-07-31,93660,2020-03-31,1,16800000000,-0.047,,,,,940000000,-0.041,850000000,-0.038,,520000000,,93.15,,,,,,,,,,,,,,,,,,,,,,true,true,12,2019-04-01,2020-03-31,0
2019-07-31,93660,2019-03-31,1,,,,,,,,,,,,,,,,,,,,19377000000,8057000000,0.409,1421.08,7932000000,,,,,,,,,,,,true,false,12,2018-04-01,2019-03-31,-1
2019-07-31,93660,2019-03-31,1,,,,,,,,,,,,,,,,,,,,,,,,,,,,,28.00,,,,6006373,424252,,false,false,12,2018-04-01,2019-03-31,-1
2019-07-31,93660,2020-03-31,1,,,,,,,,,,,,,,,,,,,,,,,,,,,,,28.00,,,,,,,false,true,12,2019-04-01,2020-03-31,0
2019-07-31,93660,2020-03-31,1,,,,,,,,,,,,,,,,,,,,,,,,,,,,,,,,,6006373,424252,5582121,false,false,3,2019-04-01,2019-06-30,0
2019-07-31,93660,2019-03-31,1,,,,,,,,,,,,,,,,,,,,,,,,,,,,,,,,,,,5582271,false,false,3,2018-04-01,2018-06-30,-1
2019-10-31,93660,2020-03-31,2,8190000000,-0.038,,,,,414000000,-0.127,376000000,-0.125,,253000000,,45.41,44.75,,,,,19795000000,8142000000,0.404,1433.07,7999000000,,,,,,,,,,,,true,false,6,2019-04-01,2019-09-30,0
2019-10-31,93660,2019-03-31,2,8517000000,0.099,,,,,474000000,0.637,430000000,0.782,,287000000,,51.58,51.15,,,,,,,,,,,,,,,,,,,,,true,false,6,2018-04-01,2018-09-30,-1
2019-10-31,93660,2020-03-31,2,16800000000,-0.047,,,,,940000000,-0.041,850000000,-0.038,,520000000,,93.15,,,,,,,,,,,,,,,,,,,,,,true,true,12,2019-04-01,2020-03-31,0
2019-10-31,93660,2019-03-31,2,,,,,,,,,,,,,,,,,,,,19377000000,8057000000,0.409,1421.08,7932000000,,,,,,,,,,,,true,false,12,2018-04-01,2019-03-31,-1
2019-10-31,93660,2019-03-31,2,,,,,,,,,,,,,,,,,,,,,,,,,,,,,28.00,,,,6006373,424252,,false,false,12,2018-04-01,2019-03-31,-1
2019-10-31,93660,2020-03-31,2,,,,,,,,,,,,,,,,,,,,,,,,,,,,,0.00,,,,,,,false,false,12,2019-04-01,2020-03-31,0
2019-10-31,93660,2020-03-31,2,,,,,,,,,,,,,,,,,,,,,,,,,,,,,28.00,,,,,,,false,true,12,2019-04-01,2020-03-31,0
2019-10-31,93660,2020-03-31,2,,,,,,,,,,,,,,,,,,,,,,,,,,,,,,,,,6006373,424252,5582121,false,false,6,2019-04-01,2019-09-30,0
2019-10-31,93660,2019-03-31,2,,,,,,,,,,,,,,,,,,,,,,,,,,,,,,,,,,,5582249,false,false,6,2018-04-01,2018-09-30,-1
2020-01-31,93660,2020-03-31,3,12421000000,-0.057,,,,,667000000,-0.207,616000000,-0.208,,326000000,,58.50,57.58,,,,,19277000000,8246000000,0.420,1451.83,8104000000,,,,,,,,,,,,true,false,9,2019-04-01,2019-12-31,0
2020-01-31,93660,2019-03-31,3,13166000000,0.084,,,,,841000000,0.370,778000000,0.448,,534000000,,95.73,94.88,,,,,,,,,,,,,,,,,,,,,true,false,9,2018-04-01,2018-12-31,-1
2020-01-31,93660,2020-03-31,3,16800000000,-0.047,,,,,940000000,-0.041,850000000,-0.038,,520000000,,93.15,,,,,,,,,,,,,,,,,,,,,,true,true,12,2019-04-01,2020-03-31,0
2020-01-31,93660,2019-03-31,3,,,,,,,,,,,,,,,,,,,,19377000000,8057000000,0.409,1421.08,7932000000,,,,,,,,,,,,true,false,12,2018-04-01,2019-03-31,-1
2020-01-31,93660,2019-03-31,3,,,,,,,,,,,,,,,,,,,,,,,,,,,,,28.00,,,,6006373,424252,,false,false,12,2018-04-01,2019-03-31,-1
2020-01-31,93660,2020-03-31,3,,,,,,,,,,,,,,,,,,,,,,,,,,,,,0.00,,,,,,,false,false,12,2019-04-01,2020-03-31,0
2020-01-31,93660,2020-03-31,3,,,,,,,,,,,,,,,,,,,,,,,,,,,,,28.00,,,,,,,false,true,12,2019-04-01,2020-03-31,0
2020-01-31,93660,2020-03-31,3,,,,,,,,,,,,,,,,,,,,,,,,,,,,,,,,,6006373,424252,5582121,false,false,9,2019-04-01,2019-12-31,0
2020-01-31,93660,2019-03-31,3,,,,,,,,,,,,,,,,,,,,,,,,,,,,,,,,,,,5582230,false,false,9,2018-04-01,2018-12-31,-1
2020-07-15,93660,2020-03-31,,16420000000,-0.069,,,,,831000000,-0.152,770000000,-0.128,,478000000,,85.76,84.36,0.059,0.040,0.051,,18947000000,8334000000,0.432,1467.46,8191000000,2163000000,-1004000000,-853000000,1736000000,,0.303,,,,,,true,false,12,2019-04-01,2020-03-31,0
2020-07-15,93660,2019-03-31,,17631000000,0.061,,,,,980000000,0.200,883000000,0.241,,586000000,,105.14,104.19,0.076,0.045,0.056,,19377000000,8057000000,0.409,1421.08,7932000000,1037000000,-635000000,-609000000,1444000000,,0.266,,,,,,true,false,12,2018-04-01,2019-03-31,-1
2020-07-15,93660,2019-03-31,,,,,,,,,,,,,,,,,,,,,,,,,,,,,,28.00,,,,6006373,424252,5582205,false,false,12,2018-04-01,2019-03-31,-1
2020-07-15,93660,2020-03-31,,,,,,,,,,,,,,,,,,,,,,,,,,,,,,26.00,,,,6006373,424347,5582099,false,false,12,2019-04-01,2020-03-31,0
2020-08-31,93660,2021-03-31,1,3491000000,-0.116,,,,,57000000,-0.630,43000000,-0.669,,37000000,,6.77,6.64,,,,,20206000000,8399000000,0.409,1480.06,8261000000,,,,,,,,,,,,true,false,3,2020-04-01,2020-06-30,0
2020-08-31,93660,2020-03-31,1,3950000000,-0.053,,,,,156000000,-0.166,132000000,-0.188,,82000000,,14.83,14.66,,,,,,,,,,,,,,,,,,,,,true,false,3,2019-04-01,2019-06-30,-1
2020-08-31,93660,2020-03-31,1,,,,,,,,,,,,,,,,,,,,18947000000,8334000000,0.432,1467.46,8191000000,,,,,,,,,,,,true,false,12,2019-04-01,2020-03-31,-1
2020-08-31,93660,2020-03-31,1,,,,,,,,,,,,,,,,,,,,,,,,,,,,,26.00,,,,6006373,424347,,false,false,12,2019-04-01,2020-03-31,-1
2020-08-31,93660,2021-03-31,1,,,,,,,,,,,,,,,,,,,,,,,,,,,,,,,,,6006373,424347,5582026,false,false,3,2020-04-01,2020-06-30,0
2020-08-31,93660,2020-03-31,1,,,,,,,,,,,,,,,,,,,,,,,,,,,,,,,,,,,5582121,false,false,3,2019-04-01,2019-06-30,-1
2020-10-30,93660,2021-03-31,2,7062000000,-0.138,,,,,205000000,-0.503,169000000,-0.550,,170000000,,30.53,29.90,,,,,20310000000,8386000000,0.406,1474.29,8242000000,,,,,,,,,,,,true,false,6,2020-04-01,2020-09-30,0
2020-10-30,93660,2020-03-31,2,8190000000,-0.038,,,,,414000000,-0.127,376000000,-0.125,,253000000,,45.41,44.75,,,,,,,,,,,,,,,,,,,,,true,false,6,2019-04-01,2019-09-30,-1
2020-10-30,93660,2021-03-31,2,14500000000,-0.117,,,,,370000000,-0.555,340000000,-0.559,,250000000,,44.77,,,,,,,,,,,,,,,,,,,,,,true,true,12,2020-04-01,2021-03-31,0
2020-10-30,93660,2020-03-31,2,,,,,,,,,,,,,,,,,,,,18947000000,8334000000,0.432,1467.46,8191000000,,,,,,,,,,,,true,false,12,2019-04-01,2020-03-31,-1
2020-10-30,93660,2020-03-31,2,,,,,,,,,,,,,,,,,,,,,,,,,,,,,26.00,,,,6006373,424347,,false,false,12,2019-04-01,2020-03-31,-1
2020-10-30,93660,2021-03-31,2,,,,,,,,,,,,,,,,,,,,,,,,,,,,,0.00,,,,,,,false,false,12,2020-04-01,2021-03-31,0
2020-10-30,93660,2021-03-31,2,,,,,,,,,,,,,,,,,,,,,,,,,,,,,13.00,,,,,,,false,true,12,2020-04-01,2021-03-31,0
2020-10-30,93660,2021-03-31,2,,,,,,,,,,,,,,,,,,,,,,,,,,,,,,,,,6006373,415447,5584569,false,false,6,2020-04-01,2020-09-30,0
2020-10-30,93660,2020-03-31,2,,,,,,,,,,,,,,,,,,,,,,,,,,,,,,,,,,,5582121,false,false,6,2019-04-01,2019-09-30,-1
2021-01-29,93660,2021-03-31,3,10967000000,-0.117,,,,,459000000,-0.312,398000000,-0.354,,323000000,,57.98,56.61,,,,,19994000000,8557000000,0.421,1505.84,8419000000,,,,,,,,,,,,true,false,9,2020-04-01,2020-12-31,0
2021-01-29,93660,2020-03-31,3,12421000000,-0.057,,,,,667000000,-0.207,616000000,-0.208,,326000000,,58.50,57.58,,,,,,,,,,,,,,,,,,,,,true,false,9,2019-04-01,2019-12-31,-1
2021-01-29,93660,2021-03-31,3,14500000000,-0.117,,,,,370000000,-0.555,340000000,-0.559,,250000000,,44.77,,,,,,,,,,,,,,,,,,,,,,true,true,12,2020-04-01,2021-03-31,0
2021-01-29,93660,2020-03-31,3,,,,,,,,,,,,,,,,,,,,18947000000,8334000000,0.432,1467.46,8191000000,,,,,,,,,,,,true,false,12,2019-04-01,2020-03-31,-1
2021-01-29,93660,2020-03-31,3,,,,,,,,,,,,,,,,,,,,,,,,,,,,,26.00,,,,6006373,424347,,false,false,12,2019-04-01,2020-03-31,-1
2021-01-29,93660,2021-03-31,3,,,,,,,,,,,,,,,,,,,,,,,,,,,,,0.00,,,,,,,false,false,12,2020-04-01,2021-03-31,0
2021-01-29,93660,2021-03-31,3,,,,,,,,,,,,,,,,,,,,,,,,,,,,,13.00,,,,,,,false,true,12,2020-04-01,2021-03-31,0
2021-01-29,93660,2021-03-31,3,,,,,,,,,,,,,,,,,,,,,,,,,,,,,,,,,6006373,415447,5586476,false,false,9,2020-04-01,2020-12-31,0
2021-01-29,93660,2020-03-31,3,,,,,,,,,,,,,,,,,,,,,,,,,,,,,,,,,,,5582121,false,false,9,2019-04-01,2019-12-31,-1
2021-05-13,93660,2021-03-31,,15210000000,-0.074,,,,,599000000,-0.279,519000000,-0.326,,367000000,,65.79,64.21,0.044,0.027,0.039,,19739000000,8630000000,0.430,1519.91,8497000000,1136000000,-197000000,189000000,2861000000,,0.304,,,,,,true,false,12,2020-04-01,2021-03-31,0
2021-05-13,93660,2020-03-31,,16420000000,-0.069,,,,,831000000,-0.152,770000000,-0.128,,478000000,,85.76,84.36,0.059,0.040,0.051,,18947000000,8334000000,0.432,1467.46,8191000000,2163000000,-1004000000,-853000000,1736000000,,0.303,,,,,,true,false,12,2019-04-01,2020-03-31,-1
2021-05-13,93660,2022-03-31,,8000000000,,,,,,400000000,,380000000,,,240000000,,42.93,,,,,,,,,,,,,,,,,,,,,,true,true,6,2021-04-01,2021-09-30,1
2021-05-13,93660,2022-03-31,,16200000000,,,,,,1000000000,,950000000,,,600000000,,107.32,,,,,,,,,,,,,,,,0.298,,,,,,true,true,12,2021-04-01,2022-03-31,1
2021-05-13,93660,2020-03-31,,,,,,,,,,,,,,,,,,,,,,,,,,,,,,26.00,,,,6006373,424347,5582099,false,false,12,2019-04-01,2020-03-31,-1
2021-05-13,93660,2021-03-31,,,,,,,,,,,,,,,,,,,,,,,,,,,,,,20.00,,,,6006373,415489,5587500,false,false,12,2020-04-01,2021-03-31,0
2021-05-13,93660,2022-03-31,,,,,,,,,,,,,,,,,,,,,,,,,,,,,,32.00,,,,,,,false,true,12,2021-04-01,2022-03-31,1
2021-07-30,93660,2022-03-31,1,4242000000,0.215,,,,,315000000,4.471,349000000,6.978,,246000000,,44.03,42.82,,,,,19752000000,8833000000,0.440,1554.78,8692000000,,,,,,,,,,,,true,false,3,2021-04-01,2021-06-30,0
2021-07-30,93660,2021-03-31,1,3491000000,-0.116,,,,,57000000,-0.630,43000000,-0.669,,37000000,,6.77,6.64,,,,,,,,,,,,,,,,,,,,,true,false,3,2020-04-01,2020-06-30,-1
2021-07-30,93660,2022-03-31,1,8000000000,0.133,,,,,400000000,0.943,380000000,1.242,,240000000,,42.93,,,,,,,,,,,,,,,,,,,,,,true,true,6,2021-04-01,2021-09-30,0
2021-07-30,93660,2022-03-31,1,16200000000,0.065,,,,,1000000000,0.668,950000000,0.828,,600000000,,107.32,,,,,,,,,,,,,,,,,,,,,,true,true,12,2021-04-01,2022-03-31,0
2021-07-30,93660,2021-03-31,1,,,,,,,,,,,,,,,,,,,,19739000000,8630000000,0.430,1519.91,8497000000,,,,,,,,,,,,true,false,12,2020-04-01,2021-03-31,-1
2021-07-30,93660,2021-03-31,1,,,,,,,,,,,,,,,,,,,,,,,,,,,,,20.00,,,,6006373,415489,,false,false,12,2020-04-01,2021-03-31,-1
2021-07-30,93660,2022-03-31,1,,,,,,,,,,,,,,,,,,,,,,,,,,,,,32.00,,,,,,,false,true,12,2021-04-01,2022-03-31,0
2021-07-30,93660,2022-03-31,1,,,,,,,,,,,,,,,,,,,,,,,,,,,,,,,,,6006373,415489,5590884,false,false,3,2021-04-01,2021-06-30,0
2021-07-30,93660,2021-03-31,1,,,,,,,,,,,,,,,,,,,,,,,,,,,,,,,,,,,5582026,false,false,3,2020-04-01,2020-06-30,-1
2021-10-29,9366,2022-03-31,2,8737000000,0.237,,,,,624000000,2.034,672000000,2.970,,480000000,,85.86,83.53,,,,,19963000000,9127000000,0.450,1594.05,8987000000,,,,,,,,,,,,true,false,6,2021-04-01,2021-09-30,0
2021-10-29,9366,2021-03-31,2,7062000000,-0.138,,,,,205000000,-0.503,169000000,-0.550,,170000000,,30.53,29.90,,,,,,,,,,,,,,,,,,,,,true,false,6,2020-04-01,2020-09-30,-1
2021-10-29,9366,2022-03-31,2,17000000000,0.118,,,,,1100000000,0.835,1100000000,1.117,,700000000,,124.95,,,,,,,,,,,,,,,,,,,,,,true,true,12,2021-04-01,2022-03-31,0
2021-10-29,9366,2021-03-31,2,,,,,,,,,,,,,,,,,,,,19739000000,8630000000,0.430,1519.91,8497000000,,,,,,,,,,,,true,false,12,2020-04-01,2021-03-31,-1
2021-10-29,9366,2021-03-31,2,,,,,,,,,,,,,,,,,,,,,,,,,,,,,20.00,,,,6006373,415489,,false,false,12,2020-04-01,2021-03-31,-1
2021-10-29,9366,2022-03-31,2,,,,,,,,,,,,,,,,,,,,,,,,,,,,,0.00,,,,,,,false,false,12,2021-04-01,2022-03-31,0
2021-10-29,9366,2022-03-31,2,,,,,,,,,,,,,,,,,,,,,,,,,,,,,37.00,,,,,,,false,true,12,2021-04-01,2022-03-31,0
2021-10-29,9366,2022-03-31,2,,,,,,,,,,,,,,,,,,,,,,,,,,,,,,,,,6006373,368089,5602155,false,false,6,2021-04-01,2021-09-30,0
2021-10-29,9366,2021-03-31,2,,,,,,,,,,,,,,,,,,,,,,,,,,,,,,,,,,,5584569,false,false,6,2020-04-01,2020-09-30,-1
2022-01-31,9366,2022-03-31,3,13643000000,0.244,,,,,1002000000,1.182,1038000000,1.610,,730000000,,130.06,126.57,,,,,20274000000,9395000000,0.456,1640.93,9251000000,,,,,,,,,,,,true,false,9,2021-04-01,2021-12-31,0
2022-01-31,9366,2021-03-31,3,10967000000,-0.117,,,,,459000000,-0.312,398000000,-0.354,,323000000,,57.98,56.61,,,,,,,,,,,,,,,,,,,,,true,false,9,2020-04-01,2020-12-31,-1
2022-01-31,9366,2022-03-31,3,17000000000,0.118,,,,,1100000000,0.835,1100000000,1.117,,700000000,,124.95,,,,,,,,,,,,,,,,,,,,,,true,true,12,2021-04-01,2022-03-31,0
2022-01-31,9366,2021-03-31,3,,,,,,,,,,,,,,,,,,,,19739000000,8630000000,0.430,1519.91,8497000000,,,,,,,,,,,,true,false,12,2020-04-01,2021-03-31,-1
2022-01-31,9366,2021-03-31,3,,,,,,,,,,,,,,,,,,,,,,,,,,,,,20.00,,,,6006373,415489,,false,false,12,2020-04-01,2021-03-31,-1
2022-01-31,9366,2022-03-31,3,,,,,,,,,,,,,,,,,,,,,,,,,,,,,0.00,,,,,,,false,false,12,2021-04-01,2022-03-31,0
2022-01-31,9366,2022-03-31,3,,,,,,,,,,,,,,,,,,,,,,,,,,,,,37.00,,,,,,,false,true,12,2021-04-01,2022-03-31,0
2022-01-31,9366,2022-03-31,3,,,,,,,,,,,,,,,,,,,,,,,,,,,,,,,,,6006373,368381,5612961,false,false,9,2021-04-01,2021-12-31,0
2022-01-31,9366,2021-03-31,3,,,,,,,,,,,,,,,,,,,,,,,,,,,,,,,,,,,5586476,false,false,9,2020-04-01,2020-12-31,-1
2022-05-13,9366,2022-03-31,,18525000000,0.218,,,,,1060000000,0.770,1107000000,1.131,,759000000,,135.15,131.55,0.085,0.055,0.057,,20483000000,9448000000,0.454,1650.56,9305000000,1232000000,-973000000,-430000000,2749000000,,0.296,,,,,,true,false,12,2021-04-01,2022-03-31,0
2022-05-13,9366,2021-03-31,,15210000000,-0.074,,,,,599000000,-0.279,519000000,-0.326,,367000000,,65.79,64.21,0.044,0.027,0.039,,19739000000,8630000000,0.430,1519.91,8497000000,1139000000,-197000000,186000000,2861000000,,0.304,,,,,,true,false,12,2020-04-01,2021-03-31,-1
2022-05-13,9366,2023-03-31,,9000000000,0.030,,,,,430000000,-0.312,400000000,-0.406,,260000000,,46.27,,,,,,,,,,,,,,,,,,,,,,true,true,6,2022-04-01,2022-09-30,1
2022-05-13,9366,2023-03-31,,18000000000,-0.028,,,,,900000000,-0.152,840000000,-0.241,,580000000,,103.23,,,,,,,,,,,,,,,,0.291,,,,,,true,true,12,2022-04-01,2023-03-31,1
2022-05-13,9366,2021-03-31,,,,,,,,,,,,,,,,,,,,,,,,,,,,,,20.00,,,,6006373,415489,5587500,false,false,12,2020-04-01,2021-03-31,-1
2022-05-13,9366,2022-03-31,,,,,,,,,,,,,,,,,,,,,,,,,,,,,,40.00,,,,6006373,368381,5618737,false,false,12,2021-04-01,2022-03-31,0
2022-05-13,9366,2023-03-31,,,,,,,,,,,,,,,,,,,,,,,,,,,,,,30.00,,,,,,,false,true,12,2022-04-01,2023-03-31,1
2022-08-05,9366,2023-03-31,1,4888000000,0.152,,,,,264000000,-0.161,317000000,-0.090,,185000000,,32.82,31.96,,,,,21130000000,9511000000,0.443,1660.75,9363000000,,,,,,,,,,,,true,false,3,2022-04-01,2022-06-30,0
2022-08-05,9366,2022-03-31,1,4242000000,0.215,,,,,315000000,4.471,349000000,6.978,,246000000,,44.03,42.82,,,,,,,,,,,,,,,,,,,,,true,false,3,2021-04-01,2021-06-30,-1
2022-08-05,9366,2023-03-31,1,9000000000,0.030,,,,,430000000,-0.312,400000000,-0.406,,260000000,,46.27,,,,,,,,,,,,,,,,,,,,,,true,true,6,2022-04-01,2022-09-30,0
2022-08-05,9366,2023-03-31,1,18000000000,-0.028,,,,,900000000,-0.152,840000000,-0.241,,580000000,,103.23,,,,,,,,,,,,,,,,,,,,,,true,true,12,2022-04-01,2023-03-31,0
2022-08-05,9366,2022-03-31,1,,,,,,,,,,,,,,,,,,,,20483000000,9448000000,0.454,1650.56,9305000000,,,,,,,,,,,,true,false,12,2021-04-01,2022-03-31,-1
2022-08-05,9366,2022-03-31,1,,,,,,,,,,,,,,,,,,,,,,,,,,,,,40.00,,,,6006373,368381,,false,false,12,2021-04-01,2022-03-31,-1
2022-08-05,9366,2023-03-31,1,,,,,,,,,,,,,,,,,,,,,,,,,,,,,30.00,,,,,,,false,true,12,2022-04-01,2023-03-31,0
2022-08-05,9366,2023-03-31,1,,,,,,,,,,,,,,,,,,,,,,,,,,,,,,,,,6006373,368517,5637856,false,false,3,2022-04-01,2022-06-30,0
2022-08-05,9366,2022-03-31,1,,,,,,,,,,,,,,,,,,,,,,,,,,,,,,,,,,,5590884,false,false,3,2021-04-01,2021-06-30,-1
2022-10-31,9366,2023-03-31,2,9969000000,0.141,,,,,566000000,-0.092,776000000,0.154,,542000000,,95.81,93.37,,,,,21330000000,10085000000,0.466,1746.99,9938000000,,,,,,,,,,,,true,false,6,2022-04-01,2022-09-30,0
2022-10-31,9366,2022-03-31,2,8737000000,0.237,,,,,624000000,2.034,672000000,2.970,,480000000,,85.86,83.53,,,,,,,,,,,,,,,,,,,,,true,false,6,2021-04-01,2021-09-30,-1
2022-10-31,9366,2023-03-31,2,19000000000,0.026,,,,,950000000,-0.105,1100000000,-0.006,,800000000,,141.35,,,,,,,,,,,,,,,,,,,,,,true,true,12,2022-04-01,2023-03-31,0
2022-10-31,9366,2022-03-31,2,,,,,,,,,,,,,,,,,,,,20483000000,9448000000,0.454,1650.56,9305000000,,,,,,,,,,,,true,false,12,2021-04-01,2022-03-31,-1
2022-10-31,9366,2022-03-31,2,,,,,,,,,,,,,,,,,,,,,,,,,,,,,40.00,,,,6006373,368381,,false,false,12,2021-04-01,2022-03-31,-1
2022-10-31,9366,2023-03-31,2,,,,,,,,,,,,,,,,,,,,,,,,,,,,,0.00,,,,,,,false,false,12,2022-04-01,2023-03-31,0
2022-10-31,9366,2023-03-31,2,,,,,,,,,,,,,,,,,,,,,,,,,,,,,30.00,,,,,,,false,true,12,2022-04-01,2023-03-31,0
2022-10-31,9366,2023-03-31,2,,,,,,,,,,,,,,,,,,,,,,,,,,,,,,,,,6006373,317617,5659690,false,false,6,2022-04-01,2022-09-30,0
2022-10-31,9366,2022-03-31,2,,,,,,,,,,,,,,,,,,,,,,,,,,,,,,,,,,,5602155,false,false,6,2021-04-01,2021-09-30,-1
2023-02-10,9366,2023-03-31,3,15258000000,0.118,,,,,951000000,-0.050,1251000000,0.205,,941000000,,167.19,162.95,,,,,21478000000,10452000000,0.480,1870.77,10302000000,,,,,,,,,,,,true,false,9,2022-04-01,2022-12-31,0
2023-02-10,9366,2022-03-31,3,13643000000,0.244,,,,,1002000000,1.182,1038000000,1.610,,730000000,,130.06,126.57,,,,,,,,,,,,,,,,,,,,,true,false,9,2021-04-01,2021-12-31,-1
2023-02-10,9366,2023-03-31,3,19000000000,0.026,,,,,950000000,-0.105,1100000000,-0.006,,800000000,,141.35,,,,,,,,,,,,,,,,,,,,,,true,true,12,2022-04-01,2023-03-31,0
2023-02-10,9366,2022-03-31,3,,,,,,,,,,,,,,,,,,,,20483000000,9448000000,0.454,1650.56,9305000000,,,,,,,,,,,,true,false,12,2021-04-01,2022-03-31,-1
2023-02-10,9366,2022-03-31,3,,,,,,,,,,,,,,,,,,,,,,,,,,,,,40.00,,,,6006373,368381,,false,false,12,2021-04-01,2022-03-31,-1
2023-02-10,9366,2023-03-31,3,,,,,,,,,,,,,,,,,,,,,,,,,,,,,0.00,,,,,,,false,false,12,2022-04-01,2023-03-31,0
2023-02-10,9366,2023-03-31,3,,,,,,,,,,,,,,,,,,,,,,,,,,,,,30.00,,,,,,,false,true,12,2022-04-01,2023-03-31,0
2023-02-10,9366,2023-03-31,3,,,,,,,,,,,,,,,,,,,,,,,,,,,,,,,,,6006373,499117,5632110,false,false,9,2022-04-01,2022-12-31,0
2023-02-10,9366,2022-03-31,3,,,,,,,,,,,,,,,,,,,,,,,,,,,,,,,,,,,5612961,false,false,9,2021-04-01,2021-12-31,-1
2023-05-12,9366,2023-03-31,,20335000000,0.098,,,,,1019000000,-0.039,1203000000,0.087,,980000000,,175.00,170.56,0.101,0.058,0.050,,21171000000,10255000000,0.477,1834.96,10105000000,1415000000,-904000000,-678000000,2725000000,,0.286,,,,,,true,false,12,2022-04-01,2023-03-31,0
2023-05-12,9366,2022-03-31,,18525000000,0.218,,,,,1060000000,0.770,1107000000,1.131,,759000000,,135.15,131.55,0.085,0.055,0.057,,20483000000,9448000000,0.454,1650.56,9305000000,1232000000,-973000000,-430000000,2749000000,,0.296,,,,,,true,false,12,2021-04-01,2022-03-31,-1
2023-05-12,9366,2024-03-31,,10000000000,0.003,,,,,440000000,-0.224,420000000,-0.459,,280000000,,49.97,,,,,,,,,,,,,,,,,,,,,,true,true,6,2023-04-01,2023-09-30,1
2023-05-12,9366,2024-03-31,,20500000000,0.008,,,,,900000000,-0.117,850000000,-0.294,,560000000,,99.94,,,,,,,,,,,,,,,,0.290,,,,,,true,true,12,2023-04-01,2024-03-31,1
2023-05-12,9366,2022-03-31,,,,,,,,,,,,,,,,,,,,,,,,,,,,,,40.00,,,,6006373,368381,5618737,false,false,12,2021-04-01,2022-03-31,-1
2023-05-12,9366,2023-03-31,,,,,,,,,,,,,,,,,,,,,,,,,,,,,,50.00,,,,6006373,499117,5603297,false,false,12,2022-04-01,2023-03-31,0
2023-05-12,9366,2024-03-31,,,,,,,,,,,,,,,,,,,,,,,,,,,,,,29.00,,,,,,,false,true,12,2023-04-01,2024-03-31,1
2023-08-02,9366,2024-03-31,1,4662000000,-0.046,,,,,142000000,-0.460,218000000,-0.314,,151000000,,27.49,26.79,,,,,21195000000,10095000000,0.469,1805.62,9943000000,,,,,,,,,,,,true,false,3,2023-04-01,2023-06-30,0
2023-08-02,9366,2023-03-31,1,4888000000,0.152,,,,,264000000,-0.161,317000000,-0.090,,185000000,,32.82,31.96,,,,,,,,,,,,,,,,,,,,,true,false,3,2022-04-01,2022-06-30,-1
2023-08-02,9366,2024-03-31,1,10000000000,0.003,,,,,440000000,-0.224,420000000,-0.459,,280000000,,49.97,,,,,,,,,,,,,,,,,,,,,,true,true,6,2023-04-01,2023-09-30,0
2023-08-02,9366,2024-03-31,1,20500000000,0.008,,,,,900000000,-0.117,850000000,-0.294,,560000000,,99.94,,,,,,,,,,,,,,,,,,,,,,true,true,12,2023-04-01,2024-03-31,0
2023-08-02,9366,2023-03-31,1,,,,,,,,,,,,,,,,,,,,21171000000,10255000000,0.477,1834.96,10105000000,,,,,,,,,,,,true,false,12,2022-04-01,2023-03-31,-1
2023-08-02,9366,2023-03-31,1,,,,,,,,,,,,,,,,,,,,,,,,,,,,,50.00,,,,6006373,499117,,false,false,12,2022-04-01,2023-03-31,-1
2023-08-02,9366,2024-03-31,1,,,,,,,,,,,,,,,,,,,,,,,,,,,,,29.00,,,,,,,false,true,12,2023-04-01,2024-03-31,0
2023-08-02,9366,2024-03-31,1,,,,,,,,,,,,,,,,,,,,,,,,,,,,,,,,,6006373,499117,5507256,false,false,3,2023-04-01,2023-06-30,0
2023-08-02,9366,2023-03-31,1,,,,,,,,,,,,,,,,,,,,,,,,,,,,,,,,,,,5637856,false,false,3,2022-04-01,2022-06-30,-1
2023-11-06,9366,2024-03-31,2,9548000000,-0.042,,,,,359000000,-0.366,460000000,-0.408,,313000000,,56.77,55.35,,,,,21193000000,10591000000,0.493,1877.30,10442000000,,,,,,,,,,,,true,false,6,2023-04-01,2023-09-30,0
2023-11-06,9366,2023-03-31,2,9969000000,0.141,,,,,566000000,-0.092,776000000,0.154,,542000000,,95.81,93.37,,,,,,,,,,,,,,,,,,,,,true,false,6,2022-04-01,2022-09-30,-1
2023-11-06,9366,2024-03-31,2,20500000000,0.008,,,,,900000000,-0.117,850000000,-0.294,,560000000,,99.94,,,,,,,,,,,,,,,,,,,,,,true,true,12,2023-04-01,2024-03-31,0
2023-11-06,9366,2023-03-31,2,,,,,,,,,,,,,,,,,,,,21171000000,10255000000,0.477,1834.96,10105000000,,,,,,,,,,,,true,false,12,2022-04-01,2023-03-31,-1
2023-11-06,9366,2023-03-31,2,,,,,,,,,,,,,,,,,,,,,,,,,,,,,50.00,,,,6006373,499117,,false,false,12,2022-04-01,2023-03-31,-1
2023-11-06,9366,2024-03-31,2,,,,,,,,,,,,,,,,,,,,,,,,,,,,,0.00,,,,,,,false,false,12,2023-04-01,2024-03-31,0
2023-11-06,9366,2024-03-31,2,,,,,,,,,,,,,,,,,,,,,,,,,,,,,29.00,,,,,,,false,true,12,2023-04-01,2024-03-31,0
2023-11-06,9366,2024-03-31,2,,,,,,,,,,,,,,,,,,,,,,,,,,,,,,,,,6006373,443921,5529655,false,false,6,2023-04-01,2023-09-30,0
2023-11-06,9366,2023-03-31,2,,,,,,,,,,,,,,,,,,,,,,,,,,,,,,,,,,,5659690,false,false,6,2022-04-01,2022-09-30,-1
2024-02-06,9366,2024-03-31,3,14550000000,-0.046,,,,,691000000,-0.273,732000000,-0.415,,488000000,,88.16,85.99,,,,,21674000000,10946000000,0.498,1940.76,10795000000,,,,,,,,,,,,true,false,9,2023-04-01,2023-12-31,0
2024-02-06,9366,2023-03-31,3,15258000000,0.118,,,,,951000000,-0.050,1251000000,0.205,,941000000,,167.19,162.95,,,,,,,,,,,,,,,,,,,,,true,false,9,2022-04-01,2022-12-31,-1
2024-02-06,9366,2024-03-31,3,20500000000,0.008,,,,,900000000,-0.117,850000000,-0.294,,560000000,,99.94,,,,,,,,,,,,,,,,,,,,,,true,true,12,2023-04-01,2024-03-31,0
2024-02-06,9366,2023-03-31,3,,,,,,,,,,,,,,,,,,,,21171000000,10255000000,0.477,1834.96,10105000000,,,,,,,,,,,,true,false,12,2022-04-01,2023-03-31,-1
2024-02-06,9366,2023-03-31,3,,,,,,,,,,,,,,,,,,,,,,,,,,,,,50.00,,,,6006373,499117,,false,false,12,2022-04-01,2023-03-31,-1
2024-02-06,9366,2024-03-31,3,,,,,,,,,,,,,,,,,,,,,,,,,,,,,0.00,,,,,,,false,false,12,2023-04-01,2024-03-31,0
2024-02-06,9366,2024-03-31,3,,,,,,,,,,,,,,,,,,,,,,,,,,,,,29.00,,,,,,,false,true,12,2023-04-01,2024-03-31,0
2024-02-06,9366,2024-03-31,3,,,,,,,,,,,,,,,,,,,,,,,,,,,,,,,,,6006373,443973,5539489,false,false,9,2023-04-01,2023-12-31,0
2024-02-06,9366,2023-03-31,3,,,,,,,,,,,,,,,,,,,,,,,,,,,,,,,,,,,5632110,false,false,9,2022-04-01,2022-12-31,-1
2024-05-13,9366,2024-03-31,,19398000000,-0.046,,,,,865000000,-0.151,786000000,-0.347,,572000000,,103.28,100.76,0.055,0.037,0.045,,21356000000,10777000000,0.497,1909.16,10619000000,1103000000,-976000000,-677000000,2220000000,,0.300,,,,,,true,false,12,2023-04-01,2024-03-31,0
2024-05-13,9366,2023-03-31,,20335000000,0.098,,,,,1019000000,-0.039,1203000000,0.087,,980000000,,175.00,170.56,0.101,0.058,0.050,,21171000000,10255000000,0.477,1834.96,10105000000,1415000000,-904000000,-678000000,2725000000,,0.286,,,,,,true,false,12,2022-04-01,2023-03-31,-1
2024-05-13,9366,2025-03-31,,9600000000,0.005,,,,,360000000,0.001,350000000,-0.239,,240000000,,43.28,,,,,,,,,,,,,,,,,,,,,,true,true,6,2024-04-01,2024-09-30,1
2024-05-13,9366,2025-03-31,,20500000000,0.057,,,,,920000000,0.063,900000000,0.144,,620000000,,111.82,,,,,,,,,,,,,,,,0.304,,,,,,true,true,12,2024-04-01,2025-03-31,1
2024-05-13,9366,2023-03-31,,,,,,,,,,,,,,,,,,,,,,,,,,,,,,50.00,,,,6006373,499117,5603297,false,false,12,2022-04-01,2023-03-31,-1
2024-05-13,9366,2024-03-31,,,,,,,,,,,,,,,,,,,,,,,,,,,,,,31.00,,,,6006373,443973,5544776,false,false,12,2023-04-01,2024-03-31,0
2024-05-13,9366,2025-03-31,,,,,,,,,,,,,,,,,,,,,,,,,,,,,,34.00,,,,,,,false,true,12,2024-04-01,2025-03-31,1
2024-08-07,9366,2025-03-31,1,4584000000,-0.017,,,,,135000000,-0.053,183000000,-0.157,,115000000,,20.68,20.19,,,,,21703000000,10936000000,0.497,1937.71,10778000000,,,,,,,,,,,,true,false,3,2024-04-01,2024-06-30,0
2024-08-07,9366,2024-03-31,1,4662000000,-0.046,,,,,142000000,-0.460,218000000,-0.314,,151000000,,27.49,26.79,,,,,,,,,,,,,,,,,,,,,true,false,3,2023-04-01,2023-06-30,-1
2024-08-07,9366,2025-03-31,1,9600000000,0.005,,,,,360000000,0.001,350000000,-0.239,,240000000,,43.28,,,,,,,,,,,,,,,,,,,,,,true,true,6,2024-04-01,2024-09-30,0
2024-08-07,9366,2025-03-31,1,20500000000,0.057,,,,,920000000,0.063,900000000,0.144,,620000000,,111.82,,,,,,,,,,,,,,,,,,,,,,true,true,12,2024-04-01,2025-03-31,0
2024-08-07,9366,2024-03-31,1,,,,,,,,,,,,,,,,,,,,21356000000,10777000000,0.497,1909.16,10619000000,,,,,,,,,,,,true,false,12,2023-04-01,2024-03-31,-1
2024-08-07,9366,2024-03-31,1,,,,,,,,,,,,,,,,,,,,,,,,,,,,,31.00,,,,6006373,443973,,false,false,12,2023-04-01,2024-03-31,-1
2024-08-07,9366,2025-03-31,1,,,,,,,,,,,,,,,,,,,,,,,,,,,,,34.00,,,,,,,false,true,12,2024-04-01,2025-03-31,0
2024-08-07,9366,2025-03-31,1,,,,,,,,,,,,,,,,,,,,,,,,,,,,,,,,,6006373,443973,5562400,false,false,3,2024-04-01,2024-06-30,0
2024-08-07,9366,2024-03-31,1,,,,,,,,,,,,,,,,,,,,,,,,,,,,,,,,,,,5507256,false,false,3,2023-04-01,2023-06-30,-1
2024-11-07,9366,2025-03-31,2,9595000000,0.005,,,,,440000000,0.224,314000000,-0.316,,199000000,,35.68,34.84,,,,,22773000000,11424000000,0.495,2012.27,11265000000,,,,,,,,,,,,true,false,6,2024-04-01,2024-09-30,0
2024-11-07,9366,2024-03-31,2,9548000000,-0.042,,,,,359000000,-0.366,460000000,-0.408,,313000000,,56.77,55.35,,,,,,,,,,,,,,,,,,,,,true,false,6,2023-04-01,2023-09-30,-1
2024-11-07,9366,2025-03-31,2,20500000000,0.057,,,,,920000000,0.063,900000000,0.144,,620000000,,111.82,,,,,,,,,,,,,,,,,,,,,,true,true,12,2024-04-01,2025-03-31,0
2024-11-07,9366,2024-03-31,2,,,,,,,,,,,,,,,,,,,,21356000000,10777000000,0.497,1909.16,10619000000,,,,,,,,,,,,true,false,12,2023-04-01,2024-03-31,-1
2024-11-07,9366,2024-03-31,2,,,,,,,,,,,,,,,,,,,,,,,,,,,,,31.00,,,,6006373,443973,,false,false,12,2023-04-01,2024-03-31,-1
2024-11-07,9366,2025-03-31,2,,,,,,,,,,,,,,,,,,,,,,,,,,,,,0.00,,,,,,,false,false,12,2024-04-01,2025-03-31,0
2024-11-07,9366,2025-03-31,2,,,,,,,,,,,,,,,,,,,,,,,,,,,,,34.00,,,,,,,false,true,12,2024-04-01,2025-03-31,0
2024-11-07,9366,2025-03-31,2,,,,,,,,,,,,,,,,,,,,,,,,,,,,,,,,,6006373,408073,5578157,false,false,6,2024-04-01,2024-09-30,0
2024-11-07,9366,2024-03-31,2,,,,,,,,,,,,,,,,,,,,,,,,,,,,,,,,,,,5529655,false,false,6,2023-04-01,2023-09-30,-1
2025-02-12,9366,2025-03-31,3,15025000000,0.033,,,,,862000000,0.248,763000000,0.043,,515000000,,92.34,90.15,,,,,22648000000,11120000000,0.484,1957.90,10960000000,,,,,,,,,,,,true,false,9,2024-04-01,2024-12-31,0
2025-02-12,9366,2024-03-31,3,14550000000,-0.046,,,,,691000000,-0.273,732000000,-0.415,,488000000,,88.16,85.99,,,,,,,,,,,,,,,,,,,,,true,false,9,2023-04-01,2023-12-31,-1
2025-02-12,9366,2025-03-31,3,20500000000,0.057,,,,,920000000,0.063,900000000,0.144,,620000000,,111.82,,,,,,,,,,,,,,,,,,,,,,true,true,12,2024-04-01,2025-03-31,0
2025-02-12,9366,2024-03-31,3,,,,,,,,,,,,,,,,,,,,21356000000,10777000000,0.497,1909.16,10619000000,,,,,,,,,,,,true,false,12,2023-04-01,2024-03-31,-1
2025-02-12,9366,2024-03-31,3,,,,,,,,,,,,,,,,,,,,,,,,,,,,,31.00,,,,6006373,443973,,false,false,12,2023-04-01,2024-03-31,-1
2025-02-12,9366,2025-03-31,3,,,,,,,,,,,,,,,,,,,,,,,,,,,,,0.00,,,,,,,false,false,12,2024-04-01,2025-03-31,0
2025-02-12,9366,2025-03-31,3,,,,,,,,,,,,,,,,,,,,,,,,,,,,,34.00,,,,,,,false,true,12,2024-04-01,2025-03-31,0
2025-02-12,9366,2025-03-31,3,,,,,,,,,,,,,,,,,,,,,,,,,,,,,,,,,6006373,408093,5584194,false,false,9,2024-04-01,2024-12-31,0
2025-02-12,9366,2024-03-31,3,,,,,,,,,,,,,,,,,,,,,,,,,,,,,,,,,,,5539489,false,false,9,2023-04-01,2023-12-31,-1
2025-05-14,9366,2025-03-31,,20122000000,0.037,,,,,1034000000,0.196,802000000,0.020,,468000000,,83.88,81.90,0.042,0.035,0.051,,24674000000,11796000000,0.472,2078.24,11634000000,1663000000,-1231000000,1061000000,3803000000,,0.370,,,,,,true,false,12,2024-04-01,2025-03-31,0
2025-05-14,9366,2024-03-31,,19398000000,-0.046,,,,,865000000,-0.151,786000000,-0.347,,572000000,,103.28,100.76,0.055,0.037,0.045,,21356000000,10777000000,0.497,1909.16,10619000000,1103000000,-976000000,-677000000,2220000000,,0.300,,,,,,true,false,12,2023-04-01,2024-03-31,-1
2025-05-14,9366,2026-03-31,,9800000000,0.021,,,,,310000000,-0.296,180000000,-0.428,,120000000,,21.48,,,,,,,,,,,,,,,,,,,,,,true,true,6,2025-04-01,2025-09-30,1
2025-05-14,9366,2026-03-31,,21000000000,0.044,,,,,950000000,-0.082,730000000,-0.090,,490000000,,87.70,,,,,,,,,,,,,,,,0.308,,,,,,true,true,12,2025-04-01,2026-03-31,1
2025-05-14,9366,2024-03-31,,,,,,,,,,,,,,,,,,,,,,,,,,,,,,31.00,,,,6006373,443973,5544776,false,false,12,2023-04-01,2024-03-31,-1
2025-05-14,9366,2025-03-31,,,,,,,,,,,,,,,,,,,,,,,,,,,,,,31.00,,,,6006373,408093,5587445,false,false,12,2024-04-01,2025-03-31,0
2025-05-14,9366,2026-03-31,,,,,,,,,,,,,,,,,,,,,,,,,,,,,,27.00,,,,,,,false,true,12,2025-04-01,2026-03-31,1
