filing_date,code,fiscal_year_end,quarterly_period,net_sales,net_sales_change,revenue,revenue_change,operating_revenue,operating_revenue_change,operating_profit,operating_profit_change,ordinary_profit,ordinary_profit_change,net_income,net_income_of_parent,net_income_change,eps,diluted_eps,roe,roa,operating_profit_to_net_sales,operating_profit_to_revenue,total_assets,net_assets,equity_ratio,bps,owner_equity,operating_cash_flow,investing_cash_flow,financing_cash_flow,cash,dividend_per_share,payout_ratio,commemorative_dividend,extra_dividend,number_of_shares,number_of_treqsury_shares,avg_number_of_shares,is_consolidated,is_forecast,duration,period_start,period_end,period_pos
2015-07-31,93760,2015-09-30,3,,,,,4240000000,-0.101,-31000000,,-34000000,,-29000000,,,-8.07,,,,,,3432000000,2135000000,0.622,,2135000000,,,,,,,,,,,,true,false,9,2014-10-01,2015-06-30,0
2015-07-31,93760,2014-09-30,3,,,,,4715000000,0.056,-69000000,,-76000000,,-51000000,,,-13.88,,,,,,,,,,,,,,,,,,,,,,true,false,9,2013-10-01,2014-06-30,-1
2015-07-31,93760,2015-09-30,3,,,,,6650000000,0.014,85000000,,85000000,,45000000,,,12.20,,,,,,,,,,,,,,,,,,,,,,true,true,12,2014-10-01,2015-09-30,0
2015-07-31,93760,2014-09-30,3,,,,,,,,,,,,,,,,,,,,3811000000,2252000000,0.591,,2252000000,,,,,,,,,,,,true,false,12,2013-10-01,2014-09-30,-1
2015-07-31,93760,2014-09-30,3,,,,,,,,,,,,,,,,,,,,,,,,,,,,,11.00,,,,3690000,,,false,false,12,2013-10-01,2014-09-30,-1
2015-07-31,93760,2015-09-30,3,,,,,,,,,,,,,,,,,,,,,,,,,,,,,11.00,,,,,,,false,false,12,2014-10-01,2015-09-30,0
2015-07-31,93760,2015-09-30,3,,,,,,,,,,,,,,,,,,,,,,,,,,,,,22.00,,,,,,,false,true,12,2014-10-01,2015-09-30,0
2015-07-31,93760,2015-09-30,3,,,,,,,,,,,,,,,,,,,,,,,,,,,,,,,,,3690000,,3690000,false,false,9,2014-10-01,2015-06-30,0
2015-07-31,93760,2014-09-30,3,,,,,,,,,,,,,,,,,,,,,,,,,,,,,,,,,,,3690000,false,false,9,2013-10-01,2014-06-30,-1
2015-11-05,93760,2015-09-30,,5970000000,-0.102,,,,,40000000,-0.529,36000000,-0.576,16000000,,-0.644,4.34,,,,,,,,,,,,,,,,,,,,,,true,true,12,2014-10-01,2015-09-30,0
2015-11-05,93760,2014-09-30,,6558000000,,,,,,-23000000,,-47000000,,-35000000,,,-9.50,,,,,,,,,,,,,,,,,,,,,,true,false,12,2013-10-01,2014-09-30,-1
2015-11-06,93760,2015-09-30,,5970000000,-0.090,,,,,40000000,,36000000,,16000000,,,4.37,,0.007,0.010,0.007,,3456000000,2163000000,0.626,586.35,2163000000,-187000000,97000000,-81000000,2192000000,,5.033,,,,,,true,false,12,2014-10-01,2015-09-30,0
2015-11-06,93760,2014-09-30,,6558000000,0.003,,,,,-23000000,,-47000000,,-35000000,,,-9.50,,-0.015,-0.012,-0.004,,3811000000,2252000000,0.591,610.49,2252000000,-29000000,-9000000,-81000000,2368000000,,,,,,,,true,false,12,2013-10-01,2014-09-30,-1
2015-11-06,93760,2016-09-30,,2880000000,0.003,,,,,35000000,,35000000,,,23000000,,6.23,,,,,,,,,,,,,,,,,,,,,,true,true,6,2015-10-01,2016-03-31,1
2015-11-06,93760,2016-09-30,,6380000000,0.069,,,,,180000000,3.401,190000000,4.188,,126000000,,34.15,,,,,,,,,,,,,,,,0.644,,,,,,true,true,12,2015-10-01,2016-09-30,1
2015-11-06,93760,2015-09-30,,5970000000,-0.090,,,,,33000000,,36000000,,17000000,,,4.75,,,,,,3394000000,2124000000,0.626,575.71,2124000000,,,,,22.00,,,,3690000,,3690000,false,false,12,2014-10-01,2015-09-30,0
2015-11-06,93760,2014-09-30,,6558000000,0.003,,,,,-31000000,,-54000000,,-40000000,,,-10.96,,,,,,3750000000,2212000000,0.590,599.48,2212000000,,,,,11.00,,,,3690000,,3690000,false,false,12,2013-10-01,2014-09-30,-1
2015-11-06,93760,2016-09-30,,,,,,,,,,,,,,,,,,,,,,,,,,,,,,22.00,,,,,,,false,true,12,2015-10-01,2016-09-30,1
2016-02-01,93760,2016-09-30,1,,,,,1058000000,-0.214,-40000000,,-38000000,,,-26000000,,-7.10,,,,,,3156000000,2099000000,0.665,,2099000000,,,,,,,,,,,,true,false,3,2015-10-01,2015-12-31,0
2016-02-01,93760,2015-09-30,1,,,,,1346000000,0.008,-37000000,,-43000000,,,-28000000,,-7.60,,,,,,,,,,,,,,,,,,,,,,true,false,3,2014-10-01,2014-12-31,-1
2016-02-01,93760,2016-09-30,1,,,,,2880000000,0.003,35000000,,35000000,,,23000000,,6.23,,,,,,,,,,,,,,,,,,,,,,true,true,6,2015-10-01,2016-03-31,0
2016-02-01,93760,2016-09-30,1,,,,,6380000000,0.069,180000000,3.401,190000000,4.188,,126000000,,34.15,,,,,,,,,,,,,,,,,,,,,,true,true,12,2015-10-01,2016-09-30,0
2016-02-01,93760,2015-09-30,1,,,,,,,,,,,,,,,,,,,,3456000000,2163000000,0.626,,2163000000,,,,,,,,,,,,true,false,12,2014-10-01,2015-09-30,-1
2016-02-01,93760,2015-09-30,1,,,,,,,,,,,,,,,,,,,,,,,,,,,,,22.00,,,,3690000,,,false,false,12,2014-10-01,2015-09-30,-1
2016-02-01,93760,2016-09-30,1,,,,,,,,,,,,,,,,,,,,,,,,,,,,,22.00,,,,,,,false,true,12,2015-10-01,2016-09-30,0
2016-02-01,93760,2016-09-30,1,,,,,,,,,,,,,,,,,,,,,,,,,,,,,,,,,3690000,,3690000,false,false,3,2015-10-01,2015-12-31,0
2016-02-01,93760,2015-09-30,1,,,,,,,,,,,,,,,,,,,,,,,,,,,,,,,,,,,3690000,false,false,3,2014-10-01,2014-12-31,-1
2016-04-28,93760,2016-09-30,,,,,,2514000000,-0.127,-1000000,,1000000,-0.971,,-4000000,,-1.08,,,,,,,,,,,,,,,,,,,,,,true,true,6,2015-10-01,2016-03-31,0
2016-04-28,93760,2015-09-30,,,,,,2871000000,,-81000000,,-91000000,,,-67000000,,-18.41,,,,,,,,,,,,,,,,,,,,,,true,false,6,2014-10-01,2015-03-31,-1
2016-04-28,93760,2016-09-30,,,,,,5459000000,-0.144,54000000,-0.700,66000000,-0.653,,38000000,,10.30,,,,,,,,,,,,,,,,,,,,,,true,true,12,2015-10-01,2016-09-30,0
2016-04-28,93760,2015-09-30,,,,,,5970000000,,40000000,,36000000,,,16000000,,4.37,,,,,,,,,,,,,,,,,,,,,,true,false,12,2014-10-01,2015-09-30,-1
2016-05-02,93760,2016-09-30,2,,,,,2514000000,-0.124,-1000000,,1000000,,,-4000000,,-1.09,,,,,,3081000000,2095000000,0.680,,2095000000,,,,,,,,,,,,true,false,6,2015-10-01,2016-03-31,0
2016-05-02,93760,2015-09-30,2,,,,,2871000000,-0.053,-81000000,,-91000000,,,-67000000,,-18.41,,,,,,,,,,,,,,,,,,,,,,true,false,6,2014-10-01,2015-03-31,-1
2016-05-02,93760,2016-09-30,2,,,,,5459000000,-0.086,54000000,0.320,66000000,0.803,,38000000,,10.30,,,,,,,,,,,,,,,,,,,,,,true,true,12,2015-10-01,2016-09-30,0
2016-05-02,93760,2015-09-30,2,,,,,,,,,,,,,,,,,,,,3456000000,2163000000,0.626,,2163000000,,,,,,,,,,,,true,false,12,2014-10-01,2015-09-30,-1
2016-05-02,93760,2015-09-30,2,,,,,,,,,,,,,,,,,,,,,,,,,,,,,22.00,,,,3690000,,,false,false,12,2014-10-01,2015-09-30,-1
2016-05-02,93760,2016-09-30,2,,,,,,,,,,,,,,,,,,,,,,,,,,,,,11.00,,,,,,,false,false,12,2015-10-01,2016-09-30,0
2016-05-02,93760,2016-09-30,2,,,,,,,,,,,,,,,,,,,,,,,,,,,,,22.00,,,,,,,false,true,12,2015-10-01,2016-09-30,0
2016-05-02,93760,2016-09-30,2,,,,,,,,,,,,,,,,,,,,,,,,,,,,,,,,,3690000,,3690000,false,false,6,2015-10-01,2016-03-31,0
2016-05-02,93760,2015-09-30,2,,,,,,,,,,,,,,,,,,,,,,,,,,,,,,,,,,,3690000,false,false,6,2014-10-01,2015-03-31,-1
2016-08-01,93760,2016-09-30,3,,,,,3619000000,-0.146,0,,2000000,,,-2000000,,-0.65,,,,,,3290000000,2001000000,0.608,,2001000000,,,,,,,,,,,,true,false,9,2015-10-01,2016-06-30,0
2016-08-01,93760,2015-09-30,3,,,,,4240000000,-0.101,-31000000,,-34000000,,,-29000000,,-8.07,,,,,,,,,,,,,,,,,,,,,,true,false,9,2014-10-01,2015-06-30,-1
2016-08-01,93760,2016-09-30,3,,,,,5459000000,-0.086,54000000,0.320,66000000,0.803,,38000000,,10.30,,,,,,,,,,,,,,,,,,,,,,true,true,12,2015-10-01,2016-09-30,0
2016-08-01,93760,2015-09-30,3,,,,,,,,,,,,,,,,,,,,3456000000,2163000000,0.626,,2163000000,,,,,,,,,,,,true,false,12,2014-10-01,2015-09-30,-1
2016-08-01,93760,2015-09-30,3,,,,,,,,,,,,,,,,,,,,,,,,,,,,,22.00,,,,3690000,,,false,false,12,2014-10-01,2015-09-30,-1
2016-08-01,93760,2016-09-30,3,,,,,,,,,,,,,,,,,,,,,,,,,,,,,11.00,,,,,,,false,false,12,2015-10-01,2016-09-30,0
2016-08-01,93760,2016-09-30,3,,,,,,,,,,,,,,,,,,,,,,,,,,,,,22.00,,,,,,,false,true,12,2015-10-01,2016-09-30,0
2016-08-01,93760,2016-09-30,3,,,,,,,,,,,,,,,,,,,,,,,,,,,,,,,,,3690000,,3690000,false,false,9,2015-10-01,2016-06-30,0
2016-08-01,93760,2015-09-30,3,,,,,,,,,,,,,,,,,,,,,,,,,,,,,,,,,,,3690000,false,false,9,2014-10-01,2015-06-30,-1
2016-11-07,93760,2016-09-30,,,,,,4988000000,-0.165,65000000,0.600,51000000,0.395,-42000000,,,-11.46,,-0.020,0.016,,,3094000000,1975000000,0.638,535.23,1975000000,-154000000,-129000000,-81000000,1800000000,,,,,,,,true,false,12,2015-10-01,2016-09-30,0
2016-11-07,93760,2015-09-30,,,,,,5970000000,-0.091,40000000,,36000000,,16000000,,,4.37,,0.007,0.010,,,3456000000,2163000000,0.626,586.35,2163000000,-187000000,97000000,-81000000,2192000000,,5.033,,,,,,true,false,12,2014-10-01,2015-09-30,-1
2016-11-07,93760,2017-09-30,,,,,,2460000000,-0.022,12000000,,12000000,,,7000000,,1.90,,,,,,,,,,,,,,,,,,,,,,true,true,6,2016-10-01,2017-03-31,1
2016-11-07,93760,2017-09-30,,,,,,5210000000,0.044,85000000,0.300,95000000,0.863,,61000000,,16.53,,,,,,,,,,,,,,,,1.331,,,,,,true,true,12,2016-10-01,2017-09-30,1
2016-11-07,93760,2016-09-30,,,,,,4988000000,-0.165,59000000,0.769,52000000,0.440,-40000000,,,-11.00,,,,,,3031000000,1937000000,0.639,551.78,1937000000,,,,,22.00,,,,3690000,,3690000,false,false,12,2015-10-01,2016-09-30,0
2016-11-07,93760,2015-09-30,,,,,,5970000000,-0.090,33000000,,36000000,,17000000,,,4.75,,,,,,3394000000,2124000000,0.626,575.71,2124000000,,,,,22.00,,,,3690000,,3690000,false,false,12,2014-10-01,2015-09-30,-1
2016-11-07,93760,2017-09-30,,,,,,,,,,,,,,,,,,,,,,,,,,,,,,22.00,,,,,,,false,true,12,2016-10-01,2017-09-30,1
2017-01-31,93760,2017-09-30,1,,,,,926000000,-0.125,-33000000,,54000000,,,46000000,,12.56,,,,,,3125000000,2088000000,0.668,,2088000000,,,,,,,,,,,,true,false,3,2016-10-01,2016-12-31,0
2017-01-31,93760,2016-09-30,1,,,,,1058000000,-0.214,-40000000,,-38000000,,,-26000000,,-7.10,,,,,,,,,,,,,,,,,,,,,,true,false,3,2015-10-01,2015-12-31,-1
2017-01-31,93760,2017-09-30,1,,,,,2460000000,-0.022,12000000,,12000000,,,7000000,,1.90,,,,,,,,,,,,,,,,,,,,,,true,true,6,2016-10-01,2017-03-31,0
2017-01-31,93760,2017-09-30,1,,,,,5210000000,0.044,85000000,0.300,95000000,0.863,,61000000,,16.53,,,,,,,,,,,,,,,,,,,,,,true,true,12,2016-10-01,2017-09-30,0
2017-01-31,93760,2016-09-30,1,,,,,,,,,,,,,,,,,,,,3094000000,1975000000,0.638,,1975000000,,,,,,,,,,,,true,false,12,2015-10-01,2016-09-30,-1
2017-01-31,93760,2016-09-30,1,,,,,,,,,,,,,,,,,,,,,,,,,,,,,22.00,,,,3690000,,,false,false,12,2015-10-01,2016-09-30,-1
2017-01-31,93760,2017-09-30,1,,,,,,,,,,,,,,,,,,,,,,,,,,,,,22.00,,,,,,,false,true,12,2016-10-01,2017-09-30,0
2017-01-31,93760,2017-09-30,1,,,,,,,,,,,,,,,,,,,,,,,,,,,,,,,,,3690000,,3690000,false,false,3,2016-10-01,2016-12-31,0
2017-01-31,93760,2016-09-30,1,,,,,,,,,,,,,,,,,,,,,,,,,,,,,,,,,,,3690000,false,false,3,2015-10-01,2015-12-31,-1
2017-04-28,93760,2017-09-30,,,,,,2319000000,-0.057,0,-0.917,88000000,6.333,,78000000,,21.14,,,,,,,,,,,,,,,,,,,,,,true,true,6,2016-10-01,2017-03-31,0
2017-04-28,93760,2016-09-30,,,,,,2514000000,,-1000000,,1000000,,,-4000000,,-1.09,,,,,,,,,,,,,,,,,,,,,,true,false,6,2015-10-01,2016-03-31,-1
2017-04-28,93760,2017-09-30,,,,,,5210000000,,74000000,-0.129,171000000,0.800,,132000000,,35.77,,,,,,,,,,,,,,,,,,,,,,true,true,12,2016-10-01,2017-09-30,0
2017-04-28,93760,2016-09-30,,,,,,4988000000,,65000000,,51000000,,,-42000000,,-11.46,,,,,,,,,,,,,,,,,,,,,,true,false,12,2015-10-01,2016-09-30,-1
2017-05-01,93760,2017-09-30,2,,,,,2319000000,-0.077,0,,88000000,,,78000000,,21.24,,,,,,3177000000,2099000000,0.661,,2099000000,,,,,,,,,,,,true,false,6,2016-10-01,2017-03-31,0
2017-05-01,93760,2016-09-30,2,,,,,2514000000,-0.124,-1000000,,1000000,,,-4000000,,-1.09,,,,,,,,,,,,,,,,,,,,,,true,false,6,2015-10-01,2016-03-31,-1
2017-05-01,93760,2017-09-30,2,,,,,5210000000,0.044,74000000,0.130,171000000,2.348,,132000000,,35.77,,,,,,,,,,,,,,,,,,,,,,true,true,12,2016-10-01,2017-09-30,0
2017-05-01,93760,2016-09-30,2,,,,,,,,,,,,,,,,,,,,3094000000,1975000000,0.638,,1975000000,,,,,,,,,,,,true,false,12,2015-10-01,2016-09-30,-1
2017-05-01,93760,2016-09-30,2,,,,,,,,,,,,,,,,,,,,,,,,,,,,,22.00,,,,3690000,,,false,false,12,2015-10-01,2016-09-30,-1
2017-05-01,93760,2017-09-30,2,,,,,,,,,,,,,,,,,,,,,,,,,,,,,11.00,,,,,,,false,false,12,2016-10-01,2017-09-30,0
2017-05-01,93760,2017-09-30,2,,,,,,,,,,,,,,,,,,,,,,,,,,,,,22.00,,,,,,,false,true,12,2016-10-01,2017-09-30,0
2017-05-01,93760,2017-09-30,2,,,,,,,,,,,,,,,,,,,,,,,,,,,,,,,,,3690000,,3690000,false,false,6,2016-10-01,2017-03-31,0
2017-05-01,93760,2016-09-30,2,,,,,,,,,,,,,,,,,,,,,,,,,,,,,,,,,,,3690000,false,false,6,2015-10-01,2016-03-31,-1
2017-07-31,93760,2017-09-30,3,,,,,3713000000,0.026,41000000,,136000000,,,115000000,,31.34,,,,,,3317000000,2103000000,0.634,,2103000000,,,,,,,,,,,,true,false,9,2016-10-01,2017-06-30,0
2017-07-31,93760,2016-09-30,3,,,,,3619000000,-0.146,0,,2000000,,,-2000000,,-0.65,,,,,,,,,,,,,,,,,,,,,,true,false,9,2015-10-01,2016-06-30,-1
2017-07-31,93760,2017-09-30,3,,,,,5210000000,0.044,74000000,0.130,171000000,2.348,,132000000,,35.77,,,,,,,,,,,,,,,,,,,,,,true,true,12,2016-10-01,2017-09-30,0
2017-07-31,93760,2016-09-30,3,,,,,,,,,,,,,,,,,,,,3094000000,1975000000,0.638,,1975000000,,,,,,,,,,,,true,false,12,2015-10-01,2016-09-30,-1
2017-07-31,93760,2016-09-30,3,,,,,,,,,,,,,,,,,,,,,,,,,,,,,22.00,,,,3690000,,,false,false,12,2015-10-01,2016-09-30,-1
2017-07-31,93760,2017-09-30,3,,,,,,,,,,,,,,,,,,,,,,,,,,,,,11.00,,,,,,,false,false,12,2016-10-01,2017-09-30,0
2017-07-31,93760,2017-09-30,3,,,,,,,,,,,,,,,,,,,,,,,,,,,,,22.00,,,,,,,false,true,12,2016-10-01,2017-09-30,0
2017-07-31,93760,2017-09-30,3,,,,,,,,,,,,,,,,,,,,,,,,,,,,,,,,,3690000,,3690000,false,false,9,2016-10-01,2017-06-30,0
2017-07-31,93760,2016-09-30,3,,,,,,,,,,,,,,,,,,,,,,,,,,,,,,,,,,,3690000,false,false,9,2015-10-01,2016-06-30,-1
2017-11-06,93760,2017-09-30,,,,,,5209000000,0.044,63000000,-0.029,151000000,1.973,,136000000,,37.08,,0.067,0.047,,,3432000000,2117000000,0.617,573.89,2117000000,5000000,277000000,-81000000,2005000000,,0.593,,,,,,true,false,12,2016-10-01,2017-09-30,0
2017-11-06,93760,2016-09-30,,,,,,4988000000,-0.165,65000000,0.600,51000000,0.395,,-42000000,,-11.46,,-0.020,0.016,,,3094000000,1975000000,0.638,535.23,1975000000,-154000000,-129000000,-81000000,1800000000,,,,,,,,true,false,12,2015-10-01,2016-09-30,-1
2017-11-06,93760,2018-09-30,,,,,,2460000000,0.060,11000000,,11000000,-0.875,,7000000,,1.90,,,,,,,,,,,,,,,,,,,,,,true,true,6,2017-10-01,2018-03-31,1
2017-11-06,93760,2018-09-30,,,,,,5500000000,0.056,90000000,0.417,100000000,-0.341,,68000000,,18.43,,,,,,,,,,,,,,,,1.194,,,,,,true,true,12,2017-10-01,2018-09-30,1
2017-11-06,93760,2017-09-30,,,,,,5209000000,0.044,57000000,-0.044,146000000,1.808,132000000,,,35.87,,,,,,3360000000,2075000000,0.618,562.49,2075000000,,,,,22.00,,,,3690000,,3690000,false,false,12,2016-10-01,2017-09-30,0
2017-11-06,93760,2016-09-30,,,,,,4988000000,-0.165,59000000,0.769,52000000,0.440,-40000000,,,-11.00,,,,,,3031000000,1937000000,0.639,551.78,1937000000,,,,,22.00,,,,3690000,,3690000,false,false,12,2015-10-01,2016-09-30,-1
2017-11-06,93760,2018-09-30,,,,,,,,,,,,,,,,,,,,,,,,,,,,,,22.00,,,,,,,false,true,12,2017-10-01,2018-09-30,1
2018-01-31,93760,2018-09-30,1,,,,,1165000000,0.258,-59000000,,-66000000,,,-47000000,,-12.79,,,,,,3076000000,2033000000,0.661,,2033000000,,,,,,,,,,,,true,false,3,2017-10-01,2017-12-31,0
2018-01-31,93760,2017-09-30,1,,,,,926000000,-0.125,-33000000,,54000000,,,46000000,,12.56,,,,,,,,,,,,,,,,,,,,,,true,false,3,2016-10-01,2016-12-31,-1
2018-01-31,93760,2018-09-30,1,,,,,2460000000,0.060,11000000,,11000000,-0.875,,7000000,,1.90,,,,,,,,,,,,,,,,,,,,,,true,true,6,2017-10-01,2018-03-31,0
2018-01-31,93760,2018-09-30,1,,,,,5500000000,0.056,90000000,0.417,100000000,-0.341,,68000000,,18.43,,,,,,,,,,,,,,,,,,,,,,true,true,12,2017-10-01,2018-09-30,0
2018-01-31,93760,2017-09-30,1,,,,,,,,,,,,,,,,,,,,3432000000,2117000000,0.617,,2117000000,,,,,,,,,,,,true,false,12,2016-10-01,2017-09-30,-1
2018-01-31,93760,2017-09-30,1,,,,,,,,,,,,,,,,,,,,,,,,,,,,,22.00,,,,3690000,,,false,false,12,2016-10-01,2017-09-30,-1
2018-01-31,93760,2018-09-30,1,,,,,,,,,,,,,,,,,,,,,,,,,,,,,22.00,,,,,,,false,true,12,2017-10-01,2018-09-30,0
2018-01-31,93760,2018-09-30,1,,,,,,,,,,,,,,,,,,,,,,,,,,,,,,,,,3690000,,3690000,false,false,3,2017-10-01,2017-12-31,0
2018-01-31,93760,2017-09-30,1,,,,,,,,,,,,,,,,,,,,,,,,,,,,,,,,,,,3690000,false,false,3,2016-10-01,2016-12-31,-1
2018-04-27,93760,2018-09-30,,,,,,2459000000,-0.000,-65000000,,-69000000,,,-49000000,,-13.42,,,,,,,,,,,,,,,,,,,,,,true,true,6,2017-10-01,2018-03-31,0
2018-04-27,93760,2017-09-30,,,,,,2319000000,,0,,88000000,,,78000000,,21.24,,,,,,,,,,,,,,,,,,,,,,true,false,6,2016-10-01,2017-03-31,-1
2018-04-27,93760,2018-09-30,,,,,,5500000000,,45000000,-0.500,50000000,-0.500,,34000000,,9.21,,,,,,,,,,,,,,,,,,,,,,true,true,12,2017-10-01,2018-09-30,0
2018-04-27,93760,2017-09-30,,,,,,5209000000,,63000000,,151000000,,,136000000,,37.08,,,,,,,,,,,,,,,,,,,,,,true,false,12,2016-10-01,2017-09-30,-1
2018-05-01,93760,2018-09-30,2,,,,,2459000000,0.060,-65000000,,-69000000,,,-49000000,,-13.42,,,,,,3163000000,2012000000,0.636,,2012000000,,,,,,,,,,,,true,false,6,2017-10-01,2018-03-31,0
2018-05-01,93760,2017-09-30,2,,,,,2319000000,-0.077,0,,88000000,,,78000000,,21.24,,,,,,,,,,,,,,,,,,,,,,true,false,6,2016-10-01,2017-03-31,-1
2018-05-01,93760,2018-09-30,2,,,,,5500000000,0.056,45000000,-0.292,50000000,-0.671,,34000000,,9.21,,,,,,,,,,,,,,,,,,,,,,true,true,12,2017-10-01,2018-09-30,0
2018-05-01,93760,2017-09-30,2,,,,,,,,,,,,,,,,,,,,3432000000,2117000000,0.617,,2117000000,,,,,,,,,,,,true,false,12,2016-10-01,2017-09-30,-1
2018-05-01,93760,2017-09-30,2,,,,,,,,,,,,,,,,,,,,,,,,,,,,,22.00,,,,3690000,,,false,false,12,2016-10-01,2017-09-30,-1
2018-05-01,93760,2018-09-30,2,,,,,,,,,,,,,,,,,,,,,,,,,,,,,11.00,,,,,,,false,false,12,2017-10-01,2018-09-30,0
2018-05-01,93760,2018-09-30,2,,,,,,,,,,,,,,,,,,,,,,,,,,,,,22.00,,,,,,,false,true,12,2017-10-01,2018-09-30,0
2018-05-01,93760,2018-09-30,2,,,,,,,,,,,,,,,,,,,,,,,,,,,,,,,,,3690000,,3690000,false,false,6,2017-10-01,2018-03-31,0
2018-05-01,93760,2017-09-30,2,,,,,,,,,,,,,,,,,,,,,,,,,,,,,,,,,,,3690000,false,false,6,2016-10-01,2017-03-31,-1
2018-07-31,93760,2018-09-30,3,,,,,3944000000,0.062,-43000000,,-39000000,,,-32000000,,-8.94,,,,,,3285000000,2000000000,0.609,,2000000000,,,,,,,,,,,,true,false,9,2017-10-01,2018-06-30,0
2018-07-31,93760,2017-09-30,3,,,,,3713000000,0.026,41000000,,136000000,,,115000000,,31.34,,,,,,,,,,,,,,,,,,,,,,true,false,9,2016-10-01,2017-06-30,-1
2018-07-31,93760,2018-09-30,3,,,,,5500000000,0.056,45000000,-0.292,50000000,-0.671,,34000000,,9.21,,,,,,,,,,,,,,,,,,,,,,true,true,12,2017-10-01,2018-09-30,0
2018-07-31,93760,2017-09-30,3,,,,,,,,,,,,,,,,,,,,3432000000,2117000000,0.617,,2117000000,,,,,,,,,,,,true,false,12,2016-10-01,2017-09-30,-1
2018-07-31,93760,2017-09-30,3,,,,,,,,,,,,,,,,,,,,,,,,,,,,,22.00,,,,3690000,,,false,false,12,2016-10-01,2017-09-30,-1
2018-07-31,93760,2018-09-30,3,,,,,,,,,,,,,,,,,,,,,,,,,,,,,11.00,,,,,,,false,false,12,2017-10-01,2018-09-30,0
2018-07-31,93760,2018-09-30,3,,,,,,,,,,,,,,,,,,,,,,,,,,,,,22.00,,,,,,,false,true,12,2017-10-01,2018-09-30,0
2018-07-31,93760,2018-09-30,3,,,,,,,,,,,,,,,,,,,,,,,,,,,,,,,,,3690000,,3690000,false,false,9,2017-10-01,2018-06-30,0
2018-07-31,93760,2017-09-30,3,,,,,,,,,,,,,,,,,,,,,,,,,,,,,,,,,,,3690000,false,false,9,2016-10-01,2017-06-30,-1
2018-11-05,93760,2018-09-30,,,,,,5416000000,-0.015,1000000,-0.978,7000000,-0.860,,5000000,,1.36,,,,,,,,,,,,,,,,,,,,,,true,true,12,2017-10-01,2018-09-30,0
2018-11-05,93760,2017-09-30,,,,,,5209000000,,63000000,,151000000,,,136000000,,37.08,,,,,,,,,,,,,,,,,,,,,,true,false,12,2016-10-01,2017-09-30,-1
2018-11-06,93760,2018-09-30,,,,,,5416000000,0.040,1000000,-0.978,7000000,-0.950,,5000000,,1.48,,0.003,0.002,,,3316000000,2051000000,0.619,556.03,2051000000,-18000000,387000000,-81000000,2295000000,,,,,,,,true,false,12,2017-10-01,2018-09-30,0
2018-11-06,93760,2017-09-30,,,,,,5209000000,0.044,63000000,-0.029,151000000,1.973,,136000000,,37.08,,0.067,0.047,,,3432000000,2117000000,0.617,573.89,2117000000,5000000,277000000,-81000000,2005000000,,0.593,,,,,,true,false,12,2016-10-01,2017-09-30,-1
2018-11-06,93760,2019-09-30,,,,,,2550000000,0.037,9000000,,9000000,,,6000000,,1.63,,,,,,,,,,,,,,,,,,,,,,true,true,6,2018-10-01,2019-03-31,1
2018-11-06,93760,2019-09-30,,,,,,5600000000,0.034,80000000,,90000000,,,62000000,,16.80,,,,,,,,,,,,,,,,1.310,,,,,,true,true,12,2018-10-01,2019-09-30,1
2018-11-06,93760,2018-09-30,,,,,,5416000000,0.040,2000000,-0.959,9000000,-0.937,6000000,,-0.952,1.72,,,,,,3242000000,2010000000,0.620,544.88,2010000000,,,,,22.00,,,,3690000,,3690000,false,false,12,2017-10-01,2018-09-30,0
2018-11-06,93760,2017-09-30,,,,,,5209000000,0.044,57000000,-0.044,146000000,1.808,132000000,,,35.87,,,,,,3360000000,2075000000,0.618,562.49,2075000000,,,,,22.00,,,,3690000,,3690000,false,false,12,2016-10-01,2017-09-30,-1
2018-11-06,93760,2019-09-30,,,,,,,,,,,,,,,,,,,,,,,,,,,,,,22.00,,,,,,,false,true,12,2018-10-01,2019-09-30,1
2019-01-31,93760,2019-09-30,1,,,,,1199000000,0.029,-15000000,,-10000000,,,-7000000,,-2.04,,,,,,3145000000,1991000000,0.633,,1991000000,,,,,,,,,,,,true,false,3,2018-10-01,2018-12-31,0
2019-01-31,93760,2018-09-30,1,,,,,1165000000,0.258,-59000000,,-66000000,,,-47000000,,-12.79,,,,,,,,,,,,,,,,,,,,,,true,false,3,2017-10-01,2017-12-31,-1
2019-01-31,93760,2019-09-30,1,,,,,2550000000,0.037,9000000,,9000000,,,6000000,,1.63,,,,,,,,,,,,,,,,,,,,,,true,true,6,2018-10-01,2019-03-31,0
2019-01-31,93760,2019-09-30,1,,,,,5600000000,0.034,80000000,,90000000,,,62000000,,16.80,,,,,,,,,,,,,,,,,,,,,,true,true,12,2018-10-01,2019-09-30,0
2019-01-31,93760,2018-09-30,1,,,,,,,,,,,,,,,,,,,,3316000000,2051000000,0.619,,2051000000,,,,,,,,,,,,true,false,12,2017-10-01,2018-09-30,-1
2019-01-31,93760,2018-09-30,1,,,,,,,,,,,,,,,,,,,,,,,,,,,,,22.00,,,,3690000,,,false,false,12,2017-10-01,2018-09-30,-1
2019-01-31,93760,2019-09-30,1,,,,,,,,,,,,,,,,,,,,,,,,,,,,,22.00,,,,,,,false,true,12,2018-10-01,2019-09-30,0
2019-01-31,93760,2019-09-30,1,,,,,,,,,,,,,,,,,,,,,,,,,,,,,,,,,3690000,,3690000,false,false,3,2018-10-01,2018-12-31,0
2019-01-31,93760,2018-09-30,1,,,,,,,,,,,,,,,,,,,,,,,,,,,,,,,,,,,3690000,false,false,3,2017-10-01,2017-12-31,-1
2019-05-07,93760,2019-09-30,2,,,,,2590000000,0.053,-0,,12000000,,,11000000,,3.22,,,,,,3400000000,2010000000,0.591,,2010000000,,,,,,,,,,,,true,false,6,2018-10-01,2019-03-31,0
2019-05-07,93760,2018-09-30,2,,,,,2459000000,0.060,-65000000,,-69000000,,,-49000000,,-13.42,,,,,,,,,,,,,,,,,,,,,,true,false,6,2017-10-01,2018-03-31,-1
2019-05-07,93760,2019-09-30,2,,,,,5600000000,0.034,80000000,,90000000,,,62000000,,16.80,,,,,,,,,,,,,,,,,,,,,,true,true,12,2018-10-01,2019-09-30,0
2019-05-07,93760,2018-09-30,2,,,,,,,,,,,,,,,,,,,,3316000000,2051000000,0.619,,2051000000,,,,,,,,,,,,true,false,12,2017-10-01,2018-09-30,-1
2019-05-07,93760,2018-09-30,2,,,,,,,,,,,,,,,,,,,,,,,,,,,,,22.00,,,,3690000,,,false,false,12,2017-10-01,2018-09-30,-1
2019-05-07,93760,2019-09-30,2,,,,,,,,,,,,,,,,,,,,,,,,,,,,,11.00,,,,,,,false,false,12,2018-10-01,2019-09-30,0
2019-05-07,93760,2019-09-30,2,,,,,,,,,,,,,,,,,,,,,,,,,,,,,22.00,,,,,,,false,true,12,2018-10-01,2019-09-30,0
2019-05-07,93760,2019-09-30,2,,,,,,,,,,,,,,,,,,,,,,,,,,,,,,,,,3690000,,3690000,false,false,6,2018-10-01,2019-03-31,0
2019-05-07,93760,2018-09-30,2,,,,,,,,,,,,,,,,,,,,,,,,,,,,,,,,,,,3690000,false,false,6,2017-10-01,2018-03-31,-1
2019-07-30,93760,2019-09-30,,,,,,5760000000,0.029,140000000,0.750,155000000,0.722,,120000000,,32.52,,,,,,,,,,,,,,,,,,,,,,true,true,12,2018-10-01,2019-09-30,0
2019-07-30,93760,2018-09-30,,,,,,5416000000,,1000000,,7000000,,,5000000,,1.48,,,,,,,,,,,,,,,,,,,,,,true,false,12,2017-10-01,2018-09-30,-1
2019-07-31,93760,2019-09-30,3,,,,,4352000000,0.103,117000000,,132000000,,,105000000,,28.59,,,,,,3279000000,2060000000,0.628,,2060000000,,,,,,,,,,,,true,false,9,2018-10-01,2019-06-30,0
2019-07-31,93760,2018-09-30,3,,,,,3944000000,0.062,-43000000,,-39000000,,,-32000000,,-8.94,,,,,,,,,,,,,,,,,,,,,,true,false,9,2017-10-01,2018-06-30,-1
2019-07-31,93760,2019-09-30,3,,,,,5760000000,0.064,140000000,,155000000,,,120000000,,32.52,,,,,,,,,,,,,,,,,,,,,,true,true,12,2018-10-01,2019-09-30,0
2019-07-31,93760,2018-09-30,3,,,,,,,,,,,,,,,,,,,,3316000000,2051000000,0.619,,2051000000,,,,,,,,,,,,true,false,12,2017-10-01,2018-09-30,-1
2019-07-31,93760,2018-09-30,3,,,,,,,,,,,,,,,,,,,,,,,,,,,,,22.00,,,,3690000,,,false,false,12,2017-10-01,2018-09-30,-1
2019-07-31,93760,2019-09-30,3,,,,,,,,,,,,,,,,,,,,,,,,,,,,,11.00,,,,,,,false,false,12,2018-10-01,2019-09-30,0
2019-07-31,93760,2019-09-30,3,,,,,,,,,,,,,,,,,,,,,,,,,,,,,22.00,,,,,,,false,true,12,2018-10-01,2019-09-30,0
2019-07-31,93760,2019-09-30,3,,,,,,,,,,,,,,,,,,,,,,,,,,,,,,,,,3690000,,3690000,false,false,9,2018-10-01,2019-06-30,0
2019-07-31,93760,2018-09-30,3,,,,,,,,,,,,,,,,,,,,,,,,,,,,,,,,,,,3690000,false,false,9,2017-10-01,2018-06-30,-1
2019-11-05,93760,2019-09-30,,,,,,5727000000,0.058,150000000,,167000000,,,129000000,,34.98,,0.062,0.050,,,3411000000,2085000000,0.611,565.13,2085000000,166000000,-6000000,-81000000,2371000000,,0.629,,,,,,true,false,12,2018-10-01,2019-09-30,0
2019-11-05,93760,2018-09-30,,,,,,5416000000,0.040,1000000,-0.978,7000000,-0.950,,5000000,,1.48,,0.003,0.002,,,3316000000,2051000000,0.619,556.03,2051000000,-18000000,387000000,-81000000,2295000000,,,,,,,,true,false,12,2017-10-01,2018-09-30,-1
2019-11-05,93760,2020-09-30,,,,,,2650000000,0.023,10000000,,10000000,,,6000000,,1.87,,,,,,,,,,,,,,,,,,,,,,true,true,6,2019-10-01,2020-03-31,1
2019-11-05,93760,2020-09-30,,,,,,5800000000,0.013,125000000,-0.169,130000000,-0.222,,90000000,,24.39,,,,,,,,,,,,,,,,0.902,,,,,,true,true,12,2019-10-01,2020-09-30,1
2019-11-05,93760,2019-09-30,,,,,,5727000000,0.058,152000000,,169000000,,130000000,,,35.47,,,,,,3342000000,2045000000,0.612,554.47,2045000000,,,,,22.00,,,,3690000,,3690000,false,false,12,2018-10-01,2019-09-30,0
2019-11-05,93760,2018-09-30,,,,,,5416000000,0.040,2000000,-0.959,9000000,-0.937,6000000,,-0.952,1.72,,,,,,3242000000,2010000000,0.620,544.88,2010000000,,,,,22.00,,,,3690000,,3690000,false,false,12,2017-10-01,2018-09-30,-1
2019-11-05,93760,2020-09-30,,,,,,,,,,,,,,,,,,,,,,,,,,,,,,22.00,,,,,,,false,true,12,2019-10-01,2020-09-30,1
2020-01-31,93760,2020-09-30,1,,,,,1178000000,-0.017,25000000,,29000000,,,20000000,,5.50,,,,,,3164000000,2070000000,0.654,,2070000000,,,,,,,,,,,,true,false,3,2019-10-01,2019-12-31,0
2020-01-31,93760,2019-09-30,1,,,,,1199000000,0.029,-15000000,,-10000000,,,-7000000,,-2.04,,,,,,,,,,,,,,,,,,,,,,true,false,3,2018-10-01,2018-12-31,-1
2020-01-31,93760,2020-09-30,1,,,,,2650000000,0.023,10000000,,10000000,,,6000000,,1.87,,,,,,,,,,,,,,,,,,,,,,true,true,6,2019-10-01,2020-03-31,0
2020-01-31,93760,2020-09-30,1,,,,,5800000000,0.013,125000000,-0.169,130000000,-0.222,,90000000,,24.39,,,,,,,,,,,,,,,,,,,,,,true,true,12,2019-10-01,2020-09-30,0
2020-01-31,93760,2019-09-30,1,,,,,,,,,,,,,,,,,,,,3411000000,2085000000,0.611,,2085000000,,,,,,,,,,,,true,false,12,2018-10-01,2019-09-30,-1
2020-01-31,93760,2019-09-30,1,,,,,,,,,,,,,,,,,,,,,,,,,,,,,22.00,,,,3690000,,,false,false,12,2018-10-01,2019-09-30,-1
2020-01-31,93760,2020-09-30,1,,,,,,,,,,,,,,,,,,,,,,,,,,,,,22.00,,,,,,,false,true,12,2019-10-01,2020-09-30,0
2020-01-31,93760,2020-09-30,1,,,,,,,,,,,,,,,,,,,,,,,,,,,,,,,,,3690000,,3690000,false,false,3,2019-10-01,2019-12-31,0
2020-01-31,93760,2019-09-30,1,,,,,,,,,,,,,,,,,,,,,,,,,,,,,,,,,,,3690000,false,false,3,2018-10-01,2018-12-31,-1
2020-04-30,93760,2020-09-30,,2326000000,-0.122,,,,,19000000,0.910,31000000,2.180,,21000000,,5.96,,,,,,,,,,,,,,,,,,,,,,true,true,6,2019-10-01,2020-03-31,0
2020-04-30,93760,2019-09-30,,2590000000,,,,,,-0,,12000000,,,11000000,,3.22,,,,,,,,,,,,,,,,,,,,,,true,false,6,2018-10-01,2019-03-31,-1
2020-04-30,93760,2020-09-30,,,,,,2447000000,-0.578,-257000000,,-241000000,,,-244000000,,-66.12,,,,,,,,,,,,,,,,,,,,,,true,true,12,2019-10-01,2020-09-30,0
2020-04-30,93760,2019-09-30,,,,,,5727000000,,150000000,,167000000,,,129000000,,36.98,,,,,,,,,,,,,,,,,,,,,,true,false,12,2018-10-01,2019-09-30,-1
2020-04-30,93760,2020-09-30,,,,,,,,,,,,,,,,,,,,,,,,,,,,,,0.00,,,,,,,false,true,12,2019-10-01,2020-09-30,0
2020-04-30,93760,2019-09-30,,,,,,,,,,,,,,,,,,,,,,,,,,,,,,22.00,,,,,,,false,false,12,2018-10-01,2019-09-30,-1
2020-05-07,93760,2020-09-30,2,,,,,2326000000,-0.102,19000000,,31000000,1.589,,21000000,,5.96,,,,,,2578000000,2072000000,0.804,,2072000000,,,,,,,,,,,,true,false,6,2019-10-01,2020-03-31,0
2020-05-07,93760,2019-09-30,2,,,,,2590000000,0.053,-0,,12000000,,,11000000,,3.22,,,,,,,,,,,,,,,,,,,,,,true,false,6,2018-10-01,2019-03-31,-1
2020-05-07,93760,2020-09-30,2,,,,,2447000000,-0.573,-257000000,,-241000000,,,-244000000,,-66.12,,,,,,,,,,,,,,,,,,,,,,true,true,12,2019-10-01,2020-09-30,0
2020-05-07,93760,2019-09-30,2,,,,,,,,,,,,,,,,,,,,3411000000,2085000000,0.611,,2085000000,,,,,,,,,,,,true,false,12,2018-10-01,2019-09-30,-1
2020-05-07,93760,2019-09-30,2,,,,,,,,,,,,,,,,,,,,,,,,,,,,,22.00,,,,3690000,,,false,false,12,2018-10-01,2019-09-30,-1
2020-05-07,93760,2020-09-30,2,,,,,,,,,,,,,,,,,,,,,,,,,,,,,0.00,,,,,,,false,false,12,2019-10-01,2020-09-30,0
2020-05-07,93760,2020-09-30,2,,,,,,,,,,,,,,,,,,,,,,,,,,,,,0.00,,,,,,,false,true,12,2019-10-01,2020-09-30,0
2020-05-07,93760,2020-09-30,2,,,,,,,,,,,,,,,,,,,,,,,,,,,,,,,,,3690000,,3690000,false,false,6,2019-10-01,2020-03-31,0
2020-05-07,93760,2019-09-30,2,,,,,,,,,,,,,,,,,,,,,,,,,,,,,,,,,,,3690000,false,false,6,2018-10-01,2019-03-31,-1
2020-07-30,93760,2020-09-30,3,,,,,2336000000,-0.463,-124000000,,-17000000,,,-15000000,,-4.22,,,,,,2279000000,2030000000,0.890,,2030000000,,,,,,,,,,,,true,false,9,2019-10-01,2020-06-30,0
2020-07-30,93760,2019-09-30,3,,,,,4352000000,0.103,117000000,,132000000,,,105000000,,28.59,,,,,,,,,,,,,,,,,,,,,,true,false,9,2018-10-01,2019-06-30,-1
2020-07-30,93760,2020-09-30,3,,,,,2447000000,-0.573,-257000000,,-241000000,,,-244000000,,-66.12,,,,,,,,,,,,,,,,,,,,,,true,true,12,2019-10-01,2020-09-30,0
2020-07-30,93760,2019-09-30,3,,,,,,,,,,,,,,,,,,,,3411000000,2085000000,0.611,,2085000000,,,,,,,,,,,,true,false,12,2018-10-01,2019-09-30,-1
2020-07-30,93760,2019-09-30,3,,,,,,,,,,,,,,,,,,,,,,,,,,,,,22.00,,,,3690000,,,false,false,12,2018-10-01,2019-09-30,-1
2020-07-30,93760,2020-09-30,3,,,,,,,,,,,,,,,,,,,,,,,,,,,,,0.00,,,,,,,false,false,12,2019-10-01,2020-09-30,0
2020-07-30,93760,2020-09-30,3,,,,,,,,,,,,,,,,,,,,,,,,,,,,,0.00,,,,,,,false,true,12,2019-10-01,2020-09-30,0
2020-07-30,93760,2020-09-30,3,,,,,,,,,,,,,,,,,,,,,,,,,,,,,,,,,3690000,1,3690000,false,false,9,2019-10-01,2020-06-30,0
2020-07-30,93760,2019-09-30,3,,,,,,,,,,,,,,,,,,,,,,,,,,,,,,,,,,,3690000,false,false,9,2018-10-01,2019-06-30,-1
2020-11-04,93760,2020-09-30,,,,,,2347000000,-0.041,-267000000,,-61000000,,,-70000000,,-19.01,,,,,,,,,,,,,,,,,,,,,,true,true,12,2019-10-01,2020-09-30,0
2020-11-04,93760,2019-09-30,,,,,,5727000000,,150000000,,167000000,,,129000000,,34.98,,,,,,,,,,,,,,,,,,,,,,true,false,12,2018-10-01,2019-09-30,-1
2020-11-05,93760,2020-09-30,,,,,,2347000000,-0.590,-267000000,,-61000000,,,-70000000,,-19.01,,-0.035,-0.022,,,2216000000,1974000000,0.891,535.09,1974000000,-791000000,7000000,-40000000,1552000000,,,,,,,,true,false,12,2019-10-01,2020-09-30,0
2020-11-05,93760,2019-09-30,,,,,,5727000000,0.058,150000000,,167000000,,,129000000,,34.98,,0.062,0.050,,,3411000000,2085000000,0.611,565.13,2085000000,166000000,-6000000,-81000000,2371000000,,0.629,,,,,,true,false,12,2018-10-01,2019-09-30,-1
2020-11-05,93760,2021-09-30,,,,,,212000000,,-214000000,,-87000000,,,-87000000,,-23.58,,,,,,,,,,,,,,,,,,,,,,true,true,6,2020-10-01,2021-03-31,1
2020-11-05,93760,2021-09-30,,,,,,869000000,,-372000000,,-202000000,,,-203000000,,-55.01,,,,,,,,,,,,,,,,,,,,,,true,true,12,2020-10-01,2021-09-30,1
2020-11-05,93760,2020-09-30,,,,,,2347000000,-0.590,-190000000,,-76000000,,-66000000,,,-17.90,,,,,,2135000000,1939000000,0.908,525.53,1939000000,,,,,0.00,,,,3690000,1,3690000,false,false,12,2019-10-01,2020-09-30,0
2020-11-05,93760,2019-09-30,,,,,,5727000000,0.058,152000000,,169000000,,130000000,,,35.47,,,,,,3342000000,2045000000,0.612,554.47,2045000000,,,,,22.00,,,,3690000,,3690000,false,false,12,2018-10-01,2019-09-30,-1
2020-11-05,93760,2021-09-30,,,,,,,,,,,,,,,,,,,,,,,,,,,,,,0.00,,,,,,,false,true,12,2020-10-01,2021-09-30,1
2021-02-01,93760,2021-09-30,1,,,,,88000000,-0.925,-128000000,,-40000000,,,-43000000,,-11.92,,,,,,2176000000,1930000000,0.887,,1930000000,,,,,,,,,,,,true,false,3,2020-10-01,2020-12-31,0
2021-02-01,93760,2020-09-30,1,,,,,1178000000,-0.017,25000000,,29000000,,,20000000,,5.50,,,,,,,,,,,,,,,,,,,,,,true,false,3,2019-10-01,2019-12-31,-1
2021-02-01,93760,2021-09-30,1,,,,,212000000,-0.909,-214000000,,-87000000,,,-87000000,,-23.58,,,,,,,,,,,,,,,,,,,,,,true,true,6,2020-10-01,2021-03-31,0
2021-02-01,93760,2021-09-30,1,,,,,869000000,-0.630,-372000000,,-202000000,,,-203000000,,-55.01,,,,,,,,,,,,,,,,,,,,,,true,true,12,2020-10-01,2021-09-30,0
2021-02-01,93760,2020-09-30,1,,,,,,,,,,,,,,,,,,,,2216000000,1974000000,0.891,,1974000000,,,,,,,,,,,,true,false,12,2019-10-01,2020-09-30,-1
2021-02-01,93760,2020-09-30,1,,,,,,,,,,,,,,,,,,,,,,,,,,,,,0.00,,,,3690000,1,,false,false,12,2019-10-01,2020-09-30,-1
2021-02-01,93760,2021-09-30,1,,,,,,,,,,,,,,,,,,,,,,,,,,,,,0.00,,,,,,,false,true,12,2020-10-01,2021-09-30,0
2021-02-01,93760,2021-09-30,1,,,,,,,,,,,,,,,,,,,,,,,,,,,,,,,,,3690000,26,3689993,false,false,3,2020-10-01,2020-12-31,0
2021-02-01,93760,2020-09-30,1,,,,,,,,,,,,,,,,,,,,,,,,,,,,,,,,,,,3690000,false,false,3,2019-10-01,2019-12-31,-1
2021-04-30,93760,2021-09-30,,126000000,-0.403,,,,,-258000000,,-64000000,,,-70000000,,-19.09,,,,,,,,,,,,,,,,,,,,,,true,true,6,2020-10-01,2021-03-31,0
2021-04-30,93760,2020-09-30,,2326000000,,,,,,19000000,,31000000,,,21000000,,5.96,,,,,,,,,,,,,,,,,,,,,,true,false,6,2019-10-01,2020-03-31,-1
2021-04-30,93760,2021-09-30,,,,,,278000000,-0.680,-504000000,,-186000000,,,-203000000,,-55.01,,,,,,,,,,,,,,,,,,,,,,true,true,12,2020-10-01,2021-09-30,0
2021-04-30,93760,2020-09-30,,,,,,2347000000,,-267000000,,-61000000,,,-70000000,,-19.01,,,,,,,,,,,,,,,,,,,,,,true,false,12,2019-10-01,2020-09-30,-1
2021-05-06,93760,2021-09-30,2,,,,,126000000,-0.946,-258000000,,-64000000,,,-70000000,,-19.09,,,,,,2144000000,1904000000,0.888,,1904000000,,,,,,,,,,,,true,false,6,2020-10-01,2021-03-31,0
2021-05-06,93760,2020-09-30,2,,,,,2326000000,-0.102,19000000,,31000000,1.589,,21000000,,5.96,,,,,,,,,,,,,,,,,,,,,,true,false,6,2019-10-01,2020-03-31,-1
2021-05-06,93760,2021-09-30,2,,,,,278000000,-0.882,-504000000,,-186000000,,,-203000000,,-55.01,,,,,,,,,,,,,,,,,,,,,,true,true,12,2020-10-01,2021-09-30,0
2021-05-06,93760,2020-09-30,2,,,,,,,,,,,,,,,,,,,,2216000000,1974000000,0.891,,1974000000,,,,,,,,,,,,true,false,12,2019-10-01,2020-09-30,-1
2021-05-06,93760,2020-09-30,2,,,,,,,,,,,,,,,,,,,,,,,,,,,,,0.00,,,,3690000,1,,false,false,12,2019-10-01,2020-09-30,-1
2021-05-06,93760,2021-09-30,2,,,,,,,,,,,,,,,,,,,,,,,,,,,,,0.00,,,,,,,false,false,12,2020-10-01,2021-09-30,0
2021-05-06,93760,2021-09-30,2,,,,,,,,,,,,,,,,,,,,,,,,,,,,,0.00,,,,,,,false,true,12,2020-10-01,2021-09-30,0
2021-05-06,93760,2021-09-30,2,,,,,,,,,,,,,,,,,,,,,,,,,,,,,,,,,3690000,26,3689985,false,false,6,2020-10-01,2021-03-31,0
2021-05-06,93760,2020-09-30,2,,,,,,,,,,,,,,,,,,,,,,,,,,,,,,,,,,,3690000,false,false,6,2019-10-01,2020-03-31,-1
2021-08-02,93760,2021-09-30,3,,,,,177000000,-0.924,-379000000,,-92000000,,,-103000000,,-28.06,,,,,,2107000000,1871000000,0.888,,1871000000,,,,,,,,,,,,true,false,9,2020-10-01,2021-06-30,0
2021-08-02,93760,2020-09-30,3,,,,,2336000000,-0.463,-124000000,,-17000000,,,-15000000,,-4.22,,,,,,,,,,,,,,,,,,,,,,true,false,9,2019-10-01,2020-06-30,-1
2021-08-02,93760,2021-09-30,3,,,,,278000000,-0.882,-504000000,,-186000000,,,-203000000,,-55.01,,,,,,,,,,,,,,,,,,,,,,true,true,12,2020-10-01,2021-09-30,0
2021-08-02,93760,2020-09-30,3,,,,,,,,,,,,,,,,,,,,2216000000,1974000000,0.891,,1974000000,,,,,,,,,,,,true,false,12,2019-10-01,2020-09-30,-1
2021-08-02,93760,2020-09-30,3,,,,,,,,,,,,,,,,,,,,,,,,,,,,,0.00,,,,3690000,1,,false,false,12,2019-10-01,2020-09-30,-1
2021-08-02,93760,2021-09-30,3,,,,,,,,,,,,,,,,,,,,,,,,,,,,,0.00,,,,,,,false,false,12,2020-10-01,2021-09-30,0
2021-08-02,93760,2021-09-30,3,,,,,,,,,,,,,,,,,,,,,,,,,,,,,0.00,,,,,,,false,true,12,2020-10-01,2021-09-30,0
2021-08-02,93760,2021-09-30,3,,,,,,,,,,,,,,,,,,,,,,,,,,,,,,,,,3690000,26,3689982,false,false,9,2020-10-01,2021-06-30,0
2021-08-02,93760,2020-09-30,3,,,,,,,,,,,,,,,,,,,,,,,,,,,,,,,,,,,3690000,false,false,9,2019-10-01,2020-06-30,-1
2021-11-04,93760,2021-09-30,,224000000,-0.193,,,,,-505000000,,-108000000,,-124000000,,,-33.60,,,,,,,,,,,,,,,,,,,,,,true,true,12,2020-10-01,2021-09-30,0
2021-11-04,93760,2020-09-30,,2347000000,,,,,,-267000000,,-61000000,,-70000000,,,-19.01,,,,,,,,,,,,,,,,,,,,,,true,false,12,2019-10-01,2020-09-30,-1
2021-11-05,93760,2021-09-30,,,,,,224000000,-0.904,-505000000,,-108000000,,,-124000000,,-33.60,,-0.065,-0.051,,,2097000000,1850000000,0.882,501.52,1850000000,-39000000,95000000,-0,1609000000,,,,,,,,true,false,12,2020-10-01,2021-09-30,0
2021-11-05,93760,2020-09-30,,,,,,2347000000,-0.590,-267000000,,-61000000,,,-70000000,,-19.01,,-0.035,-0.022,,,2216000000,1974000000,0.891,535.09,1974000000,-791000000,7000000,-40000000,1552000000,,,,,,,,true,false,12,2019-10-01,2020-09-30,-1
2021-11-05,93760,2021-09-30,,,,,,224000000,-0.904,-349000000,,-153000000,,-153000000,,,-41.66,,,,,,1980000000,1785000000,0.902,483.91,1785000000,,,,,0.00,,,,3690000,26,3689980,false,false,12,2020-10-01,2021-09-30,0
2021-11-05,93760,2020-09-30,,,,,,2347000000,-0.590,-190000000,,-76000000,,-66000000,,,-17.90,,,,,,2135000000,1939000000,0.908,525.53,1939000000,,,,,0.00,,,,3690000,1,3690000,false,false,12,2019-10-01,2020-09-30,-1
2021-11-05,93760,2022-09-30,,,,,,,,,,,,,,,,,,,,,,,,,,,,,,0.00,,,,,,,false,true,12,2021-10-01,2022-09-30,1
2022-01-31,93760,2022-09-30,1,,,,,123000000,0.390,-102000000,,-20000000,,,-25000000,,-6.93,,,,,,2077000000,1825000000,0.878,,1825000000,,,,,,,,,,,,true,false,3,2021-10-01,2021-12-31,0
2022-01-31,93760,2021-09-30,1,,,,,88000000,-0.925,-128000000,,-40000000,,,-43000000,,-11.92,,,,,,,,,,,,,,,,,,,,,,true,false,3,2020-10-01,2020-12-31,-1
2022-01-31,93760,2021-09-30,1,,,,,,,,,,,,,,,,,,,,2097000000,1850000000,0.883,,1850000000,,,,,,,,,,,,true,false,12,2020-10-01,2021-09-30,-1
2022-01-31,93760,2021-09-30,1,,,,,,,,,,,,,,,,,,,,,,,,,,,,,0.00,,,,3690000,26,,false,false,12,2020-10-01,2021-09-30,-1
2022-01-31,93760,2022-09-30,1,,,,,,,,,,,,,,,,,,,,,,,,,,,,,0.00,,,,,,,false,true,12,2021-10-01,2022-09-30,0
2022-01-31,93760,2022-09-30,1,,,,,,,,,,,,,,,,,,,,,,,,,,,,,,,,,3690000,26,3689974,false,false,3,2021-10-01,2021-12-31,0
2022-01-31,93760,2021-09-30,1,,,,,,,,,,,,,,,,,,,,,,,,,,,,,,,,,,,3689993,false,false,3,2020-10-01,2020-12-31,-1
2022-05-06,93760,2022-09-30,2,,,,,183000000,0.452,-212000000,,-36000000,,,-45000000,,-12.40,,,,,,2077000000,1805000000,0.869,,1805000000,,,,,,,,,,,,true,false,6,2021-10-01,2022-03-31,0
2022-05-06,93760,2021-09-30,2,,,,,126000000,-0.946,-258000000,,-64000000,,,-70000000,,-19.09,,,,,,,,,,,,,,,,,,,,,,true,false,6,2020-10-01,2021-03-31,-1
2022-05-06,93760,2021-09-30,2,,,,,,,,,,,,,,,,,,,,2097000000,1850000000,0.882,,1850000000,,,,,,,,,,,,true,false,12,2020-10-01,2021-09-30,-1
2022-05-06,93760,2021-09-30,2,,,,,,,,,,,,,,,,,,,,,,,,,,,,,0.00,,,,3690000,26,,false,false,12,2020-10-01,2021-09-30,-1
2022-05-06,93760,2022-09-30,2,,,,,,,,,,,,,,,,,,,,,,,,,,,,,0.00,,,,,,,false,false,12,2021-10-01,2022-09-30,0
2022-05-06,93760,2022-09-30,2,,,,,,,,,,,,,,,,,,,,,,,,,,,,,0.00,,,,,,,false,true,12,2021-10-01,2022-09-30,0
2022-05-06,93760,2022-09-30,2,,,,,,,,,,,,,,,,,,,,,,,,,,,,,,,,,3690000,26,3689974,false,false,6,2021-10-01,2022-03-31,0
2022-05-06,93760,2021-09-30,2,,,,,,,,,,,,,,,,,,,,,,,,,,,,,,,,,,,3689985,false,false,6,2020-10-01,2021-03-31,-1
2022-08-01,93760,2022-09-30,3,,,,,320000000,1.807,-304000000,,-59000000,,,-73000000,,-20.05,,,,,,2079000000,1776000000,0.854,,1776000000,,,,,,,,,,,,true,false,9,2021-10-01,2022-06-30,0
2022-08-01,93760,2021-09-30,3,,,,,177000000,-0.924,-379000000,,-92000000,,,-103000000,,-28.06,,,,,,,,,,,,,,,,,,,,,,true,false,9,2020-10-01,2021-06-30,-1
2022-08-01,93760,2021-09-30,3,,,,,,,,,,,,,,,,,,,,2097000000,1850000000,0.882,,1850000000,,,,,,,,,,,,true,false,12,2020-10-01,2021-09-30,-1
2022-08-01,93760,2021-09-30,3,,,,,,,,,,,,,,,,,,,,,,,,,,,,,0.00,,,,3690000,26,,false,false,12,2020-10-01,2021-09-30,-1
2022-08-01,93760,2022-09-30,3,,,,,,,,,,,,,,,,,,,,,,,,,,,,,0.00,,,,,,,false,false,12,2021-10-01,2022-09-30,0
2022-08-01,93760,2022-09-30,3,,,,,,,,,,,,,,,,,,,,,,,,,,,,,0.00,,,,,,,false,true,12,2021-10-01,2022-09-30,0
2022-08-01,93760,2022-09-30,3,,,,,,,,,,,,,,,,,,,,,,,,,,,,,,,,,3690000,26,3689974,false,false,9,2021-10-01,2022-06-30,0
2022-08-01,93760,2021-09-30,3,,,,,,,,,,,,,,,,,,,,,,,,,,,,,,,,,,,3689982,false,false,9,2020-10-01,2021-06-30,-1
2022-11-07,93760,2022-09-30,,,,,,502000000,1.238,-401000000,,-105000000,,,-123000000,,-33.53,,-0.069,-0.049,,,2214000000,1726000000,0.780,468.00,1726000000,-149000000,-0,-0,1460000000,,,,,,,,true,false,12,2021-10-01,2022-09-30,0
2022-11-07,93760,2021-09-30,,,,,,224000000,-0.904,-505000000,,-108000000,,,-124000000,,-33.60,,-0.065,-0.051,,,2097000000,1850000000,0.882,501.52,1850000000,-39000000,95000000,-0,1609000000,,,,,,,,true,false,12,2020-10-01,2021-09-30,-1
2022-11-07,93760,2022-09-30,,,,,,502000000,1.238,-305000000,,-152000000,,-153000000,,,-41.47,,,,,,2071000000,1632000000,0.788,442.45,1632000000,,,,,0.00,,,,3690000,26,3689974,false,false,12,2021-10-01,2022-09-30,0
2022-11-07,93760,2021-09-30,,,,,,224000000,-0.904,-349000000,,-153000000,,-153000000,,,-41.66,,,,,,1980000000,1785000000,0.902,483.91,1785000000,,,,,0.00,,,,3690000,26,3689980,false,false,12,2020-10-01,2021-09-30,-1
2022-11-07,93760,2023-09-30,,,,,,,,,,,,,,,,,,,,,,,,,,,,,,0.00,,,,,,,false,true,12,2022-10-01,2023-09-30,1
2023-01-31,93760,2023-09-30,1,,,,,409000000,2.319,-90000000,,-62000000,,,-62000000,,-16.94,,,,,,2116000000,1640000000,0.775,,1640000000,,,,,,,,,,,,true,false,3,2022-10-01,2022-12-31,0
2023-01-31,93760,2022-09-30,1,,,,,123000000,0.390,-102000000,,-20000000,,,-25000000,,-6.93,,,,,,,,,,,,,,,,,,,,,,true,false,3,2021-10-01,2021-12-31,-1
2023-01-31,93760,2022-09-30,1,,,,,,,,,,,,,,,,,,,,2214000000,1726000000,0.780,,1726000000,,,,,,,,,,,,true,false,12,2021-10-01,2022-09-30,-1
2023-01-31,93760,2022-09-30,1,,,,,,,,,,,,,,,,,,,,,,,,,,,,,0.00,,,,3690000,26,,false,false,12,2021-10-01,2022-09-30,-1
2023-01-31,93760,2023-09-30,1,,,,,,,,,,,,,,,,,,,,,,,,,,,,,0.00,,,,,,,false,true,12,2022-10-01,2023-09-30,0
2023-01-31,93760,2023-09-30,1,,,,,,,,,,,,,,,,,,,,,,,,,,,,,,,,,3690000,26,3689974,false,false,3,2022-10-01,2022-12-31,0
2023-01-31,93760,2022-09-30,1,,,,,,,,,,,,,,,,,,,,,,,,,,,,,,,,,,,3689974,false,false,3,2021-10-01,2021-12-31,-1
2023-05-08,93760,2023-09-30,2,,,,,958000000,4.213,-140000000,,-94000000,,,-95000000,,-25.95,,,,,,2291000000,1623000000,0.709,,1623000000,,,,,,,,,,,,true,false,6,2022-10-01,2023-03-31,0
2023-05-08,93760,2022-09-30,2,,,,,183000000,0.452,-212000000,,-36000000,,,-45000000,,-12.40,,,,,,,,,,,,,,,,,,,,,,true,false,6,2021-10-01,2022-03-31,-1
2023-05-08,93760,2022-09-30,2,,,,,,,,,,,,,,,,,,,,2214000000,1726000000,0.780,,1726000000,,,,,,,,,,,,true,false,12,2021-10-01,2022-09-30,-1
2023-05-08,93760,2022-09-30,2,,,,,,,,,,,,,,,,,,,,,,,,,,,,,0.00,,,,3690000,26,,false,false,12,2021-10-01,2022-09-30,-1
2023-05-08,93760,2023-09-30,2,,,,,,,,,,,,,,,,,,,,,,,,,,,,,0.00,,,,,,,false,false,12,2022-10-01,2023-09-30,0
2023-05-08,93760,2023-09-30,2,,,,,,,,,,,,,,,,,,,,,,,,,,,,,0.00,,,,,,,false,true,12,2022-10-01,2023-09-30,0
2023-05-08,93760,2023-09-30,2,,,,,,,,,,,,,,,,,,,,,,,,,,,,,,,,,3690000,26,3689974,false,false,6,2022-10-01,2023-03-31,0
2023-05-08,93760,2022-09-30,2,,,,,,,,,,,,,,,,,,,,,,,,,,,,,,,,,,,3689974,false,false,6,2021-10-01,2022-03-31,-1
2023-07-31,93760,2023-09-30,3,,,,,1900000000,4.926,-138000000,,-84000000,,,-84000000,,-22.99,,,,,,2517000000,1650000000,0.656,,1650000000,,,,,,,,,,,,true,false,9,2022-10-01,2023-06-30,0
2023-07-31,93760,2022-09-30,3,,,,,320000000,1.807,-304000000,,-59000000,,,-73000000,,-20.05,,,,,,,,,,,,,,,,,,,,,,true,false,9,2021-10-01,2022-06-30,-1
2023-07-31,93760,2022-09-30,3,,,,,,,,,,,,,,,,,,,,2214000000,1726000000,0.780,,1726000000,,,,,,,,,,,,true,false,12,2021-10-01,2022-09-30,-1
2023-07-31,93760,2022-09-30,3,,,,,,,,,,,,,,,,,,,,,,,,,,,,,0.00,,,,3690000,26,,false,false,12,2021-10-01,2022-09-30,-1
2023-07-31,93760,2023-09-30,3,,,,,,,,,,,,,,,,,,,,,,,,,,,,,0.00,,,,,,,false,false,12,2022-10-01,2023-09-30,0
2023-07-31,93760,2023-09-30,3,,,,,,,,,,,,,,,,,,,,,,,,,,,,,0.00,,,,,,,false,true,12,2022-10-01,2023-09-30,0
2023-07-31,93760,2023-09-30,3,,,,,,,,,,,,,,,,,,,,,,,,,,,,,,,,,3690000,26,3689974,false,false,9,2022-10-01,2023-06-30,0
2023-07-31,93760,2022-09-30,3,,,,,,,,,,,,,,,,,,,,,,,,,,,,,,,,,,,3689974,false,false,9,2021-10-01,2022-06-30,-1
2023-11-06,93760,2024-09-30,,2326000000,1.429,,,,,6000000,,6000000,,4000000,,,1.08,,,,,,,,,,,,,,,,,,,,,,true,true,6,2023-10-01,2024-03-31,1
2023-11-06,93760,2024-09-30,,5250000000,0.782,,,,,95000000,,95000000,,80000000,,,21.68,,,,,,,,,,,,,,,,0.461,,,,,,true,true,12,2023-10-01,2024-09-30,1
2023-11-06,93760,2023-09-30,,,,,,2945000000,4.867,-120000000,,-54000000,,,-55000000,,-15.17,,-0.033,-0.023,,,2625000000,1672000000,0.637,453.26,1672000000,145000000,-0,,1620000000,,,,,,,,true,false,12,2022-10-01,2023-09-30,0
2023-11-06,93760,2022-09-30,,,,,,502000000,1.238,-401000000,,-105000000,,,-123000000,,-33.53,,-0.069,-0.049,,,2214000000,1726000000,0.780,468.00,1726000000,-149000000,-0,-0,1460000000,,,,,,,,true,false,12,2021-10-01,2022-09-30,-1
2023-11-06,93760,2023-09-30,,,,,,2945000000,4.867,-92000000,,-47000000,,-47000000,,,-12.84,,,,,,2492000000,1586000000,0.637,430.03,1586000000,,,,,0.00,,,,3690000,26,3689974,false,false,12,2022-10-01,2023-09-30,0
2023-11-06,93760,2022-09-30,,,,,,502000000,1.238,-305000000,,-152000000,,-153000000,,,-41.47,,,,,,2071000000,1632000000,0.788,442.45,1632000000,,,,,0.00,,,,3690000,26,3689974,false,false,12,2021-10-01,2022-09-30,-1
2023-11-06,93760,2024-09-30,,,,,,,,,,,,,,,,,,,,,,,,,,,,,,10.00,,,,,,,false,true,12,2023-10-01,2024-09-30,1
2024-01-31,93760,2024-09-30,1,,,,,883000000,1.160,-24000000,,-18000000,,,-18000000,,-5.15,,,,,,2478000000,1629000000,0.657,,1629000000,,,,,,,,,,,,true,false,3,2023-10-01,2023-12-31,0
2024-01-31,93760,2023-09-30,1,,,,,409000000,2.319,-90000000,,-62000000,,,-62000000,,-16.94,,,,,,,,,,,,,,,,,,,,,,true,false,3,2022-10-01,2022-12-31,-1
2024-01-31,93760,2024-09-30,1,,,,,2326000000,1.429,6000000,,6000000,,,4000000,,1.08,,,,,,,,,,,,,,,,,,,,,,true,true,6,2023-10-01,2024-03-31,0
2024-01-31,93760,2024-09-30,1,,,,,5250000000,0.782,95000000,,95000000,,,80000000,,21.68,,,,,,,,,,,,,,,,,,,,,,true,true,12,2023-10-01,2024-09-30,0
2024-01-31,93760,2023-09-30,1,,,,,,,,,,,,,,,,,,,,2625000000,1672000000,0.637,,1672000000,,,,,,,,,,,,true,false,12,2022-10-01,2023-09-30,-1
2024-01-31,93760,2023-09-30,1,,,,,,,,,,,,,,,,,,,,,,,,,,,,,0.00,,,,3690000,26,,false,false,12,2022-10-01,2023-09-30,-1
2024-01-31,93760,2024-09-30,1,,,,,,,,,,,,,,,,,,,,,,,,,,,,,10.00,,,,,,,false,true,12,2023-10-01,2024-09-30,0
2024-01-31,93760,2024-09-30,1,,,,,,,,,,,,,,,,,,,,,,,,,,,,,,,,,3690000,26,3689974,false,false,3,2023-10-01,2023-12-31,0
2024-01-31,93760,2023-09-30,1,,,,,,,,,,,,,,,,,,,,,,,,,,,,,,,,,,,3689974,false,false,3,2022-10-01,2022-12-31,-1
2024-05-02,93760,2024-09-30,,,,,,2072000000,-0.109,5000000,-0.120,14000000,1.204,,10000000,,2.89,,,,,,,,,,,,,,,,,,,,,,true,true,6,2023-10-01,2024-03-31,0
2024-05-02,93760,2023-09-30,,,,,,958000000,,-140000000,,-94000000,,,-95000000,,-25.95,,,,,,,,,,,,,,,,,,,,,,true,false,6,2022-10-01,2023-03-31,-1
2024-05-02,93760,2024-09-30,,,,,,4900000000,-0.067,95000000,,95000000,,,80000000,,21.68,,,,,,,,,,,,,,,,,,,,,,true,true,12,2023-10-01,2024-09-30,0
2024-05-02,93760,2023-09-30,,,,,,2945000000,,-120000000,,-54000000,,,-55000000,,-15.17,,,,,,,,,,,,,,,,,,,,,,true,false,12,2022-10-01,2023-09-30,-1
2024-05-07,93760,2024-09-30,2,,,,,2072000000,1.163,5000000,,14000000,,,10000000,,2.89,,,,,,2602000000,1694000000,0.651,,1694000000,,,,,,,,,,,,true,false,6,2023-10-01,2024-03-31,0
2024-05-07,93760,2023-09-30,2,,,,,958000000,4.213,-140000000,,-94000000,,,-95000000,,-25.95,,,,,,,,,,,,,,,,,,,,,,true,false,6,2022-10-01,2023-03-31,-1
2024-05-07,93760,2024-09-30,2,,,,,4900000000,0.664,95000000,,95000000,,,80000000,,21.68,,,,,,,,,,,,,,,,,,,,,,true,true,12,2023-10-01,2024-09-30,0
2024-05-07,93760,2023-09-30,2,,,,,,,,,,,,,,,,,,,,2625000000,1672000000,0.637,,1672000000,,,,,,,,,,,,true,false,12,2022-10-01,2023-09-30,-1
2024-05-07,93760,2023-09-30,2,,,,,,,,,,,,,,,,,,,,,,,,,,,,,0.00,,,,3690000,26,,false,false,12,2022-10-01,2023-09-30,-1
2024-05-07,93760,2024-09-30,2,,,,,,,,,,,,,,,,,,,,,,,,,,,,,5.00,,,,,,,false,false,12,2023-10-01,2024-09-30,0
2024-05-07,93760,2024-09-30,2,,,,,,,,,,,,,,,,,,,,,,,,,,,,,10.00,,,,,,,false,true,12,2023-10-01,2024-09-30,0
2024-05-07,93760,2024-09-30,2,,,,,,,,,,,,,,,,,,,,,,,,,,,,,,,,,3690000,26,3689974,false,false,6,2023-10-01,2024-03-31,0
2024-05-07,93760,2023-09-30,2,,,,,,,,,,,,,,,,,,,,,,,,,,,,,,,,,,,3689974,false,false,6,2022-10-01,2023-03-31,-1
2024-07-31,93760,2024-09-30,3,,,,,3256000000,0.714,30000000,,61000000,,,52000000,,14.22,,,,,,2742000000,1719000000,0.627,,1719000000,,,,,,,,,,,,true,false,9,2023-10-01,2024-06-30,0
2024-07-31,93760,2023-09-30,3,,,,,1900000000,4.926,-138000000,,-84000000,,,-84000000,,-22.99,,,,,,,,,,,,,,,,,,,,,,true,false,9,2022-10-01,2023-06-30,-1
2024-07-31,93760,2024-09-30,3,,,,,4900000000,0.664,95000000,,95000000,,,80000000,,21.68,,,,,,,,,,,,,,,,,,,,,,true,true,12,2023-10-01,2024-09-30,0
2024-07-31,93760,2023-09-30,3,,,,,,,,,,,,,,,,,,,,2625000000,1672000000,0.637,,1672000000,,,,,,,,,,,,true,false,12,2022-10-01,2023-09-30,-1
2024-07-31,93760,2023-09-30,3,,,,,,,,,,,,,,,,,,,,,,,,,,,,,0.00,,,,3690000,26,,false,false,12,2022-10-01,2023-09-30,-1
2024-07-31,93760,2024-09-30,3,,,,,,,,,,,,,,,,,,,,,,,,,,,,,5.00,,,,,,,false,false,12,2023-10-01,2024-09-30,0
2024-07-31,93760,2024-09-30,3,,,,,,,,,,,,,,,,,,,,,,,,,,,,,10.00,,,,,,,false,true,12,2023-10-01,2024-09-30,0
2024-07-31,93760,2024-09-30,3,,,,,,,,,,,,,,,,,,,,,,,,,,,,,,,,,3690000,26,3689974,false,false,9,2023-10-01,2024-06-30,0
2024-07-31,93760,2023-09-30,3,,,,,,,,,,,,,,,,,,,,,,,,,,,,,,,,,,,3689974,false,false,9,2022-10-01,2023-06-30,-1
2024-11-06,93760,2025-09-30,,2200000000,0.062,,,,,10000000,0.748,10000000,-0.302,8000000,,-0.250,2.17,,,,,,,,,,,,,,,,,,,,,,true,true,6,2024-10-01,2025-03-31,1
2024-11-06,93760,2025-09-30,,5200000000,0.131,,,,,130000000,0.216,130000000,0.080,110000000,,-0.088,29.81,,,,,,,,,,,,,,,,0.470,,,,,,true,true,12,2024-10-01,2025-09-30,1
2024-11-06,93760,2024-09-30,,,,,,4598000000,0.561,106000000,,120000000,,,120000000,,32.67,,0.070,0.043,,,2931000000,1748000000,0.597,473.90,1748000000,349000000,-36000000,-18000000,1912000000,,0.367,,,,,,true,false,12,2023-10-01,2024-09-30,0
2024-11-06,93760,2023-09-30,,,,,,2945000000,4.867,-120000000,,-54000000,,,-55000000,,-15.17,,-0.033,-0.023,,,2625000000,1672000000,0.637,453.26,1672000000,145000000,-0,,1620000000,,,,,,,,true,false,12,2022-10-01,2023-09-30,-1
2024-11-06,93760,2024-09-30,,,,,,4598000000,0.561,98000000,,111000000,,113000000,,,30.84,,,,,,2788000000,1656000000,0.594,448.84,1656000000,,,,,12.00,,,,3690000,26,3689974,false,false,12,2023-10-01,2024-09-30,0
2024-11-06,93760,2023-09-30,,,,,,2945000000,4.867,-92000000,,-47000000,,-47000000,,,-12.84,,,,,,2492000000,1586000000,0.637,430.03,1586000000,,,,,0.00,,,,3690000,26,3689974,false,false,12,2022-10-01,2023-09-30,-1
2024-11-06,93760,2025-09-30,,,,,,,,,,,,,,,,,,,,,,,,,,,,,,14.00,,,,,,,false,true,12,2024-10-01,2025-09-30,1
2025-02-04,93760,2025-09-30,1,,,,,974000000,0.103,-31000000,,-20000000,,,-22000000,,-6.09,,,,,,2791000000,1725000000,0.618,,1725000000,,,,,,,,,,,,true,false,3,2024-10-01,2024-12-31,0
2025-02-04,93760,2024-09-30,1,,,,,883000000,1.160,-24000000,,-18000000,,,-18000000,,-5.15,,,,,,,,,,,,,,,,,,,,,,true,false,3,2023-10-01,2023-12-31,-1
2025-02-04,93760,2025-09-30,1,,,,,2200000000,0.062,10000000,0.748,10000000,-0.302,,8000000,,2.17,,,,,,,,,,,,,,,,,,,,,,true,true,6,2024-10-01,2025-03-31,0
2025-02-04,93760,2025-09-30,1,,,,,5200000000,0.131,130000000,0.216,130000000,0.080,,110000000,,29.81,,,,,,,,,,,,,,,,,,,,,,true,true,12,2024-10-01,2025-09-30,0
2025-02-04,93760,2024-09-30,1,,,,,,,,,,,,,,,,,,,,2931000000,1748000000,0.597,,1748000000,,,,,,,,,,,,true,false,12,2023-10-01,2024-09-30,-1
2025-02-04,93760,2024-09-30,1,,,,,,,,,,,,,,,,,,,,,,,,,,,,,12.00,,,,3690000,26,,false,false,12,2023-10-01,2024-09-30,-1
2025-02-04,93760,2025-09-30,1,,,,,,,,,,,,,,,,,,,,,,,,,,,,,14.00,,,,,,,false,true,12,2024-10-01,2025-09-30,0
2025-02-04,93760,2025-09-30,1,,,,,,,,,,,,,,,,,,,,,,,,,,,,,,,,,3690000,26,3689974,false,false,3,2024-10-01,2024-12-31,0
2025-02-04,93760,2024-09-30,1,,,,,,,,,,,,,,,,,,,,,,,,,,,,,,,,,,,3689974,false,false,3,2023-10-01,2023-12-31,-1
2025-05-02,93760,2025-09-30,,,,,,2249000000,0.023,24000000,1.479,32000000,2.282,,30000000,,8.22,,,,,,,,,,,,,,,,,,,,,,true,true,6,2024-10-01,2025-03-31,0
2025-05-02,93760,2024-09-30,,,,,,2072000000,,5000000,,14000000,,,10000000,,2.89,,,,,,,,,,,,,,,,,,,,,,true,false,6,2023-10-01,2024-03-31,-1
2025-05-07,93760,2025-09-30,2,,,,,2249000000,0.086,24000000,3.334,32000000,1.291,,30000000,,8.22,,,,,,2765000000,1772000000,0.641,,1772000000,,,,,,,,,,,,true,false,6,2024-10-01,2025-03-31,0
2025-05-07,93760,2024-09-30,2,,,,,2072000000,1.163,5000000,,14000000,,,10000000,,2.89,,,,,,,,,,,,,,,,,,,,,,true,false,6,2023-10-01,2024-03-31,-1
2025-05-07,93760,2025-09-30,2,,,,,5200000000,0.131,130000000,0.216,130000000,0.080,,110000000,,29.81,,,,,,,,,,,,,,,,,,,,,,true,true,12,2024-10-01,2025-09-30,0
2025-05-07,93760,2024-09-30,2,,,,,,,,,,,,,,,,,,,,2931000000,1748000000,0.597,,1748000000,,,,,,,,,,,,true,false,12,2023-10-01,2024-09-30,-1
2025-05-07,93760,2024-09-30,2,,,,,,,,,,,,,,,,,,,,,,,,,,,,,12.00,,,,3690000,26,,false,false,12,2023-10-01,2024-09-30,-1
2025-05-07,93760,2025-09-30,2,,,,,,,,,,,,,,,,,,,,,,,,,,,,,7.00,,,,,,,false,false,12,2024-10-01,2025-09-30,0
2025-05-07,93760,2025-09-30,2,,,,,,,,,,,,,,,,,,,,,,,,,,,,,14.00,,,,,,,false,true,12,2024-10-01,2025-09-30,0
2025-05-07,93760,2025-09-30,2,,,,,,,,,,,,,,,,,,,,,,,,,,,,,,,,,3690000,26,3689974,false,false,6,2024-10-01,2025-03-31,0
2025-05-07,93760,2024-09-30,2,,,,,,,,,,,,,,,,,,,,,,,,,,,,,,,,,,,3689974,false,false,6,2023-10-01,2024-03-31,-1
2025-07-31,93760,2025-09-30,3,,,,,3429000000,0.053,52000000,0.723,67000000,0.087,,56000000,,15.36,,,,,,2887000000,1781000000,0.617,,1781000000,,,,,,,,,,,,true,false,9,2024-10-01,2025-06-30,0
2025-07-31,93760,2024-09-30,3,,,,,3256000000,0.714,30000000,,61000000,,,52000000,,14.22,,,,,,,,,,,,,,,,,,,,,,true,false,9,2023-10-01,2024-06-30,-1
2025-07-31,93760,2025-09-30,3,,,,,5200000000,0.131,130000000,0.216,130000000,0.080,,110000000,,29.81,,,,,,,,,,,,,,,,,,,,,,true,true,12,2024-10-01,2025-09-30,0
2025-07-31,93760,2024-09-30,3,,,,,,,,,,,,,,,,,,,,2931000000,1748000000,0.597,,1748000000,,,,,,,,,,,,true,false,12,2023-10-01,2024-09-30,-1
2025-07-31,93760,2024-09-30,3,,,,,,,,,,,,,,,,,,,,,,,,,,,,,12.00,,,,3690000,26,,false,false,12,2023-10-01,2024-09-30,-1
2025-07-31,93760,2025-09-30,3,,,,,,,,,,,,,,,,,,,,,,,,,,,,,7.00,,,,,,,false,false,12,2024-10-01,2025-09-30,0
2025-07-31,93760,2025-09-30,3,,,,,,,,,,,,,,,,,,,,,,,,,,,,,31.00,,,,,,,false,true,12,2024-10-01,2025-09-30,0
2025-07-31,93760,2025-09-30,3,,,,,,,,,,,,,,,,,,,,,,,,,,,,,,,,,3690000,26,3689974,false,false,9,2024-10-01,2025-06-30,0
2025-07-31,93760,2024-09-30,3,,,,,,,,,,,,,,,,,,,,,,,,,,,,,,,,,,,3689974,false,false,9,2023-10-01,2024-06-30,-1
