filing_date,code,fiscal_year_end,quarterly_period,net_sales,net_sales_change,revenue,revenue_change,operating_revenue,operating_revenue_change,operating_profit,operating_profit_change,ordinary_profit,ordinary_profit_change,net_income,net_income_of_parent,net_income_change,eps,diluted_eps,roe,roa,operating_profit_to_net_sales,operating_profit_to_revenue,total_assets,net_assets,equity_ratio,bps,owner_equity,operating_cash_flow,investing_cash_flow,financing_cash_flow,cash,dividend_per_share,payout_ratio,commemorative_dividend,extra_dividend,number_of_shares,number_of_treqsury_shares,avg_number_of_shares,is_consolidated,is_forecast,duration,period_start,period_end,period_pos
2015-05-08,93770,2015-03-31,,10671000000,-0.057,,,,,778000000,-0.281,860000000,-0.201,469000000,,-0.177,33.64,,0.072,0.069,0.073,,12131000000,6776000000,0.557,484.54,6758000000,1265000000,-1385000000,-439000000,2429000000,,0.268,,,,,,true,false,12,2014-04-01,2015-03-31,0
2015-05-08,93770,2014-03-31,,11315000000,0.082,,,,,1083000000,0.341,1077000000,0.420,570000000,,0.680,40.90,,0.093,0.088,0.096,,12820000000,6293000000,0.491,451.21,6293000000,1354000000,-1073000000,-545000000,2989000000,,0.220,,,,,,true,false,12,2013-04-01,2014-03-31,-1
2015-05-08,93770,2016-03-31,,12000000000,0.125,,,,,800000000,0.027,780000000,-0.094,,460000000,,32.98,,,,,,,,,,,,,,,,,,,,,,true,true,12,2015-04-01,2016-03-31,1
2015-05-08,93770,2015-03-31,,10388000000,-0.062,,,,,810000000,-0.253,894000000,-0.174,528000000,,-0.096,37.87,,,,,,11336000000,6607000000,0.583,473.76,6607000000,,,,,9.00,,,,13950000,1950,13948050,false,false,12,2014-04-01,2015-03-31,0
2015-05-08,93770,2014-03-31,,11071000000,0.081,,,,,1085000000,0.398,1083000000,0.487,584000000,,0.799,41.89,,,,,,12278000000,6196000000,0.505,444.24,6196000000,,,,,9.00,,,,13950000,1950,13948131,false,false,12,2013-04-01,2014-03-31,-1
2015-05-08,93770,2016-03-31,,,,,,,,,,,,,,,,,,,,,,,,,,,,,,9.00,,,,,,,false,true,12,2015-04-01,2016-03-31,1
2015-07-30,93770,2016-03-31,1,2464000000,0.053,,,,,60000000,0.318,53000000,0.296,,27000000,,1.95,,,,,,11415000000,6680000000,0.585,,6678000000,,,,,,,,,,,,true,false,3,2015-04-01,2015-06-30,0
2015-07-30,93770,2015-03-31,1,2338000000,-0.026,,,,,45000000,-0.674,40000000,-0.694,,18000000,,1.34,,,,,,,,,,,,,,,,,,,,,,true,false,3,2014-04-01,2014-06-30,-1
2015-07-30,93770,2016-03-31,1,12000000000,0.125,,,,,800000000,0.027,780000000,-0.094,,460000000,,32.98,,,,,,,,,,,,,,,,,,,,,,true,true,12,2015-04-01,2016-03-31,0
2015-07-30,93770,2015-03-31,1,,,,,,,,,,,,,,,,,,,,12131000000,6776000000,0.557,,6758000000,,,,,,,,,,,,true,false,12,2014-04-01,2015-03-31,-1
2015-07-30,93770,2015-03-31,1,,,,,,,,,,,,,,,,,,,,,,,,,,,,,9.00,,,,13950000,1950,,false,false,12,2014-04-01,2015-03-31,-1
2015-07-30,93770,2016-03-31,1,,,,,,,,,,,,,,,,,,,,,,,,,,,,,9.00,,,,,,,false,true,12,2015-04-01,2016-03-31,0
2015-07-30,93770,2016-03-31,1,,,,,,,,,,,,,,,,,,,,,,,,,,,,,,,,,13950000,1950,13948050,false,false,3,2015-04-01,2015-06-30,0
2015-07-30,93770,2015-03-31,1,,,,,,,,,,,,,,,,,,,,,,,,,,,,,,,,,,,13948050,false,false,3,2014-04-01,2014-06-30,-1
2015-10-29,93770,2016-03-31,2,5317000000,0.063,,,,,301000000,0.311,297000000,0.325,,179000000,,12.86,,,,,,11953000000,6833000000,0.572,,6833000000,,,,,,,,,,,,true,false,6,2015-04-01,2015-09-30,0
2015-10-29,93770,2015-03-31,2,5000000000,-0.027,,,,,229000000,-0.441,224000000,-0.468,,117000000,,8.45,,,,,,,,,,,,,,,,,,,,,,true,false,6,2014-04-01,2014-09-30,-1
2015-10-29,93770,2016-03-31,2,12000000000,0.125,,,,,800000000,0.027,780000000,-0.094,,460000000,,32.98,,,,,,,,,,,,,,,,,,,,,,true,true,12,2015-04-01,2016-03-31,0
2015-10-29,93770,2015-03-31,2,,,,,,,,,,,,,,,,,,,,12131000000,6776000000,0.557,,6758000000,,,,,,,,,,,,true,false,12,2014-04-01,2015-03-31,-1
2015-10-29,93770,2015-03-31,2,,,,,,,,,,,,,,,,,,,,,,,,,,,,,9.00,,,,13950000,1950,,false,false,12,2014-04-01,2015-03-31,-1
2015-10-29,93770,2016-03-31,2,,,,,,,,,,,,,,,,,,,,,,,,,,,,,0.00,,,,,,,false,false,12,2015-04-01,2016-03-31,0
2015-10-29,93770,2016-03-31,2,,,,,,,,,,,,,,,,,,,,,,,,,,,,,9.00,,,,,,,false,true,12,2015-04-01,2016-03-31,0
2015-10-29,93770,2016-03-31,2,,,,,,,,,,,,,,,,,,,,,,,,,,,,,,,,,13950000,1950,13948050,false,false,6,2015-04-01,2015-09-30,0
2015-10-29,93770,2015-03-31,2,,,,,,,,,,,,,,,,,,,,,,,,,,,,,,,,,,,13948050,false,false,6,2014-04-01,2014-09-30,-1
,93770,2016-03-31,,,,,,,,,,,,,,,,,,,,,,,,,,,,,,10.00,,,,,,,false,true,12,2015-04-01,2016-03-31,0
,93770,2016-03-31,,,,,,,,,,,,,,,,,,,,,,,,,,,,,,0.00,,,,,,,false,false,12,2015-04-01,2016-03-31,0
,93770,2015-03-31,,,,,,,,,,,,,,,,,,,,,,,,,,,,,,9.00,,,,,,,false,false,12,2014-04-01,2015-03-31,-1
2016-01-28,93770,2016-03-31,3,8271000000,0.088,,,,,517000000,0.230,508000000,0.241,,297000000,,21.36,,,,,,11868000000,6963000000,0.587,,6963000000,,,,,,,,,,,,true,false,9,2015-04-01,2015-12-31,0
2016-01-28,93770,2015-03-31,3,7603000000,-0.022,,,,,420000000,-0.361,409000000,-0.380,,214000000,,15.37,,,,,,,,,,,,,,,,,,,,,,true,false,9,2014-04-01,2014-12-31,-1
2016-01-28,93770,2016-03-31,3,12000000000,0.125,,,,,800000000,0.027,780000000,-0.094,,460000000,,32.98,,,,,,,,,,,,,,,,,,,,,,true,true,12,2015-04-01,2016-03-31,0
2016-01-28,93770,2015-03-31,3,,,,,,,,,,,,,,,,,,,,12131000000,6776000000,0.557,,6758000000,,,,,,,,,,,,true,false,12,2014-04-01,2015-03-31,-1
2016-01-28,93770,2015-03-31,3,,,,,,,,,,,,,,,,,,,,,,,,,,,,,9.00,,,,13950000,1950,,false,false,12,2014-04-01,2015-03-31,-1
2016-01-28,93770,2016-03-31,3,,,,,,,,,,,,,,,,,,,,,,,,,,,,,0.00,,,,,,,false,false,12,2015-04-01,2016-03-31,0
2016-01-28,93770,2016-03-31,3,,,,,,,,,,,,,,,,,,,,,,,,,,,,,10.00,,,,,,,false,true,12,2015-04-01,2016-03-31,0
2016-01-28,93770,2016-03-31,3,,,,,,,,,,,,,,,,,,,,,,,,,,,,,,,,,13950000,1950,13948050,false,false,9,2015-04-01,2015-12-31,0
2016-01-28,93770,2015-03-31,3,,,,,,,,,,,,,,,,,,,,,,,,,,,,,,,,,,,13948050,false,false,9,2014-04-01,2014-12-31,-1
2016-05-13,93770,2016-03-31,,11582000000,0.085,,,,,887000000,0.140,902000000,0.048,,547000000,,39.29,,0.079,0.072,0.077,,12785000000,7058000000,0.552,506.03,7058000000,1219000000,-501000000,-289000000,2858000000,,0.255,,,,,,true,false,12,2015-04-01,2016-03-31,0
2016-05-13,93770,2015-03-31,,10671000000,-0.057,,,,,778000000,-0.281,860000000,-0.201,,469000000,,33.64,,0.072,0.069,0.073,,12131000000,6776000000,0.557,484.54,6758000000,1265000000,-1385000000,-439000000,2429000000,,0.268,,,,,,true,false,12,2014-04-01,2015-03-31,-1
2016-05-13,93770,2017-03-31,,12600000000,0.088,,,,,1000000000,0.126,990000000,0.097,,560000000,,40.15,,,,,,,,,,,,,,,,0.249,,,,,,true,true,12,2016-04-01,2017-03-31,1
2016-05-13,93770,2016-03-31,,11185000000,0.077,,,,,1023000000,0.263,1037000000,0.159,561000000,,0.063,40.26,,,,,,12168000000,7052000000,0.580,505.63,7052000000,,,,,10.00,,,,13950000,1950,13948050,false,false,12,2015-04-01,2016-03-31,0
2016-05-13,93770,2015-03-31,,10388000000,-0.062,,,,,810000000,-0.253,894000000,-0.174,528000000,,-0.096,37.87,,,,,,11336000000,6607000000,0.583,473.76,6607000000,,,,,9.00,,,,13950000,1950,13948050,false,false,12,2014-04-01,2015-03-31,-1
2016-05-13,93770,2017-03-31,,,,,,,,,,,,,,,,,,,,,,,,,,,,,,10.00,,,,,,,false,true,12,2016-04-01,2017-03-31,1
2016-07-28,93770,2017-03-31,1,2777000000,0.127,,,,,187000000,2.110,220000000,3.151,,138000000,,9.90,,,,,,12061000000,7041000000,0.584,,7041000000,,,,,,,,,,,,true,false,3,2016-04-01,2016-06-30,0
2016-07-28,93770,2016-03-31,1,2464000000,0.053,,,,,60000000,0.318,53000000,0.296,,27000000,,1.95,,,,,,,,,,,,,,,,,,,,,,true,false,3,2015-04-01,2015-06-30,-1
2016-07-28,93770,2017-03-31,1,12600000000,0.088,,,,,1000000000,0.126,990000000,0.097,,560000000,,40.15,,,,,,,,,,,,,,,,,,,,,,true,true,12,2016-04-01,2017-03-31,0
2016-07-28,93770,2016-03-31,1,,,,,,,,,,,,,,,,,,,,12785000000,7058000000,0.552,,7058000000,,,,,,,,,,,,true,false,12,2015-04-01,2016-03-31,-1
2016-07-28,93770,2016-03-31,1,,,,,,,,,,,,,,,,,,,,,,,,,,,,,10.00,,,,13950000,1950,,false,false,12,2015-04-01,2016-03-31,-1
2016-07-28,93770,2017-03-31,1,,,,,,,,,,,,,,,,,,,,,,,,,,,,,10.00,,,,,,,false,true,12,2016-04-01,2017-03-31,0
2016-07-28,93770,2017-03-31,1,,,,,,,,,,,,,,,,,,,,,,,,,,,,,,,,,13950000,1950,13948050,false,false,3,2016-04-01,2016-06-30,0
2016-07-28,93770,2016-03-31,1,,,,,,,,,,,,,,,,,,,,,,,,,,,,,,,,,,,13948050,false,false,3,2015-04-01,2015-06-30,-1
2016-10-27,93770,2017-03-31,2,5729000000,0.078,,,,,474000000,0.575,498000000,0.678,,326000000,,23.42,,,,,,12086000000,7227000000,0.598,,7227000000,,,,,,,,,,,,true,false,6,2016-04-01,2016-09-30,0
2016-10-27,93770,2016-03-31,2,5317000000,0.063,,,,,301000000,0.311,297000000,0.325,,179000000,,12.86,,,,,,,,,,,,,,,,,,,,,,true,false,6,2015-04-01,2015-09-30,-1
2016-10-27,93770,2017-03-31,2,12600000000,0.088,,,,,1000000000,0.126,990000000,0.097,,560000000,,40.15,,,,,,,,,,,,,,,,,,,,,,true,true,12,2016-04-01,2017-03-31,0
2016-10-27,93770,2016-03-31,2,,,,,,,,,,,,,,,,,,,,12785000000,7058000000,0.552,,7058000000,,,,,,,,,,,,true,false,12,2015-04-01,2016-03-31,-1
2016-10-27,93770,2016-03-31,2,,,,,,,,,,,,,,,,,,,,,,,,,,,,,10.00,,,,13950000,1950,,false,false,12,2015-04-01,2016-03-31,-1
2016-10-27,93770,2017-03-31,2,,,,,,,,,,,,,,,,,,,,,,,,,,,,,0.00,,,,,,,false,false,12,2016-04-01,2017-03-31,0
2016-10-27,93770,2017-03-31,2,,,,,,,,,,,,,,,,,,,,,,,,,,,,,10.00,,,,,,,false,true,12,2016-04-01,2017-03-31,0
2016-10-27,93770,2017-03-31,2,,,,,,,,,,,,,,,,,,,,,,,,,,,,,,,,,13950000,1950,13948050,false,false,6,2016-04-01,2016-09-30,0
2016-10-27,93770,2016-03-31,2,,,,,,,,,,,,,,,,,,,,,,,,,,,,,,,,,,,13948050,false,false,6,2015-04-01,2015-09-30,-1
2017-01-30,93770,2017-03-31,3,8541000000,0.033,,,,,644000000,0.247,668000000,0.313,,415000000,,29.81,,,,,,11932000000,7336000000,0.615,,7336000000,,,,,,,,,,,,true,false,9,2016-04-01,2016-12-31,0
2017-01-30,93770,2016-03-31,3,8271000000,0.088,,,,,517000000,0.230,508000000,0.241,,297000000,,21.36,,,,,,,,,,,,,,,,,,,,,,true,false,9,2015-04-01,2015-12-31,-1
2017-01-30,93770,2017-03-31,3,12600000000,0.088,,,,,1000000000,0.126,990000000,0.097,,560000000,,40.15,,,,,,,,,,,,,,,,,,,,,,true,true,12,2016-04-01,2017-03-31,0
2017-01-30,93770,2016-03-31,3,,,,,,,,,,,,,,,,,,,,12785000000,7058000000,0.552,,7058000000,,,,,,,,,,,,true,false,12,2015-04-01,2016-03-31,-1
2017-01-30,93770,2016-03-31,3,,,,,,,,,,,,,,,,,,,,,,,,,,,,,10.00,,,,13950000,1950,,false,false,12,2015-04-01,2016-03-31,-1
2017-01-30,93770,2017-03-31,3,,,,,,,,,,,,,,,,,,,,,,,,,,,,,0.00,,,,,,,false,false,12,2016-04-01,2017-03-31,0
2017-01-30,93770,2017-03-31,3,,,,,,,,,,,,,,,,,,,,,,,,,,,,,10.00,,,,,,,false,true,12,2016-04-01,2017-03-31,0
2017-01-30,93770,2017-03-31,3,,,,,,,,,,,,,,,,,,,,,,,,,,,,,,,,,13950000,1980,13948046,false,false,9,2016-04-01,2016-12-31,0
2017-01-30,93770,2016-03-31,3,,,,,,,,,,,,,,,,,,,,,,,,,,,,,,,,,,,13948050,false,false,9,2015-04-01,2015-12-31,-1
2017-04-27,93770,2017-03-31,,12291000000,-0.024,,,,,1115000000,0.116,1132000000,0.144,,754000000,,54.09,,,,,,,,,,,,,,,,,,,,,,true,true,12,2016-04-01,2017-03-31,0
2017-04-27,93770,2016-03-31,,11582000000,,,,,,887000000,,902000000,,,547000000,,39.29,,,,,,,,,,,,,,,,,,,,,,true,false,12,2015-04-01,2016-03-31,-1
2017-04-27,93770,2017-03-31,,,,,,,,,,,,,,,,,,,,,,,,,,,,,,12.00,,,,,,,false,true,12,2016-04-01,2017-03-31,0
2017-04-27,93770,2017-03-31,,,,,,,,,,,,,,,,,,,,,,,,,,,,,,0.00,,,,,,,false,false,12,2016-04-01,2017-03-31,0
2017-04-27,93770,2016-03-31,,,,,,,,,,,,,,,,,,,,,,,,,,,,,,10.00,,,,,,,false,false,12,2015-04-01,2016-03-31,-1
2017-05-11,93770,2017-03-31,,12291000000,0.061,,,,,1115000000,0.257,1132000000,0.255,,754000000,,54.09,,0.102,0.087,0.091,,13196000000,7737000000,0.586,554.76,7737000000,1577000000,-995000000,-504000000,2936000000,,0.222,,,,,,true,false,12,2016-04-01,2017-03-31,0
2017-05-11,93770,2016-03-31,,11582000000,0.085,,,,,887000000,0.140,902000000,0.048,,547000000,,39.29,,0.079,0.072,0.077,,12785000000,7058000000,0.552,506.03,7058000000,1219000000,-501000000,-289000000,2858000000,,0.255,,,,,,true,false,12,2015-04-01,2016-03-31,-1
2017-05-11,93770,2018-03-31,,14000000000,0.139,,,,,1300000000,0.165,1300000000,0.148,,770000000,,55.20,,,,,,,,,,,,,,,,0.217,,,,,,true,true,12,2017-04-01,2018-03-31,1
2017-05-11,93770,2017-03-31,,11763000000,0.052,,,,,1083000000,0.059,1103000000,0.064,755000000,,0.345,54.17,,,,,,12490000000,7659000000,0.613,549.16,7659000000,,,,,12.00,,,,13950000,1980,13948040,false,false,12,2016-04-01,2017-03-31,0
2017-05-11,93770,2016-03-31,,11185000000,0.077,,,,,1023000000,0.263,1037000000,0.159,561000000,,0.063,40.26,,,,,,12168000000,7052000000,0.580,505.63,7052000000,,,,,10.00,,,,13950000,1950,13948050,false,false,12,2015-04-01,2016-03-31,-1
2017-05-11,93770,2018-03-31,,,,,,,,,,,,,,,,,,,,,,,,,,,,,,12.00,,,,,,,false,true,12,2017-04-01,2018-03-31,1
2017-07-28,93770,2018-03-31,1,2824000000,0.017,,,,,168000000,-0.101,169000000,-0.231,,104000000,,7.46,,,,,,12225000000,7684000000,0.629,,7684000000,,,,,,,,,,,,true,false,3,2017-04-01,2017-06-30,0
2017-07-28,93770,2017-03-31,1,2777000000,0.127,,,,,187000000,2.110,220000000,3.151,,138000000,,9.90,,,,,,,,,,,,,,,,,,,,,,true,false,3,2016-04-01,2016-06-30,-1
2017-07-28,93770,2018-03-31,1,14000000000,0.139,,,,,1300000000,0.165,1300000000,0.148,,770000000,,55.20,,,,,,,,,,,,,,,,,,,,,,true,true,12,2017-04-01,2018-03-31,0
2017-07-28,93770,2017-03-31,1,,,,,,,,,,,,,,,,,,,,13196000000,7737000000,0.586,,7737000000,,,,,,,,,,,,true,false,12,2016-04-01,2017-03-31,-1
2017-07-28,93770,2017-03-31,1,,,,,,,,,,,,,,,,,,,,,,,,,,,,,12.00,,,,13950000,1980,,false,false,12,2016-04-01,2017-03-31,-1
2017-07-28,93770,2018-03-31,1,,,,,,,,,,,,,,,,,,,,,,,,,,,,,12.00,,,,,,,false,true,12,2017-04-01,2018-03-31,0
2017-07-28,93770,2018-03-31,1,,,,,,,,,,,,,,,,,,,,,,,,,,,,,,,,,13950000,1980,13948020,false,false,3,2017-04-01,2017-06-30,0
2017-07-28,93770,2017-03-31,1,,,,,,,,,,,,,,,,,,,,,,,,,,,,,,,,,,,13948050,false,false,3,2016-04-01,2016-06-30,-1
2017-10-30,93770,2018-03-31,2,6032000000,0.053,,,,,529000000,0.117,519000000,0.042,,333000000,,23.93,,,,,,12659000000,7929000000,0.626,,7929000000,,,,,,,,,,,,true,false,6,2017-04-01,2017-09-30,0
2017-10-30,93770,2017-03-31,2,5729000000,0.078,,,,,474000000,0.575,498000000,0.678,,326000000,,23.42,,,,,,,,,,,,,,,,,,,,,,true,false,6,2016-04-01,2016-09-30,-1
2017-10-30,93770,2018-03-31,2,14000000000,0.139,,,,,1300000000,0.165,1300000000,0.148,,770000000,,55.20,,,,,,,,,,,,,,,,,,,,,,true,true,12,2017-04-01,2018-03-31,0
2017-10-30,93770,2017-03-31,2,,,,,,,,,,,,,,,,,,,,13196000000,7737000000,0.586,,7737000000,,,,,,,,,,,,true,false,12,2016-04-01,2017-03-31,-1
2017-10-30,93770,2017-03-31,2,,,,,,,,,,,,,,,,,,,,,,,,,,,,,12.00,,,,13950000,1980,,false,false,12,2016-04-01,2017-03-31,-1
2017-10-30,93770,2018-03-31,2,,,,,,,,,,,,,,,,,,,,,,,,,,,,,5.00,,,,,,,false,false,12,2017-04-01,2018-03-31,0
2017-10-30,93770,2018-03-31,2,,,,,,,,,,,,,,,,,,,,,,,,,,,,,12.00,,,,,,,false,true,12,2017-04-01,2018-03-31,0
2017-10-30,93770,2018-03-31,2,,,,,,,,,,,,,,,,,,,,,,,,,,,,,,,,,13950000,1980,13948020,false,false,6,2017-04-01,2017-09-30,0
2017-10-30,93770,2017-03-31,2,,,,,,,,,,,,,,,,,,,,,,,,,,,,,,,,,,,13948050,false,false,6,2016-04-01,2016-09-30,-1
2018-01-30,93770,2018-03-31,3,9264000000,0.085,,,,,901000000,0.399,893000000,0.337,,576000000,,41.33,,,,,,12758000000,8125000000,0.637,,8125000000,,,,,,,,,,,,true,false,9,2017-04-01,2017-12-31,0
2018-01-30,93770,2017-03-31,3,8541000000,0.033,,,,,644000000,0.247,668000000,0.313,,415000000,,29.81,,,,,,,,,,,,,,,,,,,,,,true,false,9,2016-04-01,2016-12-31,-1
2018-01-30,93770,2018-03-31,3,14000000000,0.139,,,,,1300000000,0.165,1300000000,0.148,,770000000,,55.20,,,,,,,,,,,,,,,,,,,,,,true,true,12,2017-04-01,2018-03-31,0
2018-01-30,93770,2017-03-31,3,,,,,,,,,,,,,,,,,,,,13196000000,7737000000,0.586,,7737000000,,,,,,,,,,,,true,false,12,2016-04-01,2017-03-31,-1
2018-01-30,93770,2017-03-31,3,,,,,,,,,,,,,,,,,,,,,,,,,,,,,12.00,,,,13950000,1980,,false,false,12,2016-04-01,2017-03-31,-1
2018-01-30,93770,2018-03-31,3,,,,,,,,,,,,,,,,,,,,,,,,,,,,,5.00,,,,,,,false,false,12,2017-04-01,2018-03-31,0
2018-01-30,93770,2018-03-31,3,,,,,,,,,,,,,,,,,,,,,,,,,,,,,12.00,,,,,,,false,true,12,2017-04-01,2018-03-31,0
2018-01-30,93770,2018-03-31,3,,,,,,,,,,,,,,,,,,,,,,,,,,,,,,,,,13950000,2057,13948018,false,false,9,2017-04-01,2017-12-31,0
2018-01-30,93770,2017-03-31,3,,,,,,,,,,,,,,,,,,,,,,,,,,,,,,,,,,,13948046,false,false,9,2016-04-01,2016-12-31,-1
2018-03-22,93770,2018-03-31,,13100000000,-0.064,,,,,1320000000,0.015,1320000000,0.015,,800000000,,57.36,,,,,,,,,,,,,,,,,,,,,,true,true,12,2017-04-01,2018-03-31,0
2018-03-22,93770,2017-03-31,,12291000000,,,,,,1115000000,,1132000000,,,754000000,,54.09,,,,,,,,,,,,,,,,,,,,,,true,false,12,2016-04-01,2017-03-31,-1
2018-04-26,93770,2018-03-31,,13196000000,0.007,,,,,1403000000,0.063,1389000000,0.053,,914000000,,65.60,,,,,,,,,,,,,,,,,,,,,,true,true,12,2017-04-01,2018-03-31,0
2018-04-26,93770,2017-03-31,,12291000000,,,,,,1115000000,,1132000000,,,754000000,,54.09,,,,,,,,,,,,,,,,,,,,,,true,false,12,2016-04-01,2017-03-31,-1
2018-04-26,93770,2018-03-31,,,,,,,,,,,,,,,,,,,,,,,,,,,,,,15.00,,,,,,,false,true,12,2017-04-01,2018-03-31,0
2018-04-26,93770,2018-03-31,,,,,,,,,,,,,,,,,,,,,,,,,,,,,,5.00,,,,,,,false,false,12,2017-04-01,2018-03-31,0
2018-04-26,93770,2017-03-31,,,,,,,,,,,,,,,,,,,,,,,,,,,,,,12.00,,,,,,,false,false,12,2016-04-01,2017-03-31,-1
2018-05-10,93770,2018-03-31,,13196000000,0.074,,,,,1403000000,0.258,1389000000,0.227,,914000000,,65.60,,0.113,0.104,0.106,,13625000000,8338000000,0.622,607.40,8471000000,1954000000,-642000000,-573000000,3673000000,,0.229,,,,,,true,false,12,2017-04-01,2018-03-31,0
2018-05-10,93770,2017-03-31,,12291000000,0.061,,,,,1115000000,0.257,1132000000,0.255,,754000000,,54.09,,0.102,0.087,0.091,,13196000000,7737000000,0.586,554.76,7737000000,1577000000,-995000000,-504000000,2936000000,,0.222,,,,,,true,false,12,2016-04-01,2017-03-31,-1
2018-05-10,93770,2019-03-31,,14300000000,0.084,,,,,1400000000,-0.003,1380000000,-0.007,,850000000,,60.94,,,,,,,,,,,,,,,,0.230,,,,,,true,true,12,2018-04-01,2019-03-31,1
2018-05-10,93770,2017-03-31,,,,,,,,,,,,,,,,,,,,,,,,,,,,,,12.00,,,,13950000,1980,13948040,false,false,12,2016-04-01,2017-03-31,-1
2018-05-10,93770,2018-03-31,,,,,,,,,,,,,,,,,,,,,,,,,,,,,,15.00,,,,13950000,2057,13948000,false,false,12,2017-04-01,2018-03-31,0
2018-05-10,93770,2019-03-31,,,,,,,,,,,,,,,,,,,,,,,,,,,,,,14.00,,,,,,,false,true,12,2018-04-01,2019-03-31,1
2018-07-30,93770,2019-03-31,1,3034000000,0.074,,,,,233000000,0.388,228000000,0.348,,93000000,,6.70,,,,,,12683000000,8288000000,0.664,,8422000000,,,,,,,,,,,,true,false,3,2018-04-01,2018-06-30,0
2018-07-30,93770,2018-03-31,1,2824000000,0.017,,,,,168000000,-0.101,169000000,-0.231,,104000000,,7.46,,,,,,,,,,,,,,,,,,,,,,true,false,3,2017-04-01,2017-06-30,-1
2018-07-30,93770,2019-03-31,1,14300000000,0.084,,,,,1400000000,-0.003,1380000000,-0.007,,850000000,,60.94,,,,,,,,,,,,,,,,,,,,,,true,true,12,2018-04-01,2019-03-31,0
2018-07-30,93770,2018-03-31,1,,,,,,,,,,,,,,,,,,,,13625000000,8338000000,0.622,,8471000000,,,,,,,,,,,,true,false,12,2017-04-01,2018-03-31,-1
2018-07-30,93770,2018-03-31,1,,,,,,,,,,,,,,,,,,,,,,,,,,,,,15.00,,,,13950000,2057,,false,false,12,2017-04-01,2018-03-31,-1
2018-07-30,93770,2019-03-31,1,,,,,,,,,,,,,,,,,,,,,,,,,,,,,14.00,,,,,,,false,true,12,2018-04-01,2019-03-31,0
2018-07-30,93770,2019-03-31,1,,,,,,,,,,,,,,,,,,,,,,,,,,,,,,,,,13950000,2057,13947943,false,false,3,2018-04-01,2018-06-30,0
2018-07-30,93770,2018-03-31,1,,,,,,,,,,,,,,,,,,,,,,,,,,,,,,,,,,,13948020,false,false,3,2017-04-01,2017-06-30,-1
2018-10-30,93770,2019-03-31,2,6279000000,0.041,,,,,529000000,0.001,523000000,0.006,,270000000,,19.43,,,,,,12883000000,8612000000,0.668,,8608000000,,,,,,,,,,,,true,false,6,2018-04-01,2018-09-30,0
2018-10-30,93770,2018-03-31,2,6032000000,0.053,,,,,529000000,0.117,519000000,0.042,,333000000,,23.93,,,,,,,,,,,,,,,,,,,,,,true,false,6,2017-04-01,2017-09-30,-1
2018-10-30,93770,2019-03-31,2,14300000000,0.084,,,,,1400000000,-0.003,1380000000,-0.007,,850000000,,60.94,,,,,,,,,,,,,,,,,,,,,,true,true,12,2018-04-01,2019-03-31,0
2018-10-30,93770,2018-03-31,2,,,,,,,,,,,,,,,,,,,,13625000000,8338000000,0.622,,8471000000,,,,,,,,,,,,true,false,12,2017-04-01,2018-03-31,-1
2018-10-30,93770,2018-03-31,2,,,,,,,,,,,,,,,,,,,,,,,,,,,,,15.00,,,,13950000,2057,,false,false,12,2017-04-01,2018-03-31,-1
2018-10-30,93770,2019-03-31,2,,,,,,,,,,,,,,,,,,,,,,,,,,,,,5.00,,,,,,,false,false,12,2018-04-01,2019-03-31,0
2018-10-30,93770,2019-03-31,2,,,,,,,,,,,,,,,,,,,,,,,,,,,,,14.00,,,,,,,false,true,12,2018-04-01,2019-03-31,0
2018-10-30,93770,2019-03-31,2,,,,,,,,,,,,,,,,,,,,,,,,,,,,,,,,,13950000,2062,13947942,false,false,6,2018-04-01,2018-09-30,0
2018-10-30,93770,2018-03-31,2,,,,,,,,,,,,,,,,,,,,,,,,,,,,,,,,,,,13948020,false,false,6,2017-04-01,2017-09-30,-1
2019-01-29,93770,2019-03-31,3,9780000000,0.056,,,,,775000000,-0.140,771000000,-0.137,,436000000,,31.29,,,,,,12976000000,8701000000,0.671,,8701000000,,,,,,,,,,,,true,false,9,2018-04-01,2018-12-31,0
2019-01-29,93770,2018-03-31,3,9264000000,0.085,,,,,901000000,0.399,893000000,0.337,,576000000,,41.33,,,,,,,,,,,,,,,,,,,,,,true,false,9,2017-04-01,2017-12-31,-1
2019-01-29,93770,2019-03-31,3,14300000000,0.084,,,,,1400000000,-0.003,1380000000,-0.007,,850000000,,60.94,,,,,,,,,,,,,,,,,,,,,,true,true,12,2018-04-01,2019-03-31,0
2019-01-29,93770,2018-03-31,3,,,,,,,,,,,,,,,,,,,,13625000000,8338000000,0.622,,8471000000,,,,,,,,,,,,true,false,12,2017-04-01,2018-03-31,-1
2019-01-29,93770,2018-03-31,3,,,,,,,,,,,,,,,,,,,,,,,,,,,,,15.00,,,,13950000,2057,,false,false,12,2017-04-01,2018-03-31,-1
2019-01-29,93770,2019-03-31,3,,,,,,,,,,,,,,,,,,,,,,,,,,,,,5.00,,,,,,,false,false,12,2018-04-01,2019-03-31,0
2019-01-29,93770,2019-03-31,3,,,,,,,,,,,,,,,,,,,,,,,,,,,,,14.00,,,,,,,false,true,12,2018-04-01,2019-03-31,0
2019-01-29,93770,2019-03-31,3,,,,,,,,,,,,,,,,,,,,,,,,,,,,,,,,,13950000,2062,13947941,false,false,9,2018-04-01,2018-12-31,0
2019-01-29,93770,2018-03-31,3,,,,,,,,,,,,,,,,,,,,,,,,,,,,,,,,,,,13948018,false,false,9,2017-04-01,2017-12-31,-1
2019-05-13,93770,2019-03-31,,13818000000,0.047,,,,,1356000000,-0.034,1352000000,-0.027,,877000000,,62.94,,0.100,0.099,0.098,,13675000000,9123000000,0.667,654.08,9123000000,1378000000,-1153000000,-473000000,3424000000,,0.222,,,,,,true,false,12,2018-04-01,2019-03-31,0
2019-05-13,93770,2018-03-31,,13196000000,0.074,,,,,1403000000,0.258,1389000000,0.227,,914000000,,65.60,,0.113,0.104,0.106,,13625000000,8338000000,0.622,607.40,8471000000,1954000000,-642000000,-573000000,3673000000,,0.229,,,,,,true,false,12,2017-04-01,2018-03-31,-1
2019-05-13,93770,2020-03-31,,14800000000,0.071,,,,,1300000000,-0.042,1250000000,-0.076,,770000000,,55.21,,,,,,,,,,,,,,,,0.217,,,,,,true,true,12,2019-04-01,2020-03-31,1
2019-05-13,93770,2018-03-31,,,,,,,,,,,,,,,,,,,,,,,,,,,,,,15.00,,,,13950000,2057,13948000,false,false,12,2017-04-01,2018-03-31,-1
2019-05-13,93770,2019-03-31,,,,,,,,,,,,,,,,,,,,,,,,,,,,,,14.00,,,,13950000,2062,13947940,false,false,12,2018-04-01,2019-03-31,0
2019-05-13,93770,2020-03-31,,,,,,,,,,,,,,,,,,,,,,,,,,,,,,12.00,,,,,,,false,true,12,2019-04-01,2020-03-31,1
2019-07-30,93770,2020-03-31,1,3051000000,0.005,,,,,139000000,-0.401,148000000,-0.349,,98000000,,7.06,,,,,,13141000000,9085000000,0.691,,9085000000,,,,,,,,,,,,true,false,3,2019-04-01,2019-06-30,0
2019-07-30,93770,2019-03-31,1,3034000000,0.074,,,,,233000000,0.388,228000000,0.348,,93000000,,6.70,,,,,,,,,,,,,,,,,,,,,,true,false,3,2018-04-01,2018-06-30,-1
2019-07-30,93770,2020-03-31,1,14800000000,0.071,,,,,1300000000,-0.042,1250000000,-0.076,,770000000,,55.21,,,,,,,,,,,,,,,,,,,,,,true,true,12,2019-04-01,2020-03-31,0
2019-07-30,93770,2019-03-31,1,,,,,,,,,,,,,,,,,,,,13675000000,9123000000,0.667,,9123000000,,,,,,,,,,,,true,false,12,2018-04-01,2019-03-31,-1
2019-07-30,93770,2019-03-31,1,,,,,,,,,,,,,,,,,,,,,,,,,,,,,14.00,,,,13950000,2062,,false,false,12,2018-04-01,2019-03-31,-1
2019-07-30,93770,2020-03-31,1,,,,,,,,,,,,,,,,,,,,,,,,,,,,,12.00,,,,,,,false,true,12,2019-04-01,2020-03-31,0
2019-07-30,93770,2020-03-31,1,,,,,,,,,,,,,,,,,,,,,,,,,,,,,,,,,13950000,2062,13947938,false,false,3,2019-04-01,2019-06-30,0
2019-07-30,93770,2019-03-31,1,,,,,,,,,,,,,,,,,,,,,,,,,,,,,,,,,,,13947943,false,false,3,2018-04-01,2018-06-30,-1
2019-10-30,93770,2020-03-31,2,6797000000,0.083,,,,,493000000,-0.069,494000000,-0.054,,331000000,,23.80,,,,,,13653000000,9319000000,0.683,,9319000000,,,,,,,,,,,,true,false,6,2019-04-01,2019-09-30,0
2019-10-30,93770,2019-03-31,2,6279000000,0.041,,,,,529000000,0.001,523000000,0.006,,270000000,,19.43,,,,,,,,,,,,,,,,,,,,,,true,false,6,2018-04-01,2018-09-30,-1
2019-10-30,93770,2020-03-31,2,14800000000,0.071,,,,,1300000000,-0.042,1250000000,-0.076,,770000000,,55.21,,,,,,,,,,,,,,,,,,,,,,true,true,12,2019-04-01,2020-03-31,0
2019-10-30,93770,2019-03-31,2,,,,,,,,,,,,,,,,,,,,13675000000,9123000000,0.667,,9123000000,,,,,,,,,,,,true,false,12,2018-04-01,2019-03-31,-1
2019-10-30,93770,2019-03-31,2,,,,,,,,,,,,,,,,,,,,,,,,,,,,,14.00,,,,13950000,2062,,false,false,12,2018-04-01,2019-03-31,-1
2019-10-30,93770,2020-03-31,2,,,,,,,,,,,,,,,,,,,,,,,,,,,,,5.00,,,,,,,false,false,12,2019-04-01,2020-03-31,0
2019-10-30,93770,2020-03-31,2,,,,,,,,,,,,,,,,,,,,,,,,,,,,,12.00,,,,,,,false,true,12,2019-04-01,2020-03-31,0
2019-10-30,93770,2020-03-31,2,,,,,,,,,,,,,,,,,,,,,,,,,,,,,,,,,13950000,2062,13947938,false,false,6,2019-04-01,2019-09-30,0
2019-10-30,93770,2019-03-31,2,,,,,,,,,,,,,,,,,,,,,,,,,,,,,,,,,,,13947942,false,false,6,2018-04-01,2018-09-30,-1
2020-01-30,93770,2020-03-31,3,10463000000,0.070,,,,,805000000,0.039,830000000,0.077,,567000000,,40.68,,,,,,13685000000,9495000000,0.694,,9495000000,,,,,,,,,,,,true,false,9,2019-04-01,2019-12-31,0
2020-01-30,93770,2019-03-31,3,9780000000,0.056,,,,,775000000,-0.140,771000000,-0.137,,436000000,,31.29,,,,,,,,,,,,,,,,,,,,,,true,false,9,2018-04-01,2018-12-31,-1
2020-01-30,93770,2020-03-31,3,14800000000,0.071,,,,,1300000000,-0.042,1250000000,-0.076,,770000000,,55.21,,,,,,,,,,,,,,,,,,,,,,true,true,12,2019-04-01,2020-03-31,0
2020-01-30,93770,2019-03-31,3,,,,,,,,,,,,,,,,,,,,13675000000,9123000000,0.667,,9123000000,,,,,,,,,,,,true,false,12,2018-04-01,2019-03-31,-1
2020-01-30,93770,2019-03-31,3,,,,,,,,,,,,,,,,,,,,,,,,,,,,,14.00,,,,13950000,2062,,false,false,12,2018-04-01,2019-03-31,-1
2020-01-30,93770,2020-03-31,3,,,,,,,,,,,,,,,,,,,,,,,,,,,,,5.00,,,,,,,false,false,12,2019-04-01,2020-03-31,0
2020-01-30,93770,2020-03-31,3,,,,,,,,,,,,,,,,,,,,,,,,,,,,,12.00,,,,,,,false,true,12,2019-04-01,2020-03-31,0
2020-01-30,93770,2020-03-31,3,,,,,,,,,,,,,,,,,,,,,,,,,,,,,,,,,13950000,2062,13947938,false,false,9,2019-04-01,2019-12-31,0
2020-01-30,93770,2019-03-31,3,,,,,,,,,,,,,,,,,,,,,,,,,,,,,,,,,,,13947941,false,false,9,2018-04-01,2018-12-31,-1
2020-05-11,93770,2020-03-31,,14742000000,0.067,,,,,1422000000,0.049,1446000000,0.070,,498000000,,35.75,,0.054,0.102,0.096,,14699000000,9372000000,0.638,671.97,9372000000,1717000000,-1248000000,-457000000,3422000000,,0.364,,,,,,true,false,12,2019-04-01,2020-03-31,0
2020-05-11,93770,2019-03-31,,13818000000,0.047,,,,,1356000000,-0.034,1352000000,-0.027,,877000000,,62.94,,0.100,0.099,0.098,,13675000000,9123000000,0.667,654.08,9123000000,1378000000,-1153000000,-473000000,3424000000,,0.222,,,,,,true,false,12,2018-04-01,2019-03-31,-1
2020-05-11,93770,2019-03-31,,,,,,,,,,,,,,,,,,,,,,,,,,,,,,14.00,,,,13950000,2062,13947940,false,false,12,2018-04-01,2019-03-31,-1
2020-05-11,93770,2020-03-31,,,,,,,,,,,,,,,,,,,,,,,,,,,,,,13.00,,,,13950000,2062,13947938,false,false,12,2019-04-01,2020-03-31,0
2020-05-29,93770,2021-03-31,,9553000000,,,,,,-816000000,,-758000000,,,-808000000,,-57.96,,,,,,,,,,,,,,,,,,,,,,true,true,12,2020-04-01,2021-03-31,0
2020-05-29,93770,2020-03-31,,14742000000,,,,,,1422000000,,1446000000,,,498000000,,35.75,,,,,,,,,,,,,,,,,,,,,,true,false,12,2019-04-01,2020-03-31,-1
2020-07-30,93770,2021-03-31,1,2706000000,-0.113,,,,,-118000000,,-109000000,,,-74000000,,-5.31,,,,,,12923000000,9188000000,0.711,,9188000000,,,,,,,,,,,,true,false,3,2020-04-01,2020-06-30,0
2020-07-30,93770,2020-03-31,1,3051000000,0.005,,,,,139000000,-0.401,148000000,-0.349,,98000000,,7.06,,,,,,,,,,,,,,,,,,,,,,true,false,3,2019-04-01,2019-06-30,-1
2020-07-30,93770,2021-03-31,1,9553000000,-0.352,,,,,-816000000,,-758000000,,,-808000000,,-57.96,,,,,,,,,,,,,,,,,,,,,,true,true,12,2020-04-01,2021-03-31,0
2020-07-30,93770,2020-03-31,1,,,,,,,,,,,,,,,,,,,,14699000000,9372000000,0.638,,9372000000,,,,,,,,,,,,true,false,12,2019-04-01,2020-03-31,-1
2020-07-30,93770,2020-03-31,1,,,,,,,,,,,,,,,,,,,,,,,,,,,,,13.00,,,,13950000,2062,,false,false,12,2019-04-01,2020-03-31,-1
2020-07-30,93770,2021-03-31,1,,,,,,,,,,,,,,,,,,,,,,,,,,,,,,,,,13950000,2062,13947938,false,false,3,2020-04-01,2020-06-30,0
2020-07-30,93770,2020-03-31,1,,,,,,,,,,,,,,,,,,,,,,,,,,,,,,,,,,,13947938,false,false,3,2019-04-01,2019-06-30,-1
2020-10-30,93770,2021-03-31,2,5048000000,-0.257,,,,,-296000000,,-293000000,,,-160000000,,-11.49,,,,,,14264000000,9102000000,0.638,,9102000000,,,,,,,,,,,,true,false,6,2020-04-01,2020-09-30,0
2020-10-30,93770,2020-03-31,2,6797000000,0.083,,,,,493000000,-0.069,494000000,-0.054,,331000000,,23.80,,,,,,,,,,,,,,,,,,,,,,true,false,6,2019-04-01,2019-09-30,-1
2020-10-30,93770,2021-03-31,2,9553000000,-0.352,,,,,-816000000,,-758000000,,,-808000000,,-57.96,,,,,,,,,,,,,,,,,,,,,,true,true,12,2020-04-01,2021-03-31,0
2020-10-30,93770,2020-03-31,2,,,,,,,,,,,,,,,,,,,,14699000000,9372000000,0.638,,9372000000,,,,,,,,,,,,true,false,12,2019-04-01,2020-03-31,-1
2020-10-30,93770,2020-03-31,2,,,,,,,,,,,,,,,,,,,,,,,,,,,,,13.00,,,,13950000,2062,,false,false,12,2019-04-01,2020-03-31,-1
2020-10-30,93770,2021-03-31,2,,,,,,,,,,,,,,,,,,,,,,,,,,,,,0.00,,,,,,,false,false,12,2020-04-01,2021-03-31,0
2020-10-30,93770,2021-03-31,2,,,,,,,,,,,,,,,,,,,,,,,,,,,,,,,,,13950000,2062,13947938,false,false,6,2020-04-01,2020-09-30,0
2020-10-30,93770,2020-03-31,2,,,,,,,,,,,,,,,,,,,,,,,,,,,,,,,,,,,13947938,false,false,6,2019-04-01,2019-09-30,-1
2021-01-29,93770,2021-03-31,3,7729000000,-0.261,,,,,-287000000,,-247000000,,,-174000000,,-12.52,,,,,,14151000000,9090000000,0.642,,9090000000,,,,,,,,,,,,true,false,9,2020-04-01,2020-12-31,0
2021-01-29,93770,2020-03-31,3,10463000000,0.070,,,,,805000000,0.039,830000000,0.077,,567000000,,40.68,,,,,,,,,,,,,,,,,,,,,,true,false,9,2019-04-01,2019-12-31,-1
2021-01-29,93770,2021-03-31,3,9553000000,-0.352,,,,,-816000000,,-758000000,,,-808000000,,-57.96,,,,,,,,,,,,,,,,,,,,,,true,true,12,2020-04-01,2021-03-31,0
2021-01-29,93770,2020-03-31,3,,,,,,,,,,,,,,,,,,,,14699000000,9372000000,0.638,,9372000000,,,,,,,,,,,,true,false,12,2019-04-01,2020-03-31,-1
2021-01-29,93770,2020-03-31,3,,,,,,,,,,,,,,,,,,,,,,,,,,,,,13.00,,,,1395000,2062,,false,false,12,2019-04-01,2020-03-31,-1
2021-01-29,93770,2021-03-31,3,,,,,,,,,,,,,,,,,,,,,,,,,,,,,0.00,,,,,,,false,false,12,2020-04-01,2021-03-31,0
2021-01-29,93770,2021-03-31,3,,,,,,,,,,,,,,,,,,,,,,,,,,,,,,,,,13950000,2062,13947938,false,false,9,2020-04-01,2020-12-31,0
2021-01-29,93770,2020-03-31,3,,,,,,,,,,,,,,,,,,,,,,,,,,,,,,,,,,,13947938,false,false,9,2019-04-01,2019-12-31,-1
2021-02-25,93770,2021-03-31,,10375000000,0.086,,,,,-227000000,,-141000000,,,-130000000,,-9.37,,,,,,,,,,,,,,,,,,,,,,true,true,12,2020-04-01,2021-03-31,0
2021-02-25,93770,2020-03-31,,14742000000,,,,,,1422000000,,1446000000,,,498000000,,35.75,,,,,,,,,,,,,,,,,,,,,,true,false,12,2019-04-01,2020-03-31,-1
2021-02-25,93770,2021-03-31,,,,,,,,,,,,,,,,,,,,,,,,,,,,,,0.00,,,,,,,false,true,12,2020-04-01,2021-03-31,0
2021-02-25,93770,2021-03-31,,,,,,,,,,,,,,,,,,,,,,,,,,,,,,0.00,,,,,,,false,false,12,2020-04-01,2021-03-31,0
2021-02-25,93770,2020-03-31,,,,,,,,,,,,,,,,,,,,,,,,,,,,,,13.00,,,,,,,false,false,12,2019-04-01,2020-03-31,-1
2021-04-27,93770,2021-03-31,,10404000000,0.003,,,,,-131000000,,-58000000,,,-45000000,,-3.29,,,,,,,,,,,,,,,,,,,,,,true,true,12,2020-04-01,2021-03-31,0
2021-04-27,93770,2020-03-31,,14742000000,,,,,,1422000000,,1446000000,,,498000000,,35.75,,,,,,,,,,,,,,,,,,,,,,true,false,12,2019-04-01,2020-03-31,-1
2021-05-10,93770,2021-03-31,,10404000000,-0.294,,,,,-131000000,,-58000000,,,-45000000,,-3.29,,-0.005,-0.004,-0.013,,14507000000,9330000000,0.643,668.97,9330000000,1472000000,-792000000,772000000,4883000000,,,,,,,,true,false,12,2020-04-01,2021-03-31,0
2021-05-10,93770,2020-03-31,,14742000000,0.067,,,,,1422000000,0.049,1446000000,0.070,,498000000,,35.75,,0.054,0.102,0.096,,14699000000,9372000000,0.638,671.97,9372000000,1717000000,-1248000000,-457000000,3422000000,,0.364,,,,,,true,false,12,2019-04-01,2020-03-31,-1
2021-05-10,93770,2022-03-31,,10710000000,0.029,,,,,-187000000,,-197000000,,-54000000,,,-3.89,,,,,,,,,,,,,,,,,,,,,,true,true,12,2021-04-01,2022-03-31,1
2021-05-10,93770,2021-03-31,,10190000000,-0.296,,,,,-192000000,,-116000000,,18000000,,-0.976,1.30,,,,,,14230000000,9061000000,0.637,649.64,9061000000,,,,,0.00,,,,13950000,2062,13947938,false,false,12,2020-04-01,2021-03-31,0
2021-05-10,93770,2020-03-31,,14472000000,0.073,,,,,1348000000,0.110,1354000000,0.096,760000000,,-0.077,54.55,,,,,,13632000000,9145000000,0.671,655.66,9145000000,,,,,13.00,,,,13950000,2062,13947938,false,false,12,2019-04-01,2020-03-31,-1
2021-07-29,93770,2022-03-31,1,2196000000,-0.189,,,,,-108000000,,-55000000,,,-59000000,,-4.27,,,,,,14087000000,9269000000,0.658,,9269000000,,,,,,,,,,,,true,false,3,2021-04-01,2021-06-30,0
2021-07-29,93770,2021-03-31,1,2706000000,-0.113,,,,,-118000000,,-109000000,,,-74000000,,-5.31,,,,,,,,,,,,,,,,,,,,,,true,false,3,2020-04-01,2020-06-30,-1
2021-07-29,93770,2022-03-31,1,10710000000,0.029,,,,,-187000000,,-197000000,,,-54000000,,-3.89,,,,,,,,,,,,,,,,,,,,,,true,true,12,2021-04-01,2022-03-31,0
2021-07-29,93770,2021-03-31,1,,,,,,,,,,,,,,,,,,,,14507000000,9330000000,0.643,,9330000000,,,,,,,,,,,,true,false,12,2020-04-01,2021-03-31,-1
2021-07-29,93770,2021-03-31,1,,,,,,,,,,,,,,,,,,,,,,,,,,,,,0.00,,,,13950000,2062,,false,false,12,2020-04-01,2021-03-31,-1
2021-07-29,93770,2022-03-31,1,,,,,,,,,,,,,,,,,,,,,,,,,,,,,,,,,13950000,2110,13947927,false,false,3,2021-04-01,2021-06-30,0
2021-07-29,93770,2021-03-31,1,,,,,,,,,,,,,,,,,,,,,,,,,,,,,,,,,,,13947938,false,false,3,2020-04-01,2020-06-30,-1
2021-10-28,93770,2022-03-31,2,4660000000,-0.077,,,,,-87000000,,16000000,,,13000000,,0.97,,,,,,14276000000,9350000000,0.655,,9350000000,,,,,,,,,,,,true,false,6,2021-04-01,2021-09-30,0
2021-10-28,93770,2021-03-31,2,5048000000,-0.257,,,,,-296000000,,-293000000,,,-160000000,,-11.49,,,,,,,,,,,,,,,,,,,,,,true,false,6,2020-04-01,2020-09-30,-1
2021-10-28,93770,2022-03-31,2,10710000000,0.029,,,,,-187000000,,-197000000,,,-54000000,,-3.89,,,,,,,,,,,,,,,,,,,,,,true,true,12,2021-04-01,2022-03-31,0
2021-10-28,93770,2021-03-31,2,,,,,,,,,,,,,,,,,,,,14507000000,9330000000,0.643,,9330000000,,,,,,,,,,,,true,false,12,2020-04-01,2021-03-31,-1
2021-10-28,93770,2021-03-31,2,,,,,,,,,,,,,,,,,,,,,,,,,,,,,0.00,,,,13950000,2062,,false,false,12,2020-04-01,2021-03-31,-1
2021-10-28,93770,2022-03-31,2,,,,,,,,,,,,,,,,,,,,,,,,,,,,,0.00,,,,,,,false,false,12,2021-04-01,2022-03-31,0
2021-10-28,93770,2022-03-31,2,,,,,,,,,,,,,,,,,,,,,,,,,,,,,,,,,13950000,2110,13947890,false,false,6,2021-04-01,2021-09-30,0
2021-10-28,93770,2021-03-31,2,,,,,,,,,,,,,,,,,,,,,,,,,,,,,,,,,,,13947938,false,false,6,2020-04-01,2020-09-30,-1
2021-10-28,93770,2022-03-31,2,4660000000,-0.077,,,,,-87000000,,16000000,,,13000000,,0.97,,,,,,14276000000,9350000000,0.655,,9350000000,,,,,,,,,,,,true,false,6,2021-04-01,2021-09-30,0
2021-10-28,93770,2021-03-31,2,5048000000,-0.257,,,,,-296000000,,-293000000,,,-160000000,,-11.49,,,,,,,,,,,,,,,,,,,,,,true,false,6,2020-04-01,2020-09-30,-1
2021-10-28,93770,2022-03-31,2,10710000000,0.029,,,,,-187000000,,-197000000,,,-54000000,,-3.89,,,,,,,,,,,,,,,,,,,,,,true,true,12,2021-04-01,2022-03-31,0
2021-10-28,93770,2021-03-31,2,,,,,,,,,,,,,,,,,,,,14507000000,9330000000,0.643,,9330000000,,,,,,,,,,,,true,false,12,2020-04-01,2021-03-31,-1
2021-10-28,93770,2021-03-31,2,,,,,,,,,,,,,,,,,,,,,,,,,,,,,0.00,,,,13950000,2062,,false,false,12,2020-04-01,2021-03-31,-1
2021-10-28,93770,2022-03-31,2,,,,,,,,,,,,,,,,,,,,,,,,,,,,,0.00,,,,,,,false,false,12,2021-04-01,2022-03-31,0
2021-10-28,93770,2022-03-31,2,,,,,,,,,,,,,,,,,,,,,,,,,,,,,,,,,13950000,2110,13947909,false,false,6,2021-04-01,2021-09-30,0
2021-10-28,93770,2021-03-31,2,,,,,,,,,,,,,,,,,,,,,,,,,,,,,,,,,,,13947938,false,false,6,2020-04-01,2020-09-30,-1
2022-01-28,93770,2022-03-31,3,7429000000,-0.039,,,,,-1000000,,118000000,,,-55000000,,-4.01,,,,,,14241000000,9270000000,0.651,,9270000000,,,,,,,,,,,,true,false,9,2021-04-01,2021-12-31,0
2022-01-28,93770,2021-03-31,3,7729000000,-0.261,,,,,-287000000,,-247000000,,,-174000000,,-12.52,,,,,,,,,,,,,,,,,,,,,,true,false,9,2020-04-01,2020-12-31,-1
2022-01-28,93770,2022-03-31,3,10328000000,-0.007,,,,,39000000,,154000000,,,-69000000,,-4.99,,,,,,,,,,,,,,,,,,,,,,true,true,12,2021-04-01,2022-03-31,0
2022-01-28,93770,2021-03-31,3,,,,,,,,,,,,,,,,,,,,14507000000,9330000000,0.643,,9330000000,,,,,,,,,,,,true,false,12,2020-04-01,2021-03-31,-1
2022-01-28,93770,2021-03-31,3,,,,,,,,,,,,,,,,,,,,,,,,,,,,,0.00,,,,13950000,2062,,false,false,12,2020-04-01,2021-03-31,-1
2022-01-28,93770,2022-03-31,3,,,,,,,,,,,,,,,,,,,,,,,,,,,,,0.00,,,,,,,false,false,12,2021-04-01,2022-03-31,0
2022-01-28,93770,2022-03-31,3,,,,,,,,,,,,,,,,,,,,,,,,,,,,,5.00,,,,,,,false,true,12,2021-04-01,2022-03-31,0
2022-01-28,93770,2022-03-31,3,,,,,,,,,,,,,,,,,,,,,,,,,,,,,,,,,13950000,2135,13947895,false,false,9,2021-04-01,2021-12-31,0
2022-01-28,93770,2021-03-31,3,,,,,,,,,,,,,,,,,,,,,,,,,,,,,,,,,,,13947938,false,false,9,2020-04-01,2020-12-31,-1
2022-04-27,93770,2022-03-31,,10381000000,0.005,,,,,121000000,2.105,236000000,0.528,,11000000,,0.81,,,,,,,,,,,,,,,,,,,,,,true,true,12,2021-04-01,2022-03-31,0
2022-04-27,93770,2021-03-31,,10404000000,,,,,,-131000000,,-58000000,,,-45000000,,-3.29,,,,,,,,,,,,,,,,,,,,,,true,false,12,2020-04-01,2021-03-31,-1
2022-05-09,93770,2022-03-31,,10381000000,-0.002,,,,,121000000,,236000000,,,11000000,,0.81,,0.001,0.016,0.012,,14250000000,9357000000,0.657,670.90,9357000000,459000000,-313000000,-59000000,4972000000,,6.106,,,,,,true,false,12,2021-04-01,2022-03-31,0
2022-05-09,93770,2021-03-31,,10404000000,-0.294,,,,,-131000000,,-58000000,,,-45000000,,-3.29,,-0.005,-0.004,-0.013,,14507000000,9330000000,0.643,668.97,9330000000,1472000000,-792000000,772000000,4883000000,,,,,,,,true,false,12,2020-04-01,2021-03-31,-1
2022-05-09,93770,2023-03-31,,11170000000,0.076,,,,,248000000,1.038,238000000,0.010,427000000,,36.449,30.66,,,,,,,,,,,,,,,,0.326,,,,,,true,true,12,2022-04-01,2023-03-31,1
2022-05-09,93770,2022-03-31,,10164000000,-0.002,,,,,109000000,,224000000,,1000000,,-0.902,0.12,,,,,,13946000000,9056000000,0.649,649.31,9056000000,,,,,5.00,,,,13950000,2135,13947887,false,false,12,2021-04-01,2022-03-31,0
2022-05-09,93770,2021-03-31,,10190000000,-0.296,,,,,-192000000,,-116000000,,18000000,,-0.976,1.30,,,,,,14230000000,9061000000,0.637,649.64,9061000000,,,,,0.00,,,,13950000,2062,13947938,false,false,12,2020-04-01,2021-03-31,-1
2022-05-09,93770,2023-03-31,,,,,,,,,,,,,,,,,,,,,,,,,,,,,,10.00,,,,,,,false,true,12,2022-04-01,2023-03-31,1
2022-08-08,93770,2023-03-31,1,2465000000,0.123,,,,,-60000000,,-63000000,,,-133000000,,-9.55,,,,,,13922000000,9158000000,0.658,,9158000000,,,,,,,,,,,,true,false,3,2022-04-01,2022-06-30,0
2022-08-08,93770,2022-03-31,1,2196000000,-0.189,,,,,-108000000,,-55000000,,,-59000000,,-4.27,,,,,,,,,,,,,,,,,,,,,,true,false,3,2021-04-01,2021-06-30,-1
2022-08-08,93770,2023-03-31,1,11170000000,0.076,,,,,248000000,1.038,238000000,0.010,,427000000,,30.66,,,,,,,,,,,,,,,,,,,,,,true,true,12,2022-04-01,2023-03-31,0
2022-08-08,93770,2022-03-31,1,,,,,,,,,,,,,,,,,,,,14250000000,9357000000,0.657,,9357000000,,,,,,,,,,,,true,false,12,2021-04-01,2022-03-31,-1
2022-08-08,93770,2022-03-31,1,,,,,,,,,,,,,,,,,,,,,,,,,,,,,5.00,,,,13950000,2135,,false,false,12,2021-04-01,2022-03-31,-1
2022-08-08,93770,2023-03-31,1,,,,,,,,,,,,,,,,,,,,,,,,,,,,,10.00,,,,,,,false,true,12,2022-04-01,2023-03-31,0
2022-08-08,93770,2023-03-31,1,,,,,,,,,,,,,,,,,,,,,,,,,,,,,,,,,13950000,2135,13947865,false,false,3,2022-04-01,2022-06-30,0
2022-08-08,93770,2022-03-31,1,,,,,,,,,,,,,,,,,,,,,,,,,,,,,,,,,,,13947927,false,false,3,2021-04-01,2021-06-30,-1
2022-10-27,93770,2023-03-31,2,5185000000,0.113,,,,,5000000,,-0,,,-63000000,,-4.55,,,,,,13963000000,9236000000,0.661,,9236000000,,,,,,,,,,,,true,false,6,2022-04-01,2022-09-30,0
2022-10-27,93770,2022-03-31,2,4660000000,-0.077,,,,,-87000000,,16000000,,,13000000,,0.97,,,,,,,,,,,,,,,,,,,,,,true,false,6,2021-04-01,2021-09-30,-1
2022-10-27,93770,2023-03-31,2,11170000000,0.076,,,,,248000000,1.038,238000000,0.010,,427000000,,30.66,,,,,,,,,,,,,,,,,,,,,,true,true,12,2022-04-01,2023-03-31,0
2022-10-27,93770,2022-03-31,2,,,,,,,,,,,,,,,,,,,,14250000000,9357000000,0.657,,9357000000,,,,,,,,,,,,true,false,12,2021-04-01,2022-03-31,-1
2022-10-27,93770,2022-03-31,2,,,,,,,,,,,,,,,,,,,,,,,,,,,,,5.00,,,,13950000,2135,,false,false,12,2021-04-01,2022-03-31,-1
2022-10-27,93770,2023-03-31,2,,,,,,,,,,,,,,,,,,,,,,,,,,,,,5.00,,,,,,,false,false,12,2022-04-01,2023-03-31,0
2022-10-27,93770,2023-03-31,2,,,,,,,,,,,,,,,,,,,,,,,,,,,,,15.00,,,,,,,false,true,12,2022-04-01,2023-03-31,0
2022-10-27,93770,2023-03-31,2,,,,,,,,,,,,,,,,,,,,,,,,,,,,,,,,,13950000,2135,13947865,false,false,6,2022-04-01,2022-09-30,0
2022-10-27,93770,2022-03-31,2,,,,,,,,,,,,,,,,,,,,,,,,,,,,,,,,,,,13947909,false,false,6,2021-04-01,2021-09-30,-1
2023-01-27,93770,2023-03-31,3,7938000000,0.068,,,,,181000000,,171000000,0.452,,58000000,,4.21,,,,,,13167000000,8653000000,0.657,,8653000000,,,,,,,,,,,,true,false,9,2022-04-01,2022-12-31,0
2023-01-27,93770,2022-03-31,3,7429000000,-0.039,,,,,-1000000,,118000000,,,-55000000,,-4.01,,,,,,,,,,,,,,,,,,,,,,true,false,9,2021-04-01,2021-12-31,-1
2023-01-27,93770,2023-03-31,3,10900000000,0.050,,,,,410000000,2.364,400000000,0.694,,540000000,,39.38,,,,,,,,,,,,,,,,,,,,,,true,true,12,2022-04-01,2023-03-31,0
2023-01-27,93770,2022-03-31,3,,,,,,,,,,,,,,,,,,,,14250000000,9357000000,0.657,,9357000000,,,,,,,,,,,,true,false,12,2021-04-01,2022-03-31,-1
2023-01-27,93770,2022-03-31,3,,,,,,,,,,,,,,,,,,,,,,,,,,,,,5.00,,,,13950000,2135,,false,false,12,2021-04-01,2022-03-31,-1
2023-01-27,93770,2023-03-31,3,,,,,,,,,,,,,,,,,,,,,,,,,,,,,5.00,,,,,,,false,false,12,2022-04-01,2023-03-31,0
2023-01-27,93770,2023-03-31,3,,,,,,,,,,,,,,,,,,,,,,,,,,,,,30.00,,,,,,,false,true,12,2022-04-01,2023-03-31,0
2023-01-27,93770,2023-03-31,3,,,,,,,,,,,,,,,,,,,,,,,,,,,,,,,,,13950000,882135,13919065,false,false,9,2022-04-01,2022-12-31,0
2023-01-27,93770,2022-03-31,3,,,,,,,,,,,,,,,,,,,,,,,,,,,,,,,,,,,13947895,false,false,9,2021-04-01,2021-12-31,-1
2023-05-09,93770,2023-03-31,,11035000000,0.063,,,,,523000000,3.299,508000000,1.155,,506000000,,36.95,,0.055,0.037,0.047,,13349000000,9176000000,0.687,702.18,9176000000,710000000,-422000000,-1034000000,4230000000,,0.812,,,,,,true,false,12,2022-04-01,2023-03-31,0
2023-05-09,93770,2022-03-31,,10381000000,-0.002,,,,,121000000,,236000000,,,11000000,,0.81,,0.001,0.016,0.012,,14250000000,9357000000,0.657,670.90,9357000000,459000000,-313000000,-59000000,4972000000,,6.106,,,,,,true,false,12,2021-04-01,2022-03-31,-1
2023-05-09,93770,2024-03-31,,12580000000,0.140,,,,,680000000,0.298,660000000,0.297,420000000,,-0.171,32.13,,,,,,,,,,,,,,,,0.933,,,,,,true,true,12,2023-04-01,2024-03-31,1
2023-05-09,93770,2023-03-31,,10814000000,0.064,,,,,519000000,3.745,503000000,1.247,506000000,,,36.91,,,,,,13128000000,8793000000,0.670,672.94,8793000000,,,,,30.00,,,,13510000,442135,13709180,false,false,12,2022-04-01,2023-03-31,0
2023-05-09,93770,2022-03-31,,10164000000,-0.002,,,,,109000000,,224000000,,1000000,,-0.902,0.12,,,,,,13946000000,9056000000,0.649,649.31,9056000000,,,,,5.00,,,,13950000,2135,13947887,false,false,12,2021-04-01,2022-03-31,-1
2023-05-09,93770,2024-03-31,,,,,,,,,,,,,,,,,,,,,,,,,,,,,,30.00,,,,,,,false,true,12,2023-04-01,2024-03-31,1
2023-05-09,93770,2023-03-31,,11039000000,0.063,,,,,527000000,3.331,512000000,1.172,,510000000,,37.26,,0.055,0.037,0.048,,13354000000,9180000000,0.687,702.50,9180000000,710000000,-422000000,-1034000000,4230000000,,0.805,,,,,,true,false,12,2022-04-01,2023-03-31,0
2023-05-09,93770,2022-03-31,,10381000000,-0.002,,,,,121000000,,236000000,,,11000000,,0.81,,0.001,0.016,0.012,,14250000000,9357000000,0.657,670.90,9357000000,459000000,-313000000,-59000000,4972000000,,6.106,,,,,,true,false,12,2021-04-01,2022-03-31,-1
2023-05-09,93770,2024-03-31,,12580000000,0.140,,,,,680000000,0.288,660000000,0.287,420000000,,-0.178,32.13,,,,,,,,,,,,,,,,0.933,,,,,,true,true,12,2023-04-01,2024-03-31,1
2023-05-09,93770,2023-03-31,,10818000000,0.064,,,,,523000000,3.781,507000000,1.265,510000000,,,37.22,,,,,,13134000000,8798000000,0.670,673.26,8798000000,,,,,30.00,,,,13510000,442135,13709180,false,false,12,2022-04-01,2023-03-31,0
2023-05-09,93770,2022-03-31,,10164000000,-0.002,,,,,109000000,,224000000,,1000000,,-0.902,0.12,,,,,,13946000000,9056000000,0.649,649.31,9056000000,,,,,5.00,,,,13950000,2135,13947887,false,false,12,2021-04-01,2022-03-31,-1
2023-05-09,93770,2024-03-31,,,,,,,,,,,,,,,,,,,,,,,,,,,,,,30.00,,,,,,,false,true,12,2023-04-01,2024-03-31,1
2023-07-28,93770,2024-03-31,1,2856000000,0.158,,,,,118000000,,125000000,,,79000000,,6.06,,,,,,13075000000,8952000000,0.685,,8952000000,,,,,,,,,,,,true,false,3,2023-04-01,2023-06-30,0
2023-07-28,93770,2023-03-31,1,2465000000,0.123,,,,,-60000000,,-63000000,,,-133000000,,-9.55,,,,,,,,,,,,,,,,,,,,,,true,false,3,2022-04-01,2022-06-30,-1
2023-07-28,93770,2024-03-31,1,12580000000,0.140,,,,,680000000,0.288,660000000,0.287,,420000000,,32.13,,,,,,,,,,,,,,,,,,,,,,true,true,12,2023-04-01,2024-03-31,0
2023-07-28,93770,2023-03-31,1,,,,,,,,,,,,,,,,,,,,13354000000,9180000000,0.687,,9180000000,,,,,,,,,,,,true,false,12,2022-04-01,2023-03-31,-1
2023-07-28,93770,2023-03-31,1,,,,,,,,,,,,,,,,,,,,,,,,,,,,,30.00,,,,13510000,442135,,false,false,12,2022-04-01,2023-03-31,-1
2023-07-28,93770,2024-03-31,1,,,,,,,,,,,,,,,,,,,,,,,,,,,,,30.00,,,,,,,false,true,12,2023-04-01,2024-03-31,0
2023-07-28,93770,2024-03-31,1,,,,,,,,,,,,,,,,,,,,,,,,,,,,,,,,,13510000,442135,13067865,false,false,3,2023-04-01,2023-06-30,0
2023-07-28,93770,2023-03-31,1,,,,,,,,,,,,,,,,,,,,,,,,,,,,,,,,,,,13947865,false,false,3,2022-04-01,2022-06-30,-1
2023-10-30,93770,2024-03-31,2,6006000000,0.158,,,,,351000000,,354000000,,,210000000,,16.12,,,,,,13174000000,9077000000,0.689,,9077000000,,,,,,,,,,,,true,false,6,2023-04-01,2023-09-30,0
2023-10-30,93770,2023-03-31,2,5185000000,0.113,,,,,5000000,,-0,,,-63000000,,-4.55,,,,,,,,,,,,,,,,,,,,,,true,false,6,2022-04-01,2022-09-30,-1
2023-10-30,93770,2024-03-31,2,12580000000,0.140,,,,,680000000,0.288,660000000,0.287,,420000000,,32.13,,,,,,,,,,,,,,,,,,,,,,true,true,12,2023-04-01,2024-03-31,0
2023-10-30,93770,2023-03-31,2,,,,,,,,,,,,,,,,,,,,13354000000,9180000000,0.687,,9180000000,,,,,,,,,,,,true,false,12,2022-04-01,2023-03-31,-1
2023-10-30,93770,2023-03-31,2,,,,,,,,,,,,,,,,,,,,,,,,,,,,,30.00,,,,13510000,442135,,false,false,12,2022-04-01,2023-03-31,-1
2023-10-30,93770,2024-03-31,2,,,,,,,,,,,,,,,,,,,,,,,,,,,,,15.00,,,,,,,false,false,12,2023-04-01,2024-03-31,0
2023-10-30,93770,2024-03-31,2,,,,,,,,,,,,,,,,,,,,,,,,,,,,,30.00,,,,,,,false,true,12,2023-04-01,2024-03-31,0
2023-10-30,93770,2024-03-31,2,,,,,,,,,,,,,,,,,,,,,,,,,,,,,,,,,13510000,442035,13067872,false,false,6,2023-04-01,2023-09-30,0
2023-10-30,93770,2023-03-31,2,,,,,,,,,,,,,,,,,,,,,,,,,,,,,,,,,,,13947865,false,false,6,2022-04-01,2022-09-30,-1
2024-01-30,93770,2024-03-31,3,9291000000,0.170,,,,,668000000,2.684,674000000,2.934,,431000000,,33.02,,,,,,13165000000,9093000000,0.691,,9093000000,,,,,,,,,,,,true,false,9,2023-04-01,2023-12-31,0
2024-01-30,93770,2023-03-31,3,7938000000,0.068,,,,,181000000,,171000000,0.452,,58000000,,4.21,,,,,,,,,,,,,,,,,,,,,,true,false,9,2022-04-01,2022-12-31,-1
2024-01-30,93770,2024-03-31,3,12840000000,0.163,,,,,980000000,0.857,980000000,0.911,,610000000,,46.67,,,,,,,,,,,,,,,,,,,,,,true,true,12,2023-04-01,2024-03-31,0
2024-01-30,93770,2023-03-31,3,,,,,,,,,,,,,,,,,,,,13354000000,9180000000,0.687,,9180000000,,,,,,,,,,,,true,false,12,2022-04-01,2023-03-31,-1
2024-01-30,93770,2023-03-31,3,,,,,,,,,,,,,,,,,,,,,,,,,,,,,30.00,,,,13510000,442135,,false,false,12,2022-04-01,2023-03-31,-1
2024-01-30,93770,2024-03-31,3,,,,,,,,,,,,,,,,,,,,,,,,,,,,,15.00,,,,,,,false,false,12,2023-04-01,2024-03-31,0
2024-01-30,93770,2024-03-31,3,,,,,,,,,,,,,,,,,,,,,,,,,,,,,35.00,,,,,,,false,true,12,2023-04-01,2024-03-31,0
2024-01-30,93770,2024-03-31,3,,,,,,,,,,,,,,,,,,,,,,,,,,,,,,,,,13510000,441835,13067952,false,false,9,2023-04-01,2023-12-31,0
2024-01-30,93770,2023-03-31,3,,,,,,,,,,,,,,,,,,,,,,,,,,,,,,,,,,,13919065,false,false,9,2022-04-01,2022-12-31,-1
2024-05-13,93770,2024-03-31,,12986000000,0.176,,,,,1059000000,1.008,1075000000,1.097,,689000000,,52.76,,0.074,0.079,0.082,,13796000000,9353000000,0.678,715.77,9353000000,1175000000,-754000000,-806000000,3848000000,,0.853,,,,,,true,false,12,2023-04-01,2024-03-31,0
2024-05-13,93770,2023-03-31,,11039000000,0.063,,,,,527000000,3.331,512000000,1.172,,510000000,,37.26,,0.055,0.037,0.048,,13354000000,9180000000,0.687,702.50,9180000000,710000000,-422000000,-1034000000,4230000000,,0.805,,,,,,true,false,12,2022-04-01,2023-03-31,-1
2024-05-13,93770,2025-03-31,,14300000000,0.101,,,,,810000000,-0.236,810000000,-0.247,,520000000,,39.79,,,,,,,,,,,,,,,,1.005,,,,,,true,true,12,2024-04-01,2025-03-31,1
2024-05-13,93770,2024-03-31,,12764000000,0.180,,,,,1044000000,0.995,1054000000,1.078,672000000,,0.317,51.42,,,,,,13554000000,8951000000,0.660,685.01,8951000000,,,,,45.00,,,,13510000,441835,13068005,false,false,12,2023-04-01,2024-03-31,0
2024-05-13,93770,2023-03-31,,10818000000,0.064,,,,,523000000,3.781,507000000,1.265,510000000,,,37.22,,,,,,13134000000,8798000000,0.670,673.26,8798000000,,,,,30.00,,,,13510000,442135,13709180,false,false,12,2022-04-01,2023-03-31,-1
2024-05-13,93770,2025-03-31,,,,,,,,,,,,,,,,,,,,,,,,,,,,,,40.00,,,,,,,false,true,12,2024-04-01,2025-03-31,1
2024-07-30,93770,2025-03-31,1,3141000000,0.100,,,,,224000000,0.898,280000000,1.242,,191000000,,14.61,,,,,,13055000000,9119000000,0.699,,9119000000,,,,,,,,,,,,true,false,3,2024-04-01,2024-06-30,0
2024-07-30,93770,2024-03-31,1,2856000000,0.158,,,,,118000000,,125000000,,,79000000,,6.06,,,,,,,,,,,,,,,,,,,,,,true,false,3,2023-04-01,2023-06-30,-1
2024-07-30,93770,2025-03-31,1,14300000000,0.101,,,,,810000000,-0.236,810000000,-0.247,,520000000,,39.79,,,,,,,,,,,,,,,,,,,,,,true,true,12,2024-04-01,2025-03-31,0
2024-07-30,93770,2024-03-31,1,,,,,,,,,,,,,,,,,,,,13796000000,9353000000,0.678,,9353000000,,,,,,,,,,,,true,false,12,2023-04-01,2024-03-31,-1
2024-07-30,93770,2024-03-31,1,,,,,,,,,,,,,,,,,,,,,,,,,,,,,45.00,,,,13510000,441835,,false,false,12,2023-04-01,2024-03-31,-1
2024-07-30,93770,2025-03-31,1,,,,,,,,,,,,,,,,,,,,,,,,,,,,,40.00,,,,,,,false,true,12,2024-04-01,2025-03-31,0
2024-07-30,93770,2025-03-31,1,,,,,,,,,,,,,,,,,,,,,,,,,,,,,,,,,13510000,441535,13068386,false,false,3,2024-04-01,2024-06-30,0
2024-07-30,93770,2024-03-31,1,,,,,,,,,,,,,,,,,,,,,,,,,,,,,,,,,,,13067865,false,false,3,2023-04-01,2023-06-30,-1
2024-10-30,93770,2025-03-31,2,6601000000,0.099,,,,,502000000,0.431,548000000,0.545,,375000000,,28.72,,,,,,13002000000,9307000000,0.716,,9307000000,,,,,,,,,,,,true,false,6,2024-04-01,2024-09-30,0
2024-10-30,93770,2024-03-31,2,6006000000,0.158,,,,,351000000,,354000000,,,210000000,,16.12,,,,,,,,,,,,,,,,,,,,,,true,false,6,2023-04-01,2023-09-30,-1
2024-10-30,93770,2025-03-31,2,14310000000,0.102,,,,,1070000000,0.010,1120000000,0.042,,750000000,,57.38,,,,,,,,,,,,,,,,,,,,,,true,true,12,2024-04-01,2025-03-31,0
2024-10-30,93770,2024-03-31,2,,,,,,,,,,,,,,,,,,,,13796000000,9353000000,0.678,,9353000000,,,,,,,,,,,,true,false,12,2023-04-01,2024-03-31,-1
2024-10-30,93770,2024-03-31,2,,,,,,,,,,,,,,,,,,,,,,,,,,,,,45.00,,,,13510000,441835,,false,false,12,2023-04-01,2024-03-31,-1
2024-10-30,93770,2025-03-31,2,,,,,,,,,,,,,,,,,,,,,,,,,,,,,20.00,,,,,,,false,false,12,2024-04-01,2025-03-31,0
2024-10-30,93770,2025-03-31,2,,,,,,,,,,,,,,,,,,,,,,,,,,,,,45.00,,,,,,,false,true,12,2024-04-01,2025-03-31,0
2024-10-30,93770,2025-03-31,2,,,,,,,,,,,,,,,,,,,,,,,,,,,,,,,,,13510000,441435,13068463,false,false,6,2024-04-01,2024-09-30,0
2024-10-30,93770,2024-03-31,2,,,,,,,,,,,,,,,,,,,,,,,,,,,,,,,,,,,13067872,false,false,6,2023-04-01,2023-09-30,-1
2025-01-30,93770,2025-03-31,3,10382000000,0.117,,,,,919000000,0.376,975000000,0.446,,668000000,,51.16,,,,,,13542000000,9327000000,0.689,,9327000000,,,,,,,,,,,,true,false,9,2024-04-01,2024-12-31,0
2025-01-30,93770,2024-03-31,3,9291000000,0.170,,,,,668000000,2.684,674000000,2.934,,431000000,,33.02,,,,,,,,,,,,,,,,,,,,,,true,false,9,2023-04-01,2023-12-31,-1
2025-01-30,93770,2025-03-31,3,14310000000,0.102,,,,,1070000000,0.010,1120000000,0.042,,750000000,,57.38,,,,,,,,,,,,,,,,,,,,,,true,true,12,2024-04-01,2025-03-31,0
2025-01-30,93770,2024-03-31,3,,,,,,,,,,,,,,,,,,,,13796000000,9353000000,0.678,,9353000000,,,,,,,,,,,,true,false,12,2023-04-01,2024-03-31,-1
2025-01-30,93770,2024-03-31,3,,,,,,,,,,,,,,,,,,,,,,,,,,,,,45.00,,,,13510000,441835,,false,false,12,2023-04-01,2024-03-31,-1
2025-01-30,93770,2025-03-31,3,,,,,,,,,,,,,,,,,,,,,,,,,,,,,20.00,,,,,,,false,false,12,2024-04-01,2025-03-31,0
2025-01-30,93770,2025-03-31,3,,,,,,,,,,,,,,,,,,,,,,,,,,,,,45.00,,,,,,,false,true,12,2024-04-01,2025-03-31,0
2025-01-30,93770,2025-03-31,3,,,,,,,,,,,,,,,,,,,,,,,,,,,,,,,,,13510000,441335,13068510,false,false,9,2024-04-01,2024-12-31,0
2025-01-30,93770,2024-03-31,3,,,,,,,,,,,,,,,,,,,,,,,,,,,,,,,,,,,13067952,false,false,9,2023-04-01,2023-12-31,-1
2025-05-13,93770,2025-03-31,,14443000000,0.112,,,,,1340000000,0.265,1390000000,0.294,,973000000,,74.49,,0.102,0.100,0.093,,14002000000,9644000000,0.689,737.96,9644000000,1398000000,-962000000,-911000000,3361000000,,0.805,,,,,,true,false,12,2024-04-01,2025-03-31,0
2025-05-13,93770,2024-03-31,,12986000000,0.176,,,,,1059000000,1.008,1075000000,1.097,,689000000,,52.76,,0.074,0.079,0.082,,13796000000,9353000000,0.678,715.77,9353000000,1175000000,-754000000,-806000000,3848000000,,0.853,,,,,,true,false,12,2023-04-01,2024-03-31,-1
2025-05-13,93770,2026-03-31,,16000000000,0.108,,,,,1610000000,0.201,1610000000,0.158,,1100000000,,84.16,,,,,,,,,,,,,,,,0.535,,,,,,true,true,12,2025-04-01,2026-03-31,1
2025-05-13,93770,2025-03-31,,14223000000,0.114,,,,,1300000000,0.245,1339000000,0.270,928000000,,0.381,71.03,,,,,,13743000000,9192000000,0.669,703.40,9192000000,,,,,60.00,,,,13910000,841035,13068595,false,false,12,2024-04-01,2025-03-31,0
2025-05-13,93770,2024-03-31,,12764000000,0.180,,,,,1044000000,0.995,1054000000,1.078,672000000,,0.317,51.42,,,,,,13554000000,8951000000,0.660,685.01,8951000000,,,,,45.00,,,,13510000,441835,13068005,false,false,12,2023-04-01,2024-03-31,-1
2025-05-13,93770,2026-03-31,,,,,,,,,,,,,,,,,,,,,,,,,,,,,,45.00,,,,,,,false,true,12,2025-04-01,2026-03-31,1
2025-05-13,93770,2025-03-31,,14443000000,0.112,,,,,1340000000,0.265,1390000000,0.294,,973000000,,74.49,,0.102,0.100,0.093,,14006000000,9828000000,0.702,752.05,9828000000,1398000000,-962000000,-911000000,3361000000,,0.805,,,,,,true,false,12,2024-04-01,2025-03-31,0
2025-05-13,93770,2024-03-31,,12986000000,0.176,,,,,1059000000,1.008,1075000000,1.097,,689000000,,52.76,,0.074,0.079,0.082,,13796000000,9353000000,0.678,715.77,9353000000,1175000000,-754000000,-806000000,3848000000,,0.853,,,,,,true,false,12,2023-04-01,2024-03-31,-1
2025-05-13,93770,2026-03-31,,16000000000,0.108,,,,,1610000000,0.201,1610000000,0.158,,1100000000,,84.16,,,,,,,,,,,,,,,,0.535,,,,,,true,true,12,2025-04-01,2026-03-31,1
2025-05-13,93770,2025-03-31,,14223000000,0.114,,,,,1300000000,0.245,1339000000,0.270,928000000,,0.381,71.03,,,,,,13743000000,9192000000,0.669,703.40,9192000000,,,,,60.00,,,,13910000,841035,13068595,false,false,12,2024-04-01,2025-03-31,0
2025-05-13,93770,2024-03-31,,12764000000,0.180,,,,,1044000000,0.995,1054000000,1.078,672000000,,0.317,51.42,,,,,,13554000000,8951000000,0.660,685.01,8951000000,,,,,45.00,,,,13510000,441835,13068005,false,false,12,2023-04-01,2024-03-31,-1
2025-05-13,93770,2026-03-31,,,,,,,,,,,,,,,,,,,,,,,,,,,,,,45.00,,,,,,,false,true,12,2025-04-01,2026-03-31,1
