filing_date,code,fiscal_year_end,quarterly_period,net_sales,net_sales_change,revenue,revenue_change,operating_revenue,operating_revenue_change,operating_profit,operating_profit_change,ordinary_profit,ordinary_profit_change,net_income,net_income_of_parent,net_income_change,eps,diluted_eps,roe,roa,operating_profit_to_net_sales,operating_profit_to_revenue,total_assets,net_assets,equity_ratio,bps,owner_equity,operating_cash_flow,investing_cash_flow,financing_cash_flow,cash,dividend_per_share,payout_ratio,commemorative_dividend,extra_dividend,number_of_shares,number_of_treqsury_shares,avg_number_of_shares,is_consolidated,is_forecast,duration,period_start,period_end,period_pos
2015-05-14,93800,2015-03-31,,,,,,41060000000,0.003,927000000,-0.002,975000000,0.046,705000000,,0.631,24.85,,0.053,0.028,,,36117000000,13861000000,0.380,493.71,13730000000,1280000000,-305000000,-971000000,2962000000,,0.201,,,,,,true,false,12,2014-04-01,2015-03-31,0
2015-05-14,93800,2014-03-31,,,,,,40951000000,0.039,929000000,0.222,932000000,0.251,432000000,,0.127,15.23,,0.034,0.027,,,34540000000,13104000000,0.375,455.95,12954000000,1765000000,-1249000000,-240000000,2931000000,,0.328,,,,,,true,false,12,2013-04-01,2014-03-31,-1
2015-05-14,93800,2016-03-31,,,,,,21148000000,0.040,343000000,0.015,342000000,-0.116,,259000000,,9.34,,,,,,,,,,,,,,,,,,,,,,true,true,6,2015-04-01,2015-09-30,1
2015-05-14,93800,2016-03-31,,,,,,42836000000,0.043,875000000,-0.056,909000000,-0.067,,640000000,,23.03,,,,,,,,,,,,,,,,0.217,,,,,,true,true,12,2015-04-01,2016-03-31,1
2015-05-14,93800,2015-03-31,,,,,,35093000000,0.009,872000000,0.041,943000000,0.096,539000000,,0.514,18.99,,,,,,29240000000,12560000000,0.430,451.64,12560000000,,,,,5.00,,,,28923000,1112663,28392545,false,false,12,2014-04-01,2015-03-31,0
2015-05-14,93800,2014-03-31,,,,,,34774000000,0.018,838000000,0.177,861000000,0.231,356000000,,0.005,12.53,,,,,,30171000000,12006000000,0.398,422.59,12006000000,,,,,5.00,,,,28923000,510663,28412337,false,false,12,2013-04-01,2014-03-31,-1
2015-05-14,93800,2016-03-31,,,,,,17605000000,0.016,,,,,319000000,,0.025,11.49,,,,,,,,,,,,,,,,,,,,,,false,true,6,2015-04-01,2015-09-30,1
2015-05-14,93800,2016-03-31,,,,,,35555000000,0.013,,,,,539000000,,-0.000,19.39,,,,,,,,,,,,,,,5.00,,,,,,,false,true,12,2015-04-01,2016-03-31,1
2015-05-14,93800,2015-03-31,,,,,,41060000000,0.003,927000000,-0.002,975000000,0.046,705000000,,0.631,24.85,,0.053,0.028,,,36117000000,13861000000,0.380,493.71,13730000000,1280000000,-305000000,-971000000,2962000000,,0.201,,,,,,true,false,12,2014-04-01,2015-03-31,0
2015-05-14,93800,2014-03-31,,,,,,40951000000,0.039,929000000,0.222,932000000,0.251,432000000,,0.127,15.23,,0.034,0.027,,,34540000000,13104000000,0.375,455.95,12954000000,1765000000,-1249000000,-240000000,2931000000,,0.328,,,,,,true,false,12,2013-04-01,2014-03-31,-1
2015-05-14,93800,2016-03-31,,,,,,21148000000,0.041,343000000,0.083,342000000,-0.035,,259000000,,9.34,,,,,,,,,,,,,,,,,,,,,,true,true,6,2015-04-01,2015-09-30,1
2015-05-14,93800,2016-03-31,,,,,,42836000000,0.043,875000000,-0.056,909000000,-0.067,,640000000,,23.03,,,,,,,,,,,,,,,,0.217,,,,,,true,true,12,2015-04-01,2016-03-31,1
2015-05-14,93800,2015-03-31,,,,,,35093000000,0.009,872000000,0.041,943000000,0.096,539000000,,0.514,18.99,,,,,,29240000000,12560000000,0.430,451.64,12560000000,,,,,5.00,,,,28923000,1112663,28392545,false,false,12,2014-04-01,2015-03-31,0
2015-05-14,93800,2014-03-31,,,,,,34774000000,0.018,838000000,0.177,861000000,0.231,356000000,,0.005,12.53,,,,,,30171000000,12006000000,0.398,422.59,12006000000,,,,,5.00,,,,28923000,510663,28412337,false,false,12,2013-04-01,2014-03-31,-1
2015-05-14,93800,2016-03-31,,,,,,17605000000,0.016,,,,,319000000,,0.025,11.49,,,,,,,,,,,,,,,,,,,,,,false,true,6,2015-04-01,2015-09-30,1
2015-05-14,93800,2016-03-31,,,,,,35555000000,0.013,,,,,539000000,,-0.000,19.39,,,,,,,,,,,,,,,5.00,,,,,,,false,true,12,2015-04-01,2016-03-31,1
2015-07-31,93800,2016-03-31,1,,,,,9675000000,-0.056,105000000,-0.433,117000000,-0.432,,46000000,,1.68,,,,,,35650000000,13864000000,0.385,,13735000000,,,,,,,,,,,,true,false,3,2015-04-01,2015-06-30,0
2015-07-31,93800,2015-03-31,1,,,,,10249000000,0.037,186000000,0.162,207000000,0.338,,210000000,,7.42,,,,,,,,,,,,,,,,,,,,,,true,false,3,2014-04-01,2014-06-30,-1
2015-07-31,93800,2016-03-31,1,,,,,21148000000,0.041,343000000,0.083,342000000,-0.035,,259000000,,9.34,,,,,,,,,,,,,,,,,,,,,,true,true,6,2015-04-01,2015-09-30,0
2015-07-31,93800,2016-03-31,1,,,,,42836000000,0.043,875000000,-0.056,909000000,-0.067,,640000000,,23.03,,,,,,,,,,,,,,,,,,,,,,true,true,12,2015-04-01,2016-03-31,0
2015-07-31,93800,2015-03-31,1,,,,,,,,,,,,,,,,,,,,36117000000,13861000000,0.380,,13730000000,,,,,,,,,,,,true,false,12,2014-04-01,2015-03-31,-1
2015-07-31,93800,2015-03-31,1,,,,,,,,,,,,,,,,,,,,,,,,,,,,,5.00,,,,28923000,1112663,,false,false,12,2014-04-01,2015-03-31,-1
2015-07-31,93800,2016-03-31,1,,,,,,,,,,,,,,,,,,,,,,,,,,,,,5.00,,,,,,,false,true,12,2015-04-01,2016-03-31,0
2015-07-31,93800,2016-03-31,1,,,,,,,,,,,,,,,,,,,,,,,,,,,,,,,,,28923000,1112663,27810337,false,false,3,2015-04-01,2015-06-30,0
2015-07-31,93800,2015-03-31,1,,,,,,,,,,,,,,,,,,,,,,,,,,,,,,,,,,,28412337,false,false,3,2014-04-01,2014-06-30,-1
2015-10-30,93800,2016-03-31,2,,,,,19474000000,-0.041,312000000,-0.013,326000000,-0.078,,238000000,,8.59,,,,,,35327000000,14036000000,0.394,,13912000000,,,,,,,,,,,,true,false,6,2015-04-01,2015-09-30,0
2015-10-30,93800,2015-03-31,2,,,,,20316000000,0.004,316000000,-0.326,354000000,-0.241,,306000000,,10.78,,,,,,,,,,,,,,,,,,,,,,true,false,6,2014-04-01,2014-09-30,-1
2015-10-30,93800,2016-03-31,2,,,,,42836000000,0.043,875000000,-0.056,909000000,-0.067,,640000000,,23.03,,,,,,,,,,,,,,,,,,,,,,true,true,12,2015-04-01,2016-03-31,0
2015-10-30,93800,2015-03-31,2,,,,,,,,,,,,,,,,,,,,36117000000,13861000000,0.380,,13730000000,,,,,,,,,,,,true,false,12,2014-04-01,2015-03-31,-1
2015-10-30,93800,2015-03-31,2,,,,,,,,,,,,,,,,,,,,,,,,,,,,,5.00,,,,28923000,1112663,,false,false,12,2014-04-01,2015-03-31,-1
2015-10-30,93800,2016-03-31,2,,,,,,,,,,,,,,,,,,,,,,,,,,,,,2.00,,,,,,,false,false,12,2015-04-01,2016-03-31,0
2015-10-30,93800,2016-03-31,2,,,,,,,,,,,,,,,,,,,,,,,,,,,,,5.00,,,,,,,false,true,12,2015-04-01,2016-03-31,0
2015-10-30,93800,2016-03-31,2,,,,,,,,,,,,,,,,,,,,,,,,,,,,,,,,,28923000,1112663,27810337,false,false,6,2015-04-01,2015-09-30,0
2015-10-30,93800,2015-03-31,2,,,,,,,,,,,,,,,,,,,,,,,,,,,,,,,,,,,28412337,false,false,6,2014-04-01,2014-09-30,-1
2016-01-29,93800,2016-03-31,3,,,,,29233000000,-0.058,539000000,-0.131,568000000,-0.172,,630000000,,22.66,,,,,,36456000000,14391000000,0.391,,14269000000,,,,,,,,,,,,true,false,9,2015-04-01,2015-12-31,0
2016-01-29,93800,2015-03-31,3,,,,,31038000000,0.009,621000000,-0.198,686000000,-0.149,,557000000,,19.63,,,,,,,,,,,,,,,,,,,,,,true,false,9,2014-04-01,2014-12-31,-1
2016-01-29,93800,2016-03-31,3,,,,,42836000000,0.043,875000000,-0.056,909000000,-0.067,,640000000,,23.03,,,,,,,,,,,,,,,,,,,,,,true,true,12,2015-04-01,2016-03-31,0
2016-01-29,93800,2015-03-31,3,,,,,,,,,,,,,,,,,,,,36117000000,13861000000,0.380,,13730000000,,,,,,,,,,,,true,false,12,2014-04-01,2015-03-31,-1
2016-01-29,93800,2015-03-31,3,,,,,,,,,,,,,,,,,,,,,,,,,,,,,5.00,,,,28923000,1112663,,false,false,12,2014-04-01,2015-03-31,-1
2016-01-29,93800,2016-03-31,3,,,,,,,,,,,,,,,,,,,,,,,,,,,,,2.00,,,,,,,false,false,12,2015-04-01,2016-03-31,0
2016-01-29,93800,2016-03-31,3,,,,,,,,,,,,,,,,,,,,,,,,,,,,,5.00,,,,,,,false,true,12,2015-04-01,2016-03-31,0
2016-01-29,93800,2016-03-31,3,,,,,,,,,,,,,,,,,,,,,,,,,,,,,,,,,28923000,1112663,27810337,false,false,9,2015-04-01,2015-12-31,0
2016-01-29,93800,2015-03-31,3,,,,,,,,,,,,,,,,,,,,,,,,,,,,,,,,,,,28412337,false,false,9,2014-04-01,2014-12-31,-1
2016-05-13,93800,2016-03-31,,,,,,38776000000,-0.056,753000000,-0.188,782000000,-0.198,,798000000,,28.73,,0.057,0.022,,,34823000000,14349000000,0.409,511.72,14231000000,1243000000,-529000000,-322000000,3345000000,,0.174,,,,,,true,false,12,2015-04-01,2016-03-31,0
2016-05-13,93800,2015-03-31,,,,,,41060000000,0.003,927000000,-0.002,975000000,0.046,,705000000,,24.85,,0.053,0.028,,,36117000000,13861000000,0.380,493.71,13730000000,1280000000,-305000000,-971000000,2962000000,,0.201,,,,,,true,false,12,2014-04-01,2015-03-31,-1
2016-05-13,93800,2017-03-31,,,,,,19694000000,0.011,244000000,-0.218,264000000,-0.190,,150000000,,5.43,,,,,,,,,,,,,,,,,,,,,,true,true,6,2016-04-01,2016-09-30,1
2016-05-13,93800,2017-03-31,,,,,,40153000000,0.036,778000000,0.034,814000000,0.042,,610000000,,21.96,,,,,,,,,,,,,,,,0.228,,,,,,true,true,12,2016-04-01,2017-03-31,1
2016-05-13,93800,2016-03-31,,,,,,32619000000,-0.071,665000000,-0.237,747000000,-0.208,510000000,,-0.054,18.35,,,,,,29269000000,12857000000,0.439,462.34,12857000000,,,,,5.00,,,,28923000,1112663,27810337,false,false,12,2015-04-01,2016-03-31,0
2016-05-13,93800,2015-03-31,,,,,,35093000000,0.009,872000000,0.041,943000000,0.096,539000000,,0.514,18.99,,,,,,29240000000,12560000000,0.430,451.64,12560000000,,,,,5.00,,,,28923000,1112663,28392545,false,false,12,2014-04-01,2015-03-31,-1
2016-05-13,93800,2017-03-31,,,,,,16362000000,-0.000,,,236000000,-0.301,130000000,,-0.507,4.70,,,,,,,,,,,,,,,,,,,,,,false,true,6,2016-04-01,2016-09-30,1
2016-05-13,93800,2017-03-31,,,,,,33500000000,0.027,,,688000000,-0.079,490000000,,-0.038,17.65,,,,,,,,,,,,,,,5.00,,,,,,,false,true,12,2016-04-01,2017-03-31,1
2016-07-29,93800,2017-03-31,1,,,,,8861000000,-0.084,-27000000,,-10000000,,,-26000000,,-0.95,,,,,,34722000000,14167000000,0.405,,14052000000,,,,,,,,,,,,true,false,3,2016-04-01,2016-06-30,0
2016-07-29,93800,2016-03-31,1,,,,,9675000000,-0.056,105000000,-0.433,117000000,-0.432,,46000000,,1.68,,,,,,,,,,,,,,,,,,,,,,true,false,3,2015-04-01,2015-06-30,-1
2016-07-29,93800,2017-03-31,1,,,,,19694000000,0.011,244000000,-0.218,264000000,-0.190,,150000000,,5.43,,,,,,,,,,,,,,,,,,,,,,true,true,6,2016-04-01,2016-09-30,0
2016-07-29,93800,2017-03-31,1,,,,,40153000000,0.036,778000000,0.034,814000000,0.042,,610000000,,21.96,,,,,,,,,,,,,,,,,,,,,,true,true,12,2016-04-01,2017-03-31,0
2016-07-29,93800,2016-03-31,1,,,,,,,,,,,,,,,,,,,,34823000000,14349000000,0.409,,14231000000,,,,,,,,,,,,true,false,12,2015-04-01,2016-03-31,-1
2016-07-29,93800,2016-03-31,1,,,,,,,,,,,,,,,,,,,,,,,,,,,,,5.00,,,,28923000,1112663,,false,false,12,2015-04-01,2016-03-31,-1
2016-07-29,93800,2017-03-31,1,,,,,,,,,,,,,,,,,,,,,,,,,,,,,5.00,,,,,,,false,true,12,2016-04-01,2017-03-31,0
2016-07-29,93800,2017-03-31,1,,,,,,,,,,,,,,,,,,,,,,,,,,,,,,,,,28923000,1112663,27810337,false,false,3,2016-04-01,2016-06-30,0
2016-07-29,93800,2016-03-31,1,,,,,,,,,,,,,,,,,,,,,,,,,,,,,,,,,,,27810337,false,false,3,2015-04-01,2015-06-30,-1
2016-10-31,93800,2017-03-31,2,,,,,18181000000,-0.066,103000000,-0.670,128000000,-0.606,,63000000,,2.30,,,,,,34374000000,14333000000,0.414,,14222000000,,,,,,,,,,,,true,false,6,2016-04-01,2016-09-30,0
2016-10-31,93800,2016-03-31,2,,,,,19474000000,-0.041,312000000,-0.013,326000000,-0.078,,238000000,,8.59,,,,,,,,,,,,,,,,,,,,,,true,false,6,2015-04-01,2015-09-30,-1
2016-10-31,93800,2017-03-31,2,,,,,40153000000,0.036,778000000,0.034,814000000,0.042,,610000000,,21.96,,,,,,,,,,,,,,,,,,,,,,true,true,12,2016-04-01,2017-03-31,0
2016-10-31,93800,2016-03-31,2,,,,,,,,,,,,,,,,,,,,34823000000,14349000000,0.409,,14231000000,,,,,,,,,,,,true,false,12,2015-04-01,2016-03-31,-1
2016-10-31,93800,2016-03-31,2,,,,,,,,,,,,,,,,,,,,,,,,,,,,,5.00,,,,28923000,1112663,,false,false,12,2015-04-01,2016-03-31,-1
2016-10-31,93800,2017-03-31,2,,,,,,,,,,,,,,,,,,,,,,,,,,,,,2.00,,,,,,,false,false,12,2016-04-01,2017-03-31,0
2016-10-31,93800,2017-03-31,2,,,,,,,,,,,,,,,,,,,,,,,,,,,,,5.00,,,,,,,false,true,12,2016-04-01,2017-03-31,0
2016-10-31,93800,2017-03-31,2,,,,,,,,,,,,,,,,,,,,,,,,,,,,,,,,,28923000,1112663,27810337,false,false,6,2016-04-01,2016-09-30,0
2016-10-31,93800,2016-03-31,2,,,,,,,,,,,,,,,,,,,,,,,,,,,,,,,,,,,27810337,false,false,6,2015-04-01,2015-09-30,-1
2017-01-31,93800,2017-03-31,3,,,,,28109000000,-0.038,467000000,-0.134,517000000,-0.090,,325000000,,11.70,,,,,,35402000000,14678000000,0.412,,14569000000,,,,,,,,,,,,true,false,9,2016-04-01,2016-12-31,0
2017-01-31,93800,2016-03-31,3,,,,,29233000000,-0.058,539000000,-0.131,568000000,-0.172,,630000000,,22.66,,,,,,,,,,,,,,,,,,,,,,true,false,9,2015-04-01,2015-12-31,-1
2017-01-31,93800,2017-03-31,3,,,,,40153000000,0.036,778000000,0.034,814000000,0.042,,610000000,,21.96,,,,,,,,,,,,,,,,,,,,,,true,true,12,2016-04-01,2017-03-31,0
2017-01-31,93800,2016-03-31,3,,,,,,,,,,,,,,,,,,,,34823000000,14349000000,0.409,,14231000000,,,,,,,,,,,,true,false,12,2015-04-01,2016-03-31,-1
2017-01-31,93800,2016-03-31,3,,,,,,,,,,,,,,,,,,,,,,,,,,,,,5.00,,,,28923000,1112663,,false,false,12,2015-04-01,2016-03-31,-1
2017-01-31,93800,2017-03-31,3,,,,,,,,,,,,,,,,,,,,,,,,,,,,,2.00,,,,,,,false,false,12,2016-04-01,2017-03-31,0
2017-01-31,93800,2017-03-31,3,,,,,,,,,,,,,,,,,,,,,,,,,,,,,5.00,,,,,,,false,true,12,2016-04-01,2017-03-31,0
2017-01-31,93800,2017-03-31,3,,,,,,,,,,,,,,,,,,,,,,,,,,,,,,,,,28923000,1112663,27810337,false,false,9,2016-04-01,2016-12-31,0
2017-01-31,93800,2016-03-31,3,,,,,,,,,,,,,,,,,,,,,,,,,,,,,,,,,,,27810337,false,false,9,2015-04-01,2015-12-31,-1
2017-05-12,93800,2017-03-31,,,,,,38035000000,-0.019,719000000,-0.045,761000000,-0.027,,505000000,,18.16,,0.035,0.022,,,35750000000,14973000000,0.415,533.42,14834000000,1530000000,-152000000,-732000000,3992000000,,0.275,,,,,,true,false,12,2016-04-01,2017-03-31,0
2017-05-12,93800,2016-03-31,,,,,,38776000000,-0.056,753000000,-0.188,782000000,-0.198,,798000000,,28.73,,0.057,0.022,,,34823000000,14349000000,0.409,511.72,14231000000,1243000000,-529000000,-322000000,3345000000,,0.174,,,,,,true,false,12,2015-04-01,2016-03-31,-1
2017-05-12,93800,2018-03-31,,,,,,19573000000,0.077,140000000,0.367,152000000,0.187,,54000000,,1.95,,,,,,,,,,,,,,,,,,,,,,true,true,6,2017-04-01,2017-09-30,1
2017-05-12,93800,2018-03-31,,,,,,40153000000,0.056,673000000,-0.064,705000000,-0.073,,497000000,,17.87,,,,,,,,,,,,,,,,0.280,,,,,,true,true,12,2017-04-01,2018-03-31,1
2017-05-12,93800,2017-03-31,,,,,,31973000000,-0.020,593000000,-0.108,690000000,-0.077,404000000,,-0.208,14.54,,,,,,30265000000,13353000000,0.441,480.17,13353000000,,,,,5.00,,,,28923000,1112663,27810337,false,false,12,2016-04-01,2017-03-31,0
2017-05-12,93800,2016-03-31,,,,,,32619000000,-0.071,665000000,-0.237,747000000,-0.208,510000000,,-0.054,18.35,,,,,,29269000000,12857000000,0.439,462.34,12857000000,,,,,5.00,,,,28923000,1112663,27810337,false,false,12,2015-04-01,2016-03-31,-1
2017-05-12,93800,2018-03-31,,,,,,16385000000,0.075,,,147000000,-0.043,57000000,,-0.347,2.07,,,,,,,,,,,,,,,,,,,,,,false,true,6,2017-04-01,2017-09-30,1
2017-05-12,93800,2018-03-31,,,,,,33753000000,0.056,,,624000000,-0.095,432000000,,0.069,15.54,,,,,,,,,,,,,,,5.00,,,,,,,false,true,12,2017-04-01,2018-03-31,1
2017-07-31,93800,2018-03-31,1,,,,,9681000000,0.091,90000000,,102000000,,,37000000,,1.34,,,,,,36547000000,14981000000,0.406,,14841000000,,,,,,,,,,,,true,false,3,2017-04-01,2017-06-30,0
2017-07-31,93800,2017-03-31,1,,,,,8875000000,-0.083,-24000000,,-10000000,,,-26000000,,-0.95,,,,,,,,,,,,,,,,,,,,,,true,false,3,2016-04-01,2016-06-30,-1
2017-07-31,93800,2018-03-31,1,,,,,19573000000,0.077,140000000,0.367,152000000,0.187,,54000000,,1.95,,,,,,,,,,,,,,,,,,,,,,true,true,6,2017-04-01,2017-09-30,0
2017-07-31,93800,2018-03-31,1,,,,,40153000000,0.056,673000000,-0.064,705000000,-0.073,,497000000,,17.87,,,,,,,,,,,,,,,,,,,,,,true,true,12,2017-04-01,2018-03-31,0
2017-07-31,93800,2017-03-31,1,,,,,,,,,,,,,,,,,,,,35750000000,14973000000,0.415,,14834000000,,,,,,,,,,,,true,false,12,2016-04-01,2017-03-31,-1
2017-07-31,93800,2017-03-31,1,,,,,,,,,,,,,,,,,,,,,,,,,,,,,5.00,,,,28923000,1112663,,false,false,12,2016-04-01,2017-03-31,-1
2017-07-31,93800,2018-03-31,1,,,,,,,,,,,,,,,,,,,,,,,,,,,,,5.00,,,,,,,false,true,12,2017-04-01,2018-03-31,0
2017-07-31,93800,2018-03-31,1,,,,,,,,,,,,,,,,,,,,,,,,,,,,,,,,,28923000,1112663,27810337,false,false,3,2017-04-01,2017-06-30,0
2017-07-31,93800,2017-03-31,1,,,,,,,,,,,,,,,,,,,,,,,,,,,,,,,,,,,27810337,false,false,3,2016-04-01,2016-06-30,-1
2017-10-31,93800,2018-03-31,2,,,,,19970000000,0.097,345000000,2.293,359000000,1.790,,186000000,,6.70,,,,,,37323000000,15165000000,0.403,,15022000000,,,,,,,,,,,,true,false,6,2017-04-01,2017-09-30,0
2017-10-31,93800,2017-03-31,2,,,,,18199000000,-0.066,105000000,-0.664,128000000,-0.606,,63000000,,2.30,,,,,,,,,,,,,,,,,,,,,,true,false,6,2016-04-01,2016-09-30,-1
2017-10-31,93800,2018-03-31,2,,,,,40153000000,0.056,673000000,-0.064,705000000,-0.073,,497000000,,17.87,,,,,,,,,,,,,,,,,,,,,,true,true,12,2017-04-01,2018-03-31,0
2017-10-31,93800,2017-03-31,2,,,,,,,,,,,,,,,,,,,,35750000000,14973000000,0.415,,14834000000,,,,,,,,,,,,true,false,12,2016-04-01,2017-03-31,-1
2017-10-31,93800,2017-03-31,2,,,,,,,,,,,,,,,,,,,,,,,,,,,,,5.00,,,,28923000,1112663,,false,false,12,2016-04-01,2017-03-31,-1
2017-10-31,93800,2018-03-31,2,,,,,,,,,,,,,,,,,,,,,,,,,,,,,3.00,,,,,,,false,false,12,2017-04-01,2018-03-31,0
2017-10-31,93800,2018-03-31,2,,,,,,,,,,,,,,,,,,,,,,,,,,,,,6.00,,,,,,,false,true,12,2017-04-01,2018-03-31,0
2017-10-31,93800,2018-03-31,2,,,,,,,,,,,,,,,,,,,,,,,,,,,,,,,,,28923000,1112663,27810337,false,false,6,2017-04-01,2017-09-30,0
2017-10-31,93800,2017-03-31,2,,,,,,,,,,,,,,,,,,,,,,,,,,,,,,,,,,,27810337,false,false,6,2016-04-01,2016-09-30,-1
2018-01-31,93800,2018-03-31,3,,,,,30802000000,0.095,640000000,0.364,696000000,0.346,,526000000,,18.92,,,,,,37551000000,15330000000,0.407,,15276000000,,,,,,,,,,,,true,false,9,2017-04-01,2017-12-31,0
2018-01-31,93800,2017-03-31,3,,,,,28134000000,-0.038,469000000,-0.130,517000000,-0.090,,325000000,,11.70,,,,,,,,,,,,,,,,,,,,,,true,false,9,2016-04-01,2016-12-31,-1
2018-01-31,93800,2018-03-31,3,,,,,40153000000,0.056,673000000,-0.064,705000000,-0.073,,497000000,,17.87,,,,,,,,,,,,,,,,,,,,,,true,true,12,2017-04-01,2018-03-31,0
2018-01-31,93800,2017-03-31,3,,,,,,,,,,,,,,,,,,,,35750000000,14973000000,0.415,,14834000000,,,,,,,,,,,,true,false,12,2016-04-01,2017-03-31,-1
2018-01-31,93800,2017-03-31,3,,,,,,,,,,,,,,,,,,,,,,,,,,,,,5.00,,,,28923000,1112663,,false,false,12,2016-04-01,2017-03-31,-1
2018-01-31,93800,2018-03-31,3,,,,,,,,,,,,,,,,,,,,,,,,,,,,,3.00,,,,,,,false,false,12,2017-04-01,2018-03-31,0
2018-01-31,93800,2018-03-31,3,,,,,,,,,,,,,,,,,,,,,,,,,,,,,6.00,,,,,,,false,true,12,2017-04-01,2018-03-31,0
2018-01-31,93800,2018-03-31,3,,,,,,,,,,,,,,,,,,,,,,,,,,,,,,,,,28923000,1112663,27810337,false,false,9,2017-04-01,2017-12-31,0
2018-01-31,93800,2017-03-31,3,,,,,,,,,,,,,,,,,,,,,,,,,,,,,,,,,,,27810337,false,false,9,2016-04-01,2016-12-31,-1
2018-05-11,93800,2018-03-31,,,,,,40938000000,0.075,772000000,0.071,792000000,0.041,,549000000,,19.75,,0.037,0.022,,,36450000000,15208000000,0.416,544.89,15153000000,1487000000,-53000000,-1435000000,3989000000,,0.304,,,,,,true,false,12,2017-04-01,2018-03-31,0
2018-05-11,93800,2017-03-31,,,,,,38070000000,-0.019,721000000,-0.043,761000000,-0.027,,505000000,,18.16,,0.035,0.022,,,35750000000,14973000000,0.415,533.42,14834000000,1530000000,-152000000,-732000000,3992000000,,0.275,,,,,,true,false,12,2016-04-01,2017-03-31,-1
2018-05-11,93800,2019-03-31,,,,,,20456000000,0.024,267000000,-0.227,302000000,-0.159,,135000000,,4.87,,,,,,,,,,,,,,,,,,,,,,true,true,6,2018-04-01,2018-09-30,1
2018-05-11,93800,2019-03-31,,,,,,41355000000,0.010,811000000,0.051,851000000,0.075,,418000000,,15.06,,,,,,,,,,,,,,,,0.332,,,,,,true,true,12,2018-04-01,2019-03-31,1
2018-05-11,93800,2018-03-31,,,,,,34618000000,0.082,717000000,0.206,791000000,0.147,593000000,,0.467,21.32,,,,,,31115000000,13763000000,0.442,494.91,13763000000,,,,,6.00,,,,28923000,1112663,27810337,false,false,12,2017-04-01,2018-03-31,0
2018-05-11,93800,2017-03-31,,,,,,32008000000,-0.020,595000000,-0.106,690000000,-0.077,404000000,,-0.208,14.54,,,,,,30265000000,13353000000,0.441,480.17,13353000000,,,,,5.00,,,,28923000,1112663,27810337,false,false,12,2016-04-01,2017-03-31,-1
2018-05-11,93800,2019-03-31,,,,,,17124000000,0.010,,,374000000,-0.106,215000000,,-0.154,7.75,,,,,,,,,,,,,,,,,,,,,,false,true,6,2018-04-01,2018-09-30,1
2018-05-11,93800,2019-03-31,,,,,,34613000000,-0.000,,,845000000,0.068,426000000,,-0.281,15.34,,,,,,,,,,,,,,,5.00,,,,,,,false,true,12,2018-04-01,2019-03-31,1
2018-07-31,93800,2019-03-31,1,,,,,10039000000,0.037,47000000,-0.471,71000000,-0.300,,-4000000,,-0.15,,,,,,36392000000,15135000000,0.414,,15082000000,,,,,,,,,,,,true,false,3,2018-04-01,2018-06-30,0
2018-07-31,93800,2018-03-31,1,,,,,9681000000,0.091,90000000,,102000000,,,37000000,,1.34,,,,,,,,,,,,,,,,,,,,,,true,false,3,2017-04-01,2017-06-30,-1
2018-07-31,93800,2019-03-31,1,,,,,20456000000,0.024,267000000,-0.227,302000000,-0.159,,135000000,,4.87,,,,,,,,,,,,,,,,,,,,,,true,true,6,2018-04-01,2018-09-30,0
2018-07-31,93800,2019-03-31,1,,,,,41355000000,0.010,811000000,0.051,851000000,0.075,,418000000,,15.06,,,,,,,,,,,,,,,,,,,,,,true,true,12,2018-04-01,2019-03-31,0
2018-07-31,93800,2018-03-31,1,,,,,,,,,,,,,,,,,,,,36279000000,15208000000,0.418,,15153000000,,,,,,,,,,,,true,false,12,2017-04-01,2018-03-31,-1
2018-07-31,93800,2018-03-31,1,,,,,,,,,,,,,,,,,,,,,,,,,,,,,6.00,,,,28923000,1112663,,false,false,12,2017-04-01,2018-03-31,-1
2018-07-31,93800,2019-03-31,1,,,,,,,,,,,,,,,,,,,,,,,,,,,,,5.00,,,,,,,false,true,12,2018-04-01,2019-03-31,0
2018-07-31,93800,2019-03-31,1,,,,,,,,,,,,,,,,,,,,,,,,,,,,,,,,,28923000,1112663,27810337,false,false,3,2018-04-01,2018-06-30,0
2018-07-31,93800,2018-03-31,1,,,,,,,,,,,,,,,,,,,,,,,,,,,,,,,,,,,27810337,false,false,3,2017-04-01,2017-06-30,-1
2018-10-31,93800,2019-03-31,2,,,,,20535000000,0.028,269000000,-0.221,315000000,-0.122,,169000000,,6.10,,,,,,36159000000,15376000000,0.424,,15321000000,,,,,,,,,,,,true,false,6,2018-04-01,2018-09-30,0
2018-10-31,93800,2018-03-31,2,,,,,19970000000,0.097,345000000,2.293,359000000,1.790,,186000000,,6.70,,,,,,,,,,,,,,,,,,,,,,true,false,6,2017-04-01,2017-09-30,-1
2018-10-31,93800,2019-03-31,2,,,,,41355000000,0.010,811000000,0.051,851000000,0.075,,418000000,,15.06,,,,,,,,,,,,,,,,,,,,,,true,true,12,2018-04-01,2019-03-31,0
2018-10-31,93800,2018-03-31,2,,,,,,,,,,,,,,,,,,,,36279000000,15208000000,0.418,,15153000000,,,,,,,,,,,,true,false,12,2017-04-01,2018-03-31,-1
2018-10-31,93800,2018-03-31,2,,,,,,,,,,,,,,,,,,,,,,,,,,,,,6.00,,,,28923000,1112663,,false,false,12,2017-04-01,2018-03-31,-1
2018-10-31,93800,2019-03-31,2,,,,,,,,,,,,,,,,,,,,,,,,,,,,,2.00,,,,,,,false,false,12,2018-04-01,2019-03-31,0
2018-10-31,93800,2019-03-31,2,,,,,,,,,,,,,,,,,,,,,,,,,,,,,5.00,,,,,,,false,true,12,2018-04-01,2019-03-31,0
2018-10-31,93800,2019-03-31,2,,,,,,,,,,,,,,,,,,,,,,,,,,,,,,,,,28923000,1112673,27810335,false,false,6,2018-04-01,2018-09-30,0
2018-10-31,93800,2018-03-31,2,,,,,,,,,,,,,,,,,,,,,,,,,,,,,,,,,,,27810337,false,false,6,2017-04-01,2017-09-30,-1
2019-01-31,93800,2019-03-31,3,,,,,31745000000,0.031,578000000,-0.096,649000000,-0.067,,403000000,,14.49,,,,,,36349000000,15336000000,0.420,,15282000000,,,,,,,,,,,,true,false,9,2018-04-01,2018-12-31,0
2019-01-31,93800,2018-03-31,3,,,,,30802000000,0.095,640000000,0.364,696000000,0.346,,526000000,,18.92,,,,,,,,,,,,,,,,,,,,,,true,false,9,2017-04-01,2017-12-31,-1
2019-01-31,93800,2019-03-31,3,,,,,41355000000,0.010,811000000,0.051,851000000,0.075,,418000000,,15.06,,,,,,,,,,,,,,,,,,,,,,true,true,12,2018-04-01,2019-03-31,0
2019-01-31,93800,2018-03-31,3,,,,,,,,,,,,,,,,,,,,36279000000,15208000000,0.418,,15153000000,,,,,,,,,,,,true,false,12,2017-04-01,2018-03-31,-1
2019-01-31,93800,2018-03-31,3,,,,,,,,,,,,,,,,,,,,,,,,,,,,,6.00,,,,28923000,1112663,,false,false,12,2017-04-01,2018-03-31,-1
2019-01-31,93800,2019-03-31,3,,,,,,,,,,,,,,,,,,,,,,,,,,,,,2.00,,,,,,,false,false,12,2018-04-01,2019-03-31,0
2019-01-31,93800,2019-03-31,3,,,,,,,,,,,,,,,,,,,,,,,,,,,,,5.00,,,,,,,false,true,12,2018-04-01,2019-03-31,0
2019-01-31,93800,2019-03-31,3,,,,,,,,,,,,,,,,,,,,,,,,,,,,,,,,,28923000,1112673,27810333,false,false,9,2018-04-01,2018-12-31,0
2019-01-31,93800,2018-03-31,3,,,,,,,,,,,,,,,,,,,,,,,,,,,,,,,,,,,27810337,false,false,9,2017-04-01,2017-12-31,-1
2019-04-23,93800,2019-03-31,,,,,,41976000000,0.015,652000000,-0.196,718000000,-0.156,325000000,,-0.222,11.72,,,,,,,,,,,,,,,,,,,,,,true,true,12,2018-04-01,2019-03-31,0
2019-04-23,93800,2018-03-31,,,,,,40938000000,,772000000,,792000000,,549000000,,,19.75,,,,,,,,,,,,,,,,,,,,,,true,false,12,2017-04-01,2018-03-31,-1
2019-05-13,93800,2019-03-31,,,,,,41976000000,0.025,652000000,-0.155,718000000,-0.093,,325000000,,11.72,,0.022,0.020,,,35756000000,15066000000,0.420,539.89,15014000000,1507000000,-883000000,-1188000000,3426000000,,0.427,,,,,,true,false,12,2018-04-01,2019-03-31,0
2019-05-13,93800,2018-03-31,,,,,,40938000000,0.075,772000000,0.071,792000000,0.041,,549000000,,19.75,,0.037,0.022,,,36279000000,15208000000,0.418,544.89,15153000000,1487000000,-53000000,-1435000000,3989000000,,0.304,,,,,,true,false,12,2017-04-01,2018-03-31,-1
2019-05-13,93800,2020-03-31,,,,,,21241000000,0.034,309000000,0.148,345000000,0.098,,172000000,,6.19,,,,,,,,,,,,,,,,,,,,,,true,true,6,2019-04-01,2019-09-30,1
2019-05-13,93800,2020-03-31,,,,,,43381000000,0.033,734000000,0.126,808000000,0.125,,476000000,,17.13,,,,,,,,,,,,,,,,0.292,,,,,,true,true,12,2019-04-01,2020-03-31,1
2019-05-13,93800,2019-03-31,,,,,,34863000000,0.007,494000000,-0.311,614000000,-0.223,178000000,,-0.700,6.41,,,,,,30627000000,13491000000,0.440,485.12,13491000000,,,,,5.00,,,,28923000,1112673,27810331,false,false,12,2018-04-01,2019-03-31,0
2019-05-13,93800,2018-03-31,,,,,,34618000000,0.082,717000000,0.206,791000000,0.147,593000000,,0.467,21.32,,,,,,30944000000,13763000000,0.445,494.91,13763000000,,,,,6.00,,,,28923000,1112663,27810337,false,false,12,2017-04-01,2018-03-31,-1
2019-05-13,93800,2020-03-31,,,,,,17575000000,0.033,,,351000000,0.062,173000000,,-0.127,6.25,,,,,,,,,,,,,,,,,,,,,,false,true,6,2019-04-01,2019-09-30,1
2019-05-13,93800,2020-03-31,,,,,,35844000000,0.028,,,665000000,0.082,342000000,,0.921,12.31,,,,,,,,,,,,,,,5.00,,,,,,,false,true,12,2019-04-01,2020-03-31,1
2019-07-30,93800,2020-03-31,1,,,,,10065000000,0.003,19000000,-0.594,41000000,-0.426,,1000000,,0.07,,,,,,35649000000,14959000000,0.418,,14906000000,,,,,,,,,,,,true,false,3,2019-04-01,2019-06-30,0
2019-07-30,93800,2019-03-31,1,,,,,10039000000,0.037,47000000,-0.471,71000000,-0.300,,-4000000,,-0.15,,,,,,,,,,,,,,,,,,,,,,true,false,3,2018-04-01,2018-06-30,-1
2019-07-30,93800,2020-03-31,1,,,,,21241000000,0.034,309000000,0.148,345000000,0.098,,172000000,,6.19,,,,,,,,,,,,,,,,,,,,,,true,true,6,2019-04-01,2019-09-30,0
2019-07-30,93800,2020-03-31,1,,,,,43381000000,0.033,734000000,0.126,808000000,0.125,,476000000,,17.13,,,,,,,,,,,,,,,,,,,,,,true,true,12,2019-04-01,2020-03-31,0
2019-07-30,93800,2019-03-31,1,,,,,,,,,,,,,,,,,,,,35756000000,15066000000,0.420,,15014000000,,,,,,,,,,,,true,false,12,2018-04-01,2019-03-31,-1
2019-07-30,93800,2019-03-31,1,,,,,,,,,,,,,,,,,,,,,,,,,,,,,5.00,,,,28923000,1112673,,false,false,12,2018-04-01,2019-03-31,-1
2019-07-30,93800,2020-03-31,1,,,,,,,,,,,,,,,,,,,,,,,,,,,,,5.00,,,,,,,false,true,12,2019-04-01,2020-03-31,0
2019-07-30,93800,2020-03-31,1,,,,,,,,,,,,,,,,,,,,,,,,,,,,,,,,,28923000,1112673,27810327,false,false,3,2019-04-01,2019-06-30,0
2019-07-30,93800,2019-03-31,1,,,,,,,,,,,,,,,,,,,,,,,,,,,,,,,,,,,27810337,false,false,3,2018-04-01,2018-06-30,-1
2019-10-30,93800,2020-03-31,2,,,,,20582000000,0.002,182000000,-0.323,198000000,-0.371,,61000000,,2.21,,,,,,35623000000,14958000000,0.419,,14909000000,,,,,,,,,,,,true,false,6,2019-04-01,2019-09-30,0
2019-10-30,93800,2019-03-31,2,,,,,20535000000,0.028,269000000,-0.221,315000000,-0.122,,169000000,,6.10,,,,,,,,,,,,,,,,,,,,,,true,false,6,2018-04-01,2018-09-30,-1
2019-10-30,93800,2020-03-31,2,,,,,43381000000,0.033,734000000,0.126,808000000,0.125,,476000000,,17.13,,,,,,,,,,,,,,,,,,,,,,true,true,12,2019-04-01,2020-03-31,0
2019-10-30,93800,2019-03-31,2,,,,,,,,,,,,,,,,,,,,35756000000,15066000000,0.420,,15014000000,,,,,,,,,,,,true,false,12,2018-04-01,2019-03-31,-1
2019-10-30,93800,2019-03-31,2,,,,,,,,,,,,,,,,,,,,,,,,,,,,,5.00,,,,28923000,1112673,,false,false,12,2018-04-01,2019-03-31,-1
2019-10-30,93800,2020-03-31,2,,,,,,,,,,,,,,,,,,,,,,,,,,,,,2.00,,,,,,,false,false,12,2019-04-01,2020-03-31,0
2019-10-30,93800,2020-03-31,2,,,,,,,,,,,,,,,,,,,,,,,,,,,,,5.00,,,,,,,false,true,12,2019-04-01,2020-03-31,0
2019-10-30,93800,2020-03-31,2,,,,,,,,,,,,,,,,,,,,,,,,,,,,,,,,,28923000,1112673,27810327,false,false,6,2019-04-01,2019-09-30,0
2019-10-30,93800,2019-03-31,2,,,,,,,,,,,,,,,,,,,,,,,,,,,,,,,,,,,27810335,false,false,6,2018-04-01,2018-09-30,-1
2020-01-30,93800,2020-03-31,3,,,,,31484000000,-0.008,414000000,-0.284,476000000,-0.267,,260000000,,9.36,,,,,,36474000000,15168000000,0.414,,15116000000,,,,,,,,,,,,true,false,9,2019-04-01,2019-12-31,0
2020-01-30,93800,2019-03-31,3,,,,,31745000000,0.031,578000000,-0.096,649000000,-0.067,,403000000,,14.49,,,,,,,,,,,,,,,,,,,,,,true,false,9,2018-04-01,2018-12-31,-1
2020-01-30,93800,2020-03-31,3,,,,,43381000000,0.033,734000000,0.126,808000000,0.125,,476000000,,17.13,,,,,,,,,,,,,,,,,,,,,,true,true,12,2019-04-01,2020-03-31,0
2020-01-30,93800,2019-03-31,3,,,,,,,,,,,,,,,,,,,,35756000000,15066000000,0.420,,15014000000,,,,,,,,,,,,true,false,12,2018-04-01,2019-03-31,-1
2020-01-30,93800,2019-03-31,3,,,,,,,,,,,,,,,,,,,,,,,,,,,,,5.00,,,,28923000,1112673,,false,false,12,2018-04-01,2019-03-31,-1
2020-01-30,93800,2020-03-31,3,,,,,,,,,,,,,,,,,,,,,,,,,,,,,2.00,,,,,,,false,false,12,2019-04-01,2020-03-31,0
2020-01-30,93800,2020-03-31,3,,,,,,,,,,,,,,,,,,,,,,,,,,,,,5.00,,,,,,,false,true,12,2019-04-01,2020-03-31,0
2020-01-30,93800,2020-03-31,3,,,,,,,,,,,,,,,,,,,,,,,,,,,,,,,,,28923000,1112673,27810327,false,false,9,2019-04-01,2019-12-31,0
2020-01-30,93800,2019-03-31,3,,,,,,,,,,,,,,,,,,,,,,,,,,,,,,,,,,,27810333,false,false,9,2018-04-01,2018-12-31,-1
2020-05-21,93800,2020-03-31,,,,,,42005000000,0.001,442000000,-0.322,487000000,-0.322,,272000000,,9.80,,0.018,0.014,,,36030000000,14988000000,0.415,537.06,14935000000,1926000000,-785000000,-880000000,3685000000,,0.510,,,,,,true,false,12,2019-04-01,2020-03-31,0
2020-05-21,93800,2019-03-31,,,,,,41976000000,0.025,652000000,-0.155,718000000,-0.093,,325000000,,11.72,,0.022,0.020,,,35756000000,15066000000,0.420,539.89,15014000000,1507000000,-883000000,-1188000000,3426000000,,0.427,,,,,,true,false,12,2018-04-01,2019-03-31,-1
2020-05-21,93800,2021-03-31,,,,,,20009000000,-0.028,173000000,-0.047,200000000,0.012,,115000000,,4.16,,,,,,,,,,,,,,,,,,,,,,true,true,6,2020-04-01,2020-09-30,1
2020-05-21,93800,2021-03-31,,,,,,41453000000,-0.013,660000000,0.491,686000000,0.408,,447000000,,16.08,,,,,,,,,,,,,,,,0.311,,,,,,true,true,12,2020-04-01,2021-03-31,1
2020-05-21,93800,2020-03-31,,,,,,35498000000,0.018,303000000,-0.386,422000000,-0.312,242000000,,0.358,8.70,,,,,,31359000000,13349000000,0.426,480.02,13349000000,,,,,5.00,,,,28923000,1112673,27810327,false,false,12,2019-04-01,2020-03-31,0
2020-05-21,93800,2019-03-31,,,,,,34863000000,0.007,494000000,-0.311,614000000,-0.223,178000000,,-0.700,6.41,,,,,,30627000000,13491000000,0.440,485.12,13491000000,,,,,5.00,,,,28923000,1112673,27810331,false,false,12,2018-04-01,2019-03-31,-1
2020-05-21,93800,2021-03-31,,,,,,16854000000,-0.024,,,227000000,-0.076,140000000,,0.425,5.05,,,,,,,,,,,,,,,,,,,,,,false,true,6,2020-04-01,2020-09-30,1
2020-05-21,93800,2021-03-31,,,,,,34964000000,-0.015,,,590000000,0.397,365000000,,0.511,13.15,,,,,,,,,,,,,,,5.00,,,,,,,false,true,12,2020-04-01,2021-03-31,1
2020-07-30,93800,2021-03-31,1,,,,,9702000000,-0.036,132000000,5.857,151000000,2.684,,95000000,,3.44,,,,,,36640000000,15003000000,0.408,,14951000000,,,,,,,,,,,,true,false,3,2020-04-01,2020-06-30,0
2020-07-30,93800,2020-03-31,1,,,,,10065000000,0.003,19000000,-0.594,41000000,-0.426,,1000000,,0.07,,,,,,,,,,,,,,,,,,,,,,true,false,3,2019-04-01,2019-06-30,-1
2020-07-30,93800,2021-03-31,1,,,,,20009000000,-0.028,173000000,-0.047,200000000,0.012,,115000000,,4.16,,,,,,,,,,,,,,,,,,,,,,true,true,6,2020-04-01,2020-09-30,0
2020-07-30,93800,2021-03-31,1,,,,,41453000000,-0.013,660000000,0.491,686000000,0.408,,447000000,,16.08,,,,,,,,,,,,,,,,,,,,,,true,true,12,2020-04-01,2021-03-31,0
2020-07-30,93800,2020-03-31,1,,,,,,,,,,,,,,,,,,,,36030000000,14988000000,0.415,,14935000000,,,,,,,,,,,,true,false,12,2019-04-01,2020-03-31,-1
2020-07-30,93800,2020-03-31,1,,,,,,,,,,,,,,,,,,,,,,,,,,,,,5.00,,,,28923000,1112673,,false,false,12,2019-04-01,2020-03-31,-1
2020-07-30,93800,2021-03-31,1,,,,,,,,,,,,,,,,,,,,,,,,,,,,,5.00,,,,,,,false,true,12,2020-04-01,2021-03-31,0
2020-07-30,93800,2021-03-31,1,,,,,,,,,,,,,,,,,,,,,,,,,,,,,,,,,28923000,1112673,27810327,false,false,3,2020-04-01,2020-06-30,0
2020-07-30,93800,2020-03-31,1,,,,,,,,,,,,,,,,,,,,,,,,,,,,,,,,,,,27810327,false,false,3,2019-04-01,2019-06-30,-1
2020-10-29,93800,2021-03-31,2,,,,,19357000000,-0.060,284000000,0.559,314000000,0.586,,205000000,,7.39,,,,,,36110000000,15163000000,0.418,,15111000000,,,,,,,,,,,,true,false,6,2020-04-01,2020-09-30,0
2020-10-29,93800,2020-03-31,2,,,,,20582000000,0.002,182000000,-0.323,198000000,-0.371,,61000000,,2.21,,,,,,,,,,,,,,,,,,,,,,true,false,6,2019-04-01,2019-09-30,-1
2020-10-29,93800,2021-03-31,2,,,,,41453000000,-0.013,660000000,0.491,686000000,0.408,,447000000,,16.08,,,,,,,,,,,,,,,,,,,,,,true,true,12,2020-04-01,2021-03-31,0
2020-10-29,93800,2020-03-31,2,,,,,,,,,,,,,,,,,,,,36030000000,14988000000,0.415,,14935000000,,,,,,,,,,,,true,false,12,2019-04-01,2020-03-31,-1
2020-10-29,93800,2020-03-31,2,,,,,,,,,,,,,,,,,,,,,,,,,,,,,5.00,,,,28923000,1112673,,false,false,12,2019-04-01,2020-03-31,-1
2020-10-29,93800,2021-03-31,2,,,,,,,,,,,,,,,,,,,,,,,,,,,,,2.00,,,,,,,false,false,12,2020-04-01,2021-03-31,0
2020-10-29,93800,2021-03-31,2,,,,,,,,,,,,,,,,,,,,,,,,,,,,,5.00,,,,,,,false,true,12,2020-04-01,2021-03-31,0
2020-10-29,93800,2021-03-31,2,,,,,,,,,,,,,,,,,,,,,,,,,,,,,,,,,28923000,1112673,27810327,false,false,6,2020-04-01,2020-09-30,0
2020-10-29,93800,2020-03-31,2,,,,,,,,,,,,,,,,,,,,,,,,,,,,,,,,,,,27810327,false,false,6,2019-04-01,2019-09-30,-1
2021-02-10,93800,2021-03-31,3,,,,,29466000000,-0.064,611000000,0.475,653000000,0.372,,443000000,,15.94,,,,,,36641000000,15411000000,0.419,,15358000000,,,,,,,,,,,,true,false,9,2020-04-01,2020-12-31,0
2021-02-10,93800,2020-03-31,3,,,,,31484000000,-0.008,414000000,-0.284,476000000,-0.267,,260000000,,9.36,,,,,,,,,,,,,,,,,,,,,,true,false,9,2019-04-01,2019-12-31,-1
2021-02-10,93800,2021-03-31,3,,,,,41453000000,-0.013,660000000,0.491,686000000,0.408,,447000000,,16.08,,,,,,,,,,,,,,,,,,,,,,true,true,12,2020-04-01,2021-03-31,0
2021-02-10,93800,2020-03-31,3,,,,,,,,,,,,,,,,,,,,36030000000,14988000000,0.415,,14935000000,,,,,,,,,,,,true,false,12,2019-04-01,2020-03-31,-1
2021-02-10,93800,2020-03-31,3,,,,,,,,,,,,,,,,,,,,,,,,,,,,,5.00,,,,28923000,1112673,,false,false,12,2019-04-01,2020-03-31,-1
2021-02-10,93800,2021-03-31,3,,,,,,,,,,,,,,,,,,,,,,,,,,,,,2.00,,,,,,,false,false,12,2020-04-01,2021-03-31,0
2021-02-10,93800,2021-03-31,3,,,,,,,,,,,,,,,,,,,,,,,,,,,,,6.00,,,,,,,false,true,12,2020-04-01,2021-03-31,0
2021-02-10,93800,2021-03-31,3,,,,,,,,,,,,,,,,,,,,,,,,,,,,,,,,,28923000,1112673,27810327,false,false,9,2020-04-01,2020-12-31,0
2021-02-10,93800,2020-03-31,3,,,,,,,,,,,,,,,,,,,,,,,,,,,,,,,,,,,27810327,false,false,9,2019-04-01,2019-12-31,-1
2021-05-14,93800,2021-03-31,,,,,,39001000000,-0.072,700000000,0.583,734000000,0.506,,393000000,,14.16,,0.026,0.020,,,36000000000,15469000000,0.428,554.43,15418000000,4423000000,482000000,-3474000000,5118000000,,0.424,,,,,,true,false,12,2020-04-01,2021-03-31,0
2021-05-14,93800,2020-03-31,,,,,,42005000000,0.001,442000000,-0.322,487000000,-0.322,,272000000,,9.80,,0.018,0.014,,,36030000000,14988000000,0.415,537.06,14935000000,1926000000,-785000000,-880000000,3685000000,,0.510,,,,,,true,false,12,2019-04-01,2020-03-31,-1
2021-05-14,93800,2022-03-31,,,,,,18762000000,-0.031,274000000,-0.034,284000000,-0.096,,161000000,,5.82,,,,,,,,,,,,,,,,,,,,,,true,true,6,2021-04-01,2021-09-30,1
2021-05-14,93800,2022-03-31,,,,,,38320000000,-0.017,672000000,-0.040,690000000,-0.059,,414000000,,14.90,,,,,,,,,,,,,,,,0.336,,,,,,true,true,12,2021-04-01,2022-03-31,1
2021-05-14,93800,2021-03-31,,,,,,33101000000,-0.068,611000000,1.012,720000000,0.705,401000000,,0.660,14.45,,,,,,31687000000,13776000000,0.435,495.38,13776000000,,,,,6.00,,,,28923000,1112673,27810327,false,false,12,2020-04-01,2021-03-31,0
2021-05-14,93800,2020-03-31,,,,,,35498000000,0.018,303000000,-0.386,422000000,-0.312,242000000,,0.358,8.70,,,,,,31359000000,13349000000,0.426,480.02,13349000000,,,,,5.00,,,,28923000,1112673,27810327,false,false,12,2019-04-01,2020-03-31,-1
2021-05-14,93800,2022-03-31,,,,,,15659000000,-0.047,,,293000000,-0.150,169000000,,-0.264,6.09,,,,,,,,,,,,,,,,,,,,,,false,true,6,2021-04-01,2021-09-30,1
2021-05-14,93800,2022-03-31,,,,,,31980000000,-0.034,,,596000000,-0.172,335000000,,-0.165,12.07,,,,,,,,,,,,,,,5.00,,,,,,,false,true,12,2021-04-01,2022-03-31,1
2021-07-29,93800,2022-03-31,1,,,,,9355000000,-0.036,145000000,0.098,195000000,0.296,,120000000,,4.35,,,,,,35734000000,15510000000,0.433,,15457000000,,,,,,,,,,,,true,false,3,2021-04-01,2021-06-30,0
2021-07-29,93800,2021-03-31,1,,,,,9702000000,-0.036,132000000,5.857,151000000,2.684,,95000000,,3.44,,,,,,,,,,,,,,,,,,,,,,true,false,3,2020-04-01,2020-06-30,-1
2021-07-29,93800,2022-03-31,1,,,,,18762000000,-0.031,274000000,-0.034,284000000,-0.096,,161000000,,5.82,,,,,,,,,,,,,,,,,,,,,,true,true,6,2021-04-01,2021-09-30,0
2021-07-29,93800,2022-03-31,1,,,,,38320000000,-0.017,672000000,-0.040,690000000,-0.059,,414000000,,14.90,,,,,,,,,,,,,,,,,,,,,,true,true,12,2021-04-01,2022-03-31,0
2021-07-29,93800,2021-03-31,1,,,,,,,,,,,,,,,,,,,,36000000000,15469000000,0.428,,15418000000,,,,,,,,,,,,true,false,12,2020-04-01,2021-03-31,-1
2021-07-29,93800,2021-03-31,1,,,,,,,,,,,,,,,,,,,,,,,,,,,,,6.00,,,,28923000,1112673,,false,false,12,2020-04-01,2021-03-31,-1
2021-07-29,93800,2022-03-31,1,,,,,,,,,,,,,,,,,,,,,,,,,,,,,5.00,,,,,,,false,true,12,2021-04-01,2022-03-31,0
2021-07-29,93800,2022-03-31,1,,,,,,,,,,,,,,,,,,,,,,,,,,,,,,,,,28923000,1112678,27810324,false,false,3,2021-04-01,2021-06-30,0
2021-07-29,93800,2021-03-31,1,,,,,,,,,,,,,,,,,,,,,,,,,,,,,,,,,,,27810327,false,false,3,2020-04-01,2020-06-30,-1
2021-09-29,93800,2022-03-31,,,,,,18850000000,0.005,309000000,0.127,382000000,0.346,400000000,,1.477,14.41,,,,,,,,,,,,,,,,,,,,,,true,true,6,2021-04-01,2021-09-30,0
2021-09-29,93800,2021-03-31,,,,,,20009000000,,173000000,,200000000,,115000000,,,4.16,,,,,,,,,,,,,,,,,,,,,,true,false,6,2020-04-01,2020-09-30,-1
2021-09-29,93800,2022-03-31,,,,,,,,,,,,,,,,,,,,,,,,,,,,,,3.00,,,,,,,false,true,12,2021-04-01,2022-03-31,0
2021-09-29,93800,2021-03-31,,,,,,,,,,,,,,,,,,,,,,,,,,,,,,6.00,,,,,,,false,false,12,2020-04-01,2021-03-31,-1
2021-10-28,93800,2022-03-31,2,,,,,18878000000,-0.025,291000000,0.024,376000000,0.198,,413000000,,14.87,,,,,,35844000000,15886000000,0.442,,15827000000,,,,,,,,,,,,true,false,6,2021-04-01,2021-09-30,0
2021-10-28,93800,2021-03-31,2,,,,,19357000000,-0.060,284000000,0.559,314000000,0.586,,205000000,,7.39,,,,,,,,,,,,,,,,,,,,,,true,false,6,2020-04-01,2020-09-30,-1
2021-10-28,93800,2022-03-31,2,,,,,38320000000,-0.017,672000000,-0.040,690000000,-0.059,,414000000,,14.90,,,,,,,,,,,,,,,,,,,,,,true,true,12,2021-04-01,2022-03-31,0
2021-10-28,93800,2021-03-31,2,,,,,,,,,,,,,,,,,,,,36000000000,15469000000,0.428,,15418000000,,,,,,,,,,,,true,false,12,2020-04-01,2021-03-31,-1
2021-10-28,93800,2021-03-31,2,,,,,,,,,,,,,,,,,,,,,,,,,,,,,6.00,,,,28923000,1112673,,false,false,12,2020-04-01,2021-03-31,-1
2021-10-28,93800,2022-03-31,2,,,,,,,,,,,,,,,,,,,,,,,,,,,,,3.00,,,,,,,false,false,12,2021-04-01,2022-03-31,0
2021-10-28,93800,2022-03-31,2,,,,,,,,,,,,,,,,,,,,,,,,,,,,,6.00,,,,,,,false,true,12,2021-04-01,2022-03-31,0
2021-10-28,93800,2022-03-31,2,,,,,,,,,,,,,,,,,,,,,,,,,,,,,,,,,28923000,1094678,27814651,false,false,6,2021-04-01,2021-09-30,0
2021-10-28,93800,2021-03-31,2,,,,,,,,,,,,,,,,,,,,,,,,,,,,,,,,,,,27810327,false,false,6,2020-04-01,2020-09-30,-1
2022-01-31,93800,2022-03-31,3,,,,,29060000000,-0.014,467000000,-0.236,627000000,-0.039,,564000000,,20.28,,,,,,37457000000,15976000000,0.425,,15913000000,,,,,,,,,,,,true,false,9,2021-04-01,2021-12-31,0
2022-01-31,93800,2021-03-31,3,,,,,29466000000,-0.064,611000000,0.475,653000000,0.372,,443000000,,15.94,,,,,,,,,,,,,,,,,,,,,,true,false,9,2020-04-01,2020-12-31,-1
2022-01-31,93800,2022-03-31,3,,,,,38320000000,-0.017,672000000,-0.040,690000000,-0.059,,414000000,,14.90,,,,,,,,,,,,,,,,,,,,,,true,true,12,2021-04-01,2022-03-31,0
2022-01-31,93800,2021-03-31,3,,,,,,,,,,,,,,,,,,,,36000000000,15469000000,0.428,,15418000000,,,,,,,,,,,,true,false,12,2020-04-01,2021-03-31,-1
2022-01-31,93800,2021-03-31,3,,,,,,,,,,,,,,,,,,,,,,,,,,,,,6.00,,,,28923000,1112673,,false,false,12,2020-04-01,2021-03-31,-1
2022-01-31,93800,2022-03-31,3,,,,,,,,,,,,,,,,,,,,,,,,,,,,,3.00,,,,,,,false,false,12,2021-04-01,2022-03-31,0
2022-01-31,93800,2022-03-31,3,,,,,,,,,,,,,,,,,,,,,,,,,,,,,6.00,,,,,,,false,true,12,2021-04-01,2022-03-31,0
2022-01-31,93800,2022-03-31,3,,,,,,,,,,,,,,,,,,,,,,,,,,,,,,,,,28923000,1094678,27819224,false,false,9,2021-04-01,2021-12-31,0
2022-01-31,93800,2021-03-31,3,,,,,,,,,,,,,,,,,,,,,,,,,,,,,,,,,,,27810327,false,false,9,2020-04-01,2020-12-31,-1
2022-05-13,93800,2022-03-31,,,,,,39613000000,0.016,684000000,-0.023,889000000,0.212,,635000000,,22.85,,0.040,0.024,,,37353000000,16133000000,0.430,577.22,16063000000,2173000000,-576000000,-1248000000,5481000000,,0.306,,,,,,true,false,12,2021-04-01,2022-03-31,0
2022-05-13,93800,2021-03-31,,,,,,39001000000,-0.072,700000000,0.583,734000000,0.506,,393000000,,14.16,,0.026,0.020,,,36000000000,15469000000,0.428,554.43,15418000000,4423000000,482000000,-3474000000,5118000000,,0.424,,,,,,true,false,12,2020-04-01,2021-03-31,-1
2022-05-13,93800,2023-03-31,,,,,,19947000000,0.057,214000000,-0.265,285000000,-0.243,,175000000,,6.32,,,,,,,,,,,,,,,,,,,,,,true,true,6,2022-04-01,2022-09-30,1
2022-05-13,93800,2023-03-31,,,,,,39790000000,0.004,415000000,-0.392,533000000,-0.400,,325000000,,11.70,,,,,,,,,,,,,,,,0.427,,,,,,true,true,12,2022-04-01,2023-03-31,1
2022-05-13,93800,2022-03-31,,,,,,33471000000,0.011,676000000,0.107,857000000,0.189,467000000,,0.164,16.81,,,,,,32914000000,14193000000,0.431,510.03,14193000000,,,,,7.00,,,,28923000,1094678,27821467,false,false,12,2021-04-01,2022-03-31,0
2022-05-13,93800,2021-03-31,,,,,,33101000000,-0.068,611000000,1.012,720000000,0.705,401000000,,0.660,14.45,,,,,,31687000000,13776000000,0.435,495.38,13776000000,,,,,6.00,,,,28923000,1112673,27810327,false,false,12,2020-04-01,2021-03-31,-1
2022-05-13,93800,2023-03-31,,,,,,16753000000,0.054,,,195000000,-0.506,109000000,,-0.622,3.93,,,,,,,,,,,,,,,,,,,,,,false,true,6,2022-04-01,2022-09-30,1
2022-05-13,93800,2023-03-31,,,,,,33317000000,-0.005,,,360000000,-0.579,193000000,,-0.586,6.95,,,,,,,,,,,,,,,5.00,,,,,,,false,true,12,2022-04-01,2023-03-31,1
2022-07-28,93800,2023-03-31,1,,,,,10638000000,0.137,207000000,0.427,331000000,0.693,,212000000,,7.64,,,,,,37478000000,16299000000,0.433,,16221000000,,,,,,,,,,,,true,false,3,2022-04-01,2022-06-30,0
2022-07-28,93800,2022-03-31,1,,,,,9355000000,-0.036,145000000,0.098,195000000,0.296,,120000000,,4.35,,,,,,,,,,,,,,,,,,,,,,true,false,3,2021-04-01,2021-06-30,-1
2022-07-28,93800,2023-03-31,1,,,,,19947000000,0.057,214000000,-0.265,285000000,-0.243,,175000000,,6.32,,,,,,,,,,,,,,,,,,,,,,true,true,6,2022-04-01,2022-09-30,0
2022-07-28,93800,2023-03-31,1,,,,,39790000000,0.004,415000000,-0.392,533000000,-0.400,,325000000,,11.70,,,,,,,,,,,,,,,,,,,,,,true,true,12,2022-04-01,2023-03-31,0
2022-07-28,93800,2022-03-31,1,,,,,,,,,,,,,,,,,,,,37353000000,16133000000,0.430,,16063000000,,,,,,,,,,,,true,false,12,2021-04-01,2022-03-31,-1
2022-07-28,93800,2022-03-31,1,,,,,,,,,,,,,,,,,,,,,,,,,,,,,7.00,,,,28923000,1094678,,false,false,12,2021-04-01,2022-03-31,-1
2022-07-28,93800,2023-03-31,1,,,,,,,,,,,,,,,,,,,,,,,,,,,,,5.00,,,,,,,false,true,12,2022-04-01,2023-03-31,0
2022-07-28,93800,2023-03-31,1,,,,,,,,,,,,,,,,,,,,,,,,,,,,,,,,,28923000,1094678,27828322,false,false,3,2022-04-01,2022-06-30,0
2022-07-28,93800,2022-03-31,1,,,,,,,,,,,,,,,,,,,,,,,,,,,,,,,,,,,27810324,false,false,3,2021-04-01,2021-06-30,-1
2022-09-29,93800,2023-03-31,,,,,,21182000000,0.062,420000000,0.965,578000000,1.028,331000000,,0.885,11.91,,,,,,,,,,,,,,,,,,,,,,true,true,6,2022-04-01,2022-09-30,0
2022-09-29,93800,2022-03-31,,,,,,18878000000,,291000000,,376000000,,413000000,,,14.87,,,,,,,,,,,,,,,,,,,,,,true,false,6,2021-04-01,2021-09-30,-1
2022-09-29,93800,2023-03-31,,,,,,,,,,,,,,,,,,,,,,,,,,,,,,6.00,,,,,,,false,true,12,2022-04-01,2023-03-31,0
2022-09-29,93800,2022-03-31,,,,,,,,,,,,,,,,,,,,,,,,,,,,,,7.00,,,,,,,false,false,12,2021-04-01,2022-03-31,-1
2022-10-31,93800,2023-03-31,2,,,,,21151000000,0.120,385000000,0.323,555000000,0.473,,378000000,,13.59,,,,,,36926000000,16492000000,0.444,,16401000000,,,,,,,,,,,,true,false,6,2022-04-01,2022-09-30,0
2022-10-31,93800,2022-03-31,2,,,,,18878000000,-0.025,291000000,0.024,376000000,0.198,,413000000,,14.87,,,,,,,,,,,,,,,,,,,,,,true,false,6,2021-04-01,2021-09-30,-1
2022-10-31,93800,2023-03-31,2,,,,,39790000000,0.004,415000000,-0.392,533000000,-0.400,,325000000,,11.70,,,,,,,,,,,,,,,,,,,,,,true,true,12,2022-04-01,2023-03-31,0
2022-10-31,93800,2022-03-31,2,,,,,,,,,,,,,,,,,,,,37353000000,16133000000,0.430,,16063000000,,,,,,,,,,,,true,false,12,2021-04-01,2022-03-31,-1
2022-10-31,93800,2022-03-31,2,,,,,,,,,,,,,,,,,,,,,,,,,,,,,7.00,,,,28923000,1094678,,false,false,12,2021-04-01,2022-03-31,-1
2022-10-31,93800,2023-03-31,2,,,,,,,,,,,,,,,,,,,,,,,,,,,,,3.00,,,,,,,false,false,12,2022-04-01,2023-03-31,0
2022-10-31,93800,2023-03-31,2,,,,,,,,,,,,,,,,,,,,,,,,,,,,,6.00,,,,,,,false,true,12,2022-04-01,2023-03-31,0
2022-10-31,93800,2023-03-31,2,,,,,,,,,,,,,,,,,,,,,,,,,,,,,,,,,28923000,1039979,27841473,false,false,6,2022-04-01,2022-09-30,0
2022-10-31,93800,2022-03-31,2,,,,,,,,,,,,,,,,,,,,,,,,,,,,,,,,,,,27814651,false,false,6,2021-04-01,2021-09-30,-1
2023-01-30,93800,2023-03-31,3,,,,,31653000000,0.089,624000000,0.335,880000000,0.402,,559000000,,20.08,,,,,,38190000000,16680000000,0.434,,16580000000,,,,,,,,,,,,true,false,9,2022-04-01,2022-12-31,0
2023-01-30,93800,2022-03-31,3,,,,,29060000000,-0.014,467000000,-0.236,627000000,-0.039,,564000000,,20.28,,,,,,,,,,,,,,,,,,,,,,true,false,9,2021-04-01,2021-12-31,-1
2023-01-30,93800,2023-03-31,3,,,,,39790000000,0.004,415000000,-0.392,533000000,-0.400,,325000000,,11.70,,,,,,,,,,,,,,,,,,,,,,true,true,12,2022-04-01,2023-03-31,0
2023-01-30,93800,2022-03-31,3,,,,,,,,,,,,,,,,,,,,37353000000,16133000000,0.430,,16063000000,,,,,,,,,,,,true,false,12,2021-04-01,2022-03-31,-1
2023-01-30,93800,2022-03-31,3,,,,,,,,,,,,,,,,,,,,,,,,,,,,,7.00,,,,28923000,1094678,,false,false,12,2021-04-01,2022-03-31,-1
2023-01-30,93800,2023-03-31,3,,,,,,,,,,,,,,,,,,,,,,,,,,,,,3.00,,,,,,,false,false,12,2022-04-01,2023-03-31,0
2023-01-30,93800,2023-03-31,3,,,,,,,,,,,,,,,,,,,,,,,,,,,,,6.00,,,,,,,false,true,12,2022-04-01,2023-03-31,0
2023-01-30,93800,2023-03-31,3,,,,,,,,,,,,,,,,,,,,,,,,,,,,,,,,,28923000,1039979,27855373,false,false,9,2022-04-01,2022-12-31,0
2023-01-30,93800,2022-03-31,3,,,,,,,,,,,,,,,,,,,,,,,,,,,,,,,,,,,27819224,false,false,9,2021-04-01,2021-12-31,-1
2023-05-15,93800,2023-03-31,,,,,,41467000000,0.047,666000000,-0.026,941000000,0.058,,197000000,,7.10,,0.012,0.025,,,37545000000,16317000000,0.432,581.21,16205000000,1670000000,-373000000,-536000000,6255000000,,0.986,,,,,,true,false,12,2022-04-01,2023-03-31,0
2023-05-15,93800,2022-03-31,,,,,,39613000000,0.016,684000000,-0.023,889000000,0.212,,635000000,,22.85,,0.040,0.024,,,37353000000,16133000000,0.430,577.22,16063000000,2173000000,-576000000,-1248000000,5481000000,,0.306,,,,,,true,false,12,2021-04-01,2022-03-31,-1
2023-05-15,93800,2024-03-31,,,,,,20761000000,-0.018,244000000,-0.367,337000000,-0.392,,172000000,,6.20,,,,,,,,,,,,,,,,,,,,,,true,true,6,2023-04-01,2023-09-30,1
2023-05-15,93800,2024-03-31,,,,,,41985000000,0.012,739000000,0.110,851000000,-0.095,,521000000,,18.71,,,,,,,,,,,,,,,,0.267,,,,,,true,true,12,2023-04-01,2024-03-31,1
2023-05-15,93800,2023-03-31,,,,,,34690000000,0.036,493000000,-0.270,697000000,-0.186,-21000000,,,-0.77,,,,,,32913000000,14098000000,0.428,505.63,14098000000,,,,,7.00,,,,28923000,1039980,27862190,false,false,12,2022-04-01,2023-03-31,0
2023-05-15,93800,2022-03-31,,,,,,33471000000,0.011,676000000,0.107,857000000,0.189,467000000,,0.164,16.81,,,,,,32914000000,14193000000,0.431,510.03,14193000000,,,,,7.00,,,,28923000,1094678,27821467,false,false,12,2021-04-01,2022-03-31,-1
2023-05-15,93800,2024-03-31,,,,,,17488000000,-0.014,,,330000000,-0.277,174000000,,-0.473,6.25,,,,,,,,,,,,,,,,,,,,,,false,true,6,2023-04-01,2023-09-30,1
2023-05-15,93800,2024-03-31,,,,,,35350000000,0.019,,,806000000,0.156,491000000,,,17.66,,,,,,,,,,,,,,,5.00,,,,,,,false,true,12,2023-04-01,2024-03-31,1
2023-07-27,93800,2024-03-31,1,,,,,9983000000,-0.062,37000000,-0.821,157000000,-0.525,,87000000,,3.12,,,,,,38467000000,16409000000,0.424,,16307000000,,,,,,,,,,,,true,false,3,2023-04-01,2023-06-30,0
2023-07-27,93800,2023-03-31,1,,,,,10638000000,0.137,207000000,0.427,331000000,0.693,,212000000,,7.64,,,,,,,,,,,,,,,,,,,,,,true,false,3,2022-04-01,2022-06-30,-1
2023-07-27,93800,2024-03-31,1,,,,,20761000000,-0.018,244000000,-0.367,337000000,-0.392,,172000000,,6.20,,,,,,,,,,,,,,,,,,,,,,true,true,6,2023-04-01,2023-09-30,0
2023-07-27,93800,2024-03-31,1,,,,,41985000000,0.012,739000000,0.110,851000000,-0.095,,521000000,,18.71,,,,,,,,,,,,,,,,,,,,,,true,true,12,2023-04-01,2024-03-31,0
2023-07-27,93800,2023-03-31,1,,,,,,,,,,,,,,,,,,,,37545000000,16317000000,0.432,,16205000000,,,,,,,,,,,,true,false,12,2022-04-01,2023-03-31,-1
2023-07-27,93800,2023-03-31,1,,,,,,,,,,,,,,,,,,,,,,,,,,,,,7.00,,,,28923000,1039980,,false,false,12,2022-04-01,2023-03-31,-1
2023-07-27,93800,2024-03-31,1,,,,,,,,,,,,,,,,,,,,,,,,,,,,,5.00,,,,,,,false,true,12,2023-04-01,2024-03-31,0
2023-07-27,93800,2024-03-31,1,,,,,,,,,,,,,,,,,,,,,,,,,,,,,,,,,28923000,1039980,27883020,false,false,3,2023-04-01,2023-06-30,0
2023-07-27,93800,2023-03-31,1,,,,,,,,,,,,,,,,,,,,,,,,,,,,,,,,,,,27828322,false,false,3,2022-04-01,2022-06-30,-1
,93800,2024-03-31,,,,,,,,,,,,,,,,,,,,,,,,,,,,,,6.00,,,,,,,false,true,12,2023-04-01,2024-03-31,0
,93800,2023-03-31,,,,,,,,,,,,,,,,,,,,,,,,,,,,,,7.00,,,,,,,false,false,12,2022-04-01,2023-03-31,-1
2023-10-30,93800,2024-03-31,2,,,,,19923000000,-0.058,82000000,-0.785,228000000,-0.589,,122000000,,4.40,,,,,,38240000000,16625000000,0.432,,16520000000,,,,,,,,,,,,true,false,6,2023-04-01,2023-09-30,0
2023-10-30,93800,2023-03-31,2,,,,,21151000000,0.120,385000000,0.323,555000000,0.473,,378000000,,13.59,,,,,,,,,,,,,,,,,,,,,,true,false,6,2022-04-01,2022-09-30,-1
2023-10-30,93800,2024-03-31,2,,,,,41985000000,0.012,739000000,0.110,851000000,-0.095,,521000000,,18.71,,,,,,,,,,,,,,,,,,,,,,true,true,12,2023-04-01,2024-03-31,0
2023-10-30,93800,2023-03-31,2,,,,,,,,,,,,,,,,,,,,37545000000,16317000000,0.432,,16205000000,,,,,,,,,,,,true,false,12,2022-04-01,2023-03-31,-1
2023-10-30,93800,2023-03-31,2,,,,,,,,,,,,,,,,,,,,,,,,,,,,,7.00,,,,28923000,1039980,,false,false,12,2022-04-01,2023-03-31,-1
2023-10-30,93800,2024-03-31,2,,,,,,,,,,,,,,,,,,,,,,,,,,,,,3.00,,,,,,,false,false,12,2023-04-01,2024-03-31,0
2023-10-30,93800,2024-03-31,2,,,,,,,,,,,,,,,,,,,,,,,,,,,,,6.00,,,,,,,false,true,12,2023-04-01,2024-03-31,0
2023-10-30,93800,2024-03-31,2,,,,,,,,,,,,,,,,,,,,,,,,,,,,,,,,,28923000,984580,27896340,false,false,6,2023-04-01,2023-09-30,0
2023-10-30,93800,2023-03-31,2,,,,,,,,,,,,,,,,,,,,,,,,,,,,,,,,,,,27841473,false,false,6,2022-04-01,2022-09-30,-1
2024-01-30,93800,2024-03-31,3,,,,,30315000000,-0.042,232000000,-0.627,401000000,-0.544,,207000000,,7.42,,,,,,38919000000,16626000000,0.424,,16516000000,,,,,,,,,,,,true,false,9,2023-04-01,2023-12-31,0
2024-01-30,93800,2023-03-31,3,,,,,31653000000,0.089,624000000,0.335,880000000,0.402,,559000000,,20.08,,,,,,,,,,,,,,,,,,,,,,true,false,9,2022-04-01,2022-12-31,-1
2024-01-30,93800,2024-03-31,3,,,,,41985000000,0.012,739000000,0.110,851000000,-0.095,,521000000,,18.71,,,,,,,,,,,,,,,,,,,,,,true,true,12,2023-04-01,2024-03-31,0
2024-01-30,93800,2023-03-31,3,,,,,,,,,,,,,,,,,,,,37545000000,16317000000,0.432,,16205000000,,,,,,,,,,,,true,false,12,2022-04-01,2023-03-31,-1
2024-01-30,93800,2023-03-31,3,,,,,,,,,,,,,,,,,,,,,,,,,,,,,7.00,,,,28923000,1039980,,false,false,12,2022-04-01,2023-03-31,-1
2024-01-30,93800,2024-03-31,3,,,,,,,,,,,,,,,,,,,,,,,,,,,,,3.00,,,,,,,false,false,12,2023-04-01,2024-03-31,0
2024-01-30,93800,2024-03-31,3,,,,,,,,,,,,,,,,,,,,,,,,,,,,,6.00,,,,,,,false,true,12,2023-04-01,2024-03-31,0
2024-01-30,93800,2024-03-31,3,,,,,,,,,,,,,,,,,,,,,,,,,,,,,,,,,28923000,984581,27910417,false,false,9,2023-04-01,2023-12-31,0
2024-01-30,93800,2023-03-31,3,,,,,,,,,,,,,,,,,,,,,,,,,,,,,,,,,,,27855373,false,false,9,2022-04-01,2022-12-31,-1
2024-05-15,93800,2024-03-31,,,,,,39746000000,-0.041,288000000,-0.567,152000000,-0.838,,317000000,,11.36,,0.019,0.004,,,38729000000,16983000000,0.435,603.64,16864000000,824000000,-891000000,-167000000,6053000000,,0.616,,,,,,true,false,12,2023-04-01,2024-03-31,0
2024-05-15,93800,2023-03-31,,,,,,41467000000,0.047,666000000,-0.026,941000000,0.058,,197000000,,7.10,,0.012,0.025,,,37545000000,16317000000,0.432,581.21,16205000000,1670000000,-373000000,-536000000,6255000000,,0.986,,,,,,true,false,12,2022-04-01,2023-03-31,-1
2024-05-15,93800,2025-03-31,,,,,,20528000000,0.030,291000000,2.509,371000000,0.627,,204000000,,7.31,,,,,,,,,,,,,,,,,,,,,,true,true,6,2024-04-01,2024-09-30,1
2024-05-15,93800,2025-03-31,,,,,,41565000000,0.046,642000000,1.228,765000000,4.018,,572000000,,20.49,,,,,,,,,,,,,,,,0.342,,,,,,true,true,12,2024-04-01,2025-03-31,1
2024-05-15,93800,2024-03-31,,,,,,33928000000,-0.022,319000000,-0.354,484000000,-0.305,296000000,,,10.60,,,,,,34788000000,14534000000,0.418,520.22,14534000000,,,,,7.00,,,,28923000,984581,27917379,false,false,12,2023-04-01,2024-03-31,0
2024-05-15,93800,2023-03-31,,,,,,34690000000,0.036,493000000,-0.270,697000000,-0.186,-21000000,,,-0.77,,,,,,32913000000,14098000000,0.428,505.63,14098000000,,,,,7.00,,,,28923000,1039980,27862190,false,false,12,2022-04-01,2023-03-31,-1
2024-05-15,93800,2025-03-31,,,,,,17371000000,0.024,,,282000000,0.110,138000000,,-0.127,4.97,,,,,,,,,,,,,,,,,,,,,,false,true,6,2024-04-01,2024-09-30,1
2024-05-15,93800,2025-03-31,,,,,,35433000000,0.044,,,554000000,0.144,415000000,,0.403,14.87,,,,,,,,,,,,,,,7.00,,,,,,,false,true,12,2024-04-01,2025-03-31,1
2024-08-09,93800,2025-03-31,1,,,,,9832000000,-0.015,101000000,1.733,168000000,0.069,,63000000,,2.26,,,,,,41220000000,17113000000,0.412,,16994000000,,,,,,,,,,,,true,false,3,2024-04-01,2024-06-30,0
2024-08-09,93800,2024-03-31,1,,,,,9983000000,-0.062,37000000,-0.821,157000000,-0.525,,87000000,,3.12,,,,,,,,,,,,,,,,,,,,,,true,false,3,2023-04-01,2023-06-30,-1
2024-08-09,93800,2025-03-31,1,,,,,20528000000,0.030,291000000,2.509,371000000,0.627,,204000000,,7.31,,,,,,,,,,,,,,,,,,,,,,true,true,6,2024-04-01,2024-09-30,0
2024-08-09,93800,2025-03-31,1,,,,,41565000000,0.046,642000000,1.228,765000000,4.018,,572000000,,20.49,,,,,,,,,,,,,,,,,,,,,,true,true,12,2024-04-01,2025-03-31,0
2024-08-09,93800,2024-03-31,1,,,,,,,,,,,,,,,,,,,,38729000000,16983000000,0.435,,16864000000,,,,,,,,,,,,true,false,12,2023-04-01,2024-03-31,-1
2024-08-09,93800,2024-03-31,1,,,,,,,,,,,,,,,,,,,,,,,,,,,,,7.00,,,,28923000,984581,,false,false,12,2023-04-01,2024-03-31,-1
2024-08-09,93800,2025-03-31,1,,,,,,,,,,,,,,,,,,,,,,,,,,,,,7.00,,,,,,,false,true,12,2024-04-01,2025-03-31,0
2024-08-09,93800,2025-03-31,1,,,,,,,,,,,,,,,,,,,,,,,,,,,,,,,,,28923000,984581,27938419,false,false,3,2024-04-01,2024-06-30,0
2024-08-09,93800,2024-03-31,1,,,,,,,,,,,,,,,,,,,,,,,,,,,,,,,,,,,27883020,false,false,3,2023-04-01,2023-06-30,-1
2024-10-30,93800,2025-03-31,2,,,,,19688000000,-0.012,283000000,2.417,332000000,0.456,,248000000,,8.89,,,,,,41318000000,17267000000,0.415,,17144000000,,,,,,,,,,,,true,false,6,2024-04-01,2024-09-30,0
2024-10-30,93800,2024-03-31,2,,,,,19923000000,-0.058,82000000,-0.785,228000000,-0.589,,122000000,,4.40,,,,,,,,,,,,,,,,,,,,,,true,false,6,2023-04-01,2023-09-30,-1
2024-10-30,93800,2025-03-31,2,,,,,41565000000,0.046,642000000,1.228,765000000,4.018,,572000000,,20.49,,,,,,,,,,,,,,,,,,,,,,true,true,12,2024-04-01,2025-03-31,0
2024-10-30,93800,2024-03-31,2,,,,,,,,,,,,,,,,,,,,38729000000,16983000000,0.435,,16864000000,,,,,,,,,,,,true,false,12,2023-04-01,2024-03-31,-1
2024-10-30,93800,2024-03-31,2,,,,,,,,,,,,,,,,,,,,,,,,,,,,,7.00,,,,28923000,984581,,false,false,12,2023-04-01,2024-03-31,-1
2024-10-30,93800,2025-03-31,2,,,,,,,,,,,,,,,,,,,,,,,,,,,,,3.00,,,,,,,false,false,12,2024-04-01,2025-03-31,0
2024-10-30,93800,2025-03-31,2,,,,,,,,,,,,,,,,,,,,,,,,,,,,,7.00,,,,,,,false,true,12,2024-04-01,2025-03-31,0
2024-10-30,93800,2025-03-31,2,,,,,,,,,,,,,,,,,,,,,,,,,,,,,,,2.00,1.00,28923000,852181,27997398,false,false,6,2024-04-01,2024-09-30,0
2024-10-30,93800,2024-03-31,2,,,,,,,,,,,,,,,,,,,,,,,,,,,,,,,,,,,27896340,false,false,6,2023-04-01,2023-09-30,-1
2025-02-14,93800,2025-03-31,3,,,,,29836000000,-0.016,572000000,1.458,672000000,0.677,,491000000,,17.53,,,,,,41334000000,17506000000,0.420,,17378000000,,,,,,,,,,,,true,false,9,2024-04-01,2024-12-31,0
2025-02-14,93800,2024-03-31,3,,,,,30315000000,-0.042,232000000,-0.627,401000000,-0.544,,207000000,,7.42,,,,,,,,,,,,,,,,,,,,,,true,false,9,2023-04-01,2023-12-31,-1
2025-02-14,93800,2025-03-31,3,,,,,41565000000,0.046,642000000,1.228,765000000,4.018,,572000000,,20.49,,,,,,,,,,,,,,,,,,,,,,true,true,12,2024-04-01,2025-03-31,0
2025-02-14,93800,2024-03-31,3,,,,,,,,,,,,,,,,,,,,38729000000,16983000000,0.435,,16864000000,,,,,,,,,,,,true,false,12,2023-04-01,2024-03-31,-1
2025-02-14,93800,2024-03-31,3,,,,,,,,,,,,,,,,,,,,,,,,,,,,,7.00,,,,28923000,984581,,false,false,12,2023-04-01,2024-03-31,-1
2025-02-14,93800,2025-03-31,3,,,,,,,,,,,,,,,,,,,,,,,,,,,,,3.00,,,,,,,false,false,12,2024-04-01,2025-03-31,0
2025-02-14,93800,2025-03-31,3,,,,,,,,,,,,,,,,,,,,,,,,,,,,,7.00,,,,,,,false,true,12,2024-04-01,2025-03-31,0
2025-02-14,93800,2025-03-31,3,,,,,,,,,,,,,,,,,,,,,,,,,,,,,,,2.00,1.00,28923000,852183,28021960,false,false,9,2024-04-01,2024-12-31,0
2025-02-14,93800,2024-03-31,3,,,,,,,,,,,,,,,,,,,,,,,,,,,,,,,,,,,27910417,false,false,9,2023-04-01,2023-12-31,-1
2025-05-15,93800,2025-03-31,,,,,,39399000000,-0.009,688000000,1.387,739000000,3.847,,578000000,,20.62,,0.034,0.019,,,41162000000,17585000000,0.424,621.89,17456000000,3025000000,-4409000000,1009000000,5690000000,,0.339,,,,,,true,false,12,2024-04-01,2025-03-31,0
2025-05-15,93800,2024-03-31,,,,,,39746000000,-0.041,288000000,-0.567,152000000,-0.838,,317000000,,11.36,,0.019,0.004,,,38729000000,16983000000,0.435,603.64,16864000000,824000000,-891000000,-167000000,6053000000,,0.616,,,,,,true,false,12,2023-04-01,2024-03-31,-1
2025-05-15,93800,2026-03-31,,,,,,20750000000,0.054,271000000,-0.043,352000000,0.061,,212000000,,7.57,,,,,,,,,,,,,,,,,,,,,,true,true,6,2025-04-01,2025-09-30,1
2025-05-15,93800,2026-03-31,,,,,,42299000000,0.074,773000000,0.125,895000000,0.211,,563000000,,20.10,,,,,,,,,,,,,,,,0.348,,,,,,true,true,12,2025-04-01,2026-03-31,1
2025-05-15,93800,2025-03-31,,,,,,34153000000,0.007,573000000,0.796,686000000,0.415,428000000,,0.447,15.28,,,,,,37318000000,14881000000,0.399,530.16,14881000000,,,,,7.00,,2.00,1.00,28923000,852183,28034007,false,false,12,2024-04-01,2025-03-31,0
2025-05-15,93800,2024-03-31,,,,,,33928000000,-0.022,319000000,-0.354,484000000,-0.305,296000000,,,10.60,,,,,,34788000000,14534000000,0.418,520.22,14534000000,,,,,7.00,,,,28923000,984581,27917379,false,false,12,2023-04-01,2024-03-31,-1
2025-05-15,93800,2026-03-31,,,,,,18026000000,0.067,,,218000000,-0.370,120000000,,-0.548,4.29,,,,,,,,,,,,,,,,,,,,,,false,true,6,2025-04-01,2025-09-30,1
2025-05-15,93800,2026-03-31,,,,,,36621000000,0.072,,,607000000,-0.114,366000000,,-0.145,13.07,,,,,,,,,,,,,,,7.00,,,,,,,false,true,12,2025-04-01,2026-03-31,1
2025-08-08,93800,2026-03-31,1,,,,,9737000000,-0.010,1000000,-0.986,71000000,-0.577,,26000000,,0.95,,,,,,41285000000,17433000000,0.419,,17308000000,,,,,,,,,,,,true,false,3,2025-04-01,2025-06-30,0
2025-08-08,93800,2025-03-31,1,,,,,9832000000,-0.015,101000000,1.733,168000000,0.069,,63000000,,2.26,,,,,,,,,,,,,,,,,,,,,,true,false,3,2024-04-01,2024-06-30,-1
2025-08-08,93800,2026-03-31,1,,,,,20750000000,0.054,271000000,-0.043,352000000,0.061,,212000000,,7.57,,,,,,,,,,,,,,,,,,,,,,true,true,6,2025-04-01,2025-09-30,0
2025-08-08,93800,2026-03-31,1,,,,,42299000000,0.074,773000000,0.125,895000000,0.211,,563000000,,20.10,,,,,,,,,,,,,,,,,,,,,,true,true,12,2025-04-01,2026-03-31,0
2025-08-08,93800,2025-03-31,1,,,,,,,,,,,,,,,,,,,,41162000000,17585000000,0.424,,17456000000,,,,,,,,,,,,true,false,12,2024-04-01,2025-03-31,-1
2025-08-08,93800,2025-03-31,1,,,,,,,,,,,,,,,,,,,,,,,,,,,,,7.00,,,,28923000,852183,,false,false,12,2024-04-01,2025-03-31,-1
2025-08-08,93800,2026-03-31,1,,,,,,,,,,,,,,,,,,,,,,,,,,,,,7.00,,,,,,,false,true,12,2025-04-01,2026-03-31,0
2025-08-08,93800,2026-03-31,1,,,,,,,,,,,,,,,,,,,,,,,,,,,,,,,,,28923000,852183,28070817,false,false,3,2025-04-01,2025-06-30,0
2025-08-08,93800,2025-03-31,1,,,,,,,,,,,,,,,,,,,,,,,,,,,,,,,,,,,27938419,false,false,3,2024-04-01,2024-06-30,-1
