filing_date,code,fiscal_year_end,quarterly_period,net_sales,net_sales_change,revenue,revenue_change,operating_revenue,operating_revenue_change,operating_profit,operating_profit_change,ordinary_profit,ordinary_profit_change,net_income,net_income_of_parent,net_income_change,eps,diluted_eps,roe,roa,operating_profit_to_net_sales,operating_profit_to_revenue,total_assets,net_assets,equity_ratio,bps,owner_equity,operating_cash_flow,investing_cash_flow,financing_cash_flow,cash,dividend_per_share,payout_ratio,commemorative_dividend,extra_dividend,number_of_shares,number_of_treqsury_shares,avg_number_of_shares,is_consolidated,is_forecast,duration,period_start,period_end,period_pos
2015-06-15,93840,2015-12-31,,11100000000,0.110,,,,,730000000,0.123,730000000,0.123,470000000,,0.068,87.87,,,,,,,,,,,,,,,,,,,,,,true,true,6,2015-01-01,2015-06-30,0
2015-06-15,93840,2014-12-31,,9639000000,,,,,,323000000,,320000000,,-407000000,,,-76.20,,,,,,,,,,,,,,,,,,,,,,true,false,6,2014-01-01,2014-06-30,-1
2015-07-30,93840,2015-12-31,2,11364000000,0.179,,,,,780000000,1.417,776000000,1.426,473000000,,,44.30,,,,,,9796000000,7664000000,0.746,,7305000000,,,,,,,,,,,,true,false,6,2015-01-01,2015-06-30,0
2015-07-30,93840,2014-12-31,2,9639000000,0.285,,,,,323000000,-0.313,320000000,-0.373,-407000000,,,-38.10,,,,,,,,,,,,,,,,,,,,,,true,false,6,2014-01-01,2014-06-30,-1
2015-07-30,93840,2015-12-31,2,21000000000,0.045,,,,,1500000000,0.310,1500000000,0.242,1000000000,,3.624,93.48,,,,,,,,,,,,,,,,,,,,,,true,true,12,2015-01-01,2015-12-31,0
2015-07-30,93840,2014-12-31,2,,,,,,,,,,,,,,,,,,,,9166000000,6977000000,0.751,,6888000000,,,,,,,,,,,,true,false,12,2014-01-01,2014-12-31,-1
2015-07-30,93840,2014-12-31,2,,,,,,,,,,,,,,,,,,,,,,,,,,,,,33.00,,,,10698000,930,,false,false,12,2014-01-01,2014-12-31,-1
2015-07-30,93840,2015-12-31,2,,,,,,,,,,,,,,,,,,,,,,,,,,,,,30.00,,,,,,,false,false,12,2015-01-01,2015-12-31,0
2015-07-30,93840,2015-12-31,2,,,,,,,,,,,,,,,,,,,,,,,,,,,,,10.00,,,,,,,false,true,12,2015-01-01,2015-12-31,0
2015-07-30,93840,2015-12-31,2,,,,,,,,,,,,,,,,,,,,,,,,,,,,,,,,,10698000,930,10697070,false,false,6,2015-01-01,2015-06-30,0
2015-07-30,93840,2014-12-31,2,,,,,,,,,,,,,,,,,,,,,,,,,,,,,,,,,,,10697172,false,false,6,2014-01-01,2014-06-30,-1
2015-10-30,93840,2015-12-31,3,16975000000,0.157,,,,,1152000000,0.678,1143000000,0.621,695000000,,,65.06,,,,,,9639000000,7485000000,0.742,,7152000000,,,,,,,,,,,,true,false,9,2015-01-01,2015-09-30,0
2015-10-30,93840,2014-12-31,3,14670000000,0.223,,,,,686000000,-0.121,705000000,-0.161,-168000000,,,-15.77,,,,,,,,,,,,,,,,,,,,,,true,false,9,2014-01-01,2014-09-30,-1
2015-10-30,93840,2015-12-31,3,21000000000,0.045,,,,,1500000000,0.310,1500000000,0.242,1000000000,,3.624,93.48,,,,,,,,,,,,,,,,,,,,,,true,true,12,2015-01-01,2015-12-31,0
2015-10-30,93840,2014-12-31,3,,,,,,,,,,,,,,,,,,,,9166000000,6977000000,0.751,,6888000000,,,,,,,,,,,,true,false,12,2014-01-01,2014-12-31,-1
2015-10-30,93840,2014-12-31,3,,,,,,,,,,,,,,,,,,,,,,,,,,,,,33.00,,,,10698000,930,,false,false,12,2014-01-01,2014-12-31,-1
2015-10-30,93840,2015-12-31,3,,,,,,,,,,,,,,,,,,,,,,,,,,,,,30.00,,,,,,,false,false,12,2015-01-01,2015-12-31,0
2015-10-30,93840,2015-12-31,3,,,,,,,,,,,,,,,,,,,,,,,,,,,,,10.00,,,,,,,false,true,12,2015-01-01,2015-12-31,0
2015-10-30,93840,2015-12-31,3,,,,,,,,,,,,,,,,,,,,,,,,,,,,,,,,,10698000,930,10697070,false,false,9,2015-01-01,2015-09-30,0
2015-10-30,93840,2014-12-31,3,,,,,,,,,,,,,,,,,,,,,,,,,,,,,,,,,,,10697142,false,false,9,2014-01-01,2014-09-30,-1
2016-02-10,93840,2015-12-31,,22657000000,0.128,,,,,1578000000,0.378,1568000000,0.299,1005000000,,3.651,94.72,,0.151,0.174,0.070,,8863000000,6786000000,0.727,664.32,6442000000,1053000000,160000000,-1068000000,4693000000,,0.264,,,,,,true,false,12,2015-01-01,2015-12-31,0
2016-02-10,93840,2014-12-31,,20094000000,0.196,,,,,1145000000,0.003,1207000000,0.003,216000000,,-0.704,20.22,,0.032,0.133,0.057,,9166000000,6977000000,0.751,643.94,6888000000,963000000,160000000,-415000000,4714000000,,0.816,,,,,,true,false,12,2014-01-01,2014-12-31,-1
2016-02-10,93840,2016-12-31,,11580000000,0.019,,,,,790000000,0.012,790000000,0.018,,490000000,,50.53,,,,,,,,,,,,,,,,,,,,,,true,true,6,2016-01-01,2016-06-30,1
2016-02-10,93840,2016-12-31,,23800000000,0.050,,,,,1660000000,0.052,1680000000,0.071,,1110000000,,114.47,,,,,,,,,,,,,,,,,,,,,,true,true,12,2016-01-01,2016-12-31,1
2016-02-10,93840,2015-12-31,,10910000000,0.074,,,,,744000000,-0.077,1108000000,0.030,795000000,,,74.92,,,,,,5455000000,4265000000,0.782,439.90,4265000000,,,,,10.00,,,,10698000,1000930,10620147,false,false,12,2015-01-01,2015-12-31,0
2016-02-10,93840,2014-12-31,,10155000000,0.070,,,,,806000000,0.200,1075000000,0.219,59000000,,-0.896,5.56,,,,,,6048000000,4763000000,0.788,445.32,4763000000,,,,,33.00,,,,10698000,930,10697125,false,false,12,2014-01-01,2014-12-31,-1
2016-02-10,93840,2016-12-31,,,,,,,,,,,,,,,,,,,,,,,,,,,,,,30.00,,,,,,,false,true,12,2016-01-01,2016-12-31,1
2016-04-28,93840,2016-12-31,1,5097000000,-0.081,,,,,269000000,-0.339,261000000,-0.356,,165000000,,17.09,,,,,,10425000000,6748000000,0.607,,6330000000,,,,,,,,,,,,true,false,3,2016-01-01,2016-03-31,0
2016-04-28,93840,2015-12-31,1,5545000000,0.204,,,,,407000000,0.725,405000000,0.736,,244000000,,22.88,,,,,,,,,,,,,,,,,,,,,,true,false,3,2015-01-01,2015-03-31,-1
2016-04-28,93840,2016-12-31,1,11580000000,0.019,,,,,790000000,0.012,790000000,0.018,,490000000,,50.53,,,,,,,,,,,,,,,,,,,,,,true,true,6,2016-01-01,2016-06-30,0
2016-04-28,93840,2016-12-31,1,23800000000,0.050,,,,,1660000000,0.052,1680000000,0.071,,1110000000,,114.47,,,,,,,,,,,,,,,,,,,,,,true,true,12,2016-01-01,2016-12-31,0
2016-04-28,93840,2015-12-31,1,,,,,,,,,,,,,,,,,,,,8863000000,6786000000,0.727,,6442000000,,,,,,,,,,,,true,false,12,2015-01-01,2015-12-31,-1
2016-04-28,93840,2015-12-31,1,,,,,,,,,,,,,,,,,,,,,,,,,,,,,10.00,,,,10698000,1000930,,false,false,12,2015-01-01,2015-12-31,-1
2016-04-28,93840,2016-12-31,1,,,,,,,,,,,,,,,,,,,,,,,,,,,,,30.00,,,,,,,false,true,12,2016-01-01,2016-12-31,0
2016-04-28,93840,2016-12-31,1,,,,,,,,,,,,,,,,,,,,,,,,,,,,,,,,,10698000,1000930,9697070,false,false,3,2016-01-01,2016-03-31,0
2016-04-28,93840,2015-12-31,1,,,,,,,,,,,,,,,,,,,,,,,,,,,,,,,,,,,10697070,false,false,3,2015-01-01,2015-03-31,-1
2016-07-25,93840,2016-12-31,,10010000000,-0.136,,,,,570000000,-0.278,510000000,-0.354,,350000000,,36.09,,,,,,,,,,,,,,,,,,,,,,true,true,6,2016-01-01,2016-06-30,0
2016-07-25,93840,2015-12-31,,11364000000,,,,,,780000000,,776000000,,,473000000,,44.30,,,,,,,,,,,,,,,,,,,,,,true,false,6,2015-01-01,2015-06-30,-1
2016-07-29,93840,2016-12-31,2,10013000000,-0.119,,,,,578000000,-0.260,509000000,-0.344,,352000000,,36.34,,,,,,10081000000,6576000000,0.615,,6196000000,,,,,,,,,,,,true,false,6,2016-01-01,2016-06-30,0
2016-07-29,93840,2015-12-31,2,11364000000,0.179,,,,,780000000,1.417,776000000,1.426,,473000000,,44.30,,,,,,,,,,,,,,,,,,,,,,true,false,6,2015-01-01,2015-06-30,-1
2016-07-29,93840,2016-12-31,2,23800000000,0.050,,,,,1660000000,0.052,1680000000,0.071,,1110000000,,114.47,,,,,,,,,,,,,,,,,,,,,,true,true,12,2016-01-01,2016-12-31,0
2016-07-29,93840,2015-12-31,2,,,,,,,,,,,,,,,,,,,,8863000000,6786000000,0.727,,6442000000,,,,,,,,,,,,true,false,12,2015-01-01,2015-12-31,-1
2016-07-29,93840,2015-12-31,2,,,,,,,,,,,,,,,,,,,,,,,,,,,,,10.00,,,,10698000,1000930,,false,false,12,2015-01-01,2015-12-31,-1
2016-07-29,93840,2016-12-31,2,,,,,,,,,,,,,,,,,,,,,,,,,,,,,15.00,,,,,,,false,false,12,2016-01-01,2016-12-31,0
2016-07-29,93840,2016-12-31,2,,,,,,,,,,,,,,,,,,,,,,,,,,,,,15.00,,,,,,,false,true,12,2016-01-01,2016-12-31,0
2016-07-29,93840,2016-12-31,2,,,,,,,,,,,,,,,,,,,,,,,,,,,,,,,,,10698000,1000988,9697045,false,false,6,2016-01-01,2016-06-30,0
2016-07-29,93840,2015-12-31,2,,,,,,,,,,,,,,,,,,,,,,,,,,,,,,,,,,,10697070,false,false,6,2015-01-01,2015-06-30,-1
2016-09-30,93840,2016-12-31,,20600000000,-0.134,,,,,1200000000,-0.277,1120000000,-0.333,800000000,,-0.279,82.50,,,,,,,,,,,,,,,,,,,,,,true,true,12,2016-01-01,2016-12-31,0
2016-09-30,93840,2015-12-31,,22657000000,,,,,,1578000000,,1568000000,,1005000000,,,94.72,,,,,,,,,,,,,,,,,,,,,,true,false,12,2015-01-01,2015-12-31,-1
2016-10-28,93840,2016-12-31,3,14879000000,-0.123,,,,,900000000,-0.218,853000000,-0.254,,584000000,,60.32,,,,,,10087000000,6659000000,0.622,,6275000000,,,,,,,,,,,,true,false,9,2016-01-01,2016-09-30,0
2016-10-28,93840,2015-12-31,3,16975000000,0.157,,,,,1152000000,0.678,1143000000,0.621,,695000000,,65.06,,,,,,,,,,,,,,,,,,,,,,true,false,9,2015-01-01,2015-09-30,-1
2016-10-28,93840,2016-12-31,3,20600000000,-0.091,,,,,1200000000,-0.240,1120000000,-0.286,,800000000,,82.50,,,,,,,,,,,,,,,,,,,,,,true,true,12,2016-01-01,2016-12-31,0
2016-10-28,93840,2015-12-31,3,,,,,,,,,,,,,,,,,,,,8863000000,6786000000,0.727,,6442000000,,,,,,,,,,,,true,false,12,2015-01-01,2015-12-31,-1
2016-10-28,93840,2015-12-31,3,,,,,,,,,,,,,,,,,,,,,,,,,,,,,10.00,,,,10698000,1000930,,false,false,12,2015-01-01,2015-12-31,-1
2016-10-28,93840,2016-12-31,3,,,,,,,,,,,,,,,,,,,,,,,,,,,,,15.00,,,,,,,false,false,12,2016-01-01,2016-12-31,0
2016-10-28,93840,2016-12-31,3,,,,,,,,,,,,,,,,,,,,,,,,,,,,,15.00,,,,,,,false,true,12,2016-01-01,2016-12-31,0
2016-10-28,93840,2016-12-31,3,,,,,,,,,,,,,,,,,,,,,,,,,,,,,,,,,10698000,1000988,9697035,false,false,9,2016-01-01,2016-09-30,0
2016-10-28,93840,2015-12-31,3,,,,,,,,,,,,,,,,,,,,,,,,,,,,,,,,,,,10697070,false,false,9,2015-01-01,2015-09-30,-1
2017-01-17,93840,2016-12-31,,20000000000,-0.029,,,,,1300000000,0.083,1300000000,0.161,,400000000,,41.25,,,,,,,,,,,,,,,,,,,,,,true,true,12,2016-01-01,2016-12-31,0
2017-01-17,93840,2015-12-31,,22657000000,,,,,,1578000000,,1568000000,,,1005000000,,94.72,,,,,,,,,,,,,,,,,,,,,,true,false,12,2015-01-01,2015-12-31,-1
2017-02-10,93840,2016-12-31,,19979000000,-0.118,,,,,1309000000,-0.170,1333000000,-0.150,,438000000,,45.23,,0.068,0.146,0.066,,9393000000,6856000000,0.686,664.35,6442000000,946000000,-1305000000,364000000,4496000000,,0.663,,,,,,true,false,12,2016-01-01,2016-12-31,0
2017-02-10,93840,2015-12-31,,22657000000,0.128,,,,,1578000000,0.378,1568000000,0.299,,1005000000,,94.72,,0.151,0.174,0.070,,8863000000,6786000000,0.727,664.32,6442000000,1053000000,160000000,-1068000000,4693000000,,0.264,,,,,,true,false,12,2015-01-01,2015-12-31,-1
2017-02-10,93840,2017-12-31,,10400000000,0.039,,,,,680000000,0.176,700000000,0.374,,500000000,,51.56,,,,,,,,,,,,,,,,,,,,,,true,true,6,2017-01-01,2017-06-30,1
2017-02-10,93840,2017-12-31,,21500000000,0.076,,,,,1500000000,0.146,1500000000,0.125,,1100000000,,113.44,,,,,,,,,,,,,,,,,,,,,,true,true,12,2017-01-01,2017-12-31,1
2017-02-10,93840,2016-12-31,,9937000000,-0.089,,,,,728000000,-0.021,1030000000,-0.071,477000000,,-0.400,49.23,,,,,,6175000000,4488000000,0.727,462.89,4488000000,,,,,30.00,,,,10698000,1000988,9697029,false,false,12,2016-01-01,2016-12-31,0
2017-02-10,93840,2015-12-31,,10910000000,0.074,,,,,744000000,-0.077,1108000000,0.030,795000000,,,74.92,,,,,,5455000000,4265000000,0.782,439.90,4265000000,,,,,10.00,,,,10698000,1000930,10620147,false,false,12,2015-01-01,2015-12-31,-1
2017-02-10,93840,2017-12-31,,,,,,,,,,,,,,,,,,,,,,,,,,,,,,30.00,,,,,,,false,true,12,2017-01-01,2017-12-31,1
2017-04-28,93840,2017-12-31,1,5189000000,0.018,,,,,362000000,0.348,389000000,0.490,,377000000,,38.94,,,,,,9707000000,7102000000,0.687,,6670000000,,,,,,,,,,,,true,false,3,2017-01-01,2017-03-31,0
2017-04-28,93840,2016-12-31,1,5097000000,-0.081,,,,,269000000,-0.339,261000000,-0.356,,165000000,,17.09,,,,,,,,,,,,,,,,,,,,,,true,false,3,2016-01-01,2016-03-31,-1
2017-04-28,93840,2017-12-31,1,10400000000,0.039,,,,,680000000,0.176,700000000,0.374,,500000000,,51.56,,,,,,,,,,,,,,,,,,,,,,true,true,6,2017-01-01,2017-06-30,0
2017-04-28,93840,2017-12-31,1,21500000000,0.076,,,,,1500000000,0.146,1500000000,0.125,,1100000000,,113.44,,,,,,,,,,,,,,,,,,,,,,true,true,12,2017-01-01,2017-12-31,0
2017-04-28,93840,2016-12-31,1,,,,,,,,,,,,,,,,,,,,9393000000,6856000000,0.686,,6442000000,,,,,,,,,,,,true,false,12,2016-01-01,2016-12-31,-1
2017-04-28,93840,2016-12-31,1,,,,,,,,,,,,,,,,,,,,,,,,,,,,,30.00,,,,10698000,1000988,,false,false,12,2016-01-01,2016-12-31,-1
2017-04-28,93840,2017-12-31,1,,,,,,,,,,,,,,,,,,,,,,,,,,,,,30.00,,,,,,,false,true,12,2017-01-01,2017-12-31,0
2017-04-28,93840,2017-12-31,1,,,,,,,,,,,,,,,,,,,,,,,,,,,,,,,,,10698000,1000988,9697012,false,false,3,2017-01-01,2017-03-31,0
2017-04-28,93840,2016-12-31,1,,,,,,,,,,,,,,,,,,,,,,,,,,,,,,,,,,,9697070,false,false,3,2016-01-01,2016-03-31,-1
2017-07-28,93840,2017-12-31,2,10523000000,0.051,,,,,718000000,0.244,748000000,0.469,,617000000,,63.63,,,,,,9938000000,7318000000,0.693,,6887000000,,,,,,,,,,,,true,false,6,2017-01-01,2017-06-30,0
2017-07-28,93840,2016-12-31,2,10013000000,-0.119,,,,,578000000,-0.260,509000000,-0.344,,352000000,,36.34,,,,,,,,,,,,,,,,,,,,,,true,false,6,2016-01-01,2016-06-30,-1
2017-07-28,93840,2017-12-31,2,21500000000,0.076,,,,,1500000000,0.146,1500000000,0.125,,1100000000,,113.44,,,,,,,,,,,,,,,,,,,,,,true,true,12,2017-01-01,2017-12-31,0
2017-07-28,93840,2016-12-31,2,,,,,,,,,,,,,,,,,,,,9393000000,6856000000,0.686,,6442000000,,,,,,,,,,,,true,false,12,2016-01-01,2016-12-31,-1
2017-07-28,93840,2016-12-31,2,,,,,,,,,,,,,,,,,,,,,,,,,,,,,30.00,,,,10698000,1000988,,false,false,12,2016-01-01,2016-12-31,-1
2017-07-28,93840,2017-12-31,2,,,,,,,,,,,,,,,,,,,,,,,,,,,,,15.00,,,,,,,false,false,12,2017-01-01,2017-12-31,0
2017-07-28,93840,2017-12-31,2,,,,,,,,,,,,,,,,,,,,,,,,,,,,,15.00,,,,,,,false,true,12,2017-01-01,2017-12-31,0
2017-07-28,93840,2017-12-31,2,,,,,,,,,,,,,,,,,,,,,,,,,,,,,,,,,10698000,1000988,9697012,false,false,6,2017-01-01,2017-06-30,0
2017-07-28,93840,2016-12-31,2,,,,,,,,,,,,,,,,,,,,,,,,,,,,,,,,,,,9697045,false,false,6,2016-01-01,2016-06-30,-1
2017-10-30,93840,2017-12-31,3,16093000000,0.082,,,,,1067000000,0.186,1108000000,0.299,,877000000,,90.44,,,,,,10058000000,7488000000,0.700,,7046000000,,,,,,,,,,,,true,false,9,2017-01-01,2017-09-30,0
2017-10-30,93840,2016-12-31,3,14879000000,-0.123,,,,,900000000,-0.218,853000000,-0.254,,584000000,,60.32,,,,,,,,,,,,,,,,,,,,,,true,false,9,2016-01-01,2016-09-30,-1
2017-10-30,93840,2017-12-31,3,21500000000,0.076,,,,,1500000000,0.146,1500000000,0.125,,1100000000,,113.44,,,,,,,,,,,,,,,,,,,,,,true,true,12,2017-01-01,2017-12-31,0
2017-10-30,93840,2016-12-31,3,,,,,,,,,,,,,,,,,,,,9393000000,6856000000,0.686,,6442000000,,,,,,,,,,,,true,false,12,2016-01-01,2016-12-31,-1
2017-10-30,93840,2016-12-31,3,,,,,,,,,,,,,,,,,,,,,,,,,,,,,30.00,,,,10698000,1000988,,false,false,12,2016-01-01,2016-12-31,-1
2017-10-30,93840,2017-12-31,3,,,,,,,,,,,,,,,,,,,,,,,,,,,,,15.00,,,,,,,false,false,12,2017-01-01,2017-12-31,0
2017-10-30,93840,2017-12-31,3,,,,,,,,,,,,,,,,,,,,,,,,,,,,,15.00,,,,,,,false,true,12,2017-01-01,2017-12-31,0
2017-10-30,93840,2017-12-31,3,,,,,,,,,,,,,,,,,,,,,,,,,,,,,,,,,10698000,1000988,9697012,false,false,9,2017-01-01,2017-09-30,0
2017-10-30,93840,2016-12-31,3,,,,,,,,,,,,,,,,,,,,,,,,,,,,,,,,,,,9697035,false,false,9,2016-01-01,2016-09-30,-1
,93840,2017-12-31,,,,,,,,,,,,,,,,,,,,,,,,,,,,,,32.00,,,,,,,false,true,12,2017-01-01,2017-12-31,0
,93840,2017-12-31,,,,,,,,,,,,,,,,,,,,,,,,,,,,,,15.00,,,,,,,false,false,12,2017-01-01,2017-12-31,0
,93840,2016-12-31,,,,,,,,,,,,,,,,,,,,,,,,,,,,,,30.00,,,,,,,false,false,12,2016-01-01,2016-12-31,-1
2018-02-09,93840,2017-12-31,,21709000000,0.087,,,,,1500000000,0.146,1588000000,0.191,,1192000000,,122.94,,0.171,0.163,0.069,,10107000000,7974000000,0.742,773.19,7497000000,1338000000,-1000000,-817000000,5101000000,,0.260,,,,,,true,false,12,2017-01-01,2017-12-31,0
2018-02-09,93840,2016-12-31,,19979000000,-0.118,,,,,1309000000,-0.170,1333000000,-0.150,,438000000,,45.23,,0.068,0.146,0.066,,9393000000,6856000000,0.686,664.35,6442000000,946000000,-1305000000,364000000,4496000000,,0.663,,,,,,true,false,12,2016-01-01,2016-12-31,-1
2018-02-09,93840,2018-12-31,,11200000000,0.064,,,,,820000000,0.141,840000000,0.122,,620000000,,63.94,,,,,,,,,,,,,,,,,,,,,,true,true,6,2018-01-01,2018-06-30,1
2018-02-09,93840,2018-12-31,,23000000000,0.059,,,,,1700000000,0.133,1750000000,0.102,,1300000000,,134.06,,,,,,,,,,,,,,,,,,,,,,true,true,12,2018-01-01,2018-12-31,1
2018-02-09,93840,2017-12-31,,10336000000,0.040,,,,,706000000,-0.030,1003000000,-0.026,835000000,,0.750,86.17,,,,,,6241000000,5039000000,0.807,519.71,5039000000,,,,,32.00,,,,10698000,1001019,9697004,false,false,12,2017-01-01,2017-12-31,0
2018-02-09,93840,2016-12-31,,9937000000,-0.089,,,,,728000000,-0.021,1030000000,-0.071,477000000,,-0.400,49.23,,,,,,6175000000,4488000000,0.727,462.89,4488000000,,,,,30.00,,,,10698000,1000988,9697029,false,false,12,2016-01-01,2016-12-31,-1
2018-02-09,93840,2018-12-31,,,,,,,,,,,,,,,,,,,,,,,,,,,,,,32.00,,,,,,,false,true,12,2018-01-01,2018-12-31,1
2018-04-27,93840,2018-12-31,1,5548000000,0.069,,,,,311000000,-0.142,278000000,-0.285,,195000000,,20.13,,,,,,9991000000,7786000000,0.733,,7322000000,,,,,,,,,,,,true,false,3,2018-01-01,2018-03-31,0
2018-04-27,93840,2017-12-31,1,5189000000,0.018,,,,,362000000,0.348,389000000,0.490,,377000000,,38.94,,,,,,,,,,,,,,,,,,,,,,true,false,3,2017-01-01,2017-03-31,-1
2018-04-27,93840,2018-12-31,1,11200000000,0.064,,,,,820000000,0.141,840000000,0.122,,620000000,,63.94,,,,,,,,,,,,,,,,,,,,,,true,true,6,2018-01-01,2018-06-30,0
2018-04-27,93840,2018-12-31,1,23000000000,0.059,,,,,1700000000,0.133,1750000000,0.102,,1300000000,,134.06,,,,,,,,,,,,,,,,,,,,,,true,true,12,2018-01-01,2018-12-31,0
2018-04-27,93840,2017-12-31,1,,,,,,,,,,,,,,,,,,,,10107000000,7974000000,0.742,,7497000000,,,,,,,,,,,,true,false,12,2017-01-01,2017-12-31,-1
2018-04-27,93840,2017-12-31,1,,,,,,,,,,,,,,,,,,,,,,,,,,,,,32.00,,,,10698000,1001019,,false,false,12,2017-01-01,2017-12-31,-1
2018-04-27,93840,2018-12-31,1,,,,,,,,,,,,,,,,,,,,,,,,,,,,,32.00,,,,,,,false,true,12,2018-01-01,2018-12-31,0
2018-04-27,93840,2018-12-31,1,,,,,,,,,,,,,,,,,,,,,,,,,,,,,,,,,10698000,1001019,9696981,false,false,3,2018-01-01,2018-03-31,0
2018-04-27,93840,2017-12-31,1,,,,,,,,,,,,,,,,,,,,,,,,,,,,,,,,,,,9697012,false,false,3,2017-01-01,2017-03-31,-1
2018-07-30,93840,2018-12-31,2,11350000000,0.079,,,,,734000000,0.022,721000000,-0.036,,482000000,,49.76,,,,,,10313000000,8087000000,0.739,,7617000000,,,,,,,,,,,,true,false,6,2018-01-01,2018-06-30,0
2018-07-30,93840,2017-12-31,2,10523000000,0.051,,,,,718000000,0.244,748000000,0.469,,617000000,,63.63,,,,,,,,,,,,,,,,,,,,,,true,false,6,2017-01-01,2017-06-30,-1
2018-07-30,93840,2018-12-31,2,23000000000,0.059,,,,,1700000000,0.133,1750000000,0.102,,1300000000,,134.06,,,,,,,,,,,,,,,,,,,,,,true,true,12,2018-01-01,2018-12-31,0
2018-07-30,93840,2017-12-31,2,,,,,,,,,,,,,,,,,,,,10107000000,7974000000,0.742,,7497000000,,,,,,,,,,,,true,false,12,2017-01-01,2017-12-31,-1
2018-07-30,93840,2017-12-31,2,,,,,,,,,,,,,,,,,,,,,,,,,,,,,32.00,,,,10698000,1001019,,false,false,12,2017-01-01,2017-12-31,-1
2018-07-30,93840,2018-12-31,2,,,,,,,,,,,,,,,,,,,,,,,,,,,,,16.00,,,,,,,false,false,12,2018-01-01,2018-12-31,0
2018-07-30,93840,2018-12-31,2,,,,,,,,,,,,,,,,,,,,,,,,,,,,,16.00,,,,,,,false,true,12,2018-01-01,2018-12-31,0
2018-07-30,93840,2018-12-31,2,,,,,,,,,,,,,,,,,,,,,,,,,,,,,,,,,10698000,991219,9699781,false,false,6,2018-01-01,2018-06-30,0
2018-07-30,93840,2017-12-31,2,,,,,,,,,,,,,,,,,,,,,,,,,,,,,,,,,,,9697012,false,false,6,2017-01-01,2017-06-30,-1
2018-10-30,93840,2018-12-31,3,17144000000,0.065,,,,,1098000000,0.029,1109000000,0.000,,735000000,,75.85,,,,,,10713000000,8304000000,0.729,,7808000000,,,,,,,,,,,,true,false,9,2018-01-01,2018-09-30,0
2018-10-30,93840,2017-12-31,3,16093000000,0.082,,,,,1067000000,0.186,1108000000,0.299,,877000000,,90.44,,,,,,,,,,,,,,,,,,,,,,true,false,9,2017-01-01,2017-09-30,-1
2018-10-30,93840,2018-12-31,3,23000000000,0.059,,,,,1700000000,0.133,1750000000,0.102,,1300000000,,134.06,,,,,,,,,,,,,,,,,,,,,,true,true,12,2018-01-01,2018-12-31,0
2018-10-30,93840,2017-12-31,3,,,,,,,,,,,,,,,,,,,,10107000000,7974000000,0.742,,7497000000,,,,,,,,,,,,true,false,12,2017-01-01,2017-12-31,-1
2018-10-30,93840,2017-12-31,3,,,,,,,,,,,,,,,,,,,,,,,,,,,,,32.00,,,,10698000,1001019,,false,false,12,2017-01-01,2017-12-31,-1
2018-10-30,93840,2018-12-31,3,,,,,,,,,,,,,,,,,,,,,,,,,,,,,16.00,,,,,,,false,false,12,2018-01-01,2018-12-31,0
2018-10-30,93840,2018-12-31,3,,,,,,,,,,,,,,,,,,,,,,,,,,,,,16.00,,,,,,,false,true,12,2018-01-01,2018-12-31,0
2018-10-30,93840,2018-12-31,3,,,,,,,,,,,,,,,,,,,,,,,,,,,,,,,,,10698000,991371,9701860,false,false,9,2018-01-01,2018-09-30,0
2018-10-30,93840,2017-12-31,3,,,,,,,,,,,,,,,,,,,,,,,,,,,,,,,,,,,9697012,false,false,9,2017-01-01,2017-09-30,-1
,93840,2018-12-31,,,,,,,,,,,,,,,,,,,,,,,,,,,,,,34.00,,,,,,,false,true,12,2018-01-01,2018-12-31,0
,93840,2018-12-31,,,,,,,,,,,,,,,,,,,,,,,,,,,,,,16.00,,,,,,,false,false,12,2018-01-01,2018-12-31,0
,93840,2017-12-31,,,,,,,,,,,,,,,,,,,,,,,,,,,,,,32.00,,,,,,,false,false,12,2017-01-01,2017-12-31,-1
2019-02-08,93840,2018-12-31,,23254000000,0.071,,,,,1616000000,0.078,1656000000,0.043,,1146000000,,118.17,,0.147,0.157,0.070,,10969000000,8606000000,0.738,834.10,8096000000,1458000000,-351000000,-318000000,5743000000,,0.288,,,,,,true,false,12,2018-01-01,2018-12-31,0
2019-02-08,93840,2017-12-31,,21709000000,0.087,,,,,1500000000,0.146,1588000000,0.191,,1192000000,,122.94,,0.171,0.163,0.069,,10107000000,7974000000,0.742,773.19,7497000000,1338000000,-1000000,-817000000,5101000000,,0.260,,,,,,true,false,12,2017-01-01,2017-12-31,-1
2019-02-08,93840,2019-12-31,,11820000000,0.041,,,,,800000000,0.089,830000000,0.151,,570000000,,58.72,,,,,,,,,,,,,,,,,,,,,,true,true,6,2019-01-01,2019-06-30,1
2019-02-08,93840,2019-12-31,,24500000000,0.054,,,,,1750000000,0.082,1790000000,0.080,,1220000000,,125.69,,,,,,,,,,,,,,,,,,,,,,true,true,12,2019-01-01,2019-12-31,1
2019-02-08,93840,2018-12-31,,10930000000,0.057,,,,,760000000,0.077,1092000000,0.089,795000000,,-0.048,82.01,,,,,,6788000000,5506000000,0.811,567.31,5506000000,,,,,34.00,,,,10698000,991371,9702961,false,false,12,2018-01-01,2018-12-31,0
2019-02-08,93840,2017-12-31,,10336000000,0.040,,,,,706000000,-0.030,1003000000,-0.026,835000000,,0.750,86.17,,,,,,6241000000,5039000000,0.807,519.71,5039000000,,,,,32.00,,,,10698000,1001019,9697004,false,false,12,2017-01-01,2017-12-31,-1
2019-02-08,93840,2019-12-31,,,,,,,,,,,,,,,,,,,,,,,,,,,,,,34.00,,,,,,,false,true,12,2019-01-01,2019-12-31,1
2019-04-26,93840,2019-12-31,1,5525000000,-0.004,,,,,297000000,-0.044,311000000,0.120,,202000000,,20.85,,,,,,11505000000,8841000000,0.707,,8134000000,,,,,,,,,,,,true,false,3,2019-01-01,2019-03-31,0
2019-04-26,93840,2018-12-31,1,5548000000,0.069,,,,,311000000,-0.142,278000000,-0.285,,195000000,,20.13,,,,,,,,,,,,,,,,,,,,,,true,false,3,2018-01-01,2018-03-31,-1
2019-04-26,93840,2019-12-31,1,11820000000,0.041,,,,,800000000,0.089,830000000,0.151,,570000000,,58.72,,,,,,,,,,,,,,,,,,,,,,true,true,6,2019-01-01,2019-06-30,0
2019-04-26,93840,2019-12-31,1,24500000000,0.054,,,,,1750000000,0.082,1790000000,0.080,,1220000000,,125.69,,,,,,,,,,,,,,,,,,,,,,true,true,12,2019-01-01,2019-12-31,0
2019-04-26,93840,2018-12-31,1,,,,,,,,,,,,,,,,,,,,10967000000,8606000000,0.738,,8096000000,,,,,,,,,,,,true,false,12,2018-01-01,2018-12-31,-1
2019-04-26,93840,2018-12-31,1,,,,,,,,,,,,,,,,,,,,,,,,,,,,,34.00,,,,10698000,991371,,false,false,12,2018-01-01,2018-12-31,-1
2019-04-26,93840,2019-12-31,1,,,,,,,,,,,,,,,,,,,,,,,,,,,,,34.00,,,,,,,false,true,12,2019-01-01,2019-12-31,0
2019-04-26,93840,2019-12-31,1,,,,,,,,,,,,,,,,,,,,,,,,,,,,,,,,,10698000,991371,9706629,false,false,3,2019-01-01,2019-03-31,0
2019-04-26,93840,2018-12-31,1,,,,,,,,,,,,,,,,,,,,,,,,,,,,,,,,,,,9696981,false,false,3,2018-01-01,2018-03-31,-1
2019-07-30,93840,2019-12-31,2,11301000000,-0.004,,,,,718000000,-0.022,737000000,0.023,,501000000,,51.68,,,,,,11805000000,8988000000,0.701,,8276000000,,,,,,,,,,,,true,false,6,2019-01-01,2019-06-30,0
2019-07-30,93840,2018-12-31,2,11350000000,0.079,,,,,734000000,0.022,721000000,-0.036,,482000000,,49.76,,,,,,,,,,,,,,,,,,,,,,true,false,6,2018-01-01,2018-06-30,-1
2019-07-30,93840,2019-12-31,2,24500000000,0.054,,,,,1750000000,0.082,1790000000,0.080,,1220000000,,125.69,,,,,,,,,,,,,,,,,,,,,,true,true,12,2019-01-01,2019-12-31,0
2019-07-30,93840,2018-12-31,2,,,,,,,,,,,,,,,,,,,,10967000000,8606000000,0.738,,8096000000,,,,,,,,,,,,true,false,12,2018-01-01,2018-12-31,-1
2019-07-30,93840,2018-12-31,2,,,,,,,,,,,,,,,,,,,,,,,,,,,,,34.00,,,,10698000,991371,,false,false,12,2018-01-01,2018-12-31,-1
2019-07-30,93840,2019-12-31,2,,,,,,,,,,,,,,,,,,,,,,,,,,,,,17.00,,,,,,,false,false,12,2019-01-01,2019-12-31,0
2019-07-30,93840,2019-12-31,2,,,,,,,,,,,,,,,,,,,,,,,,,,,,,34.00,,,,,,,false,true,12,2019-01-01,2019-12-31,0
2019-07-30,93840,2019-12-31,2,,,,,,,,,,,,,,,,,,,,,,,,,,,,,,,,,10698000,980771,9709657,false,false,6,2019-01-01,2019-06-30,0
2019-07-30,93840,2018-12-31,2,,,,,,,,,,,,,,,,,,,,,,,,,,,,,,,,,,,9699781,false,false,6,2018-01-01,2018-06-30,-1
2019-10-30,93840,2019-12-31,3,17006000000,-0.008,,,,,1091000000,-0.006,1120000000,0.010,,781000000,,80.44,,,,,,11726000000,8980000000,0.707,,8285000000,,,,,,,,,,,,true,false,9,2019-01-01,2019-09-30,0
2019-10-30,93840,2018-12-31,3,17144000000,0.065,,,,,1098000000,0.029,1109000000,0.000,,735000000,,75.85,,,,,,,,,,,,,,,,,,,,,,true,false,9,2018-01-01,2018-09-30,-1
2019-10-30,93840,2019-12-31,3,23100000000,-0.007,,,,,1620000000,0.002,1670000000,0.008,,1210000000,,124.57,,,,,,,,,,,,,,,,,,,,,,true,true,12,2019-01-01,2019-12-31,0
2019-10-30,93840,2018-12-31,3,,,,,,,,,,,,,,,,,,,,10967000000,8606000000,0.738,,8096000000,,,,,,,,,,,,true,false,12,2018-01-01,2018-12-31,-1
2019-10-30,93840,2018-12-31,3,,,,,,,,,,,,,,,,,,,,,,,,,,,,,34.00,,,,10698000,991371,,false,false,12,2018-01-01,2018-12-31,-1
2019-10-30,93840,2019-12-31,3,,,,,,,,,,,,,,,,,,,,,,,,,,,,,17.00,,,,,,,false,false,12,2019-01-01,2019-12-31,0
2019-10-30,93840,2019-12-31,3,,,,,,,,,,,,,,,,,,,,,,,,,,,,,34.00,,,,,,,false,true,12,2019-01-01,2019-12-31,0
2019-10-30,93840,2019-12-31,3,,,,,,,,,,,,,,,,,,,,,,,,,,,,,,,,,10698000,980771,9711929,false,false,9,2019-01-01,2019-09-30,0
2019-10-30,93840,2018-12-31,3,,,,,,,,,,,,,,,,,,,,,,,,,,,,,,,,,,,9701860,false,false,9,2018-01-01,2018-09-30,-1
2019-10-30,93840,2019-12-31,,23100000000,-0.057,,,,,1620000000,-0.074,1670000000,-0.067,,1210000000,,124.57,,,,,,,,,,,,,,,,,,,,,,true,true,12,2019-01-01,2019-12-31,0
2019-10-30,93840,2018-12-31,,23254000000,,,,,,1616000000,,1656000000,,,1146000000,,118.17,,,,,,,,,,,,,,,,,,,,,,true,false,12,2018-01-01,2018-12-31,-1
2020-02-10,93840,2019-12-31,,22830000000,-0.018,,,,,1528000000,-0.055,1594000000,-0.038,,1091000000,,112.38,,0.130,0.138,0.067,,12145000000,9484000000,0.721,900.54,8750000000,1618000000,-302000000,-673000000,6319000000,,0.303,,,,,,true,false,12,2019-01-01,2019-12-31,0
2020-02-10,93840,2018-12-31,,23254000000,0.071,,,,,1616000000,0.078,1656000000,0.043,,1146000000,,118.17,,0.147,0.157,0.070,,10967000000,8606000000,0.738,834.10,8096000000,1458000000,-351000000,-318000000,5743000000,,0.288,,,,,,true,false,12,2018-01-01,2018-12-31,-1
2020-02-10,93840,2020-12-31,,11640000000,0.030,,,,,720000000,0.002,760000000,0.030,,530000000,,54.54,,,,,,,,,,,,,,,,,,,,,,true,true,6,2020-01-01,2020-06-30,1
2020-02-10,93840,2020-12-31,,24000000000,0.051,,,,,1650000000,0.080,1680000000,0.054,,1170000000,,120.40,,,,,,,,,,,,,,,,,,,,,,true,true,12,2020-01-01,2020-12-31,1
2020-02-10,93840,2019-12-31,,10665000000,-0.024,,,,,758000000,-0.003,1012000000,-0.073,712000000,,-0.104,73.40,,,,,,7180000000,5893000000,0.821,606.52,5893000000,,,,,34.00,,,,10698000,980771,9713152,false,false,12,2019-01-01,2019-12-31,0
2020-02-10,93840,2018-12-31,,10930000000,0.057,,,,,760000000,0.077,1092000000,0.089,795000000,,-0.048,82.01,,,,,,6788000000,5506000000,0.811,567.31,5506000000,,,,,34.00,,,,10698000,991371,9702961,false,false,12,2018-01-01,2018-12-31,-1
2020-02-10,93840,2020-12-31,,,,,,,,,,,,,,,,,,,,,,,,,,,,,,34.00,,,,,,,false,true,12,2020-01-01,2020-12-31,1
2020-04-30,93840,2020-12-31,1,5397000000,-0.023,,,,,345000000,0.162,336000000,0.079,,229000000,,23.62,,,,,,11805000000,9320000000,0.730,,8614000000,,,,,,,,,,,,true,false,3,2020-01-01,2020-03-31,0
2020-04-30,93840,2019-12-31,1,5525000000,-0.004,,,,,297000000,-0.044,311000000,0.120,,202000000,,20.85,,,,,,,,,,,,,,,,,,,,,,true,false,3,2019-01-01,2019-03-31,-1
2020-04-30,93840,2020-12-31,1,11640000000,0.030,,,,,720000000,0.002,760000000,0.030,,530000000,,54.54,,,,,,,,,,,,,,,,,,,,,,true,true,6,2020-01-01,2020-06-30,0
2020-04-30,93840,2020-12-31,1,24000000000,0.051,,,,,1650000000,0.080,1680000000,0.054,,1170000000,,120.40,,,,,,,,,,,,,,,,,,,,,,true,true,12,2020-01-01,2020-12-31,0
2020-04-30,93840,2019-12-31,1,,,,,,,,,,,,,,,,,,,,12145000000,9484000000,0.721,,8750000000,,,,,,,,,,,,true,false,12,2019-01-01,2019-12-31,-1
2020-04-30,93840,2019-12-31,1,,,,,,,,,,,,,,,,,,,,,,,,,,,,,34.00,,,,10698000,980771,,false,false,12,2019-01-01,2019-12-31,-1
2020-04-30,93840,2020-12-31,1,,,,,,,,,,,,,,,,,,,,,,,,,,,,,34.00,,,,,,,false,true,12,2020-01-01,2020-12-31,0
2020-04-30,93840,2020-12-31,1,,,,,,,,,,,,,,,,,,,,,,,,,,,,,,,,,10698000,980771,9717229,false,false,3,2020-01-01,2020-03-31,0
2020-04-30,93840,2019-12-31,1,,,,,,,,,,,,,,,,,,,,,,,,,,,,,,,,,,,9706629,false,false,3,2019-01-01,2019-03-31,-1
,93840,2020-12-31,,,,,,,,,,,,,,,,,,,,,,,,,,,,,,36.00,,,,,,,false,true,12,2020-01-01,2020-12-31,0
,93840,2019-12-31,,,,,,,,,,,,,,,,,,,,,,,,,,,,,,34.00,,,,,,,false,false,12,2019-01-01,2019-12-31,-1
2020-07-30,93840,2020-12-31,2,10758000000,-0.048,,,,,613000000,-0.146,639000000,-0.133,,439000000,,45.17,,,,,,12000000000,9589000000,0.738,,8856000000,,,,,,,,,,,,true,false,6,2020-01-01,2020-06-30,0
2020-07-30,93840,2019-12-31,2,11301000000,-0.004,,,,,718000000,-0.022,737000000,0.023,,501000000,,51.68,,,,,,,,,,,,,,,,,,,,,,true,false,6,2019-01-01,2019-06-30,-1
2020-07-30,93840,2020-12-31,2,24000000000,0.051,,,,,1650000000,0.080,1680000000,0.054,,1170000000,,120.40,,,,,,,,,,,,,,,,,,,,,,true,true,12,2020-01-01,2020-12-31,0
2020-07-30,93840,2019-12-31,2,,,,,,,,,,,,,,,,,,,,12145000000,9484000000,0.721,,8750000000,,,,,,,,,,,,true,false,12,2019-01-01,2019-12-31,-1
2020-07-30,93840,2019-12-31,2,,,,,,,,,,,,,,,,,,,,,,,,,,,,,34.00,,,,10698000,980771,,false,false,12,2019-01-01,2019-12-31,-1
2020-07-30,93840,2020-12-31,2,,,,,,,,,,,,,,,,,,,,,,,,,,,,,19.00,,,,,,,false,false,12,2020-01-01,2020-12-31,0
2020-07-30,93840,2020-12-31,2,,,,,,,,,,,,,,,,,,,,,,,,,,,,,36.00,,,,,,,false,true,12,2020-01-01,2020-12-31,0
2020-07-30,93840,2020-12-31,2,,,,,,,,,,,,,,,,,,,,,,,,,,,,,,,,,10698000,969971,9720314,false,false,6,2020-01-01,2020-06-30,0
2020-07-30,93840,2019-12-31,2,,,,,,,,,,,,,,,,,,,,,,,,,,,,,,,,,,,9709657,false,false,6,2019-01-01,2019-06-30,-1
2020-10-30,93840,2020-12-31,3,15934000000,-0.063,,,,,884000000,-0.190,940000000,-0.161,,655000000,,67.44,,,,,,11965000000,9617000000,0.743,,8886000000,,,,,,,,,,,,true,false,9,2020-01-01,2020-09-30,0
2020-10-30,93840,2019-12-31,3,17006000000,-0.008,,,,,1091000000,-0.006,1120000000,0.010,,781000000,,80.44,,,,,,,,,,,,,,,,,,,,,,true,false,9,2019-01-01,2019-09-30,-1
2020-10-30,93840,2020-12-31,3,21300000000,-0.067,,,,,1210000000,-0.208,1270000000,-0.203,,880000000,,90.46,,,,,,,,,,,,,,,,,,,,,,true,true,12,2020-01-01,2020-12-31,0
2020-10-30,93840,2019-12-31,3,,,,,,,,,,,,,,,,,,,,12145000000,9484000000,0.721,,8750000000,,,,,,,,,,,,true,false,12,2019-01-01,2019-12-31,-1
2020-10-30,93840,2019-12-31,3,,,,,,,,,,,,,,,,,,,,,,,,,,,,,34.00,,,,10698000,980771,,false,false,12,2019-01-01,2019-12-31,-1
2020-10-30,93840,2020-12-31,3,,,,,,,,,,,,,,,,,,,,,,,,,,,,,19.00,,,,,,,false,false,12,2020-01-01,2020-12-31,0
2020-10-30,93840,2020-12-31,3,,,,,,,,,,,,,,,,,,,,,,,,,,,,,36.00,,,,,,,false,true,12,2020-01-01,2020-12-31,0
2020-10-30,93840,2020-12-31,3,,,,,,,,,,,,,,,,,,,,,,,,,,,,,,,,,10698000,969971,9722629,false,false,9,2020-01-01,2020-09-30,0
2020-10-30,93840,2019-12-31,3,,,,,,,,,,,,,,,,,,,,,,,,,,,,,,,,,,,9711929,false,false,9,2019-01-01,2019-09-30,-1
2021-02-10,93840,2020-12-31,,22209000000,-0.027,,,,,1411000000,-0.077,1484000000,-0.069,,850000000,,87.48,,0.095,0.119,0.064,,12784000000,9864000000,0.720,945.87,9201000000,1189000000,-152000000,-469000000,6807000000,,0.412,,,,,,true,false,12,2020-01-01,2020-12-31,0
2021-02-10,93840,2019-12-31,,22830000000,-0.018,,,,,1528000000,-0.055,1594000000,-0.038,,1091000000,,112.38,,0.130,0.138,0.067,,12145000000,9484000000,0.721,900.54,8750000000,1618000000,-302000000,-673000000,6319000000,,0.303,,,,,,true,false,12,2019-01-01,2019-12-31,-1
2021-02-10,93840,2021-12-31,,11520000000,0.071,,,,,770000000,0.255,800000000,0.250,,560000000,,57.57,,,,,,,,,,,,,,,,,,,,,,true,true,6,2021-01-01,2021-06-30,1
2021-02-10,93840,2021-12-31,,24000000000,0.081,,,,,1620000000,0.148,1680000000,0.132,,1180000000,,121.30,,,,,,,,,,,,,,,,,,,,,,true,true,12,2021-01-01,2021-12-31,1
2021-02-10,93840,2020-12-31,,10202000000,-0.043,,,,,525000000,-0.307,781000000,-0.228,391000000,,-0.451,40.24,,,,,,7539000000,5946000000,0.789,611.28,5946000000,,,,,36.00,,,,10698000,969971,9723875,false,false,12,2020-01-01,2020-12-31,0
2021-02-10,93840,2019-12-31,,10665000000,-0.024,,,,,758000000,-0.003,1012000000,-0.073,712000000,,-0.104,73.40,,,,,,7180000000,5893000000,0.821,606.52,5893000000,,,,,34.00,,,,10698000,980771,9713152,false,false,12,2019-01-01,2019-12-31,-1
2021-02-10,93840,2021-12-31,,,,,,,,,,,,,,,,,,,,,,,,,,,,,,36.00,,,,,,,false,true,12,2021-01-01,2021-12-31,1
2021-04-30,93840,2021-12-31,1,7196000000,0.333,,,,,761000000,1.202,819000000,1.438,,551000000,,56.67,,,,,,13659000000,10502000000,0.721,,9852000000,,,,,,,,,,,,true,false,3,2021-01-01,2021-03-31,0
2021-04-30,93840,2020-12-31,1,5397000000,-0.023,,,,,345000000,0.162,336000000,0.079,,229000000,,23.62,,,,,,,,,,,,,,,,,,,,,,true,false,3,2020-01-01,2020-03-31,-1
2021-04-30,93840,2021-12-31,1,14000000000,0.301,,,,,1300000000,1.120,1370000000,1.141,,940000000,,96.63,,,,,,,,,,,,,,,,,,,,,,true,true,6,2021-01-01,2021-06-30,0
2021-04-30,93840,2021-12-31,1,27000000000,0.216,,,,,2310000000,0.637,2400000000,0.617,,1680000000,,172.70,,,,,,,,,,,,,,,,,,,,,,true,true,12,2021-01-01,2021-12-31,0
2021-04-30,93840,2020-12-31,1,,,,,,,,,,,,,,,,,,,,12784000000,9864000000,0.720,,9201000000,,,,,,,,,,,,true,false,12,2020-01-01,2020-12-31,-1
2021-04-30,93840,2020-12-31,1,,,,,,,,,,,,,,,,,,,,,,,,,,,,,36.00,,,,10698000,969971,,false,false,12,2020-01-01,2020-12-31,-1
2021-04-30,93840,2021-12-31,1,,,,,,,,,,,,,,,,,,,,,,,,,,,,,36.00,,,,,,,false,true,12,2021-01-01,2021-12-31,0
2021-04-30,93840,2021-12-31,1,,,,,,,,,,,,,,,,,,,,,,,,,,,,,,,,,10698000,970019,9728005,false,false,3,2021-01-01,2021-03-31,0
2021-04-30,93840,2020-12-31,1,,,,,,,,,,,,,,,,,,,,,,,,,,,,,,,,,,,9717229,false,false,3,2020-01-01,2020-03-31,-1
,93840,2021-12-31,,,,,,,,,,,,,,,,,,,,,,,,,,,,,,40.00,,,,,,,false,true,12,2021-01-01,2021-12-31,0
,93840,2020-12-31,,,,,,,,,,,,,,,,,,,,,,,,,,,,,,36.00,,,,,,,false,false,12,2020-01-01,2020-12-31,-1
2021-06-23,93840,2021-12-31,,15000000000,0.071,,,,,1690000000,0.300,1750000000,0.277,,1200000000,,123.32,,,,,,,,,,,,,,,,,,,,,,true,true,6,2021-01-01,2021-06-30,0
2021-06-23,93840,2020-12-31,,10758000000,,,,,,613000000,,639000000,,,439000000,,45.17,,,,,,,,,,,,,,,,,,,,,,true,false,6,2020-01-01,2020-06-30,-1
2021-07-30,93840,2021-12-31,2,15370000000,0.429,,,,,1662000000,1.711,1733000000,1.710,,1160000000,,119.25,,,,,,14473000000,11162000000,0.725,,10495000000,,,,,,,,,,,,true,false,6,2021-01-01,2021-06-30,0
2021-07-30,93840,2020-12-31,2,10758000000,-0.048,,,,,613000000,-0.146,639000000,-0.133,,439000000,,45.17,,,,,,,,,,,,,,,,,,,,,,true,false,6,2020-01-01,2020-06-30,-1
2021-07-30,93840,2021-12-31,2,27000000000,0.216,,,,,2310000000,0.637,2400000000,0.617,,1680000000,,172.70,,,,,,,,,,,,,,,,,,,,,,true,true,12,2021-01-01,2021-12-31,0
2021-07-30,93840,2020-12-31,2,,,,,,,,,,,,,,,,,,,,12784000000,9864000000,0.720,,9201000000,,,,,,,,,,,,true,false,12,2020-01-01,2020-12-31,-1
2021-07-30,93840,2020-12-31,2,,,,,,,,,,,,,,,,,,,,,,,,,,,,,36.00,,,,10698000,969971,,false,false,12,2020-01-01,2020-12-31,-1
2021-07-30,93840,2021-12-31,2,,,,,,,,,,,,,,,,,,,,,,,,,,,,,22.00,,,,,,,false,false,12,2021-01-01,2021-12-31,0
2021-07-30,93840,2021-12-31,2,,,,,,,,,,,,,,,,,,,,,,,,,,,,,40.00,,,,,,,false,true,12,2021-01-01,2021-12-31,0
2021-07-30,93840,2021-12-31,2,,,,,,,,,,,,,,,,,,,,,,,,,,,,,,,,,10698000,961379,9730463,false,false,6,2021-01-01,2021-06-30,0
2021-07-30,93840,2020-12-31,2,,,,,,,,,,,,,,,,,,,,,,,,,,,,,,,,,,,9720314,false,false,6,2020-01-01,2020-06-30,-1
2021-09-15,93840,2021-12-31,,32000000000,0.185,,,,,3190000000,0.381,3270000000,0.363,,2200000000,,226.09,,,,,,,,,,,,,,,,,,,,,,true,true,12,2021-01-01,2021-12-31,0
2021-09-15,93840,2020-12-31,,22209000000,,,,,,1411000000,,1484000000,,,850000000,,87.48,,,,,,,,,,,,,,,,,,,,,,true,false,12,2020-01-01,2020-12-31,-1
2021-09-15,93840,2021-12-31,,,,,,,,,,,,,,,,,,,,,,,,,,,,,,50.00,,,,,,,false,true,12,2021-01-01,2021-12-31,0
2021-09-15,93840,2021-12-31,,,,,,,,,,,,,,,,,,,,,,,,,,,,,,22.00,,,,,,,false,false,12,2021-01-01,2021-12-31,0
2021-09-15,93840,2020-12-31,,,,,,,,,,,,,,,,,,,,,,,,,,,,,,36.00,,,,,,,false,false,12,2020-01-01,2020-12-31,-1
2021-10-29,93840,2021-12-31,3,24507000000,0.538,,,,,2647000000,1.993,2738000000,1.913,,1880000000,,193.19,,,,,,15282000000,11577000000,0.715,,10919000000,,,,,,,,,,,,true,false,9,2021-01-01,2021-09-30,0
2021-10-29,93840,2020-12-31,3,15934000000,-0.063,,,,,884000000,-0.190,940000000,-0.161,,655000000,,67.44,,,,,,,,,,,,,,,,,,,,,,true,false,9,2020-01-01,2020-09-30,-1
2021-10-29,93840,2021-12-31,3,32000000000,0.441,,,,,3190000000,1.260,3270000000,1.203,,2200000000,,226.09,,,,,,,,,,,,,,,,,,,,,,true,true,12,2021-01-01,2021-12-31,0
2021-10-29,93840,2020-12-31,3,,,,,,,,,,,,,,,,,,,,12784000000,9864000000,0.720,,9201000000,,,,,,,,,,,,true,false,12,2020-01-01,2020-12-31,-1
2021-10-29,93840,2020-12-31,3,,,,,,,,,,,,,,,,,,,,,,,,,,,,,36.00,,,,10698000,969971,,false,false,12,2020-01-01,2020-12-31,-1
2021-10-29,93840,2021-12-31,3,,,,,,,,,,,,,,,,,,,,,,,,,,,,,22.00,,,,,,,false,false,12,2021-01-01,2021-12-31,0
2021-10-29,93840,2021-12-31,3,,,,,,,,,,,,,,,,,,,,,,,,,,,,,50.00,,,,,,,false,true,12,2021-01-01,2021-12-31,0
2021-10-29,93840,2021-12-31,3,,,,,,,,,,,,,,,,,,,,,,,,,,,,,,,,,10698000,961404,9732306,false,false,9,2021-01-01,2021-09-30,0
2021-10-29,93840,2020-12-31,3,,,,,,,,,,,,,,,,,,,,,,,,,,,,,,,,,,,9722629,false,false,9,2020-01-01,2020-09-30,-1
2021-12-15,93840,2021-12-31,,34700000000,0.084,,,,,3720000000,0.166,3820000000,0.168,,2610000000,,268.18,,,,,,,,,,,,,,,,,,,,,,true,true,12,2021-01-01,2021-12-31,0
2021-12-15,93840,2020-12-31,,22209000000,,,,,,1411000000,,1484000000,,,850000000,,87.48,,,,,,,,,,,,,,,,,,,,,,true,false,12,2020-01-01,2020-12-31,-1
2022-02-10,93840,2021-12-31,,35266000000,0.588,,,,,3808000000,1.699,3922000000,1.642,,2783000000,,285.93,,0.263,0.266,0.108,,16752000000,12700000000,0.716,1232.38,11999000000,2551000000,-428000000,-546000000,8678000000,,0.175,,,,,,true,false,12,2021-01-01,2021-12-31,0
2022-02-10,93840,2020-12-31,,22209000000,-0.027,,,,,1411000000,-0.077,1484000000,-0.069,,850000000,,87.48,,0.095,0.119,0.064,,12784000000,9864000000,0.720,945.87,9201000000,1189000000,-67000000,-554000000,6807000000,,0.412,,,,,,true,false,12,2020-01-01,2020-12-31,-1
2022-02-10,93840,2022-12-31,,17800000000,0.158,,,,,2010000000,0.209,2040000000,0.177,,1390000000,,142.76,,,,,,,,,,,,,,,,,,,,,,true,true,6,2022-01-01,2022-06-30,1
2022-02-10,93840,2022-12-31,,36200000000,0.026,,,,,4050000000,0.063,4110000000,0.048,,2790000000,,286.54,,,,,,,,,,,,,,,,,,,,,,true,true,12,2022-01-01,2022-12-31,1
2022-02-10,93840,2021-12-31,,17451000000,0.711,,,,,2032000000,2.865,2411000000,2.084,1787000000,,3.569,183.67,,,,,,9650000000,7380000000,0.765,757.98,7380000000,,,,,50.00,,,,10698000,961204,9733342,false,false,12,2021-01-01,2021-12-31,0
2022-02-10,93840,2020-12-31,,10202000000,-0.043,,,,,525000000,-0.307,781000000,-0.228,391000000,,-0.451,40.24,,,,,,7539000000,5946000000,0.789,611.28,5946000000,,,,,36.00,,,,10698000,969971,9723875,false,false,12,2020-01-01,2020-12-31,-1
2022-02-10,93840,2022-12-31,,,,,,,,,,,,,,,,,,,,,,,,,,,,,,50.00,,,,,,,false,true,12,2022-01-01,2022-12-31,1
2022-04-28,93840,2022-12-31,1,10911000000,0.516,,,,,1322000000,0.738,1381000000,0.685,,941000000,,96.65,,,,,,17561000000,13682000000,0.736,,12921000000,,,,,,,,,,,,true,false,3,2022-01-01,2022-03-31,0
2022-04-28,93840,2021-12-31,1,7196000000,0.333,,,,,761000000,1.202,819000000,1.438,,551000000,,56.67,,,,,,,,,,,,,,,,,,,,,,true,false,3,2021-01-01,2021-03-31,-1
2022-04-28,93840,2022-12-31,1,21600000000,0.405,,,,,2410000000,0.449,2440000000,0.407,,1660000000,,170.49,,,,,,,,,,,,,,,,,,,,,,true,true,6,2022-01-01,2022-06-30,0
2022-04-28,93840,2022-12-31,1,43200000000,0.225,,,,,4710000000,0.237,4780000000,0.219,,3260000000,,334.81,,,,,,,,,,,,,,,,,,,,,,true,true,12,2022-01-01,2022-12-31,0
2022-04-28,93840,2021-12-31,1,,,,,,,,,,,,,,,,,,,,16752000000,12700000000,0.716,,11999000000,,,,,,,,,,,,true,false,12,2021-01-01,2021-12-31,-1
2022-04-28,93840,2021-12-31,1,,,,,,,,,,,,,,,,,,,,,,,,,,,,,50.00,,,,10698000,961204,,false,false,12,2021-01-01,2021-12-31,-1
2022-04-28,93840,2022-12-31,1,,,,,,,,,,,,,,,,,,,,,,,,,,,,,55.00,,,,,,,false,true,12,2022-01-01,2022-12-31,0
2022-04-28,93840,2022-12-31,1,,,,,,,,,,,,,,,,,,,,,,,,,,,,,,,,,10698000,961104,9736821,false,false,3,2022-01-01,2022-03-31,0
2022-04-28,93840,2021-12-31,1,,,,,,,,,,,,,,,,,,,,,,,,,,,,,,,,,,,9728005,false,false,3,2021-01-01,2021-03-31,-1
2022-07-29,93840,2022-12-31,2,23552000000,0.532,,,,,3139000000,0.888,3343000000,0.929,,2269000000,,233.00,,,,,,20065000000,15532000000,0.733,,14705000000,,,,,,,,,,,,true,false,6,2022-01-01,2022-06-30,0
2022-07-29,93840,2021-12-31,2,15370000000,0.429,,,,,1662000000,1.711,1733000000,1.710,,1160000000,,119.25,,,,,,,,,,,,,,,,,,,,,,true,false,6,2021-01-01,2021-06-30,-1
2022-07-29,93840,2022-12-31,2,43200000000,0.225,,,,,4710000000,0.237,4780000000,0.219,,3260000000,,334.81,,,,,,,,,,,,,,,,,,,,,,true,true,12,2022-01-01,2022-12-31,0
2022-07-29,93840,2021-12-31,2,,,,,,,,,,,,,,,,,,,,16752000000,12700000000,0.716,,11999000000,,,,,,,,,,,,true,false,12,2021-01-01,2021-12-31,-1
2022-07-29,93840,2021-12-31,2,,,,,,,,,,,,,,,,,,,,,,,,,,,,,50.00,,,,10698000,961204,,false,false,12,2021-01-01,2021-12-31,-1
2022-07-29,93840,2022-12-31,2,,,,,,,,,,,,,,,,,,,,,,,,,,,,,30.00,,,,,,,false,false,12,2022-01-01,2022-12-31,0
2022-07-29,93840,2022-12-31,2,,,,,,,,,,,,,,,,,,,,,,,,,,,,,55.00,,,,,,,false,true,12,2022-01-01,2022-12-31,0
2022-07-29,93840,2022-12-31,2,,,,,,,,,,,,,,,,,,,,,,,,,,,,,,,,,10698000,954904,9738624,false,false,6,2022-01-01,2022-06-30,0
2022-07-29,93840,2021-12-31,2,,,,,,,,,,,,,,,,,,,,,,,,,,,,,,,,,,,9730463,false,false,6,2021-01-01,2021-06-30,-1
2022-10-28,93840,2022-12-31,3,36179000000,0.476,,,,,4982000000,0.882,5311000000,0.939,,3640000000,,373.73,,,,,,21141000000,16657000000,0.749,,15826000000,,,,,,,,,,,,true,false,9,2022-01-01,2022-09-30,0
2022-10-28,93840,2021-12-31,3,24507000000,0.538,,,,,2647000000,1.993,2738000000,1.913,,1880000000,,193.19,,,,,,,,,,,,,,,,,,,,,,true,false,9,2021-01-01,2021-09-30,-1
2022-10-28,93840,2022-12-31,3,48500000000,0.375,,,,,6670000000,0.751,7010000000,0.787,,4800000000,,492.80,,,,,,,,,,,,,,,,,,,,,,true,true,12,2022-01-01,2022-12-31,0
2022-10-28,93840,2021-12-31,3,,,,,,,,,,,,,,,,,,,,16752000000,12700000000,0.716,,11999000000,,,,,,,,,,,,true,false,12,2021-01-01,2021-12-31,-1
2022-10-28,93840,2021-12-31,3,,,,,,,,,,,,,,,,,,,,,,,,,,,,,50.00,,,,10698000,961204,,false,false,12,2021-01-01,2021-12-31,-1
2022-10-28,93840,2022-12-31,3,,,,,,,,,,,,,,,,,,,,,,,,,,,,,30.00,,,,,,,false,false,12,2022-01-01,2022-12-31,0
2022-10-28,93840,2022-12-31,3,,,,,,,,,,,,,,,,,,,,,,,,,,,,,85.00,,,,,,,false,true,12,2022-01-01,2022-12-31,0
2022-10-28,93840,2022-12-31,3,,,,,,,,,,,,,,,,,,,,,,,,,,,,,,,,,10698000,953847,9740267,false,false,9,2022-01-01,2022-09-30,0
2022-10-28,93840,2021-12-31,3,,,,,,,,,,,,,,,,,,,,,,,,,,,,,,,,,,,9732306,false,false,9,2021-01-01,2021-09-30,-1
2023-02-10,93840,2022-12-31,,47320000000,0.342,,,,,6680000000,0.754,6874000000,0.753,,4651000000,,477.56,,0.325,0.354,0.141,,22133000000,17510000000,0.752,1708.09,16643000000,5968000000,-118000000,-707000000,14294000000,,0.178,,,,,,true,false,12,2022-01-01,2022-12-31,0
2023-02-10,93840,2021-12-31,,35266000000,0.588,,,,,3808000000,1.699,3922000000,1.642,,2783000000,,285.93,,0.263,0.266,0.108,,16752000000,12700000000,0.716,1232.38,11999000000,2551000000,-428000000,-546000000,8678000000,,0.175,,,,,,true,false,12,2021-01-01,2021-12-31,-1
2023-02-10,93840,2023-12-31,,20000000000,-0.151,,,,,2500000000,-0.204,2580000000,-0.228,,1780000000,,182.73,,,,,,,,,,,,,,,,,,,,,,true,true,6,2023-01-01,2023-06-30,1
2023-02-10,93840,2023-12-31,,42700000000,-0.098,,,,,5700000000,-0.147,5860000000,-0.148,,4030000000,,413.71,,,,,,,,,,,,,,,,,,,,,,true,true,12,2023-01-01,2023-12-31,1
2023-02-10,93840,2022-12-31,,25597000000,0.467,,,,,3782000000,0.861,4371000000,0.813,3128000000,,0.750,321.14,,,,,,12330000000,9883000000,0.802,1014.27,9883000000,,,,,85.00,,,,10698000,953847,9741164,false,false,12,2022-01-01,2022-12-31,0
2023-02-10,93840,2021-12-31,,17451000000,0.711,,,,,2032000000,2.865,2411000000,2.084,1787000000,,3.569,183.67,,,,,,9650000000,7380000000,0.765,757.98,7380000000,,,,,50.00,,,,10698000,961204,9733342,false,false,12,2021-01-01,2021-12-31,-1
2023-02-10,93840,2023-12-31,,,,,,,,,,,,,,,,,,,,,,,,,,,,,,85.00,,,,,,,false,true,12,2023-01-01,2023-12-31,1
2023-04-28,93840,2023-12-31,1,8366000000,-0.233,,,,,1331000000,0.007,1391000000,0.007,,954000000,,97.92,,,,,,21361000000,17881000000,0.799,,17062000000,,,,,,,,,,,,true,false,3,2023-01-01,2023-03-31,0
2023-04-28,93840,2022-12-31,1,10911000000,0.516,,,,,1322000000,0.738,1381000000,0.685,,941000000,,96.65,,,,,,,,,,,,,,,,,,,,,,true,false,3,2022-01-01,2022-03-31,-1
2023-04-28,93840,2023-12-31,1,20000000000,-0.151,,,,,2500000000,-0.204,2580000000,-0.228,,1780000000,,182.73,,,,,,,,,,,,,,,,,,,,,,true,true,6,2023-01-01,2023-06-30,0
2023-04-28,93840,2023-12-31,1,42700000000,-0.098,,,,,5700000000,-0.147,5860000000,-0.148,,4030000000,,413.71,,,,,,,,,,,,,,,,,,,,,,true,true,12,2023-01-01,2023-12-31,0
2023-04-28,93840,2022-12-31,1,,,,,,,,,,,,,,,,,,,,22133000000,17510000000,0.752,,16643000000,,,,,,,,,,,,true,false,12,2022-01-01,2022-12-31,-1
2023-04-28,93840,2022-12-31,1,,,,,,,,,,,,,,,,,,,,,,,,,,,,,85.00,,,,10698000,953847,,false,false,12,2022-01-01,2022-12-31,-1
2023-04-28,93840,2023-12-31,1,,,,,,,,,,,,,,,,,,,,,,,,,,,,,85.00,,,,,,,false,true,12,2023-01-01,2023-12-31,0
2023-04-28,93840,2023-12-31,1,,,,,,,,,,,,,,,,,,,,,,,,,,,,,,,,,10698000,953447,9744403,false,false,3,2023-01-01,2023-03-31,0
2023-04-28,93840,2022-12-31,1,,,,,,,,,,,,,,,,,,,,,,,,,,,,,,,,,,,9736821,false,false,3,2022-01-01,2022-03-31,-1
2023-06-15,93840,2023-12-31,,16100000000,-0.195,,,,,2200000000,-0.120,2300000000,-0.109,,1600000000,,164.20,,,,,,,,,,,,,,,,,,,,,,true,true,6,2023-01-01,2023-06-30,0
2023-06-15,93840,2022-12-31,,23552000000,,,,,,3139000000,,3343000000,,,2269000000,,233.00,,,,,,,,,,,,,,,,,,,,,,true,false,6,2022-01-01,2022-06-30,-1
2023-07-28,93840,2023-12-31,2,16231000000,-0.311,,,,,2271000000,-0.276,2443000000,-0.269,,1646000000,,168.97,,,,,,23037000000,19377000000,0.803,,18504000000,,,,,,,,,,,,true,false,6,2023-01-01,2023-06-30,0
2023-07-28,93840,2022-12-31,2,23552000000,0.532,,,,,3139000000,0.888,3343000000,0.929,,2269000000,,233.00,,,,,,,,,,,,,,,,,,,,,,true,false,6,2022-01-01,2022-06-30,-1
2023-07-28,93840,2023-12-31,2,42700000000,-0.098,,,,,5700000000,-0.147,5860000000,-0.148,,4030000000,,413.71,,,,,,,,,,,,,,,,,,,,,,true,true,12,2023-01-01,2023-12-31,0
2023-07-28,93840,2022-12-31,2,,,,,,,,,,,,,,,,,,,,22133000000,17510000000,0.752,,16643000000,,,,,,,,,,,,true,false,12,2022-01-01,2022-12-31,-1
2023-07-28,93840,2022-12-31,2,,,,,,,,,,,,,,,,,,,,,,,,,,,,,85.00,,,,10698000,953847,,false,false,12,2022-01-01,2022-12-31,-1
2023-07-28,93840,2023-12-31,2,,,,,,,,,,,,,,,,,,,,,,,,,,,,,40.00,,,,,,,false,false,12,2023-01-01,2023-12-31,0
2023-07-28,93840,2023-12-31,2,,,,,,,,,,,,,,,,,,,,,,,,,,,,,85.00,,,,,,,false,true,12,2023-01-01,2023-12-31,0
2023-07-28,93840,2023-12-31,2,,,,,,,,,,,,,,,,,,,,,,,,,,,,,,,,,10698000,946747,9746381,false,false,6,2023-01-01,2023-06-30,0
2023-07-28,93840,2022-12-31,2,,,,,,,,,,,,,,,,,,,,,,,,,,,,,,,,,,,9738624,false,false,6,2022-01-01,2022-06-30,-1
2023-09-29,93840,2023-12-31,,32000000000,-0.251,,,,,4200000000,-0.263,4500000000,-0.232,,3000000000,,307.81,,,,,,,,,,,,,,,,,,,,,,true,true,12,2023-01-01,2023-12-31,0
2023-09-29,93840,2022-12-31,,47320000000,,,,,,6680000000,,6874000000,,,4651000000,,477.56,,,,,,,,,,,,,,,,,,,,,,true,false,12,2022-01-01,2022-12-31,-1
2023-10-30,93840,2023-12-31,3,24326000000,-0.328,,,,,3278000000,-0.342,3534000000,-0.335,,2385000000,,244.73,,,,,,23295000000,19955000000,0.818,,19057000000,,,,,,,,,,,,true,false,9,2023-01-01,2023-09-30,0
2023-10-30,93840,2022-12-31,3,36179000000,0.476,,,,,4982000000,0.882,5311000000,0.939,,3640000000,,373.73,,,,,,,,,,,,,,,,,,,,,,true,false,9,2022-01-01,2022-09-30,-1
2023-10-30,93840,2023-12-31,3,32000000000,-0.324,,,,,4200000000,-0.371,4500000000,-0.345,,3000000000,,307.81,,,,,,,,,,,,,,,,,,,,,,true,true,12,2023-01-01,2023-12-31,0
2023-10-30,93840,2022-12-31,3,,,,,,,,,,,,,,,,,,,,22133000000,17510000000,0.752,,16643000000,,,,,,,,,,,,true,false,12,2022-01-01,2022-12-31,-1
2023-10-30,93840,2022-12-31,3,,,,,,,,,,,,,,,,,,,,,,,,,,,,,85.00,,,,10698000,953847,,false,false,12,2022-01-01,2022-12-31,-1
2023-10-30,93840,2023-12-31,3,,,,,,,,,,,,,,,,,,,,,,,,,,,,,40.00,,,,,,,false,false,12,2023-01-01,2023-12-31,0
2023-10-30,93840,2023-12-31,3,,,,,,,,,,,,,,,,,,,,,,,,,,,,,85.00,,,,,,,false,true,12,2023-01-01,2023-12-31,0
2023-10-30,93840,2023-12-31,3,,,,,,,,,,,,,,,,,,,,,,,,,,,,,,,,,10698000,945680,9748163,false,false,9,2023-01-01,2023-09-30,0
2023-10-30,93840,2022-12-31,3,,,,,,,,,,,,,,,,,,,,,,,,,,,,,,,,,,,9740267,false,false,9,2022-01-01,2022-09-30,-1
2024-02-09,93840,2023-12-31,,32280000000,-0.318,,,,,4203000000,-0.371,4446000000,-0.353,,3041000000,,312.01,,0.168,0.195,0.130,,23362000000,20381000000,0.834,1996.94,19477000000,2644000000,-2460000000,-1164000000,13885000000,,0.272,,,,,,true,false,12,2023-01-01,2023-12-31,0
2024-02-09,93840,2022-12-31,,47320000000,0.342,,,,,6680000000,0.754,6874000000,0.753,,4651000000,,477.56,,0.325,0.354,0.141,,22133000000,17510000000,0.752,1708.09,16643000000,5968000000,-118000000,-707000000,14294000000,,0.178,,,,,,true,false,12,2022-01-01,2022-12-31,-1
2024-02-09,93840,2024-12-31,,16500000000,0.017,,,,,2200000000,-0.032,2300000000,-0.059,,1600000000,,164.11,,,,,,,,,,,,,,,,,,,,,,true,true,6,2024-01-01,2024-06-30,1
2024-02-09,93840,2024-12-31,,34000000000,0.053,,,,,4600000000,0.094,4800000000,0.079,,3300000000,,338.48,,,,,,,,,,,,,,,,,,,,,,true,true,12,2024-01-01,2024-12-31,1
2024-02-09,93840,2023-12-31,,15032000000,-0.413,,,,,2078000000,-0.451,2542000000,-0.418,1819000000,,-0.418,186.59,,,,,,12088000000,10795000000,0.893,1106.84,10795000000,,,,,85.00,,,,10698000,944480,9749368,false,false,12,2023-01-01,2023-12-31,0
2024-02-09,93840,2022-12-31,,25597000000,0.467,,,,,3782000000,0.861,4371000000,0.813,3128000000,,0.750,321.14,,,,,,12330000000,9883000000,0.802,1014.27,9883000000,,,,,85.00,,,,10698000,953847,9741164,false,false,12,2022-01-01,2022-12-31,-1
2024-02-09,93840,2024-12-31,,,,,,,,,,,,,,,,,,,,,,,,,,,,,,85.00,,,,,,,false,true,12,2024-01-01,2024-12-31,1
2024-04-30,93840,2024-12-31,1,7948000000,-0.050,,,,,827000000,-0.378,972000000,-0.301,,671000000,,68.89,,,,,,24626000000,21060000000,0.817,,20118000000,,,,,,,,,,,,true,false,3,2024-01-01,2024-03-31,0
2024-04-30,93840,2023-12-31,1,8366000000,-0.233,,,,,1331000000,0.007,1391000000,0.007,,954000000,,97.92,,,,,,,,,,,,,,,,,,,,,,true,false,3,2023-01-01,2023-03-31,-1
2024-04-30,93840,2024-12-31,1,16500000000,0.017,,,,,2200000000,-0.032,2300000000,-0.059,,1600000000,,164.11,,,,,,,,,,,,,,,,,,,,,,true,true,6,2024-01-01,2024-06-30,0
2024-04-30,93840,2024-12-31,1,34000000000,0.053,,,,,4600000000,0.094,4800000000,0.079,,3300000000,,338.48,,,,,,,,,,,,,,,,,,,,,,true,true,12,2024-01-01,2024-12-31,0
2024-04-30,93840,2023-12-31,1,,,,,,,,,,,,,,,,,,,,23362000000,20381000000,0.834,,19477000000,,,,,,,,,,,,true,false,12,2023-01-01,2023-12-31,-1
2024-04-30,93840,2023-12-31,1,,,,,,,,,,,,,,,,,,,,,,,,,,,,,85.00,,,,10698000,944480,,false,false,12,2023-01-01,2023-12-31,-1
2024-04-30,93840,2024-12-31,1,,,,,,,,,,,,,,,,,,,,,,,,,,,,,85.00,,,,,,,false,true,12,2024-01-01,2024-12-31,0
2024-04-30,93840,2024-12-31,1,,,,,,,,,,,,,,,,,,,,,,,,,,,,,,,,,10698000,944380,9753595,false,false,3,2024-01-01,2024-03-31,0
2024-04-30,93840,2023-12-31,1,,,,,,,,,,,,,,,,,,,,,,,,,,,,,,,,,,,9744403,false,false,3,2023-01-01,2023-03-31,-1
2024-07-30,93840,2024-12-31,2,17214000000,0.061,,,,,1924000000,-0.153,2182000000,-0.107,,1474000000,,151.10,,,,,,26597000000,22537000000,0.810,,21545000000,,,,,,,,,,,,true,false,6,2024-01-01,2024-06-30,0
2024-07-30,93840,2023-12-31,2,16231000000,-0.311,,,,,2271000000,-0.276,2443000000,-0.269,,1646000000,,168.97,,,,,,,,,,,,,,,,,,,,,,true,false,6,2023-01-01,2023-06-30,-1
2024-07-30,93840,2024-12-31,2,34000000000,0.053,,,,,4600000000,0.094,4800000000,0.079,,3300000000,,338.48,,,,,,,,,,,,,,,,,,,,,,true,true,12,2024-01-01,2024-12-31,0
2024-07-30,93840,2023-12-31,2,,,,,,,,,,,,,,,,,,,,23362000000,20381000000,0.834,,19477000000,,,,,,,,,,,,true,false,12,2023-01-01,2023-12-31,-1
2024-07-30,93840,2023-12-31,2,,,,,,,,,,,,,,,,,,,,,,,,,,,,,85.00,,,,10698000,944480,,false,false,12,2023-01-01,2023-12-31,-1
2024-07-30,93840,2024-12-31,2,,,,,,,,,,,,,,,,,,,,,,,,,,,,,40.00,,,,,,,false,false,12,2024-01-01,2024-12-31,0
2024-07-30,93840,2024-12-31,2,,,,,,,,,,,,,,,,,,,,,,,,,,,,,85.00,,,,,,,false,true,12,2024-01-01,2024-12-31,0
2024-07-30,93840,2024-12-31,2,,,,,,,,,,,,,,,,,,,,,,,,,,,,,,,,,10698000,937714,9755772,false,false,6,2024-01-01,2024-06-30,0
2024-07-30,93840,2023-12-31,2,,,,,,,,,,,,,,,,,,,,,,,,,,,,,,,,,,,9746381,false,false,6,2023-01-01,2023-06-30,-1
2024-10-30,93840,2024-12-31,3,27708000000,0.139,,,,,2987000000,-0.089,3130000000,-0.114,,2133000000,,218.62,,,,,,25403000000,21793000000,0.820,,20838000000,,,,,,,,,,,,true,false,9,2024-01-01,2024-09-30,0
2024-10-30,93840,2023-12-31,3,24326000000,-0.328,,,,,3278000000,-0.342,3534000000,-0.335,,2385000000,,244.73,,,,,,,,,,,,,,,,,,,,,,true,false,9,2023-01-01,2023-09-30,-1
2024-10-30,93840,2024-12-31,3,34000000000,0.053,,,,,4600000000,0.094,4800000000,0.079,,3300000000,,338.48,,,,,,,,,,,,,,,,,,,,,,true,true,12,2024-01-01,2024-12-31,0
2024-10-30,93840,2023-12-31,3,,,,,,,,,,,,,,,,,,,,23362000000,20381000000,0.834,,19477000000,,,,,,,,,,,,true,false,12,2023-01-01,2023-12-31,-1
2024-10-30,93840,2023-12-31,3,,,,,,,,,,,,,,,,,,,,,,,,,,,,,85.00,,,,10698000,944480,,false,false,12,2023-01-01,2023-12-31,-1
2024-10-30,93840,2024-12-31,3,,,,,,,,,,,,,,,,,,,,,,,,,,,,,40.00,,,,,,,false,false,12,2024-01-01,2024-12-31,0
2024-10-30,93840,2024-12-31,3,,,,,,,,,,,,,,,,,,,,,,,,,,,,,85.00,,,,,,,false,true,12,2024-01-01,2024-12-31,0
2024-10-30,93840,2024-12-31,3,,,,,,,,,,,,,,,,,,,,,,,,,,,,,,,,,10698000,937257,9757263,false,false,9,2024-01-01,2024-09-30,0
2024-10-30,93840,2023-12-31,3,,,,,,,,,,,,,,,,,,,,,,,,,,,,,,,,,,,9748163,false,false,9,2023-01-01,2023-09-30,-1
2024-12-13,93840,2024-12-31,,38000000000,0.118,,,,,4100000000,-0.109,4300000000,-0.104,,3000000000,,307.46,,,,,,,,,,,,,,,,,,,,,,true,true,12,2024-01-01,2024-12-31,0
2024-12-13,93840,2023-12-31,,32280000000,,,,,,4203000000,,4446000000,,,3041000000,,312.01,,,,,,,,,,,,,,,,,,,,,,true,false,12,2023-01-01,2023-12-31,-1
2025-02-10,93840,2024-12-31,,38016000000,0.178,,,,,4138000000,-0.015,4492000000,0.010,,3154000000,,323.32,,0.151,0.177,0.109,,27396000000,23229000000,0.812,2278.21,22236000000,3321000000,-1109000000,-991000000,15747000000,,0.263,,,,,,true,false,12,2024-01-01,2024-12-31,0
2025-02-10,93840,2023-12-31,,32280000000,-0.318,,,,,4203000000,-0.371,4446000000,-0.353,,3041000000,,312.01,,0.168,0.195,0.130,,23362000000,20381000000,0.834,1996.94,19477000000,2644000000,-2460000000,-1164000000,13885000000,,0.272,,,,,,true,false,12,2023-01-01,2023-12-31,-1
2025-02-10,93840,2025-12-31,,18900000000,0.098,,,,,1800000000,-0.065,1800000000,-0.175,,1300000000,,133.19,,,,,,,,,,,,,,,,,,,,,,true,true,6,2025-01-01,2025-06-30,1
2025-02-10,93840,2025-12-31,,38700000000,0.018,,,,,3900000000,-0.058,3900000000,-0.132,,2700000000,,276.62,,,,,,,,,,,,,,,,,,,,,,true,true,12,2025-01-01,2025-12-31,1
2025-02-10,93840,2024-12-31,,16823000000,0.119,,,,,1831000000,-0.119,2249000000,-0.115,1632000000,,-0.102,167.35,,,,,,13370000000,11613000000,0.869,1189.79,11613000000,,,,,85.00,,,,10698000,937289,9758059,false,false,12,2024-01-01,2024-12-31,0
2025-02-10,93840,2023-12-31,,15032000000,-0.413,,,,,2078000000,-0.451,2542000000,-0.418,1819000000,,-0.418,186.59,,,,,,12088000000,10795000000,0.893,1106.84,10795000000,,,,,85.00,,,,10698000,944480,9749368,false,false,12,2023-01-01,2023-12-31,-1
2025-02-10,93840,2025-12-31,,,,,,,,,,,,,,,,,,,,,,,,,,,,,,85.00,,,,,,,false,true,12,2025-01-01,2025-12-31,1
,93840,2025-12-31,,,,,,,,,,,,,,,,,,,,,,,,,,,,,,85.00,,,,,,,false,true,12,2025-01-01,2025-12-31,0
,93840,2024-12-31,,,,,,,,,,,,,,,,,,,,,,,,,,,,,,85.00,,,,,,,false,false,12,2024-01-01,2024-12-31,-1
2025-04-30,93840,2025-12-31,1,9250000000,0.164,,,,,811000000,-0.020,798000000,-0.179,,561000000,,57.52,,,,,,26457000000,22578000000,0.817,,21623000000,,,,,,,,,,,,true,false,3,2025-01-01,2025-03-31,0
2025-04-30,93840,2024-12-31,1,7948000000,-0.050,,,,,827000000,-0.378,972000000,-0.301,,671000000,,68.89,,,,,,,,,,,,,,,,,,,,,,true,false,3,2024-01-01,2024-03-31,-1
2025-04-30,93840,2025-12-31,1,18900000000,0.098,,,,,1800000000,-0.065,1800000000,-0.175,,1300000000,,133.19,,,,,,,,,,,,,,,,,,,,,,true,true,6,2025-01-01,2025-06-30,0
2025-04-30,93840,2025-12-31,1,38700000000,0.018,,,,,3900000000,-0.058,3900000000,-0.132,,2700000000,,276.62,,,,,,,,,,,,,,,,,,,,,,true,true,12,2025-01-01,2025-12-31,0
2025-04-30,93840,2024-12-31,1,,,,,,,,,,,,,,,,,,,,27396000000,23229000000,0.812,,22236000000,,,,,,,,,,,,true,false,12,2024-01-01,2024-12-31,-1
2025-04-30,93840,2024-12-31,1,,,,,,,,,,,,,,,,,,,,,,,,,,,,,85.00,,,,10698000,937289,,false,false,12,2024-01-01,2024-12-31,-1
2025-04-30,93840,2025-12-31,1,,,,,,,,,,,,,,,,,,,,,,,,,,,,,0.00,,,,,,,false,true,12,2025-01-01,2025-12-31,0
2025-04-30,93840,2025-12-31,1,,,,,,,,,,,,,,,,,,,,,,,,,,,,,,,,,10698000,937303,9760707,false,false,3,2025-01-01,2025-03-31,0
2025-04-30,93840,2024-12-31,1,,,,,,,,,,,,,,,,,,,,,,,,,,,,,,,,,,,9753595,false,false,3,2024-01-01,2024-03-31,-1
