filing_date,code,fiscal_year_end,quarterly_period,net_sales,net_sales_change,revenue,revenue_change,operating_revenue,operating_revenue_change,operating_profit,operating_profit_change,ordinary_profit,ordinary_profit_change,net_income,net_income_of_parent,net_income_change,eps,diluted_eps,roe,roa,operating_profit_to_net_sales,operating_profit_to_revenue,total_assets,net_assets,equity_ratio,bps,owner_equity,operating_cash_flow,investing_cash_flow,financing_cash_flow,cash,dividend_per_share,payout_ratio,commemorative_dividend,extra_dividend,number_of_shares,number_of_treqsury_shares,avg_number_of_shares,is_consolidated,is_forecast,duration,period_start,period_end,period_pos
2015-05-12,94330,2015-03-31,,,,,,4573142000000,0.055,741298000000,0.118,752402000000,0.135,427931000000,,0.329,170.84,,0.149,0.148,,,5250364000000,3238748000000,0.573,1201.86,3010573000000,962249000000,-674520000000,-224862000000,275935000000,,0.332,,,,,,true,false,12,2014-04-01,2015-03-31,0
2015-05-12,94330,2014-03-31,,,,,,4333628000000,0.183,663245000000,0.294,662887000000,0.289,322038000000,,0.334,132.87,,0.130,0.147,,,4945756000000,2916989000000,0.551,1087.21,2723391000000,772207000000,-546257000000,-105643000000,212530000000,,0.326,,,,,,true,false,12,2013-04-01,2014-03-31,-1
2015-05-12,94330,2016-03-31,,,,,,4400000000000,,820000000000,,,,,490000000000,,195.61,,,,,,,,,,,,,,,,0.332,,,,,,true,true,12,2015-04-01,2016-03-31,1
2015-05-12,94330,2015-03-31,,,,,,3728415000000,0.040,614811000000,0.134,635405000000,0.108,403263000000,,0.133,160.99,,,,,,4317271000000,2954269000000,0.684,1179.38,2954269000000,,,,,170.00,,,,2690890800,185954982,2504935944,false,false,12,2014-04-01,2015-03-31,0
2015-05-12,94330,2014-03-31,,,,,,3585292000000,0.065,542110000000,0.165,573727000000,0.213,356004000000,,0.539,146.88,,,,,,4014992000000,2711573000000,0.675,1082.49,2711573000000,,,,,130.00,,,,2690890800,185954844,2423772648,false,false,12,2013-04-01,2014-03-31,-1
2015-05-12,94330,2016-03-31,,,,,,,,,,,,,,,,,,,,,,,,,,,,,,65.00,,,,,,,false,true,12,2015-04-01,2016-03-31,1
2015-08-07,94330,2016-03-31,1,1046577000000,0.071,,,,,230998000000,0.193,,,,143949000000,,57.47,,,,,,5558485000000,,,,,,,,,,,,,,,,true,false,3,2015-04-01,2015-06-30,0
2015-08-07,94330,2015-03-31,1,977413000000,,,,,,193642000000,,,,,111384000000,,44.47,,,,,,,,,,,,,,,,,,,,,,true,false,3,2014-04-01,2014-06-30,-1
2015-08-07,94330,2016-03-31,1,4400000000000,,,,,,820000000000,,,,,490000000000,,195.61,,,,,,,,,,,,,,,,,,,,,,true,true,12,2015-04-01,2016-03-31,0
2015-08-07,94330,2015-03-31,1,,,,,,,,,,,,,,,,,,,,5626725000000,,,,,,,,,,,,,,,,true,false,12,2014-04-01,2015-03-31,-1
2015-08-07,94330,2015-03-31,1,,,,,,,,,,,,,,,,,,,,,,,,,,,,,170.00,,,,2690890800,185954844,,false,false,12,2014-04-01,2015-03-31,-1
2015-08-07,94330,2016-03-31,1,,,,,,,,,,,,,,,,,,,,,,,,,,,,,65.00,,,,,,,false,true,12,2015-04-01,2016-03-31,0
2015-08-07,94330,2016-03-31,1,,,,,,,,,,,,,,,,,,,,,,,,,,,,,,,,,2690890800,185961555,2504929267,false,false,3,2015-04-01,2015-06-30,0
2015-08-07,94330,2015-03-31,1,,,,,,,,,,,,,,,,,,,,,,,,,,,,,,,,,,,2504935956,false,false,3,2014-04-01,2014-06-30,-1
2015-11-05,94330,2016-03-31,2,2151755000000,0.060,,,,,451430000000,0.180,,,,277459000000,,110.76,,,,,,5575561000000,,,,,,,,,,,,,,,,true,false,6,2015-04-01,2015-09-30,0
2015-11-05,94330,2015-03-31,2,2030153000000,,,,,,382535000000,,,,,226817000000,,90.55,,,,,,,,,,,,,,,,,,,,,,true,false,6,2014-04-01,2014-09-30,-1
2015-11-05,94330,2016-03-31,2,4400000000000,,,,,,820000000000,,,,,490000000000,,195.53,,,,,,,,,,,,,,,,,,,,,,true,true,12,2015-04-01,2016-03-31,0
2015-11-05,94330,2015-03-31,2,,,,,,,,,,,,,,,,,,,,5626725000000,,,,,,,,,,,,,,,,true,false,12,2014-04-01,2015-03-31,-1
2015-11-05,94330,2015-03-31,2,,,,,,,,,,,,,,,,,,,,,,,,,,,,,170.00,,,,2690890800,185954982,,false,false,12,2014-04-01,2015-03-31,-1
2015-11-05,94330,2016-03-31,2,,,,,,,,,,,,,,,,,,,,,,,,,,,,,35.00,,,,,,,false,false,12,2015-04-01,2016-03-31,0
2015-11-05,94330,2016-03-31,2,,,,,,,,,,,,,,,,,,,,,,,,,,,,,65.00,,,,,,,false,true,12,2015-04-01,2016-03-31,0
2015-11-05,94330,2016-03-31,2,,,,,,,,,,,,,,,,,,,,,,,,,,,,,,,,,2690890800,184836555,2505116756,false,false,6,2015-04-01,2015-09-30,0
2015-11-05,94330,2015-03-31,2,,,,,,,,,,,,,,,,,,,,,,,,,,,,,,,,,,,2504935956,false,false,6,2014-04-01,2014-09-30,-1
2016-02-09,94330,2016-03-31,3,3299031000000,0.038,,,,,672442000000,0.110,,,,408486000000,,163.04,,,,,,5591826000000,,,,,,,,,,,,,,,,true,false,9,2015-04-01,2015-12-31,0
2016-02-09,94330,2015-03-31,3,3178545000000,,,,,,605989000000,,,,,360340000000,,143.85,,,,,,,,,,,,,,,,,,,,,,true,false,9,2014-04-01,2014-12-31,-1
2016-02-09,94330,2016-03-31,3,4400000000000,,,,,,820000000000,,,,,490000000000,,195.53,,,,,,,,,,,,,,,,,,,,,,true,true,12,2015-04-01,2016-03-31,0
2016-02-09,94330,2015-03-31,3,,,,,,,,,,,,,,,,,,,,5626725000000,,,,,,,,,,,,,,,,true,false,12,2014-04-01,2015-03-31,-1
2016-02-09,94330,2015-03-31,3,,,,,,,,,,,,,,,,,,,,,,,,,,,,,170.00,,,,2690890800,185954982,,false,false,12,2014-04-01,2015-03-31,-1
2016-02-09,94330,2016-03-31,3,,,,,,,,,,,,,,,,,,,,,,,,,,,,,35.00,,,,,,,false,false,12,2015-04-01,2016-03-31,0
2016-02-09,94330,2016-03-31,3,,,,,,,,,,,,,,,,,,,,,,,,,,,,,65.00,,,,,,,false,true,12,2015-04-01,2016-03-31,0
2016-02-09,94330,2016-03-31,3,,,,,,,,,,,,,,,,,,,,,,,,,,,,,,,,,2690890800,184836555,2505429253,false,false,9,2015-04-01,2015-12-31,0
2016-02-09,94330,2015-03-31,3,,,,,,,,,,,,,,,,,,,,,,,,,,,,,,,,,,,2504935956,false,false,9,2014-04-01,2014-12-31,-1
2016-05-12,94330,2016-03-31,,4466135000000,0.046,,,,,833358000000,0.252,,,,494465000000,,197.56,197.54,,,0.187,,5807249000000,,,,,884538000000,-667917000000,-299003000000,,,0.354,,,,,,true,false,12,2015-04-01,2016-03-31,0
2016-05-12,94330,2015-03-31,,4270094000000,,,,,,665719000000,,,,,395805000000,,158.01,158.01,,,0.156,,5626725000000,,,,,968752000000,-635745000000,-310528000000,,,0.359,,,,,,true,false,12,2014-04-01,2015-03-31,-1
2016-05-12,94330,2017-03-31,,4700000000000,0.052,,,,,885000000000,0.062,,,,540000000000,,216.91,,,,,,,,,,,,,,,,0.369,,,,,,true,true,12,2016-04-01,2017-03-31,1
2016-05-12,94330,2016-03-31,,,,,,3827164000000,0.026,613950000000,-0.001,649714000000,0.023,445681000000,,0.105,178.07,,,,,,4379181000000,3182649000000,0.727,1278.44,3182648000000,,,,,70.00,,,,2690890800,201421255,2502821384,false,false,12,2015-04-01,2016-03-31,0
2016-05-12,94330,2015-03-31,,,,,,3728416000000,0.040,614811000000,0.134,635405000000,0.108,403263000000,,0.133,160.99,,,,,,4317272000000,2954269000000,0.684,1179.38,2954269000000,,,,,170.00,,,,2690890800,185954982,2504935944,false,false,12,2014-04-01,2015-03-31,-1
2016-05-12,94330,2017-03-31,,,,,,,,,,,,,,,,,,,,,,,,,,,,,,80.00,,,,,,,false,true,12,2016-04-01,2017-03-31,1
2016-08-02,94330,2017-03-31,1,1130453000000,0.080,,,,,275112000000,0.191,,,,167105000000,,67.25,67.24,,,,,5839250000000,,,,,,,,,,,,,,,,true,false,3,2016-04-01,2016-06-30,0
2016-08-02,94330,2016-03-31,1,1046577000000,0.071,,,,,230998000000,0.193,,,,143949000000,,57.47,57.47,,,,,,,,,,,,,,,,,,,,,true,false,3,2015-04-01,2015-06-30,-1
2016-08-02,94330,2017-03-31,1,4700000000000,0.052,,,,,885000000000,0.063,,,,540000000000,,217.74,,,,,,,,,,,,,,,,,,,,,,true,true,12,2016-04-01,2017-03-31,0
2016-08-02,94330,2016-03-31,1,,,,,,,,,,,,,,,,,,,,5880623000000,,,,,,,,,,,,,,,,true,false,12,2015-04-01,2016-03-31,-1
2016-08-02,94330,2016-03-31,1,,,,,,,,,,,,,,,,,,,,,,,,,,,,,70.00,,,,2690890800,201421255,,false,false,12,2015-04-01,2016-03-31,-1
2016-08-02,94330,2017-03-31,1,,,,,,,,,,,,,,,,,,,,,,,,,,,,,80.00,,,,,,,false,true,12,2016-04-01,2017-03-31,0
2016-08-02,94330,2017-03-31,1,,,,,,,,,,,,,,,,,,,,,,,,,,,,,,,,,2620494257,140496653,2484781417,false,false,3,2016-04-01,2016-06-30,0
2016-08-02,94330,2016-03-31,1,,,,,,,,,,,,,,,,,,,,,,,,,,,,,,,,,,,2504929267,false,false,3,2015-04-01,2015-06-30,-1
2016-11-01,94330,2017-03-31,2,2301581000000,0.070,,,,,532636000000,0.180,,,,326148000000,,131.79,131.77,,,,,6008545000000,,,,,,,,,,,,,,,,true,false,6,2016-04-01,2016-09-30,0
2016-11-01,94330,2016-03-31,2,2151755000000,0.060,,,,,451430000000,0.180,,,,277459000000,,110.76,110.76,,,,,,,,,,,,,,,,,,,,,true,false,6,2015-04-01,2015-09-30,-1
2016-11-01,94330,2017-03-31,2,4700000000000,0.052,,,,,885000000000,0.063,,,,540000000000,,219.70,,,,,,,,,,,,,,,,,,,,,,true,true,12,2016-04-01,2017-03-31,0
2016-11-01,94330,2016-03-31,2,,,,,,,,,,,,,,,,,,,,5880623000000,,,,,,,,,,,,,,,,true,false,12,2015-04-01,2016-03-31,-1
2016-11-01,94330,2016-03-31,2,,,,,,,,,,,,,,,,,,,,,,,,,,,,,70.00,,,,2690890800,201421255,,false,false,12,2015-04-01,2016-03-31,-1
2016-11-01,94330,2017-03-31,2,,,,,,,,,,,,,,,,,,,,,,,,,,,,,40.00,,,,,,,false,false,12,2016-04-01,2017-03-31,0
2016-11-01,94330,2017-03-31,2,,,,,,,,,,,,,,,,,,,,,,,,,,,,,80.00,,,,,,,false,true,12,2016-04-01,2017-03-31,0
2016-11-01,94330,2017-03-31,2,,,,,,,,,,,,,,,,,,,,,,,,,,,,,,,,,2620494257,162641984,2474734501,false,false,6,2016-04-01,2016-09-30,0
2016-11-01,94330,2016-03-31,2,,,,,,,,,,,,,,,,,,,,,,,,,,,,,,,,,,,2505116756,false,false,6,2015-04-01,2015-09-30,-1
2017-02-02,94330,2017-03-31,3,3522219000000,0.068,,,,,775737000000,0.154,,,,471398000000,,190.92,190.89,,,,,6100890000000,,,,,,,,,,,,,,,,true,false,9,2016-04-01,2016-12-31,0
2017-02-02,94330,2016-03-31,3,3299031000000,0.038,,,,,672442000000,0.110,,,,408486000000,,163.04,163.04,,,,,,,,,,,,,,,,,,,,,true,false,9,2015-04-01,2015-12-31,-1
2017-02-02,94330,2017-03-31,3,4700000000000,0.052,,,,,910000000000,0.093,,,,540000000000,,219.70,,,,,,,,,,,,,,,,,,,,,,true,true,12,2016-04-01,2017-03-31,0
2017-02-02,94330,2016-03-31,3,,,,,,,,,,,,,,,,,,,,5880623000000,,,,,,,,,,,,,,,,true,false,12,2015-04-01,2016-03-31,-1
2017-02-02,94330,2016-03-31,3,,,,,,,,,,,,,,,,,,,,,,,,,,,,,70.00,,,,2690890800,201421255,,false,false,12,2015-04-01,2016-03-31,-1
2017-02-02,94330,2017-03-31,3,,,,,,,,,,,,,,,,,,,,,,,,,,,,,40.00,,,,,,,false,false,12,2016-04-01,2017-03-31,0
2017-02-02,94330,2017-03-31,3,,,,,,,,,,,,,,,,,,,,,,,,,,,,,85.00,,,,,,,false,true,12,2016-04-01,2017-03-31,0
2017-02-02,94330,2017-03-31,3,,,,,,,,,,,,,,,,,,,,,,,,,,,,,,,,,2620494257,162641633,2469107169,false,false,9,2016-04-01,2016-12-31,0
2017-02-02,94330,2016-03-31,3,,,,,,,,,,,,,,,,,,,,,,,,,,,,,,,,,,,2505429253,false,false,9,2015-04-01,2015-12-31,-1
2017-05-11,94330,2017-03-31,,4748259000000,0.063,,,,,912976000000,0.097,,,,546658000000,,221.65,221.60,,,0.192,,6263826000000,,,,,1161074000000,-637225000000,-485784000000,,,0.383,,,,,,true,false,12,2016-04-01,2017-03-31,0
2017-05-11,94330,2016-03-31,,4466135000000,0.046,,,,,832583000000,0.251,,,,494878000000,,197.73,197.71,,,0.186,,5880623000000,,,,,884538000000,-667917000000,-299003000000,,,0.354,,,,,,true,false,12,2015-04-01,2016-03-31,-1
2017-05-11,94330,2018-03-31,,4950000000000,0.042,,,,,950000000000,0.041,,,,565000000000,,229.88,,,,,,,,,,,,,,,,0.392,,,,,,true,true,12,2017-04-01,2018-03-31,1
2017-05-11,94330,2016-03-31,,,,,,,,,,,,,,,,,,,,,,,,,,,,,,70.00,,,,2690890800,201421255,2502821384,false,false,12,2015-04-01,2016-03-31,-1
2017-05-11,94330,2017-03-31,,,,,,,,,,,,,,,,,,,,,,,,,,,,,,85.00,,,,2620494257,162641408,2466293571,false,false,12,2016-04-01,2017-03-31,0
2017-05-11,94330,2018-03-31,,,,,,,,,,,,,,,,,,,,,,,,,,,,,,90.00,,,,,,,false,true,12,2017-04-01,2018-03-31,1
2017-08-01,94330,2018-03-31,1,1198666000000,0.060,,,,,281414000000,0.023,,,,173474000000,,70.73,70.72,,,,,6122912000000,,,,,,,,,,,,,,,,true,false,3,2017-04-01,2017-06-30,0
2017-08-01,94330,2017-03-31,1,1130453000000,0.080,,,,,275112000000,0.191,,,,167105000000,,67.25,67.24,,,,,,,,,,,,,,,,,,,,,true,false,3,2016-04-01,2016-06-30,-1
2017-08-01,94330,2018-03-31,1,4950000000000,0.042,,,,,950000000000,0.041,,,,565000000000,,230.93,,,,,,,,,,,,,,,,,,,,,,true,true,12,2017-04-01,2018-03-31,0
2017-08-01,94330,2017-03-31,1,,,,,,,,,,,,,,,,,,,,6263826000000,,,,,,,,,,,,,,,,true,false,12,2016-04-01,2017-03-31,-1
2017-08-01,94330,2017-03-31,1,,,,,,,,,,,,,,,,,,,,,,,,,,,,,85.00,,,,2620494257,162641408,,false,false,12,2016-04-01,2017-03-31,-1
2017-08-01,94330,2018-03-31,1,,,,,,,,,,,,,,,,,,,,,,,,,,,,,90.00,,,,,,,false,true,12,2017-04-01,2018-03-31,0
2017-08-01,94330,2018-03-31,1,,,,,,,,,,,,,,,,,,,,,,,,,,,,,,,,,2587213525,140600876,2452488581,false,false,3,2017-04-01,2017-06-30,0
2017-08-01,94330,2017-03-31,1,,,,,,,,,,,,,,,,,,,,,,,,,,,,,,,,,,,2484781417,false,false,3,2016-04-01,2016-06-30,-1
2017-11-01,94330,2018-03-31,2,2416070000000,0.050,,,,,542536000000,0.019,,,,329444000000,,134.92,134.88,,,,,6294597000000,,,,,,,,,,,,,,,,true,false,6,2017-04-01,2017-09-30,0
2017-11-01,94330,2017-03-31,2,2301581000000,0.070,,,,,532636000000,0.180,,,,326148000000,,131.79,131.77,,,,,,,,,,,,,,,,,,,,,true,false,6,2016-04-01,2016-09-30,-1
2017-11-01,94330,2018-03-31,2,4950000000000,0.042,,,,,950000000000,0.041,,,,565000000000,,233.05,,,,,,,,,,,,,,,,,,,,,,true,true,12,2017-04-01,2018-03-31,0
2017-11-01,94330,2017-03-31,2,,,,,,,,,,,,,,,,,,,,6263826000000,,,,,,,,,,,,,,,,true,false,12,2016-04-01,2017-03-31,-1
2017-11-01,94330,2017-03-31,2,,,,,,,,,,,,,,,,,,,,,,,,,,,,,85.00,,,,2620494257,162641408,,false,false,12,2016-04-01,2017-03-31,-1
2017-11-01,94330,2018-03-31,2,,,,,,,,,,,,,,,,,,,,,,,,,,,,,45.00,,,,,,,false,false,12,2017-04-01,2018-03-31,0
2017-11-01,94330,2018-03-31,2,,,,,,,,,,,,,,,,,,,,,,,,,,,,,90.00,,,,,,,false,true,12,2017-04-01,2018-03-31,0
2017-11-01,94330,2018-03-31,2,,,,,,,,,,,,,,,,,,,,,,,,,,,,,,,,,2587213525,162857246,2441857579,false,false,6,2017-04-01,2017-09-30,0
2017-11-01,94330,2017-03-31,2,,,,,,,,,,,,,,,,,,,,,,,,,,,,,,,,,,,2474734501,false,false,6,2016-04-01,2016-09-30,-1
2018-01-31,94330,2018-03-31,3,3760072000000,0.068,,,,,813771000000,0.049,,,,490558000000,,201.38,201.33,,,,,6402144000000,,,,,,,,,,,,,,,,true,false,9,2017-04-01,2017-12-31,0
2018-01-31,94330,2017-03-31,3,3522219000000,0.068,,,,,775737000000,0.154,,,,471398000000,,190.92,190.89,,,,,,,,,,,,,,,,,,,,,true,false,9,2016-04-01,2016-12-31,-1
2018-01-31,94330,2018-03-31,3,4950000000000,0.042,,,,,950000000000,0.041,,,,565000000000,,233.05,,,,,,,,,,,,,,,,,,,,,,true,true,12,2017-04-01,2018-03-31,0
2018-01-31,94330,2017-03-31,3,,,,,,,,,,,,,,,,,,,,6263826000000,,,,,,,,,,,,,,,,true,false,12,2016-04-01,2017-03-31,-1
2018-01-31,94330,2017-03-31,3,,,,,,,,,,,,,,,,,,,,,,,,,,,,,85.00,,,,2620494257,162641408,,false,false,12,2016-04-01,2017-03-31,-1
2018-01-31,94330,2018-03-31,3,,,,,,,,,,,,,,,,,,,,,,,,,,,,,45.00,,,,,,,false,false,12,2017-04-01,2018-03-31,0
2018-01-31,94330,2018-03-31,3,,,,,,,,,,,,,,,,,,,,,,,,,,,,,90.00,,,,,,,false,true,12,2017-04-01,2018-03-31,0
2018-01-31,94330,2018-03-31,3,,,,,,,,,,,,,,,,,,,,,,,,,,,,,,,,,2587213525,162856586,2436023959,false,false,9,2017-04-01,2017-12-31,0
2018-01-31,94330,2017-03-31,3,,,,,,,,,,,,,,,,,,,,,,,,,,,,,,,,,,,2469107169,false,false,9,2016-04-01,2016-12-31,-1
2018-05-10,94330,2018-03-31,,5041978000000,0.062,,,,,962793000000,0.055,,,,572528000000,,235.54,235.45,,,0.191,,6574555000000,,,,,1061405000000,-633847000000,-453168000000,,,0.382,,,,,,true,false,12,2017-04-01,2018-03-31,0
2018-05-10,94330,2017-03-31,,4748259000000,0.063,,,,,912976000000,0.097,,,,546658000000,,221.65,221.60,,,0.192,,6263826000000,,,,,1161074000000,-637225000000,-485784000000,,,0.383,,,,,,true,false,12,2016-04-01,2017-03-31,-1
2018-05-10,94330,2019-03-31,,5150000000000,0.021,,,,,1020000000000,0.059,,,,620000000000,,257.75,,,,,,,,,,,,,,,,0.388,,,,,,true,true,12,2018-04-01,2019-03-31,1
2018-05-10,94330,2017-03-31,,,,,,,,,,,,,,,,,,,,,,,,,,,,,,85.00,,,,2620494257,162641408,2466293571,false,false,12,2016-04-01,2017-03-31,-1
2018-05-10,94330,2018-03-31,,,,,,,,,,,,,,,,,,,,,,,,,,,,,,90.00,,,,2587213525,181809302,2430661810,false,false,12,2017-04-01,2018-03-31,0
2018-05-10,94330,2019-03-31,,,,,,,,,,,,,,,,,,,,,,,,,,,,,,100.00,,,,,,,false,true,12,2018-04-01,2019-03-31,1
2018-08-01,94330,2019-03-31,1,1221716000000,0.019,,,,,288862000000,0.026,,,,178666000000,,74.29,74.27,,,,,6771125000000,,,,,,,,,,,,,,,,true,false,3,2018-04-01,2018-06-30,0
2018-08-01,94330,2018-03-31,1,1198666000000,0.060,,,,,281414000000,0.023,,,,173474000000,,70.73,70.72,,,,,,,,,,,,,,,,,,,,,true,false,3,2017-04-01,2017-06-30,-1
2018-08-01,94330,2019-03-31,1,5150000000000,0.021,,,,,1020000000000,0.059,,,,620000000000,,257.81,,,,,,,,,,,,,,,,,,,,,,true,true,12,2018-04-01,2019-03-31,0
2018-08-01,94330,2018-03-31,1,,,,,,,,,,,,,,,,,,,,6574555000000,,,,,,,,,,,,,,,,true,false,12,2017-04-01,2018-03-31,-1
2018-08-01,94330,2018-03-31,1,,,,,,,,,,,,,,,,,,,,,,,,,,,,,90.00,,,,2587213525,181809302,,false,false,12,2017-04-01,2018-03-31,-1
2018-08-01,94330,2019-03-31,1,,,,,,,,,,,,,,,,,,,,,,,,,,,,,100.00,,,,,,,false,true,12,2018-04-01,2019-03-31,0
2018-08-01,94330,2019-03-31,1,,,,,,,,,,,,,,,,,,,,,,,,,,,,,,,,,2532004445,127157748,2405049972,false,false,3,2018-04-01,2018-06-30,0
2018-08-01,94330,2018-03-31,1,,,,,,,,,,,,,,,,,,,,,,,,,,,,,,,,,,,2452488581,false,false,3,2017-04-01,2017-06-30,-1
2018-11-01,94330,2019-03-31,2,2462269000000,0.019,,,,,561192000000,0.034,,,,345477000000,,143.89,143.86,,,,,6992335000000,,,,,,,,,,,,,,,,true,false,6,2018-04-01,2018-09-30,0
2018-11-01,94330,2018-03-31,2,2416070000000,0.050,,,,,542536000000,0.019,,,,329444000000,,134.92,134.88,,,,,,,,,,,,,,,,,,,,,true,false,6,2017-04-01,2017-09-30,-1
2018-11-01,94330,2019-03-31,2,5150000000000,0.021,,,,,1020000000000,0.059,,,,620000000000,,259.14,,,,,,,,,,,,,,,,,,,,,,true,true,12,2018-04-01,2019-03-31,0
2018-11-01,94330,2018-03-31,2,,,,,,,,,,,,,,,,,,,,6574555000000,,,,,,,,,,,,,,,,true,false,12,2017-04-01,2018-03-31,-1
2018-11-01,94330,2018-03-31,2,,,,,,,,,,,,,,,,,,,,,,,,,,,,,90.00,,,,2587213525,181809302,,false,false,12,2017-04-01,2018-03-31,-1
2018-11-01,94330,2019-03-31,2,,,,,,,,,,,,,,,,,,,,,,,,,,,,,50.00,,,,,,,false,false,12,2018-04-01,2019-03-31,0
2018-11-01,94330,2019-03-31,2,,,,,,,,,,,,,,,,,,,,,,,,,,,,,100.00,,,,,,,false,true,12,2018-04-01,2019-03-31,0
2018-11-01,94330,2019-03-31,2,,,,,,,,,,,,,,,,,,,,,,,,,,,,,,,,,2532004445,139517248,2400974601,false,false,6,2018-04-01,2018-09-30,0
2018-11-01,94330,2018-03-31,2,,,,,,,,,,,,,,,,,,,,,,,,,,,,,,,,,,,2441857579,false,false,6,2017-04-01,2017-09-30,-1
2019-01-31,94330,2019-03-31,3,3771659000000,0.003,,,,,822481000000,0.011,,,,505771000000,,211.34,211.31,,,,,7156958000000,,,,,,,,,,,,,,,,true,false,9,2018-04-01,2018-12-31,0
2019-01-31,94330,2018-03-31,3,3760072000000,0.068,,,,,813771000000,0.049,,,,490558000000,,201.38,201.33,,,,,,,,,,,,,,,,,,,,,true,false,9,2017-04-01,2017-12-31,-1
2019-01-31,94330,2019-03-31,3,5150000000000,0.021,,,,,1020000000000,0.059,,,,620000000000,,262.07,,,,,,,,,,,,,,,,,,,,,,true,true,12,2018-04-01,2019-03-31,0
2019-01-31,94330,2018-03-31,3,,,,,,,,,,,,,,,,,,,,6574555000000,,,,,,,,,,,,,,,,true,false,12,2017-04-01,2018-03-31,-1
2019-01-31,94330,2018-03-31,3,,,,,,,,,,,,,,,,,,,,,,,,,,,,,90.00,,,,2587213525,181809302,,false,false,12,2017-04-01,2018-03-31,-1
2019-01-31,94330,2019-03-31,3,,,,,,,,,,,,,,,,,,,,,,,,,,,,,50.00,,,,,,,false,false,12,2018-04-01,2019-03-31,0
2019-01-31,94330,2019-03-31,3,,,,,,,,,,,,,,,,,,,,,,,,,,,,,100.00,,,,,,,false,true,12,2018-04-01,2019-03-31,0
2019-01-31,94330,2019-03-31,3,,,,,,,,,,,,,,,,,,,,,,,,,,,,,,,,,2532004445,166238748,2393149067,false,false,9,2018-04-01,2018-12-31,0
2019-01-31,94330,2018-03-31,3,,,,,,,,,,,,,,,,,,,,,,,,,,,,,,,,,,,2436023959,false,false,9,2017-04-01,2017-12-31,-1
2019-05-15,94330,2019-03-31,,5080353000000,0.008,,,,,1013729000000,0.053,,,,617669000000,,259.10,259.01,,,0.200,,7330416000000,,,,,1029607000000,-714578000000,-310951000000,,,0.405,,,,,,true,false,12,2018-04-01,2019-03-31,0
2019-05-15,94330,2018-03-31,,5041978000000,0.062,,,,,962793000000,0.055,,,,572528000000,,235.54,235.45,,,0.191,,6574555000000,,,,,1061405000000,-633847000000,-453168000000,,,0.382,,,,,,true,false,12,2017-04-01,2018-03-31,-1
2019-05-15,94330,2020-03-31,,5200000000000,0.024,,,,,1020000000000,0.006,,,,620000000000,,263.71,,,,,,,,,,,,,,,,0.417,,,,,,true,true,12,2019-04-01,2020-03-31,1
2019-05-15,94330,2018-03-31,,,,,,,,,,,,,,,,,,,,,,,,,,,,,,90.00,,,,2587213525,181809302,2430661810,false,false,12,2017-04-01,2018-03-31,-1
2019-05-15,94330,2019-03-31,,,,,,,,,,,,,,,,,,,,,,,,,,,,,,105.00,,,,2532004445,180953773,2383892430,false,false,12,2018-04-01,2019-03-31,0
2019-05-15,94330,2020-03-31,,,,,,,,,,,,,,,,,,,,,,,,,,,,,,110.00,,,,,,,false,true,12,2019-04-01,2020-03-31,1
2019-08-01,94330,2020-03-31,1,1246101000000,0.020,,,,,255800000000,-0.114,,,,162553000000,,69.25,69.23,,,,,8976729000000,,,,,,,,,,,,,,,,true,false,3,2019-04-01,2019-06-30,0
2019-08-01,94330,2019-03-31,1,1221716000000,0.019,,,,,288862000000,0.026,,,,178666000000,,74.29,74.27,,,,,,,,,,,,,,,,,,,,,true,false,3,2018-04-01,2018-06-30,-1
2019-08-01,94330,2020-03-31,1,5200000000000,0.024,,,,,1020000000000,0.006,,,,620000000000,,264.63,,,,,,,,,,,,,,,,,,,,,,true,true,12,2019-04-01,2020-03-31,0
2019-08-01,94330,2019-03-31,1,,,,,,,,,,,,,,,,,,,,7330416000000,,,,,,,,,,,,,,,,true,false,12,2018-04-01,2019-03-31,-1
2019-08-01,94330,2019-03-31,1,,,,,,,,,,,,,,,,,,,,,,,,,,,,,105.00,,,,2532004445,180953773,,false,false,12,2018-04-01,2019-03-31,-1
2019-08-01,94330,2020-03-31,1,,,,,,,,,,,,,,,,,,,,,,,,,,,,,110.00,,,,,,,false,true,12,2019-04-01,2020-03-31,0
2019-08-01,94330,2020-03-31,1,,,,,,,,,,,,,,,,,,,,,,,,,,,,,,,,,2355373600,12505610,2347392501,false,false,3,2019-04-01,2019-06-30,0
2019-08-01,94330,2019-03-31,1,,,,,,,,,,,,,,,,,,,,,,,,,,,,,,,,,,,2405049972,false,false,3,2018-04-01,2018-06-30,-1
2019-11-01,94330,2020-03-31,2,2564457000000,0.042,,,,,553407000000,-0.014,,,,347545000000,,148.67,148.63,,,,,9267287000000,,,,,,,,,,,,,,,,true,false,6,2019-04-01,2019-09-30,0
2019-11-01,94330,2019-03-31,2,2462269000000,0.019,,,,,561192000000,0.034,,,,345477000000,,143.89,143.86,,,,,,,,,,,,,,,,,,,,,true,false,6,2018-04-01,2018-09-30,-1
2019-11-01,94330,2020-03-31,2,5200000000000,0.024,,,,,1020000000000,0.006,,,,620000000000,,266.09,,,,,,,,,,,,,,,,,,,,,,true,true,12,2019-04-01,2020-03-31,0
2019-11-01,94330,2019-03-31,2,,,,,,,,,,,,,,,,,,,,7330416000000,,,,,,,,,,,,,,,,true,false,12,2018-04-01,2019-03-31,-1
2019-11-01,94330,2019-03-31,2,,,,,,,,,,,,,,,,,,,,,,,,,,,,,105.00,,,,2532004445,180953773,,false,false,12,2018-04-01,2019-03-31,-1
2019-11-01,94330,2020-03-31,2,,,,,,,,,,,,,,,,,,,,,,,,,,,,,55.00,,,,,,,false,false,12,2019-04-01,2020-03-31,0
2019-11-01,94330,2020-03-31,2,,,,,,,,,,,,,,,,,,,,,,,,,,,,,110.00,,,,,,,false,true,12,2019-04-01,2020-03-31,0
2019-11-01,94330,2020-03-31,2,,,,,,,,,,,,,,,,,,,,,,,,,,,,,,,,,2355373600,32962052,2337654931,false,false,6,2019-04-01,2019-09-30,0
2019-11-01,94330,2019-03-31,2,,,,,,,,,,,,,,,,,,,,,,,,,,,,,,,,,,,2400974601,false,false,6,2018-04-01,2018-09-30,-1
2020-01-31,94330,2020-03-31,3,3902576000000,0.035,,,,,843869000000,0.026,,,,530876000000,,228.09,228.02,,,,,9397360000000,,,,,,,,,,,,,,,,true,false,9,2019-04-01,2019-12-31,0
2020-01-31,94330,2019-03-31,3,3771659000000,0.003,,,,,822481000000,0.011,,,,505771000000,,211.34,211.31,,,,,,,,,,,,,,,,,,,,,true,false,9,2018-04-01,2018-12-31,-1
2020-01-31,94330,2020-03-31,3,5200000000000,0.024,,,,,1020000000000,0.006,,,,620000000000,,267.17,,,,,,,,,,,,,,,,,,,,,,true,true,12,2019-04-01,2020-03-31,0
2020-01-31,94330,2019-03-31,3,,,,,,,,,,,,,,,,,,,,7330416000000,,,,,,,,,,,,,,,,true,false,12,2018-04-01,2019-03-31,-1
2020-01-31,94330,2019-03-31,3,,,,,,,,,,,,,,,,,,,,,,,,,,,,,105.00,,,,2532004445,180953773,,false,false,12,2018-04-01,2019-03-31,-1
2020-01-31,94330,2020-03-31,3,,,,,,,,,,,,,,,,,,,,,,,,,,,,,55.00,,,,,,,false,false,12,2019-04-01,2020-03-31,0
2020-01-31,94330,2020-03-31,3,,,,,,,,,,,,,,,,,,,,,,,,,,,,,115.00,,,,,,,false,true,12,2019-04-01,2020-03-31,0
2020-01-31,94330,2020-03-31,3,,,,,,,,,,,,,,,,,,,,,,,,,,,,,,,,,2355373600,55465438,2327526040,false,false,9,2019-04-01,2019-12-31,0
2020-01-31,94330,2019-03-31,3,,,,,,,,,,,,,,,,,,,,,,,,,,,,,,,,,,,2393149067,false,false,9,2018-04-01,2018-12-31,-1
2020-05-14,94330,2020-03-31,,5237221000000,0.031,,,,,1025237000000,0.011,,,,639767000000,,275.69,275.49,,,0.196,,9580149000000,,,,,1323356000000,-610950000000,-546381000000,,,0.417,,,,,,true,false,12,2019-04-01,2020-03-31,0
2020-05-14,94330,2019-03-31,,5080353000000,0.008,,,,,1013729000000,0.053,,,,617669000000,,259.10,259.01,,,0.200,,7330416000000,,,,,1029607000000,-714578000000,-310951000000,,,0.405,,,,,,true,false,12,2018-04-01,2019-03-31,-1
2020-05-14,94330,2021-03-31,,5250000000000,0.002,,,,,1030000000000,0.005,,,,640000000000,,278.27,,,,,,,,,,,,,,,,0.431,,,,,,true,true,12,2020-04-01,2021-03-31,1
2020-05-14,94330,2019-03-31,,,,,,,,,,,,,,,,,,,,,,,,,,,,,,105.00,,,,2532004445,180953773,2383892430,false,false,12,2018-04-01,2019-03-31,-1
2020-05-14,94330,2020-03-31,,,,,,,,,,,,,,,,,,,,,,,,,,,,,,115.00,,,,2355373600,55464960,2320621650,false,false,12,2019-04-01,2020-03-31,0
2020-05-14,94330,2021-03-31,,,,,,,,,,,,,,,,,,,,,,,,,,,,,,120.00,,,,,,,false,true,12,2020-04-01,2021-03-31,1
2020-07-31,94330,2021-03-31,1,1242679000000,-0.003,,,,,290718000000,0.137,,,,182324000000,,79.27,79.22,,,,,9649450000000,,,,,,,,,,,,,,,,true,false,3,2020-04-01,2020-06-30,0
2020-07-31,94330,2020-03-31,1,1246101000000,0.020,,,,,255800000000,-0.114,,,,162553000000,,69.25,69.23,,,,,,,,,,,,,,,,,,,,,true,false,3,2019-04-01,2019-06-30,-1
2020-07-31,94330,2021-03-31,1,5250000000000,0.002,,,,,1030000000000,0.005,,,,640000000000,,278.27,,,,,,,,,,,,,,,,,,,,,,true,true,12,2020-04-01,2021-03-31,0
2020-07-31,94330,2020-03-31,1,,,,,,,,,,,,,,,,,,,,9580149000000,,,,,,,,,,,,,,,,true,false,12,2019-04-01,2020-03-31,-1
2020-07-31,94330,2020-03-31,1,,,,,,,,,,,,,,,,,,,,,,,,,,,,,115.00,,,,2355373600,55464960,,false,false,12,2019-04-01,2020-03-31,-1
2020-07-31,94330,2021-03-31,1,,,,,,,,,,,,,,,,,,,,,,,,,,,,,120.00,,,,,,,false,true,12,2020-04-01,2021-03-31,0
2020-07-31,94330,2021-03-31,1,,,,,,,,,,,,,,,,,,,,,,,,,,,,,,,,,2304179550,4166710,2299951273,false,false,3,2020-04-01,2020-06-30,0
2020-07-31,94330,2020-03-31,1,,,,,,,,,,,,,,,,,,,,,,,,,,,,,,,,,,,2347392501,false,false,3,2019-04-01,2019-06-30,-1
2020-10-30,94330,2021-03-31,2,2537196000000,-0.011,,,,,588763000000,0.064,,,,372899000000,,162.13,162.02,,,,,9898023000000,,,,,,,,,,,,,,,,true,false,6,2020-04-01,2020-09-30,0
2020-10-30,94330,2020-03-31,2,2564457000000,0.042,,,,,553407000000,-0.014,,,,347545000000,,148.67,148.63,,,,,,,,,,,,,,,,,,,,,true,false,6,2019-04-01,2019-09-30,-1
2020-10-30,94330,2021-03-31,2,5250000000000,0.002,,,,,1030000000000,0.005,,,,640000000000,,278.27,,,,,,,,,,,,,,,,,,,,,,true,true,12,2020-04-01,2021-03-31,0
2020-10-30,94330,2020-03-31,2,,,,,,,,,,,,,,,,,,,,9580149000000,,,,,,,,,,,,,,,,true,false,12,2019-04-01,2020-03-31,-1
2020-10-30,94330,2020-03-31,2,,,,,,,,,,,,,,,,,,,,,,,,,,,,,115.00,,,,2355373600,55464960,,false,false,12,2019-04-01,2020-03-31,-1
2020-10-30,94330,2021-03-31,2,,,,,,,,,,,,,,,,,,,,,,,,,,,,,60.00,,,,,,,false,false,12,2020-04-01,2021-03-31,0
2020-10-30,94330,2021-03-31,2,,,,,,,,,,,,,,,,,,,,,,,,,,,,,120.00,,,,,,,false,true,12,2020-04-01,2021-03-31,0
2020-10-30,94330,2021-03-31,2,,,,,,,,,,,,,,,,,,,,,,,,,,,,,,,,,2304179550,4117084,2300006599,false,false,6,2020-04-01,2020-09-30,0
2020-10-30,94330,2020-03-31,2,,,,,,,,,,,,,,,,,,,,,,,,,,,,,,,,,,,2337654931,false,false,6,2019-04-01,2019-09-30,-1
2021-01-29,94330,2021-03-31,3,3923775000000,0.005,,,,,871042000000,0.032,,,,548726000000,,238.97,238.81,,,,,10160505000000,,,,,,,,,,,,,,,,true,false,9,2020-04-01,2020-12-31,0
2021-01-29,94330,2020-03-31,3,3902576000000,0.035,,,,,843869000000,0.026,,,,530876000000,,228.09,228.02,,,,,,,,,,,,,,,,,,,,,true,false,9,2019-04-01,2019-12-31,-1
2021-01-29,94330,2021-03-31,3,5250000000000,0.002,,,,,1030000000000,0.005,,,,640000000000,,278.27,,,,,,,,,,,,,,,,,,,,,,true,true,12,2020-04-01,2021-03-31,0
2021-01-29,94330,2020-03-31,3,,,,,,,,,,,,,,,,,,,,9580149000000,,,,,,,,,,,,,,,,true,false,12,2019-04-01,2020-03-31,-1
2021-01-29,94330,2020-03-31,3,,,,,,,,,,,,,,,,,,,,,,,,,,,,,115.00,,,,2355373600,55464960,,false,false,12,2019-04-01,2020-03-31,-1
2021-01-29,94330,2021-03-31,3,,,,,,,,,,,,,,,,,,,,,,,,,,,,,60.00,,,,,,,false,false,12,2020-04-01,2021-03-31,0
2021-01-29,94330,2021-03-31,3,,,,,,,,,,,,,,,,,,,,,,,,,,,,,120.00,,,,,,,false,true,12,2020-04-01,2021-03-31,0
2021-01-29,94330,2021-03-31,3,,,,,,,,,,,,,,,,,,,,,,,,,,,,,,,,,2304179550,24927463,2296201793,false,false,9,2020-04-01,2020-12-31,0
2021-01-29,94330,2020-03-31,3,,,,,,,,,,,,,,,,,,,,,,,,,,,,,,,,,,,2327526040,false,false,9,2019-04-01,2019-12-31,-1
2021-05-14,94330,2021-03-31,,5312599000000,0.014,,,,,1037395000000,0.012,,,,651496000000,,284.16,283.91,,,0.195,,10535326000000,,,,,1682166000000,-658925000000,-585571000000,,,0.422,,,,,,true,false,12,2020-04-01,2021-03-31,0
2021-05-14,94330,2020-03-31,,5237221000000,0.031,,,,,1025237000000,0.011,,,,639767000000,,275.69,275.49,,,0.196,,9580149000000,,,,,1323356000000,-610950000000,-546381000000,,,0.417,,,,,,true,false,12,2019-04-01,2020-03-31,-1
2021-05-14,94330,2022-03-31,,5350000000000,0.007,,,,,1050000000000,0.012,,,,655000000000,,292.68,,,,,,,,,,,,,,,,0.427,,,,,,true,true,12,2021-04-01,2022-03-31,1
2021-05-14,94330,2020-03-31,,,,,,,,,,,,,,,,,,,,,,,,,,,,,,115.00,,,,2355373600,55464960,2320621650,false,false,12,2019-04-01,2020-03-31,-1
2021-05-14,94330,2021-03-31,,,,,,,,,,,,,,,,,,,,,,,,,,,,,,120.00,,,,2304179550,28782253,2292737610,false,false,12,2020-04-01,2021-03-31,0
2021-05-14,94330,2022-03-31,,,,,,,,,,,,,,,,,,,,,,,,,,,,,,125.00,,,,,,,false,true,12,2021-04-01,2022-03-31,1
2021-07-30,94330,2022-03-31,1,1300264000000,0.046,,,,,299193000000,0.029,,,,189890000000,,84.04,83.97,,,,,10288708000000,,,,,,,,,,,,,,,,true,false,3,2021-04-01,2021-06-30,0
2021-07-30,94330,2021-03-31,1,1242679000000,-0.003,,,,,290718000000,0.137,,,,182324000000,,79.27,79.22,,,,,,,,,,,,,,,,,,,,,true,false,3,2020-04-01,2020-06-30,-1
2021-07-30,94330,2022-03-31,1,5350000000000,0.007,,,,,1050000000000,0.012,,,,655000000000,,292.68,,,,,,,,,,,,,,,,,,,,,,true,true,12,2021-04-01,2022-03-31,0
2021-07-30,94330,2021-03-31,1,,,,,,,,,,,,,,,,,,,,10535326000000,,,,,,,,,,,,,,,,true,false,12,2020-04-01,2021-03-31,-1
2021-07-30,94330,2021-03-31,1,,,,,,,,,,,,,,,,,,,,,,,,,,,,,120.00,,,,2304179550,28782253,,false,false,12,2020-04-01,2021-03-31,-1
2021-07-30,94330,2022-03-31,1,,,,,,,,,,,,,,,,,,,,,,,,,,,,,125.00,,,,,,,false,true,12,2021-04-01,2022-03-31,0
2021-07-30,94330,2022-03-31,1,,,,,,,,,,,,,,,,,,,,,,,,,,,,,,,,,2304179550,46891175,2259552413,false,false,3,2021-04-01,2021-06-30,0
2021-07-30,94330,2021-03-31,1,,,,,,,,,,,,,,,,,,,,,,,,,,,,,,,,,,,2299951273,false,false,3,2020-04-01,2020-06-30,-1
2021-10-29,9433,2022-03-31,2,2625161000000,0.035,,,,,573075000000,-0.027,,,,361469000000,,160.26,160.13,,,,,10577467000000,,,,,,,,,,,,,,,,true,false,6,2021-04-01,2021-09-30,0
2021-10-29,9433,2021-03-31,2,2537196000000,-0.011,,,,,588763000000,0.064,,,,372899000000,,162.13,162.02,,,,,,,,,,,,,,,,,,,,,true,false,6,2020-04-01,2020-09-30,-1
2021-10-29,9433,2022-03-31,2,5350000000000,0.007,,,,,1050000000000,0.012,,,,655000000000,,292.68,,,,,,,,,,,,,,,,,,,,,,true,true,12,2021-04-01,2022-03-31,0
2021-10-29,9433,2021-03-31,2,,,,,,,,,,,,,,,,,,,,10535326000000,,,,,,,,,,,,,,,,true,false,12,2020-04-01,2021-03-31,-1
2021-10-29,9433,2021-03-31,2,,,,,,,,,,,,,,,,,,,,,,,,,,,,,120.00,,,,2304179550,28782253,,false,false,12,2020-04-01,2021-03-31,-1
2021-10-29,9433,2022-03-31,2,,,,,,,,,,,,,,,,,,,,,,,,,,,,,60.00,,,,,,,false,false,12,2021-04-01,2022-03-31,0
2021-10-29,9433,2022-03-31,2,,,,,,,,,,,,,,,,,,,,,,,,,,,,,125.00,,,,,,,false,true,12,2021-04-01,2022-03-31,0
2021-10-29,9433,2022-03-31,2,,,,,,,,,,,,,,,,,,,,,,,,,,,,,,,,,2304179550,57131933,2255517925,false,false,6,2021-04-01,2021-09-30,0
2021-10-29,9433,2021-03-31,2,,,,,,,,,,,,,,,,,,,,,,,,,,,,,,,,,,,2300006599,false,false,6,2020-04-01,2020-09-30,-1
2022-01-28,9433,2022-03-31,3,4013826000000,0.023,,,,,874571000000,0.004,,,,554221000000,,246.46,246.26,,,,,10840116000000,,,,,,,,,,,,,,,,true,false,9,2021-04-01,2021-12-31,0
2022-01-28,9433,2021-03-31,3,3923775000000,0.005,,,,,871042000000,0.032,,,,548726000000,,238.97,238.81,,,,,,,,,,,,,,,,,,,,,true,false,9,2020-04-01,2020-12-31,-1
2022-01-28,9433,2022-03-31,3,5350000000000,0.007,,,,,1050000000000,0.012,,,,655000000000,,292.68,,,,,,,,,,,,,,,,,,,,,,true,true,12,2021-04-01,2022-03-31,0
2022-01-28,9433,2021-03-31,3,,,,,,,,,,,,,,,,,,,,10535326000000,,,,,,,,,,,,,,,,true,false,12,2020-04-01,2021-03-31,-1
2022-01-28,9433,2021-03-31,3,,,,,,,,,,,,,,,,,,,,,,,,,,,,,120.00,,,,2304179550,28782253,,false,false,12,2020-04-01,2021-03-31,-1
2022-01-28,9433,2022-03-31,3,,,,,,,,,,,,,,,,,,,,,,,,,,,,,60.00,,,,,,,false,false,12,2021-04-01,2022-03-31,0
2022-01-28,9433,2022-03-31,3,,,,,,,,,,,,,,,,,,,,,,,,,,,,,125.00,,,,,,,false,true,12,2021-04-01,2022-03-31,0
2022-01-28,9433,2022-03-31,3,,,,,,,,,,,,,,,,,,,,,,,,,,,,,,,,,2304179550,74251895,2248732720,false,false,9,2021-04-01,2021-12-31,0
2022-01-28,9433,2021-03-31,3,,,,,,,,,,,,,,,,,,,,,,,,,,,,,,,,,,,2296201793,false,false,9,2020-04-01,2020-12-31,-1
2022-05-13,9433,2022-03-31,,5446708000000,0.025,,,,,1060592000000,0.022,,,,672486000000,,300.03,299.73,,,0.195,,11084379000000,,,,,1468648000000,-761593000000,-727257000000,,,0.417,,,,,,true,false,12,2021-04-01,2022-03-31,0
2022-05-13,9433,2021-03-31,,5312599000000,0.014,,,,,1037395000000,0.012,,,,651496000000,,284.16,283.91,,,0.195,,10535326000000,,,,,1682166000000,-658925000000,-585571000000,,,0.422,,,,,,true,false,12,2020-04-01,2021-03-31,-1
2022-05-13,9433,2023-03-31,,5560000000000,0.021,,,,,1100000000000,0.037,,,,688000000000,,314.92,,,,,,,,,,,,,,,,0.429,,,,,,true,true,12,2022-04-01,2023-03-31,1
2022-05-13,9433,2021-03-31,,,,,,,,,,,,,,,,,,,,,,,,,,,,,,120.00,,,,2304179550,28782253,2292737610,false,false,12,2020-04-01,2021-03-31,-1
2022-05-13,9433,2022-03-31,,,,,,,,,,,,,,,,,,,,,,,,,,,,,,125.00,,,,2304179550,88978932,2241430392,false,false,12,2021-04-01,2022-03-31,0
2022-05-13,9433,2023-03-31,,,,,,,,,,,,,,,,,,,,,,,,,,,,,,135.00,,,,,,,false,true,12,2022-04-01,2023-03-31,1
2022-07-29,9433,2023-03-31,1,1351676000000,0.040,,,,,296935000000,-0.008,,,,191797000000,,87.01,86.95,,,,,11150462000000,,,,,,,,,,,,,,,,true,false,3,2022-04-01,2022-06-30,0
2022-07-29,9433,2022-03-31,1,1300264000000,0.046,,,,,299193000000,0.029,,,,189890000000,,84.04,83.97,,,,,,,,,,,,,,,,,,,,,true,false,3,2021-04-01,2021-06-30,-1
2022-07-29,9433,2023-03-31,1,5560000000000,0.021,,,,,1100000000000,0.037,,,,688000000000,,314.92,,,,,,,,,,,,,,,,,,,,,,true,true,12,2022-04-01,2023-03-31,0
2022-07-29,9433,2022-03-31,1,,,,,,,,,,,,,,,,,,,,11084379000000,,,,,,,,,,,,,,,,true,false,12,2021-04-01,2022-03-31,-1
2022-07-29,9433,2022-03-31,1,,,,,,,,,,,,,,,,,,,,,,,,,,,,,125.00,,,,2304179550,88978932,,false,false,12,2021-04-01,2022-03-31,-1
2022-07-29,9433,2023-03-31,1,,,,,,,,,,,,,,,,,,,,,,,,,,,,,135.00,,,,,,,false,true,12,2022-04-01,2023-03-31,0
2022-07-29,9433,2023-03-31,1,,,,,,,,,,,,,,,,,,,,,,,,,,,,,,,,,2304179550,100871664,2204219349,false,false,3,2022-04-01,2022-06-30,0
2022-07-29,9433,2022-03-31,1,,,,,,,,,,,,,,,,,,,,,,,,,,,,,,,,,,,2259552413,false,false,3,2021-04-01,2021-06-30,-1
2022-11-02,9433,2023-03-31,2,2740836000000,0.044,,,,,558527000000,-0.025,,,,354378000000,,161.12,161.04,,,,,11411514000000,,,,,,,,,,,,,,,,true,false,6,2022-04-01,2022-09-30,0
2022-11-02,9433,2022-03-31,2,2625161000000,0.035,,,,,573075000000,-0.027,,,,361469000000,,160.26,160.13,,,,,,,,,,,,,,,,,,,,,true,false,6,2021-04-01,2021-09-30,-1
2022-11-02,9433,2023-03-31,2,5560000000000,0.021,,,,,1100000000000,0.037,,,,688000000000,,314.92,,,,,,,,,,,,,,,,,,,,,,true,true,12,2022-04-01,2023-03-31,0
2022-11-02,9433,2022-03-31,2,,,,,,,,,,,,,,,,,,,,11084379000000,,,,,,,,,,,,,,,,true,false,12,2021-04-01,2022-03-31,-1
2022-11-02,9433,2022-03-31,2,,,,,,,,,,,,,,,,,,,,,,,,,,,,,125.00,,,,2304179550,88978932,,false,false,12,2021-04-01,2022-03-31,-1
2022-11-02,9433,2023-03-31,2,,,,,,,,,,,,,,,,,,,,,,,,,,,,,65.00,,,,,,,false,false,12,2022-04-01,2023-03-31,0
2022-11-02,9433,2023-03-31,2,,,,,,,,,,,,,,,,,,,,,,,,,,,,,135.00,,,,,,,false,true,12,2022-04-01,2023-03-31,0
2022-11-02,9433,2023-03-31,2,,,,,,,,,,,,,,,,,,,,,,,,,,,,,,,,,2302712308,110459429,2199525115,false,false,6,2022-04-01,2022-09-30,0
2022-11-02,9433,2022-03-31,2,,,,,,,,,,,,,,,,,,,,,,,,,,,,,,,,,,,2255517925,false,false,6,2021-04-01,2021-09-30,-1
2023-02-02,9433,2023-03-31,3,4182893000000,0.042,,,,,843420000000,-0.036,,,,532368000000,,242.91,242.82,,,,,11613136000000,,,,,,,,,,,,,,,,true,false,9,2022-04-01,2022-12-31,0
2023-02-02,9433,2022-03-31,3,4013826000000,0.023,,,,,874571000000,0.004,,,,554221000000,,246.46,246.26,,,,,,,,,,,,,,,,,,,,,true,false,9,2021-04-01,2021-12-31,-1
2023-02-02,9433,2023-03-31,3,5560000000000,0.021,,,,,1100000000000,0.037,,,,688000000000,,314.92,,,,,,,,,,,,,,,,,,,,,,true,true,12,2022-04-01,2023-03-31,0
2023-02-02,9433,2022-03-31,3,,,,,,,,,,,,,,,,,,,,11084379000000,,,,,,,,,,,,,,,,true,false,12,2021-04-01,2022-03-31,-1
2023-02-02,9433,2022-03-31,3,,,,,,,,,,,,,,,,,,,,,,,,,,,,,125.00,,,,2304179550,88978932,,false,false,12,2021-04-01,2022-03-31,-1
2023-02-02,9433,2023-03-31,3,,,,,,,,,,,,,,,,,,,,,,,,,,,,,65.00,,,,,,,false,false,12,2022-04-01,2023-03-31,0
2023-02-02,9433,2023-03-31,3,,,,,,,,,,,,,,,,,,,,,,,,,,,,,135.00,,,,,,,false,true,12,2022-04-01,2023-03-31,0
2023-02-02,9433,2023-03-31,3,,,,,,,,,,,,,,,,,,,,,,,,,,,,,,,,,2302712308,134869829,2191648703,false,false,9,2022-04-01,2022-12-31,0
2023-02-02,9433,2022-03-31,3,,,,,,,,,,,,,,,,,,,,,,,,,,,,,,,,,,,2248732720,false,false,9,2021-04-01,2021-12-31,-1
2023-05-11,9433,2023-03-31,,5671762000000,0.041,,,,,1075749000000,0.014,,,,677469000000,,310.25,310.12,,,0.190,,11917643000000,,,,,1078869000000,-732480000000,-669837000000,,,0.435,,,,,,true,false,12,2022-04-01,2023-03-31,0
2023-05-11,9433,2022-03-31,,5446708000000,0.025,,,,,1060592000000,0.022,,,,672486000000,,300.03,299.73,,,0.195,,11084379000000,,,,,1468648000000,-761593000000,-727257000000,,,0.417,,,,,,true,false,12,2021-04-01,2022-03-31,-1
2023-05-11,9433,2024-03-31,,5800000000000,0.023,,,,,1080000000000,0.004,,,,680000000000,,320.35,,,,,,,,,,,,,,,,0.437,,,,,,true,true,12,2023-04-01,2024-03-31,1
2023-05-11,9433,2022-03-31,,,,,,,,,,,,,,,,,,,,,,,,,,,,,,125.00,,,,2304179550,88978932,2241430392,false,false,12,2021-04-01,2022-03-31,-1
2023-05-11,9433,2023-03-31,,,,,,,,,,,,,,,,,,,,,,,,,,,,,,135.00,,,,2302712308,145590929,2183606955,false,false,12,2022-04-01,2023-03-31,0
2023-05-11,9433,2024-03-31,,,,,,,,,,,,,,,,,,,,,,,,,,,,,,140.00,,,,,,,false,true,12,2023-04-01,2024-03-31,1
2023-07-28,9433,2024-03-31,1,1332576000000,-0.014,,,,,266668000000,-0.103,,,,176943000000,,82.02,82.00,,,,,12173341000000,,,,,,,,,,,,,,,,true,false,3,2023-04-01,2023-06-30,0
2023-07-28,9433,2023-03-31,1,1351676000000,,,,,,297293000000,,,,,192155000000,,87.18,87.11,,,,,,,,,,,,,,,,,,,,,true,false,3,2022-04-01,2022-06-30,-1
2023-07-28,9433,2024-03-31,1,5800000000000,0.023,,,,,1080000000000,0.002,,,,680000000000,,320.35,,,,,,,,,,,,,,,,,,,,,,true,true,12,2023-04-01,2024-03-31,0
2023-07-28,9433,2023-03-31,1,,,,,,,,,,,,,,,,,,,,11923522000000,,,,,,,,,,,,,,,,true,false,12,2022-04-01,2023-03-31,-1
2023-07-28,9433,2023-03-31,1,,,,,,,,,,,,,,,,,,,,,,,,,,,,,135.00,,,,2302712308,145590929,,false,false,12,2022-04-01,2023-03-31,-1
2023-07-28,9433,2024-03-31,1,,,,,,,,,,,,,,,,,,,,,,,,,,,,,140.00,,,,,,,false,true,12,2023-04-01,2024-03-31,0
2023-07-28,9433,2024-03-31,1,,,,,,,,,,,,,,,,,,,,,,,,,,,,,,,,,2302712308,145398764,2157206289,false,false,3,2023-04-01,2023-06-30,0
2023-07-28,9433,2023-03-31,1,,,,,,,,,,,,,,,,,,,,,,,,,,,,,,,,,,,2204219349,false,false,3,2022-04-01,2022-06-30,-1
2023-11-02,9433,2024-03-31,2,2778967000000,0.014,,,,,560319000000,0.002,,,,368695000000,,171.76,171.72,,,,,12858776000000,,,,,,,,,,,,,,,,true,false,6,2023-04-01,2023-09-30,0
2023-11-02,9433,2023-03-31,2,2740836000000,,,,,,559284000000,,,,,355136000000,,161.46,161.39,,,,,,,,,,,,,,,,,,,,,true,false,6,2022-04-01,2022-09-30,-1
2023-11-02,9433,2024-03-31,2,5800000000000,0.023,,,,,1080000000000,0.002,,,,680000000000,,320.35,,,,,,,,,,,,,,,,,,,,,,true,true,12,2023-04-01,2024-03-31,0
2023-11-02,9433,2023-03-31,2,,,,,,,,,,,,,,,,,,,,11923522000000,,,,,,,,,,,,,,,,true,false,12,2022-04-01,2023-03-31,-1
2023-11-02,9433,2023-03-31,2,,,,,,,,,,,,,,,,,,,,,,,,,,,,,135.00,,,,2302712308,145590929,,false,false,12,2022-04-01,2023-03-31,-1
2023-11-02,9433,2024-03-31,2,,,,,,,,,,,,,,,,,,,,,,,,,,,,,70.00,,,,,,,false,false,12,2023-04-01,2024-03-31,0
2023-11-02,9433,2024-03-31,2,,,,,,,,,,,,,,,,,,,,,,,,,,,,,140.00,,,,,,,false,true,12,2023-04-01,2024-03-31,0
2023-11-02,9433,2024-03-31,2,,,,,,,,,,,,,,,,,,,,,,,,,,,,,,,,,2302712308,209476568,2146598015,false,false,6,2023-04-01,2023-09-30,0
2023-11-02,9433,2023-03-31,2,,,,,,,,,,,,,,,,,,,,,,,,,,,,,,,,,,,2199525115,false,false,6,2022-04-01,2022-09-30,-1
2024-02-02,9433,2024-03-31,3,4265531000000,0.020,,,,,847877000000,0.004,,,,545593000000,,256.37,256.32,,,,,13456032000000,,,,,,,,,,,,,,,,true,false,9,2023-04-01,2023-12-31,0
2024-02-02,9433,2023-03-31,3,4182893000000,,,,,,844628000000,,,,,533576000000,,243.46,243.37,,,,,,,,,,,,,,,,,,,,,true,false,9,2022-04-01,2022-12-31,-1
2024-02-02,9433,2024-03-31,3,5800000000000,0.023,,,,,1080000000000,0.002,,,,680000000000,,320.35,,,,,,,,,,,,,,,,,,,,,,true,true,12,2023-04-01,2024-03-31,0
2024-02-02,9433,2023-03-31,3,,,,,,,,,,,,,,,,,,,,11923522000000,,,,,,,,,,,,,,,,true,false,12,2022-04-01,2023-03-31,-1
2024-02-02,9433,2023-03-31,3,,,,,,,,,,,,,,,,,,,,,,,,,,,,,135.00,,,,2302712308,145590929,,false,false,12,2022-04-01,2023-03-31,-1
2024-02-02,9433,2024-03-31,3,,,,,,,,,,,,,,,,,,,,,,,,,,,,,70.00,,,,,,,false,false,12,2023-04-01,2024-03-31,0
2024-02-02,9433,2024-03-31,3,,,,,,,,,,,,,,,,,,,,,,,,,,,,,140.00,,,,,,,false,true,12,2023-04-01,2024-03-31,0
2024-02-02,9433,2024-03-31,3,,,,,,,,,,,,,,,,,,,,,,,,,,,,,,,,,2302712308,213579544,2128120578,false,false,9,2023-04-01,2023-12-31,0
2024-02-02,9433,2023-03-31,3,,,,,,,,,,,,,,,,,,,,,,,,,,,,,,,,,,,2191648703,false,false,9,2022-04-01,2022-12-31,-1
2024-04-10,94330,2024-03-31,,5800000000000,,,,,,950000000000,-0.120,,,,635000000000,,299.91,,,,,,,,,,,,,,,,,,,,,,true,true,12,2023-04-01,2024-03-31,0
2024-04-10,94330,2023-03-31,,5671762000000,,,,,,1077393000000,,,,,679113000000,,311.01,,,,,,,,,,,,,,,,,,,,,,true,false,12,2022-04-01,2023-03-31,-1
2024-05-10,9433,2024-03-31,,5754047000000,0.015,,,,,961584000000,-0.107,,,,637874000000,,301.26,301.18,,,0.167,,14146060000000,,,,,1706498000000,-832433000000,-476477000000,,,0.465,,,,,,true,false,12,2023-04-01,2024-03-31,0
2024-05-10,9433,2023-03-31,,5671762000000,,,,,,1077393000000,,,,,679113000000,,311.01,310.88,,,0.190,,11923522000000,,,,,1078869000000,-732480000000,-669837000000,,,0.434,,,,,,true,false,12,2022-04-01,2023-03-31,-1
2024-05-10,9433,2025-03-31,,5770000000000,0.003,,,,,1110000000000,0.154,,,,690000000000,,340.01,,,,,,,,,,,,,,,,0.426,,,,,,true,true,12,2024-04-01,2025-03-31,1
2024-05-10,9433,2023-03-31,,,,,,,,,,,,,,,,,,,,,,,,,,,,,,135.00,,,,2302712308,145590929,2183606955,false,false,12,2022-04-01,2023-03-31,-1
2024-05-10,9433,2024-03-31,,,,,,,,,,,,,,,,,,,,,,,,,,,,,,140.00,,,,2302712308,220458160,2117320273,false,false,12,2023-04-01,2024-03-31,0
2024-05-10,9433,2025-03-31,,,,,,,,,,,,,,,,,,,,,,,,,,,,,,145.00,,,,,,,false,true,12,2024-04-01,2025-03-31,1
2024-08-02,9433,2025-03-31,1,1389138000000,0.042,,,,,276988000000,0.039,,,,176949000000,,84.98,84.96,,,,,15636018000000,,,,,,,,,,,,,,,,true,false,3,2024-04-01,2024-06-30,0
2024-08-02,9433,2024-03-31,1,1332576000000,-0.014,,,,,266668000000,-0.103,,,,176943000000,,82.02,82.00,,,,,,,,,,,,,,,,,,,,,true,false,3,2023-04-01,2023-06-30,-1
2024-08-02,9433,2025-03-31,1,5770000000000,0.003,,,,,1110000000000,0.154,,,,690000000000,,340.01,,,,,,,,,,,,,,,,,,,,,,true,true,12,2024-04-01,2025-03-31,0
2024-08-02,9433,2024-03-31,1,,,,,,,,,,,,,,,,,,,,14146060000000,,,,,,,,,,,,,,,,true,false,12,2023-04-01,2024-03-31,-1
2024-08-02,9433,2024-03-31,1,,,,,,,,,,,,,,,,,,,,,,,,,,,,,140.00,,,,2302712308,220458160,,false,false,12,2023-04-01,2024-03-31,-1
2024-08-02,9433,2025-03-31,1,,,,,,,,,,,,,,,,,,,,,,,,,,,,,145.00,,,,,,,false,true,12,2024-04-01,2025-03-31,0
2024-08-02,9433,2025-03-31,1,,,,,,,,,,,,,,,,,,,,,,,,,,,,,,,,,2191846416,109491540,2082298114,false,false,3,2024-04-01,2024-06-30,0
2024-08-02,9433,2024-03-31,1,,,,,,,,,,,,,,,,,,,,,,,,,,,,,,,,,,,2157206289,false,false,3,2023-04-01,2023-06-30,-1
2024-11-01,9433,2025-03-31,2,2855713000000,0.028,,,,,573086000000,0.023,,,,351202000000,,171.21,171.17,,,,,15808645000000,,,,,,,,,,,,,,,,true,false,6,2024-04-01,2024-09-30,0
2024-11-01,9433,2024-03-31,2,2778967000000,0.014,,,,,560274000000,0.002,,,,368680000000,,171.75,171.71,,,,,,,,,,,,,,,,,,,,,true,false,6,2023-04-01,2023-09-30,-1
2024-11-01,9433,2025-03-31,2,5770000000000,0.003,,,,,1110000000000,0.154,,,,690000000000,,340.01,,,,,,,,,,,,,,,,,,,,,,true,true,12,2024-04-01,2025-03-31,0
2024-11-01,9433,2024-03-31,2,,,,,,,,,,,,,,,,,,,,14146060000000,,,,,,,,,,,,,,,,true,false,12,2023-04-01,2024-03-31,-1
2024-11-01,9433,2024-03-31,2,,,,,,,,,,,,,,,,,,,,,,,,,,,,,140.00,,,,2302712308,220458160,,false,false,12,2023-04-01,2024-03-31,-1
2024-11-01,9433,2025-03-31,2,,,,,,,,,,,,,,,,,,,,,,,,,,,,,70.00,,,,,,,false,false,12,2024-04-01,2025-03-31,0
2024-11-01,9433,2025-03-31,2,,,,,,,,,,,,,,,,,,,,,,,,,,,,,145.00,,,,,,,false,true,12,2024-04-01,2025-03-31,0
2024-11-01,9433,2025-03-31,2,,,,,,,,,,,,,,,,,,,,,,,,,,,,,,,,,2191846416,176073772,2051339150,false,false,6,2024-04-01,2024-09-30,0
2024-11-01,9433,2024-03-31,2,,,,,,,,,,,,,,,,,,,,,,,,,,,,,,,,,,,2146598015,false,false,6,2023-04-01,2023-09-30,-1
2025-02-05,9433,2025-03-31,3,4364195000000,0.023,,,,,864566000000,0.020,,,,536531000000,,263.52,263.47,,,,,16284389000000,,,,,,,,,,,,,,,,true,false,9,2024-04-01,2024-12-31,0
2025-02-05,9433,2024-03-31,3,4265531000000,0.020,,,,,847699000000,0.004,,,,545534000000,,256.35,256.29,,,,,,,,,,,,,,,,,,,,,true,false,9,2023-04-01,2023-12-31,-1
2025-02-05,9433,2025-03-31,3,5770000000000,0.003,,,,,1110000000000,0.154,,,,690000000000,,340.01,,,,,,,,,,,,,,,,,,,,,,true,true,12,2024-04-01,2025-03-31,0
2025-02-05,9433,2024-03-31,3,,,,,,,,,,,,,,,,,,,,14146060000000,,,,,,,,,,,,,,,,true,false,12,2023-04-01,2024-03-31,-1
2025-02-05,9433,2024-03-31,3,,,,,,,,,,,,,,,,,,,,,,,,,,,,,140.00,,,,2302712308,220458160,,false,false,12,2023-04-01,2024-03-31,-1
2025-02-05,9433,2025-03-31,3,,,,,,,,,,,,,,,,,,,,,,,,,,,,,70.00,,,,,,,false,false,12,2024-04-01,2025-03-31,0
2025-02-05,9433,2025-03-31,3,,,,,,,,,,,,,,,,,,,,,,,,,,,,,145.00,,,,,,,false,true,12,2024-04-01,2025-03-31,0
2025-02-05,9433,2025-03-31,3,,,,,,,,,,,,,,,,,,,,,,,,,,,,,,,,,2191846416,190235037,2035979578,false,false,9,2024-04-01,2024-12-31,0
2025-02-05,9433,2024-03-31,3,,,,,,,,,,,,,,,,,,,,,,,,,,,,,,,,,,,2128120578,false,false,9,2023-04-01,2023-12-31,-1
2025-05-14,9433,2025-03-31,,5917953000000,0.028,,,,,1118674000000,0.163,,,,685677000000,,169.33,169.28,,,0.189,,16876219000000,,,,,1249042000000,-1180103000000,-33555000000,,,0.428,,,,,,true,false,12,2024-04-01,2025-03-31,0
2025-05-14,9433,2024-03-31,,5754047000000,0.015,,,,,961584000000,-0.107,,,,637874000000,,150.63,150.59,,,0.167,,14146060000000,,,,,1706498000000,-832433000000,-476477000000,,,0.465,,,,,,true,false,12,2023-04-01,2024-03-31,-1
2025-05-14,9433,2026-03-31,,6330000000000,0.070,,,,,1178000000000,0.053,,,,748000000000,,194.38,,,,,,,,,,,,,,,,0.412,,,,,,true,true,12,2025-04-01,2026-03-31,1
2025-05-14,9433,2024-03-31,,,,,,,,,,,,,,,,,,,,,,,,,,,,,,140.00,,,,4605424616,440916320,4234640545,false,false,12,2023-04-01,2024-03-31,-1
2025-05-14,9433,2025-03-31,,,,,,,,,,,,,,,,,,,,,,,,,,,,,,145.00,,,,4383692832,405237732,4049338721,false,false,12,2024-04-01,2025-03-31,0
2025-05-14,9433,2026-03-31,,,,,,,,,,,,,,,,,,,,,,,,,,,,,,80.00,,,,,,,false,true,12,2025-04-01,2026-03-31,1
2025-08-01,9433,2026-03-31,1,1436328000000,0.034,,,,,272540000000,-0.016,,,,171122000000,,43.01,43.00,,,,,17594339000000,,,,,,,,,,,,,,,,true,false,3,2025-04-01,2025-06-30,0
2025-08-01,9433,2025-03-31,1,1389138000000,0.042,,,,,276988000000,0.039,,,,176949000000,,42.49,42.48,,,,,,,,,,,,,,,,,,,,,true,false,3,2024-04-01,2024-06-30,-1
2025-08-01,9433,2026-03-31,1,6330000000000,0.070,,,,,1178000000000,0.053,,,,748000000000,,194.38,,,,,,,,,,,,,,,,,,,,,,true,true,12,2025-04-01,2026-03-31,0
2025-08-01,9433,2025-03-31,1,,,,,,,,,,,,,,,,,,,,16876219000000,,,,,,,,,,,,,,,,true,false,12,2024-04-01,2025-03-31,-1
2025-08-01,9433,2025-03-31,1,,,,,,,,,,,,,,,,,,,,,,,,,,,,,145.00,,,,4383692832,405237732,,false,false,12,2024-04-01,2025-03-31,-1
2025-08-01,9433,2026-03-31,1,,,,,,,,,,,,,,,,,,,,,,,,,,,,,80.00,,,,,,,false,true,12,2025-04-01,2026-03-31,0
2025-08-01,9433,2026-03-31,1,,,,,,,,,,,,,,,,,,,,,,,,,,,,,,,,,4187847474,209130613,3978573272,false,false,3,2025-04-01,2025-06-30,0
2025-08-01,9433,2025-03-31,1,,,,,,,,,,,,,,,,,,,,,,,,,,,,,,,,,,,4164596228,false,false,3,2024-04-01,2024-06-30,-1
