filing_date,code,fiscal_year_end,quarterly_period,net_sales,net_sales_change,revenue,revenue_change,operating_revenue,operating_revenue_change,operating_profit,operating_profit_change,ordinary_profit,ordinary_profit_change,net_income,net_income_of_parent,net_income_change,eps,diluted_eps,roe,roa,operating_profit_to_net_sales,operating_profit_to_revenue,total_assets,net_assets,equity_ratio,bps,owner_equity,operating_cash_flow,investing_cash_flow,financing_cash_flow,cash,dividend_per_share,payout_ratio,commemorative_dividend,extra_dividend,number_of_shares,number_of_treqsury_shares,avg_number_of_shares,is_consolidated,is_forecast,duration,period_start,period_end,period_pos
2015-05-08,94740,2015-03-31,,52286000000,-0.024,,,,,2389000000,-0.249,2751000000,-0.249,1464000000,,0.151,40.61,,0.039,0.046,0.046,,61322000000,41963000000,0.644,1094.70,39478000000,7122000000,-4761000000,-2931000000,6393000000,,0.763,,,,,,true,false,12,2014-04-01,2015-03-31,0
2015-05-08,94740,2014-03-31,,53589000000,-0.026,,,,,3180000000,-0.431,3663000000,-0.278,1272000000,,-0.307,34.77,,0.035,0.064,0.059,,57989000000,37939000000,0.617,992.03,35777000000,4136000000,-7703000000,1612000000,6456000000,,0.863,,,,,,true,false,12,2013-04-01,2014-03-31,-1
2015-05-08,94740,2016-03-31,,24700000000,0.095,,,,,-300000000,,-100000000,,,-300000000,,-8.32,,,,,,,,,,,,,,,,,,,,,,true,true,6,2015-04-01,2015-09-30,1
2015-05-08,94740,2016-03-31,,55500000000,0.061,,,,,2500000000,0.046,2800000000,0.018,,1500000000,,41.59,,,,,,,,,,,,,,,,0.745,,,,,,true,true,12,2015-04-01,2016-03-31,1
2015-05-08,94740,2014-03-31,,,,,,,,,,,,,,,,,,,,,,,,,,,,,,30.00,,,,38200910,2136076,36583777,false,false,12,2013-04-01,2014-03-31,-1
2015-05-08,94740,2015-03-31,,,,,,,,,,,,,,,,,,,,,,,,,,,,,,31.00,,,,38200910,2137474,36064010,false,false,12,2014-04-01,2015-03-31,0
2015-05-08,94740,2016-03-31,,,,,,,,,,,,,,,,,,,,,,,,,,,,,,31.00,,,,,,,false,true,12,2015-04-01,2016-03-31,1
2015-07-31,94740,2016-03-31,1,11199000000,0.083,,,,,-284000000,,-121000000,,,-134000000,,-3.72,,,,,,56617000000,41166000000,0.693,,39244000000,,,,,,,,,,,,true,false,3,2015-04-01,2015-06-30,0
2015-07-31,94740,2015-03-31,1,10340000000,-0.087,,,,,-707000000,,-476000000,,,42000000,,1.17,,,,,,,,,,,,,,,,,,,,,,true,false,3,2014-04-01,2014-06-30,-1
2015-07-31,94740,2016-03-31,1,24700000000,0.095,,,,,-300000000,,-100000000,,,-300000000,,-8.30,,,,,,,,,,,,,,,,,,,,,,true,true,6,2015-04-01,2015-09-30,0
2015-07-31,94740,2016-03-31,1,55500000000,0.061,,,,,2500000000,0.046,2800000000,0.018,,1500000000,,41.49,,,,,,,,,,,,,,,,,,,,,,true,true,12,2015-04-01,2016-03-31,0
2015-07-31,94740,2015-03-31,1,,,,,,,,,,,,,,,,,,,,61322000000,41963000000,0.644,,39478000000,,,,,,,,,,,,true,false,12,2014-04-01,2015-03-31,-1
2015-07-31,94740,2015-03-31,1,,,,,,,,,,,,,,,,,,,,,,,,,,,,,31.00,,,,38200910,2137474,,false,false,12,2014-04-01,2015-03-31,-1
2015-07-31,94740,2016-03-31,1,,,,,,,,,,,,,,,,,,,,,,,,,,,,,31.00,,,,,,,false,true,12,2015-04-01,2016-03-31,0
2015-07-31,94740,2016-03-31,1,,,,,,,,,,,,,,,,,,,,,,,,,,,,,,,,,38200910,1801678,36156593,false,false,3,2015-04-01,2015-06-30,0
2015-07-31,94740,2015-03-31,1,,,,,,,,,,,,,,,,,,,,,,,,,,,,,,,,,,,36064727,false,false,3,2014-04-01,2014-06-30,-1
2015-10-23,94740,2016-03-31,,24730000000,0.001,,,,,170000000,,420000000,,,110000000,,3.03,,,,,,,,,,,,,,,,,,,,,,true,true,6,2015-04-01,2015-09-30,0
2015-10-23,94740,2015-03-31,,22556000000,,,,,,-308000000,,-18000000,,,194000000,,5.39,,,,,,,,,,,,,,,,,,,,,,true,false,6,2014-04-01,2014-09-30,-1
2015-10-30,94740,2016-03-31,2,24734000000,0.097,,,,,176000000,,422000000,,,119000000,,3.31,,,,,,57002000000,41313000000,0.691,,39377000000,,,,,,,,,,,,true,false,6,2015-04-01,2015-09-30,0
2015-10-30,94740,2015-03-31,2,22556000000,-0.061,,,,,-308000000,,-18000000,,,194000000,,5.39,,,,,,,,,,,,,,,,,,,,,,true,false,6,2014-04-01,2014-09-30,-1
2015-10-30,94740,2016-03-31,2,55500000000,0.061,,,,,2500000000,0.046,2800000000,0.018,,1500000000,,41.35,,,,,,,,,,,,,,,,,,,,,,true,true,12,2015-04-01,2016-03-31,0
2015-10-30,94740,2015-03-31,2,,,,,,,,,,,,,,,,,,,,61322000000,41963000000,0.644,,39478000000,,,,,,,,,,,,true,false,12,2014-04-01,2015-03-31,-1
2015-10-30,94740,2015-03-31,2,,,,,,,,,,,,,,,,,,,,,,,,,,,,,31.00,,,,38200910,2137474,,false,false,12,2014-04-01,2015-03-31,-1
2015-10-30,94740,2016-03-31,2,,,,,,,,,,,,,,,,,,,,,,,,,,,,,15.50,,,,,,,false,false,12,2015-04-01,2016-03-31,0
2015-10-30,94740,2016-03-31,2,,,,,,,,,,,,,,,,,,,,,,,,,,,,,31.00,,,,,,,false,true,12,2015-04-01,2016-03-31,0
2015-10-30,94740,2016-03-31,2,,,,,,,,,,,,,,,,,,,,,,,,,,,,,,,,,38200910,1801949,36278506,false,false,6,2015-04-01,2015-09-30,0
2015-10-30,94740,2015-03-31,2,,,,,,,,,,,,,,,,,,,,,,,,,,,,,,,,,,,36064418,false,false,6,2014-04-01,2014-09-30,-1
2016-01-29,94740,2016-03-31,3,36975000000,0.046,,,,,304000000,9.129,665000000,1.006,,269000000,,7.42,,,,,,57417000000,40996000000,0.691,,39671000000,,,,,,,,,,,,true,false,9,2015-04-01,2015-12-31,0
2016-01-29,94740,2015-03-31,3,35362000000,-0.044,,,,,30000000,-0.951,331000000,-0.612,,175000000,,4.86,,,,,,,,,,,,,,,,,,,,,,true,false,9,2014-04-01,2014-12-31,-1
2016-01-29,94740,2016-03-31,3,55500000000,0.061,,,,,2500000000,0.046,2800000000,0.018,,1500000000,,41.28,,,,,,,,,,,,,,,,,,,,,,true,true,12,2015-04-01,2016-03-31,0
2016-01-29,94740,2015-03-31,3,,,,,,,,,,,,,,,,,,,,61322000000,41963000000,0.644,,39478000000,,,,,,,,,,,,true,false,12,2014-04-01,2015-03-31,-1
2016-01-29,94740,2015-03-31,3,,,,,,,,,,,,,,,,,,,,,,,,,,,,,31.00,,,,38200910,2137474,,false,false,12,2014-04-01,2015-03-31,-1
2016-01-29,94740,2016-03-31,3,,,,,,,,,,,,,,,,,,,,,,,,,,,,,15.50,,,,,,,false,false,12,2015-04-01,2016-03-31,0
2016-01-29,94740,2016-03-31,3,,,,,,,,,,,,,,,,,,,,,,,,,,,,,31.00,,,,,,,false,true,12,2015-04-01,2016-03-31,0
2016-01-29,94740,2016-03-31,3,,,,,,,,,,,,,,,,,,,,,,,,,,,,,,,,,38200910,1513759,36340777,false,false,9,2015-04-01,2015-12-31,0
2016-01-29,94740,2015-03-31,3,,,,,,,,,,,,,,,,,,,,,,,,,,,,,,,,,,,36064186,false,false,9,2014-04-01,2014-12-31,-1
2016-05-09,94740,2016-03-31,,54970000000,0.051,,,,,3038000000,0.272,3427000000,0.246,,1610000000,,44.21,,0.040,0.057,0.055,,59810000000,41496000000,0.671,1094.22,40143000000,8604000000,-4945000000,-4900000000,5099000000,,0.735,,,,,,true,false,12,2015-04-01,2016-03-31,0
2016-05-09,94740,2015-03-31,,52286000000,-0.024,,,,,2389000000,-0.249,2751000000,-0.249,,1464000000,,40.61,,0.039,0.046,0.046,,61322000000,41963000000,0.644,1094.70,39478000000,7122000000,-4761000000,-2931000000,6393000000,,0.763,,,,,,true,false,12,2014-04-01,2015-03-31,-1
2016-05-09,94740,2017-03-31,,25000000000,0.011,,,,,0,-1.000,200000000,-0.527,,100000000,,2.73,,,,,,,,,,,,,,,,,,,,,,true,true,6,2016-04-01,2016-09-30,1
2016-05-09,94740,2017-03-31,,57000000000,0.037,,,,,3400000000,0.119,3700000000,0.079,,2200000000,,59.97,,,,,,,,,,,,,,,,0.567,,,,,,true,true,12,2016-04-01,2017-03-31,1
2016-05-09,94740,2015-03-31,,,,,,,,,,,,,,,,,,,,,,,,,,,,,,31.00,,,,38200910,2137474,36064010,false,false,12,2014-04-01,2015-03-31,-1
2016-05-09,94740,2016-03-31,,,,,,,,,,,,,,,,,,,,,,,,,,,,,,32.50,,,,38200910,1513856,36426894,false,false,12,2015-04-01,2016-03-31,0
2016-05-09,94740,2017-03-31,,,,,,,,,,,,,,,,,,,,,,,,,,,,,,34.00,,,,,,,false,true,12,2016-04-01,2017-03-31,1
2016-07-28,94740,2017-03-31,1,11163000000,-0.003,,,,,-557000000,,-429000000,,,-406000000,,-11.09,,,,,,55186000000,40143000000,0.704,,38862000000,,,,,,,,,,,,true,false,3,2016-04-01,2016-06-30,0
2016-07-28,94740,2016-03-31,1,11199000000,0.083,,,,,-284000000,,-121000000,,,-134000000,,-3.72,,,,,,,,,,,,,,,,,,,,,,true,false,3,2015-04-01,2015-06-30,-1
2016-07-28,94740,2017-03-31,1,25000000000,0.011,,,,,0,-1.000,200000000,-0.527,,100000000,,2.73,,,,,,,,,,,,,,,,,,,,,,true,true,6,2016-04-01,2016-09-30,0
2016-07-28,94740,2017-03-31,1,57000000000,0.037,,,,,3400000000,0.119,3700000000,0.079,,2200000000,,59.97,,,,,,,,,,,,,,,,,,,,,,true,true,12,2016-04-01,2017-03-31,0
2016-07-28,94740,2016-03-31,1,,,,,,,,,,,,,,,,,,,,59810000000,41496000000,0.671,,40143000000,,,,,,,,,,,,true,false,12,2015-04-01,2016-03-31,-1
2016-07-28,94740,2016-03-31,1,,,,,,,,,,,,,,,,,,,,,,,,,,,,,32.50,,,,38200910,1513856,,false,false,12,2015-04-01,2016-03-31,-1
2016-07-28,94740,2017-03-31,1,,,,,,,,,,,,,,,,,,,,,,,,,,,,,34.00,,,,,,,false,true,12,2016-04-01,2017-03-31,0
2016-07-28,94740,2017-03-31,1,,,,,,,,,,,,,,,,,,,,,,,,,,,,,,,,,38200910,1513927,36687028,false,false,3,2016-04-01,2016-06-30,0
2016-07-28,94740,2016-03-31,1,,,,,,,,,,,,,,,,,,,,,,,,,,,,,,,,,,,36156593,false,false,3,2015-04-01,2015-06-30,-1
2016-10-24,94740,2017-03-31,,24780000000,-0.009,,,,,-380000000,,-210000000,,,-390000000,,-10.63,,,,,,,,,,,,,,,,,,,,,,true,true,6,2016-04-01,2016-09-30,0
2016-10-24,94740,2016-03-31,,24734000000,,,,,,176000000,,422000000,,,119000000,,3.31,,,,,,,,,,,,,,,,,,,,,,true,false,6,2015-04-01,2015-09-30,-1
2016-10-28,94740,2017-03-31,2,24783000000,0.002,,,,,-378000000,,-207000000,,,-387000000,,-10.57,,,,,,57650000000,40142000000,0.673,,38805000000,,,,,,,,,,,,true,false,6,2016-04-01,2016-09-30,0
2016-10-28,94740,2016-03-31,2,24734000000,0.097,,,,,176000000,,422000000,,,119000000,,3.31,,,,,,,,,,,,,,,,,,,,,,true,false,6,2015-04-01,2015-09-30,-1
2016-10-28,94740,2017-03-31,2,57000000000,0.037,,,,,3400000000,0.119,3700000000,0.079,,2200000000,,59.97,,,,,,,,,,,,,,,,,,,,,,true,true,12,2016-04-01,2017-03-31,0
2016-10-28,94740,2016-03-31,2,,,,,,,,,,,,,,,,,,,,59810000000,41496000000,0.671,,40143000000,,,,,,,,,,,,true,false,12,2015-04-01,2016-03-31,-1
2016-10-28,94740,2016-03-31,2,,,,,,,,,,,,,,,,,,,,,,,,,,,,,32.50,,,,38200910,1513856,,false,false,12,2015-04-01,2016-03-31,-1
2016-10-28,94740,2017-03-31,2,,,,,,,,,,,,,,,,,,,,,,,,,,,,,17.00,,,,,,,false,false,12,2016-04-01,2017-03-31,0
2016-10-28,94740,2017-03-31,2,,,,,,,,,,,,,,,,,,,,,,,,,,,,,34.00,,,,,,,false,true,12,2016-04-01,2017-03-31,0
2016-10-28,94740,2017-03-31,2,,,,,,,,,,,,,,,,,,,,,,,,,,,,,,,,,38200910,1514059,36686962,false,false,6,2016-04-01,2016-09-30,0
2016-10-28,94740,2016-03-31,2,,,,,,,,,,,,,,,,,,,,,,,,,,,,,,,,,,,36278506,false,false,6,2015-04-01,2015-09-30,-1
2017-01-30,94740,2017-03-31,3,37647000000,0.018,,,,,59000000,-0.803,291000000,-0.562,,-170000000,,-4.64,,,,,,57379000000,39900000000,0.673,,38597000000,,,,,,,,,,,,true,false,9,2016-04-01,2016-12-31,0
2017-01-30,94740,2016-03-31,3,36975000000,0.046,,,,,304000000,9.129,665000000,1.006,,269000000,,7.42,,,,,,,,,,,,,,,,,,,,,,true,false,9,2015-04-01,2015-12-31,-1
2017-01-30,94740,2017-03-31,3,57000000000,0.037,,,,,3400000000,0.119,3700000000,0.079,,2200000000,,59.97,,,,,,,,,,,,,,,,,,,,,,true,true,12,2016-04-01,2017-03-31,0
2017-01-30,94740,2016-03-31,3,,,,,,,,,,,,,,,,,,,,59810000000,41496000000,0.671,,40143000000,,,,,,,,,,,,true,false,12,2015-04-01,2016-03-31,-1
2017-01-30,94740,2016-03-31,3,,,,,,,,,,,,,,,,,,,,,,,,,,,,,32.50,,,,38200910,1513856,,false,false,12,2015-04-01,2016-03-31,-1
2017-01-30,94740,2017-03-31,3,,,,,,,,,,,,,,,,,,,,,,,,,,,,,17.00,,,,,,,false,false,12,2016-04-01,2017-03-31,0
2017-01-30,94740,2017-03-31,3,,,,,,,,,,,,,,,,,,,,,,,,,,,,,34.00,,,,,,,false,true,12,2016-04-01,2017-03-31,0
2017-01-30,94740,2017-03-31,3,,,,,,,,,,,,,,,,,,,,,,,,,,,,,,,,,38200910,1514223,36686898,false,false,9,2016-04-01,2016-12-31,0
2017-01-30,94740,2016-03-31,3,,,,,,,,,,,,,,,,,,,,,,,,,,,,,,,,,,,36340777,false,false,9,2015-04-01,2015-12-31,-1
2017-05-08,94740,2017-03-31,,57819000000,0.052,,,,,4234000000,0.394,4527000000,0.321,,2462000000,,67.11,,0.060,0.072,0.073,,65150000000,43463000000,0.646,1146.51,42061000000,9318000000,-5313000000,-2248000000,6817000000,,0.514,,,,,,true,false,12,2016-04-01,2017-03-31,0
2017-05-08,94740,2016-03-31,,54970000000,0.051,,,,,3038000000,0.272,3427000000,0.246,,1610000000,,44.21,,0.040,0.057,0.055,,59810000000,41496000000,0.671,1094.22,40143000000,8604000000,-4945000000,-4900000000,5099000000,,0.735,,,,,,true,false,12,2015-04-01,2016-03-31,-1
2017-05-08,94740,2018-03-31,,25000000000,0.009,,,,,0,-1.000,0,-1.000,,0,,0.00,,,,,,,,,,,,,,,,,,,,,,true,true,6,2017-04-01,2017-09-30,1
2017-05-08,94740,2018-03-31,,60000000000,0.038,,,,,4500000000,0.063,4700000000,0.038,,2700000000,,73.60,,,,,,,,,,,,,,,,0.476,,,,,,true,true,12,2017-04-01,2018-03-31,1
2017-05-08,94740,2016-03-31,,,,,,,,,,,,,,,,,,,,,,,,,,,,,,32.50,,,,38200910,1513856,36426894,false,false,12,2015-04-01,2016-03-31,-1
2017-05-08,94740,2017-03-31,,,,,,,,,,,,,,,,,,,,,,,,,,,,,,34.50,,,,38200910,1514437,36686820,false,false,12,2016-04-01,2017-03-31,0
2017-05-08,94740,2018-03-31,,,,,,,,,,,,,,,,,,,,,,,,,,,,,,35.00,,,,,,,false,true,12,2017-04-01,2018-03-31,1
2017-07-27,94740,2018-03-31,1,12039000000,0.078,,,,,-210000000,,-53000000,,,-143000000,,-3.91,,,,,,61182000000,42438000000,0.671,,41060000000,,,,,,,,,,,,true,false,3,2017-04-01,2017-06-30,0
2017-07-27,94740,2017-03-31,1,11163000000,-0.003,,,,,-557000000,,-429000000,,,-406000000,,-11.09,,,,,,,,,,,,,,,,,,,,,,true,false,3,2016-04-01,2016-06-30,-1
2017-07-27,94740,2018-03-31,1,25000000000,0.009,,,,,0,,0,,,0,,0.00,,,,,,,,,,,,,,,,,,,,,,true,true,6,2017-04-01,2017-09-30,0
2017-07-27,94740,2018-03-31,1,60000000000,0.038,,,,,4500000000,0.063,4700000000,0.038,,2700000000,,73.60,,,,,,,,,,,,,,,,,,,,,,true,true,12,2017-04-01,2018-03-31,0
2017-07-27,94740,2017-03-31,1,,,,,,,,,,,,,,,,,,,,65150000000,43463000000,0.646,,42061000000,,,,,,,,,,,,true,false,12,2016-04-01,2017-03-31,-1
2017-07-27,94740,2017-03-31,1,,,,,,,,,,,,,,,,,,,,,,,,,,,,,34.50,,,,38200910,1514437,,false,false,12,2016-04-01,2017-03-31,-1
2017-07-27,94740,2018-03-31,1,,,,,,,,,,,,,,,,,,,,,,,,,,,,,35.00,,,,,,,false,true,12,2017-04-01,2018-03-31,0
2017-07-27,94740,2018-03-31,1,,,,,,,,,,,,,,,,,,,,,,,,,,,,,,,,,38200910,1514687,36686408,false,false,3,2017-04-01,2017-06-30,0
2017-07-27,94740,2017-03-31,1,,,,,,,,,,,,,,,,,,,,,,,,,,,,,,,,,,,36687028,false,false,3,2016-04-01,2016-06-30,-1
2017-10-20,94740,2018-03-31,,26000000000,0.040,,,,,470000000,,720000000,,,210000000,,5.72,,,,,,,,,,,,,,,,,,,,,,true,true,6,2017-04-01,2017-09-30,0
2017-10-20,94740,2017-03-31,,24783000000,,,,,,-378000000,,-207000000,,,-387000000,,-10.57,,,,,,,,,,,,,,,,,,,,,,true,false,6,2016-04-01,2016-09-30,-1
2017-10-27,94740,2018-03-31,2,26016000000,0.050,,,,,470000000,,725000000,,,213000000,,5.82,,,,,,61055000000,42865000000,0.680,,41489000000,,,,,,,,,,,,true,false,6,2017-04-01,2017-09-30,0
2017-10-27,94740,2017-03-31,2,24783000000,0.002,,,,,-378000000,,-207000000,,,-387000000,,-10.57,,,,,,,,,,,,,,,,,,,,,,true,false,6,2016-04-01,2016-09-30,-1
2017-10-27,94740,2018-03-31,2,60000000000,0.038,,,,,4500000000,0.063,4700000000,0.038,,2700000000,,73.60,,,,,,,,,,,,,,,,,,,,,,true,true,12,2017-04-01,2018-03-31,0
2017-10-27,94740,2017-03-31,2,,,,,,,,,,,,,,,,,,,,65150000000,43463000000,0.646,,42061000000,,,,,,,,,,,,true,false,12,2016-04-01,2017-03-31,-1
2017-10-27,94740,2017-03-31,2,,,,,,,,,,,,,,,,,,,,,,,,,,,,,34.50,,,,38200910,1514437,,false,false,12,2016-04-01,2017-03-31,-1
2017-10-27,94740,2018-03-31,2,,,,,,,,,,,,,,,,,,,,,,,,,,,,,17.50,,,,,,,false,false,12,2017-04-01,2018-03-31,0
2017-10-27,94740,2018-03-31,2,,,,,,,,,,,,,,,,,,,,,,,,,,,,,35.00,,,,,,,false,true,12,2017-04-01,2018-03-31,0
2017-10-27,94740,2018-03-31,2,,,,,,,,,,,,,,,,,,,,,,,,,,,,,,,,,38200910,1514976,36686228,false,false,6,2017-04-01,2017-09-30,0
2017-10-27,94740,2017-03-31,2,,,,,,,,,,,,,,,,,,,,,,,,,,,,,,,,,,,36686962,false,false,6,2016-04-01,2016-09-30,-1
2018-01-29,94740,2018-03-31,3,39535000000,0.050,,,,,722000000,,1041000000,2.567,,295000000,,8.07,,,,,,60444000000,42516000000,0.681,,41150000000,,,,,,,,,,,,true,false,9,2017-04-01,2017-12-31,0
2018-01-29,94740,2017-03-31,3,37647000000,0.018,,,,,59000000,-0.803,291000000,-0.562,,-170000000,,-4.64,,,,,,,,,,,,,,,,,,,,,,true,false,9,2016-04-01,2016-12-31,-1
2018-01-29,94740,2018-03-31,3,60000000000,0.038,,,,,4500000000,0.063,4700000000,0.038,,2700000000,,73.60,,,,,,,,,,,,,,,,,,,,,,true,true,12,2017-04-01,2018-03-31,0
2018-01-29,94740,2017-03-31,3,,,,,,,,,,,,,,,,,,,,65150000000,43463000000,0.646,,42061000000,,,,,,,,,,,,true,false,12,2016-04-01,2017-03-31,-1
2018-01-29,94740,2017-03-31,3,,,,,,,,,,,,,,,,,,,,,,,,,,,,,34.50,,,,38200910,1514437,,false,false,12,2016-04-01,2017-03-31,-1
2018-01-29,94740,2018-03-31,3,,,,,,,,,,,,,,,,,,,,,,,,,,,,,17.50,,,,,,,false,false,12,2017-04-01,2018-03-31,0
2018-01-29,94740,2018-03-31,3,,,,,,,,,,,,,,,,,,,,,,,,,,,,,35.00,,,,,,,false,true,12,2017-04-01,2018-03-31,0
2018-01-29,94740,2018-03-31,3,,,,,,,,,,,,,,,,,,,,,,,,,,,,,,,,,38200910,1515187,36686109,false,false,9,2017-04-01,2017-12-31,0
2018-01-29,94740,2017-03-31,3,,,,,,,,,,,,,,,,,,,,,,,,,,,,,,,,,,,36686898,false,false,9,2016-04-01,2016-12-31,-1
2018-04-27,94740,2018-03-31,,61332000000,0.061,,,,,5441000000,0.285,5863000000,0.295,,3336000000,,60.75,60.66,0.082,0.085,0.089,,72222000000,40822000000,0.545,745.46,39342000000,10783000000,-5392000000,-668000000,11542000000,,0.384,,,,,,true,false,12,2017-04-01,2018-03-31,0
2018-04-27,94740,2017-03-31,,57819000000,0.052,,,,,4234000000,0.394,4527000000,0.321,,2462000000,,44.74,,0.060,0.072,0.073,,65150000000,43463000000,0.646,764.34,42061000000,9318000000,-5313000000,-2248000000,6817000000,,0.514,,,,,,true,false,12,2016-04-01,2017-03-31,-1
2018-04-27,94740,2019-03-31,,27000000000,0.038,,,,,0,-1.000,0,-1.000,,0,,0.00,,,,,,,,,,,,,,,,,,,,,,true,true,6,2018-04-01,2018-09-30,1
2018-04-27,94740,2019-03-31,,64000000000,0.043,,,,,5800000000,0.066,6200000000,0.057,,3700000000,,70.11,,,,,,,,,,,,,,,,0.342,,,,,,true,true,12,2018-04-01,2019-03-31,1
2018-04-27,94740,2017-03-31,,,,,,,,,,,,,,,,,,,,,,,,,,,,,,34.50,,,,57301365,2271655,55030230,false,false,12,2016-04-01,2017-03-31,-1
2018-04-27,94740,2018-03-31,,,,,,,,,,,,,,,,,,,,,,,,,,,,,,35.00,,,,57301365,4525645,54917187,false,false,12,2017-04-01,2018-03-31,0
2018-04-27,94740,2019-03-31,,,,,,,,,,,,,,,,,,,,,,,,,,,,,,24.00,,,,,,,false,true,12,2018-04-01,2019-03-31,1
2018-07-30,94740,2019-03-31,1,13610000000,0.130,,,,,362000000,,560000000,,,336000000,,6.38,5.92,,,,,66535000000,40202000000,0.583,,38776000000,,,,,,,,,,,,true,false,3,2018-04-01,2018-06-30,0
2018-07-30,94740,2018-03-31,1,12039000000,0.078,,,,,-210000000,,-53000000,,,-143000000,,-2.61,,,,,,,,,,,,,,,,,,,,,,true,false,3,2017-04-01,2017-06-30,-1
2018-07-30,94740,2019-03-31,1,27000000000,0.038,,,,,0,-1.000,0,-1.000,,0,,0.00,,,,,,,,,,,,,,,,,,,,,,true,true,6,2018-04-01,2018-09-30,0
2018-07-30,94740,2019-03-31,1,64000000000,0.043,,,,,5800000000,0.066,6200000000,0.057,,3700000000,,70.12,,,,,,,,,,,,,,,,,,,,,,true,true,12,2018-04-01,2019-03-31,0
2018-07-30,94740,2018-03-31,1,,,,,,,,,,,,,,,,,,,,71668000000,40822000000,0.549,,39342000000,,,,,,,,,,,,true,false,12,2017-04-01,2018-03-31,-1
2018-07-30,94740,2018-03-31,1,,,,,,,,,,,,,,,,,,,,,,,,,,,,,35.00,,,,57301365,4525645,,false,false,12,2017-04-01,2018-03-31,-1
2018-07-30,94740,2019-03-31,1,,,,,,,,,,,,,,,,,,,,,,,,,,,,,24.00,,,,,,,false,true,12,2018-04-01,2019-03-31,0
2018-07-30,94740,2019-03-31,1,,,,,,,,,,,,,,,,,,,,,,,,,,,,,,,,,57301365,4580891,52770171,false,false,3,2018-04-01,2018-06-30,0
2018-07-30,94740,2018-03-31,1,,,,,,,,,,,,,,,,,,,,,,,,,,,,,,,,,,,55029611,false,false,3,2017-04-01,2017-06-30,-1
2018-10-22,94740,2019-03-31,,28100000000,0.041,,,,,730000000,,970000000,,,580000000,,11.02,,,,,,,,,,,,,,,,,,,,,,true,true,6,2018-04-01,2018-09-30,0
2018-10-22,94740,2018-03-31,,26016000000,,,,,,470000000,,725000000,,,213000000,,5.82,,,,,,,,,,,,,,,,,,,,,,true,false,6,2017-04-01,2017-09-30,-1
2018-10-29,94740,2019-03-31,2,28168000000,0.083,,,,,738000000,0.570,977000000,0.348,,587000000,,11.16,10.32,,,,,65001000000,38854000000,0.576,,37462000000,,,,,,,,,,,,true,false,6,2018-04-01,2018-09-30,0
2018-10-29,94740,2018-03-31,2,26016000000,0.050,,,,,470000000,,725000000,,,213000000,,3.88,,,,,,,,,,,,,,,,,,,,,,true,false,6,2017-04-01,2017-09-30,-1
2018-10-29,94740,2019-03-31,2,64000000000,0.043,,,,,5800000000,0.066,6200000000,0.057,,3700000000,,70.32,,,,,,,,,,,,,,,,,,,,,,true,true,12,2018-04-01,2019-03-31,0
2018-10-29,94740,2018-03-31,2,,,,,,,,,,,,,,,,,,,,71668000000,40822000000,0.549,,39342000000,,,,,,,,,,,,true,false,12,2017-04-01,2018-03-31,-1
2018-10-29,94740,2018-03-31,2,,,,,,,,,,,,,,,,,,,,,,,,,,,,,35.00,,,,57301365,4525645,,false,false,12,2017-04-01,2018-03-31,-1
2018-10-29,94740,2019-03-31,2,,,,,,,,,,,,,,,,,,,,,,,,,,,,,12.00,,,,,,,false,false,12,2018-04-01,2019-03-31,0
2018-10-29,94740,2019-03-31,2,,,,,,,,,,,,,,,,,,,,,,,,,,,,,24.00,,,,,,,false,true,12,2018-04-01,2019-03-31,0
2018-10-29,94740,2019-03-31,2,,,,,,,,,,,,,,,,,,,,,,,,,,,,,,,,,57301365,5025125,52614705,false,false,6,2018-04-01,2018-09-30,0
2018-10-29,94740,2018-03-31,2,,,,,,,,,,,,,,,,,,,,,,,,,,,,,,,,,,,55029342,false,false,6,2017-04-01,2017-09-30,-1
2019-01-29,94740,2019-03-31,3,42996000000,0.088,,,,,1563000000,1.164,1877000000,0.802,,1017000000,,19.38,17.98,,,,,63727000000,39274000000,0.589,,37512000000,,,,,,,,,,,,true,false,9,2018-04-01,2018-12-31,0
2019-01-29,94740,2018-03-31,3,39535000000,0.050,,,,,722000000,,1041000000,2.567,,295000000,,5.38,,,,,,,,,,,,,,,,,,,,,,true,false,9,2017-04-01,2017-12-31,-1
2019-01-29,94740,2019-03-31,3,64000000000,0.043,,,,,5800000000,0.066,6200000000,0.057,,3700000000,,70.47,,,,,,,,,,,,,,,,,,,,,,true,true,12,2018-04-01,2019-03-31,0
2019-01-29,94740,2018-03-31,3,,,,,,,,,,,,,,,,,,,,71668000000,40822000000,0.549,,39342000000,,,,,,,,,,,,true,false,12,2017-04-01,2018-03-31,-1
2019-01-29,94740,2018-03-31,3,,,,,,,,,,,,,,,,,,,,,,,,,,,,,35.00,,,,57301365,4525645,,false,false,12,2017-04-01,2018-03-31,-1
2019-01-29,94740,2019-03-31,3,,,,,,,,,,,,,,,,,,,,,,,,,,,,,12.00,,,,,,,false,false,12,2018-04-01,2019-03-31,0
2019-01-29,94740,2019-03-31,3,,,,,,,,,,,,,,,,,,,,,,,,,,,,,24.00,,,,,,,false,true,12,2018-04-01,2019-03-31,0
2019-01-29,94740,2019-03-31,3,,,,,,,,,,,,,,,,,,,,,,,,,,,,,,,,,57301365,5025658,52501370,false,false,9,2018-04-01,2018-12-31,0
2019-01-29,94740,2018-03-31,3,,,,,,,,,,,,,,,,,,,,,,,,,,,,,,,,,,,55029164,false,false,9,2017-04-01,2017-12-31,-1
2019-04-19,94740,2019-03-31,,63700000000,-0.005,,,,,5850000000,0.009,6230000000,0.005,,3220000000,,61.40,,,,,,,,,,,,,,,,,,,,,,true,true,12,2018-04-01,2019-03-31,0
2019-04-19,94740,2018-03-31,,61332000000,,,,,,5441000000,,5863000000,,,3336000000,,60.75,,,,,,,,,,,,,,,,,,,,,,true,false,12,2017-04-01,2018-03-31,-1
2019-04-26,94740,2019-03-31,,63747000000,0.039,,,,,5824000000,0.070,6200000000,0.057,,3206000000,,61.15,57.55,0.081,0.088,0.091,,69932000000,41722000000,0.567,759.18,39686000000,9035000000,-5016000000,-3287000000,12240000000,,0.392,,,,,,true,false,12,2018-04-01,2019-03-31,0
2019-04-26,94740,2018-03-31,,61332000000,0.061,,,,,5441000000,0.285,5863000000,0.295,,3336000000,,60.75,60.66,0.082,0.086,0.089,,71668000000,40822000000,0.549,745.46,39342000000,10783000000,-5392000000,-668000000,11542000000,,0.384,,,,,,true,false,12,2017-04-01,2018-03-31,-1
2019-04-26,94740,2020-03-31,,27800000000,-0.013,,,,,0,-1.000,0,-1.000,,0,,0.00,,,,,,,,,,,,,,,,,,,,,,true,true,6,2019-04-01,2019-09-30,1
2019-04-26,94740,2020-03-31,,63800000000,0.001,,,,,5900000000,0.013,6300000000,0.016,,4000000000,,76.52,,,,,,,,,,,,,,,,0.327,,,,,,true,true,12,2019-04-01,2020-03-31,1
2019-04-26,94740,2018-03-31,,,,,,,,,,,,,,,,,,,,,,,,,,,,,,35.00,,,,57301365,4525645,54917187,false,false,12,2017-04-01,2018-03-31,-1
2019-04-26,94740,2019-03-31,,,,,,,,,,,,,,,,,,,,,,,,,,,,,,24.00,,,,57301365,5025987,52445690,false,false,12,2018-04-01,2019-03-31,0
2019-04-26,94740,2020-03-31,,,,,,,,,,,,,,,,,,,,,,,,,,,,,,25.00,,,,,,,false,true,12,2019-04-01,2020-03-31,1
2019-07-29,94740,2020-03-31,1,12588000000,-0.075,,,,,-634000000,,-390000000,,,-640000000,,-12.25,,,,,,65477000000,40004000000,0.583,,38184000000,,,,,,,,,,,,true,false,3,2019-04-01,2019-06-30,0
2019-07-29,94740,2019-03-31,1,13610000000,0.130,,,,,362000000,,560000000,,,336000000,,6.38,5.92,,,,,,,,,,,,,,,,,,,,,true,false,3,2018-04-01,2018-06-30,-1
2019-07-29,94740,2020-03-31,1,27800000000,-0.013,,,,,0,-1.000,0,-1.000,,0,,0.00,,,,,,,,,,,,,,,,,,,,,,true,true,6,2019-04-01,2019-09-30,0
2019-07-29,94740,2020-03-31,1,63800000000,0.001,,,,,5900000000,0.013,6300000000,0.016,,4000000000,,76.52,,,,,,,,,,,,,,,,,,,,,,true,true,12,2019-04-01,2020-03-31,0
2019-07-29,94740,2019-03-31,1,,,,,,,,,,,,,,,,,,,,69932000000,41722000000,0.567,,39686000000,,,,,,,,,,,,true,false,12,2018-04-01,2019-03-31,-1
2019-07-29,94740,2019-03-31,1,,,,,,,,,,,,,,,,,,,,,,,,,,,,,24.00,,,,57301365,5025987,,false,false,12,2018-04-01,2019-03-31,-1
2019-07-29,94740,2020-03-31,1,,,,,,,,,,,,,,,,,,,,,,,,,,,,,25.00,,,,,,,false,true,12,2019-04-01,2020-03-31,0
2019-07-29,94740,2020-03-31,1,,,,,,,,,,,,,,,,,,,,,,,,,,,,,,,,,57301365,5026211,52275208,false,false,3,2019-04-01,2019-06-30,0
2019-07-29,94740,2019-03-31,1,,,,,,,,,,,,,,,,,,,,,,,,,,,,,,,,,,,52770171,false,false,3,2018-04-01,2018-06-30,-1
2019-10-25,94740,2020-03-31,,26800000000,-0.036,,,,,-330000000,,-60000000,,,-220000000,,-4.21,,,,,,,,,,,,,,,,,,,,,,true,true,6,2019-04-01,2019-09-30,0
2019-10-25,94740,2019-03-31,,28168000000,,,,,,738000000,,977000000,,,587000000,,11.16,,,,,,,,,,,,,,,,,,,,,,true,false,6,2018-04-01,2018-09-30,-1
2019-10-29,94740,2020-03-31,2,26803000000,-0.048,,,,,-334000000,,-65000000,,,-224000000,,-4.29,,,,,,65707000000,40019000000,0.583,,38300000000,,,,,,,,,,,,true,false,6,2019-04-01,2019-09-30,0
2019-10-29,94740,2019-03-31,2,28168000000,0.083,,,,,738000000,0.570,977000000,0.348,,587000000,,11.16,10.32,,,,,,,,,,,,,,,,,,,,,true,false,6,2018-04-01,2018-09-30,-1
2019-10-29,94740,2020-03-31,2,63800000000,0.001,,,,,5900000000,0.013,6300000000,0.016,,4000000000,,76.51,,,,,,,,,,,,,,,,,,,,,,true,true,12,2019-04-01,2020-03-31,0
2019-10-29,94740,2019-03-31,2,,,,,,,,,,,,,,,,,,,,69932000000,41722000000,0.567,,39686000000,,,,,,,,,,,,true,false,12,2018-04-01,2019-03-31,-1
2019-10-29,94740,2019-03-31,2,,,,,,,,,,,,,,,,,,,,,,,,,,,,,24.00,,,,57301365,5025987,,false,false,12,2018-04-01,2019-03-31,-1
2019-10-29,94740,2020-03-31,2,,,,,,,,,,,,,,,,,,,,,,,,,,,,,12.50,,,,,,,false,false,12,2019-04-01,2020-03-31,0
2019-10-29,94740,2020-03-31,2,,,,,,,,,,,,,,,,,,,,,,,,,,,,,25.00,,,,,,,false,true,12,2019-04-01,2020-03-31,0
2019-10-29,94740,2020-03-31,2,,,,,,,,,,,,,,,,,,,,,,,,,,,,,,,,,57301365,5013919,52277790,false,false,6,2019-04-01,2019-09-30,0
2019-10-29,94740,2019-03-31,2,,,,,,,,,,,,,,,,,,,,,,,,,,,,,,,,,,,52614705,false,false,6,2018-04-01,2018-09-30,-1
2020-01-29,94740,2020-03-31,3,40316000000,-0.062,,,,,-466000000,,-160000000,,,236000000,,4.53,3.86,,,,,64028000000,39514000000,0.592,,37883000000,,,,,,,,,,,,true,false,9,2019-04-01,2019-12-31,0
2020-01-29,94740,2019-03-31,3,42996000000,0.088,,,,,1563000000,1.164,1877000000,0.802,,1017000000,,19.38,17.98,,,,,,,,,,,,,,,,,,,,,true,false,9,2018-04-01,2018-12-31,-1
2020-01-29,94740,2020-03-31,3,60000000000,-0.059,,,,,3200000000,-0.451,3600000000,-0.419,,2600000000,,49.73,,,,,,,,,,,,,,,,,,,,,,true,true,12,2019-04-01,2020-03-31,0
2020-01-29,94740,2019-03-31,3,,,,,,,,,,,,,,,,,,,,69932000000,41722000000,0.567,,39686000000,,,,,,,,,,,,true,false,12,2018-04-01,2019-03-31,-1
2020-01-29,94740,2019-03-31,3,,,,,,,,,,,,,,,,,,,,,,,,,,,,,24.00,,,,57301365,5025987,,false,false,12,2018-04-01,2019-03-31,-1
2020-01-29,94740,2020-03-31,3,,,,,,,,,,,,,,,,,,,,,,,,,,,,,12.50,,,,,,,false,false,12,2019-04-01,2020-03-31,0
2020-01-29,94740,2020-03-31,3,,,,,,,,,,,,,,,,,,,,,,,,,,,,,25.00,,,,,,,false,true,12,2019-04-01,2020-03-31,0
2020-01-29,94740,2020-03-31,3,,,,,,,,,,,,,,,,,,,,,,,,,,,,,,,,,57301365,5014063,52281006,false,false,9,2019-04-01,2019-12-31,0
2020-01-29,94740,2019-03-31,3,,,,,,,,,,,,,,,,,,,,,,,,,,,,,,,,,,,52501370,false,false,9,2018-04-01,2018-12-31,-1
2020-01-29,94740,2020-03-31,,60000000000,-0.060,,,,,3200000000,-0.458,3600000000,-0.429,,2600000000,,49.73,,,,,,,,,,,,,,,,,,,,,,true,true,12,2019-04-01,2020-03-31,0
2020-01-29,94740,2019-03-31,,63747000000,,,,,,5824000000,,6200000000,,,3206000000,,61.15,,,,,,,,,,,,,,,,,,,,,,true,false,12,2018-04-01,2019-03-31,-1
2020-04-28,94740,2020-03-31,,59771000000,-0.062,,,,,3300000000,-0.433,3709000000,-0.402,,2633000000,,50.37,47.30,0.066,0.053,0.055,,69569000000,41451000000,0.571,759.57,39715000000,7995000000,-2958000000,-2007000000,15237000000,,0.496,,,,,,true,false,12,2019-04-01,2020-03-31,0
2020-04-28,94740,2019-03-31,,63747000000,0.039,,,,,5824000000,0.070,6200000000,0.057,,3206000000,,61.15,57.55,0.081,0.088,0.091,,69932000000,41722000000,0.567,759.18,39686000000,9035000000,-5016000000,-3287000000,12240000000,,0.392,,,,,,true,false,12,2018-04-01,2019-03-31,-1
2020-04-28,94740,2019-03-31,,,,,,,,,,,,,,,,,,,,,,,,,,,,,,24.00,,,,57301365,5025987,52445690,false,false,12,2018-04-01,2019-03-31,-1
2020-04-28,94740,2020-03-31,,,,,,,,,,,,,,,,,,,,,,,,,,,,,,25.00,,,,57301365,5014617,52282496,false,false,12,2019-04-01,2020-03-31,0
2020-04-28,94740,2021-03-31,,,,,,,,,,,,,,,,,,,,,,,,,,,,,,25.00,,,,,,,false,true,12,2020-04-01,2021-03-31,1
2020-07-29,94740,2021-03-31,1,11312000000,-0.101,,,,,-1130000000,,-1016000000,,,-621000000,,-11.21,,,,,,68640000000,43820000000,0.614,,42175000000,,,,,,,,,,,,true,false,3,2020-04-01,2020-06-30,0
2020-07-29,94740,2020-03-31,1,12588000000,-0.075,,,,,-634000000,,-390000000,,,-640000000,,-12.25,,,,,,,,,,,,,,,,,,,,,,true,false,3,2019-04-01,2019-06-30,-1
2020-07-29,94740,2021-03-31,1,24500000000,-0.086,,,,,-2000000000,,-1900000000,,,-1500000000,,-27.03,,,,,,,,,,,,,,,,,,,,,,true,true,6,2020-04-01,2020-09-30,0
2020-07-29,94740,2021-03-31,1,58500000000,-0.021,,,,,1500000000,-0.546,1700000000,-0.542,,900000000,,16.22,,,,,,,,,,,,,,,,,,,,,,true,true,12,2020-04-01,2021-03-31,0
2020-07-29,94740,2020-03-31,1,,,,,,,,,,,,,,,,,,,,69569000000,41451000000,0.571,,39715000000,,,,,,,,,,,,true,false,12,2019-04-01,2020-03-31,-1
2020-07-29,94740,2020-03-31,1,,,,,,,,,,,,,,,,,,,,,,,,,,,,,25.00,,,,57301365,5014617,,false,false,12,2019-04-01,2020-03-31,-1
2020-07-29,94740,2021-03-31,1,,,,,,,,,,,,,,,,,,,,,,,,,,,,,25.00,,,,,,,false,true,12,2020-04-01,2021-03-31,0
2020-07-29,94740,2021-03-31,1,,,,,,,,,,,,,,,,,,,,,,,,,,,,,,,,,57301365,1617765,55491200,false,false,3,2020-04-01,2020-06-30,0
2020-07-29,94740,2020-03-31,1,,,,,,,,,,,,,,,,,,,,,,,,,,,,,,,,,,,52275208,false,false,3,2019-04-01,2019-06-30,-1
2020-07-29,94740,2021-03-31,,24500000000,,,,,,-2000000000,,-1900000000,,,-1500000000,,-27.03,,,,,,,,,,,,,,,,,,,,,,true,true,6,2020-04-01,2020-09-30,0
2020-07-29,94740,2020-03-31,,26803000000,,,,,,-334000000,,-65000000,,,-224000000,,-4.29,,,,,,,,,,,,,,,,,,,,,,true,false,6,2019-04-01,2019-09-30,-1
2020-07-29,94740,2021-03-31,,58500000000,,,,,,1500000000,,1700000000,,,900000000,,16.22,,,,,,,,,,,,,,,,,,,,,,true,true,12,2020-04-01,2021-03-31,0
2020-07-29,94740,2020-03-31,,59771000000,,,,,,3300000000,,3709000000,,,2633000000,,50.37,,,,,,,,,,,,,,,,,,,,,,true,false,12,2019-04-01,2020-03-31,-1
2020-10-21,94740,2021-03-31,,24200000000,-0.012,,,,,-1460000000,,-1240000000,,,-720000000,,-12.95,,,,,,,,,,,,,,,,,,,,,,true,true,6,2020-04-01,2020-09-30,0
2020-10-21,94740,2020-03-31,,26803000000,,,,,,-334000000,,-65000000,,,-224000000,,-4.29,,,,,,,,,,,,,,,,,,,,,,true,false,6,2019-04-01,2019-09-30,-1
2020-10-28,9474,2021-03-31,2,24209000000,-0.097,,,,,-1460000000,,-1240000000,,,-723000000,,-13.01,,,,,,68326000000,43657000000,0.615,,42047000000,,,,,,,,,,,,true,false,6,2020-04-01,2020-09-30,0
2020-10-28,9474,2020-03-31,2,26803000000,-0.048,,,,,-334000000,,-65000000,,,-224000000,,-4.29,,,,,,,,,,,,,,,,,,,,,,true,false,6,2019-04-01,2019-09-30,-1
2020-10-28,9474,2021-03-31,2,58500000000,-0.021,,,,,1500000000,-0.546,1700000000,-0.542,,900000000,,16.19,,,,,,,,,,,,,,,,,,,,,,true,true,12,2020-04-01,2021-03-31,0
2020-10-28,9474,2020-03-31,2,,,,,,,,,,,,,,,,,,,,69569000000,41451000000,0.571,,39715000000,,,,,,,,,,,,true,false,12,2019-04-01,2020-03-31,-1
2020-10-28,9474,2020-03-31,2,,,,,,,,,,,,,,,,,,,,,,,,,,,,,25.00,,,,57301365,5014617,,false,false,12,2019-04-01,2020-03-31,-1
2020-10-28,9474,2021-03-31,2,,,,,,,,,,,,,,,,,,,,,,,,,,,,,12.50,,,,,,,false,false,12,2020-04-01,2021-03-31,0
2020-10-28,9474,2021-03-31,2,,,,,,,,,,,,,,,,,,,,,,,,,,,,,25.00,,,,,,,false,true,12,2020-04-01,2021-03-31,0
2020-10-28,9474,2021-03-31,2,,,,,,,,,,,,,,,,,,,,,,,,,,,,,,,,,57301365,1603619,55590757,false,false,6,2020-04-01,2020-09-30,0
2020-10-28,9474,2020-03-31,2,,,,,,,,,,,,,,,,,,,,,,,,,,,,,,,,,,,52277790,false,false,6,2019-04-01,2019-09-30,-1
2021-01-28,9474,2021-03-31,3,38429000000,-0.047,,,,,-1719000000,,-1482000000,,,-758000000,,-13.65,,,,,,66207000000,41932000000,0.611,,40438000000,,,,,,,,,,,,true,false,9,2020-04-01,2020-12-31,0
2021-01-28,9474,2020-03-31,3,40316000000,-0.062,,,,,-466000000,,-160000000,,,236000000,,4.53,3.86,,,,,,,,,,,,,,,,,,,,,true,false,9,2019-04-01,2019-12-31,-1
2021-01-28,9474,2021-03-31,3,58500000000,-0.021,,,,,1500000000,-0.546,1700000000,-0.542,,900000000,,16.20,,,,,,,,,,,,,,,,,,,,,,true,true,12,2020-04-01,2021-03-31,0
2021-01-28,9474,2020-03-31,3,,,,,,,,,,,,,,,,,,,,69569000000,41451000000,0.571,,39715000000,,,,,,,,,,,,true,false,12,2019-04-01,2020-03-31,-1
2021-01-28,9474,2020-03-31,3,,,,,,,,,,,,,,,,,,,,,,,,,,,,,25.00,,,,57301365,5014617,,false,false,12,2019-04-01,2020-03-31,-1
2021-01-28,9474,2021-03-31,3,,,,,,,,,,,,,,,,,,,,,,,,,,,,,12.50,,,,,,,false,false,12,2020-04-01,2021-03-31,0
2021-01-28,9474,2021-03-31,3,,,,,,,,,,,,,,,,,,,,,,,,,,,,,25.00,,,,,,,false,true,12,2020-04-01,2021-03-31,0
2021-01-28,9474,2021-03-31,3,,,,,,,,,,,,,,,,,,,,,,,,,,,,,,,,,57301365,2259521,55555866,false,false,9,2020-04-01,2020-12-31,0
2021-01-28,9474,2020-03-31,3,,,,,,,,,,,,,,,,,,,,,,,,,,,,,,,,,,,52281006,false,false,9,2019-04-01,2019-12-31,-1
2021-04-21,94740,2021-03-31,,57200000000,-0.022,,,,,1430000000,-0.047,1680000000,-0.012,,1240000000,,22.38,,,,,,,,,,,,,,,,,,,,,,true,true,12,2020-04-01,2021-03-31,0
2021-04-21,94740,2020-03-31,,59771000000,,,,,,3300000000,,3709000000,,,2633000000,,50.37,,,,,,,,,,,,,,,,,,,,,,true,false,12,2019-04-01,2020-03-31,-1
2021-04-21,94740,2021-03-31,,40300000000,,,,,,,,2480000000,,2010000000,,,36.27,,,,,,,,,,,,,,,,,,,,,,false,true,12,2020-04-01,2021-03-31,0
2021-04-21,94740,2020-03-31,,41386000000,,,,,,,,3968000000,,2913000000,,,55.72,,,,,,,,,,,,,,,,,,,,,,false,false,12,2019-04-01,2020-03-31,-1
2021-04-28,9474,2021-03-31,,57225000000,-0.043,,,,,1436000000,-0.565,1683000000,-0.546,,1248000000,,22.54,20.91,0.030,0.024,0.025,,71320000000,44723000000,0.605,785.98,43149000000,6351000000,-5041000000,-8000000,16529000000,,1.109,,,,,,true,false,12,2020-04-01,2021-03-31,0
2021-04-28,9474,2020-03-31,,59771000000,-0.062,,,,,3300000000,-0.433,3709000000,-0.402,,2633000000,,50.37,47.30,0.066,0.053,0.055,,69569000000,41451000000,0.571,759.57,39715000000,7995000000,-2958000000,-2007000000,15237000000,,0.496,,,,,,true,false,12,2019-04-01,2020-03-31,-1
2021-04-28,9474,2022-03-31,,24800000000,,,,,,-1200000000,,-1000000000,,,-700000000,,-12.75,,,,,,,,,,,,,,,,,,,,,,true,true,6,2021-04-01,2021-09-30,1
2021-04-28,9474,2022-03-31,,58200000000,,,,,,1700000000,,1900000000,,,1300000000,,23.68,,,,,,,,,,,,,,,,,,,,,,true,true,12,2021-04-01,2022-03-31,1
2021-04-28,9474,2020-03-31,,,,,,,,,,,,,,,,,,,,,,,,,,,,,,25.00,,,,57301365,5014617,52282496,false,false,12,2019-04-01,2020-03-31,-1
2021-04-28,9474,2021-03-31,,,,,,,,,,,,,,,,,,,,,,,,,,,,,,25.00,,,,57301365,2402728,55415252,false,false,12,2020-04-01,2021-03-31,0
2021-04-28,9474,2022-03-31,,,,,,,,,,,,,,,,,,,,,,,,,,,,,,25.00,,,,,,,false,true,12,2021-04-01,2022-03-31,1
2021-07-29,9474,2022-03-31,1,12243000000,,,,,,-413000000,,-346000000,,,-298000000,,-5.45,,,,,,66882000000,40222000000,0.598,,39988000000,,,,,,,,,,,,true,false,3,2021-04-01,2021-06-30,0
2021-07-29,9474,2021-03-31,1,11312000000,-0.101,,,,,-1130000000,,-1016000000,,,-621000000,,-11.21,,,,,,,,,,,,,,,,,,,,,,true,false,3,2020-04-01,2020-06-30,-1
2021-07-29,9474,2022-03-31,1,24800000000,,,,,,-1200000000,,-1000000000,,,-700000000,,-12.78,,,,,,,,,,,,,,,,,,,,,,true,true,6,2021-04-01,2021-09-30,0
2021-07-29,9474,2022-03-31,1,58200000000,,,,,,1700000000,,1900000000,,,1300000000,,23.73,,,,,,,,,,,,,,,,,,,,,,true,true,12,2021-04-01,2022-03-31,0
2021-07-29,9474,2021-03-31,1,,,,,,,,,,,,,,,,,,,,71320000000,44723000000,0.605,,43149000000,,,,,,,,,,,,true,false,12,2020-04-01,2021-03-31,-1
2021-07-29,9474,2021-03-31,1,,,,,,,,,,,,,,,,,,,,,,,,,,,,,25.00,,,,57301365,2402728,,false,false,12,2020-04-01,2021-03-31,-1
2021-07-29,9474,2022-03-31,1,,,,,,,,,,,,,,,,,,,,,,,,,,,,,25.00,,,,,,,false,true,12,2021-04-01,2022-03-31,0
2021-07-29,9474,2022-03-31,1,,,,,,,,,,,,,,,,,,,,,,,,,,,,,,,,,57301365,2635608,54793930,false,false,3,2021-04-01,2021-06-30,0
2021-07-29,9474,2021-03-31,1,,,,,,,,,,,,,,,,,,,,,,,,,,,,,,,,,,,55491200,false,false,3,2020-04-01,2020-06-30,-1
2021-10-21,94740,2022-03-31,,25800000000,0.040,,,,,-460000000,,-330000000,,,-80000000,,-1.46,,,,,,,,,,,,,,,,,,,,,,true,true,6,2021-04-01,2021-09-30,0
2021-10-21,94740,2021-03-31,,24209000000,,,,,,-1460000000,,-1240000000,,,-723000000,,-13.01,,,,,,,,,,,,,,,,,,,,,,true,false,6,2020-04-01,2020-09-30,-1
2021-10-28,9474,2022-03-31,2,25880000000,,,,,,-456000000,,-322000000,,,-80000000,,-1.47,,,,,,66959000000,40544000000,0.602,,40312000000,,,,,,,,,,,,true,false,6,2021-04-01,2021-09-30,0
2021-10-28,9474,2021-03-31,2,24209000000,-0.097,,,,,-1460000000,,-1240000000,,,-723000000,,-13.01,,,,,,,,,,,,,,,,,,,,,,true,false,6,2020-04-01,2020-09-30,-1
2021-10-28,9474,2022-03-31,2,58200000000,,,,,,2300000000,,2500000000,,,2100000000,,38.37,,,,,,,,,,,,,,,,,,,,,,true,true,12,2021-04-01,2022-03-31,0
2021-10-28,9474,2021-03-31,2,,,,,,,,,,,,,,,,,,,,71320000000,44723000000,0.605,,43149000000,,,,,,,,,,,,true,false,12,2020-04-01,2021-03-31,-1
2021-10-28,9474,2021-03-31,2,,,,,,,,,,,,,,,,,,,,,,,,,,,,,25.00,,,,57301365,2402728,,false,false,12,2020-04-01,2021-03-31,-1
2021-10-28,9474,2022-03-31,2,,,,,,,,,,,,,,,,,,,,,,,,,,,,,12.50,,,,,,,false,false,12,2021-04-01,2022-03-31,0
2021-10-28,9474,2022-03-31,2,,,,,,,,,,,,,,,,,,,,,,,,,,,,,25.00,,,,,,,false,true,12,2021-04-01,2022-03-31,0
2021-10-28,9474,2022-03-31,2,,,,,,,,,,,,,,,,,,,,,,,,,,,,,,,,,57301365,2623771,54731990,false,false,6,2021-04-01,2021-09-30,0
2021-10-28,9474,2021-03-31,2,,,,,,,,,,,,,,,,,,,,,,,,,,,,,,,,,,,55590757,false,false,6,2020-04-01,2020-09-30,-1
2021-12-17,94740,2022-03-31,,58200000000,,,,,,2300000000,,2500000000,,,3400000000,,62.14,,,,,,,,,,,,,,,,,,,,,,true,true,12,2021-04-01,2022-03-31,0
2021-12-17,94740,2021-03-31,,57225000000,,,,,,1436000000,,1683000000,,,1248000000,,22.54,,,,,,,,,,,,,,,,,,,,,,true,false,12,2020-04-01,2021-03-31,-1
2022-01-31,9474,2022-03-31,3,39990000000,,,,,,61000000,,321000000,,,2067000000,,37.79,35.55,,,,,75329000000,47956000000,0.634,,47728000000,,,,,,,,,,,,true,false,9,2021-04-01,2021-12-31,0
2022-01-31,9474,2021-03-31,3,38429000000,-0.047,,,,,-1719000000,,-1482000000,,,-758000000,,-13.65,,,,,,,,,,,,,,,,,,,,,,true,false,9,2020-04-01,2020-12-31,-1
2022-01-31,9474,2022-03-31,3,58200000000,,,,,,2300000000,,2500000000,,,3400000000,,62.14,,,,,,,,,,,,,,,,,,,,,,true,true,12,2021-04-01,2022-03-31,0
2022-01-31,9474,2021-03-31,3,,,,,,,,,,,,,,,,,,,,71320000000,44723000000,0.605,,43149000000,,,,,,,,,,,,true,false,12,2020-04-01,2021-03-31,-1
2022-01-31,9474,2021-03-31,3,,,,,,,,,,,,,,,,,,,,,,,,,,,,,25.00,,,,57301365,2402728,,false,false,12,2020-04-01,2021-03-31,-1
2022-01-31,9474,2022-03-31,3,,,,,,,,,,,,,,,,,,,,,,,,,,,,,12.50,,,,,,,false,false,12,2021-04-01,2022-03-31,0
2022-01-31,9474,2022-03-31,3,,,,,,,,,,,,,,,,,,,,,,,,,,,,,25.00,,,,,,,false,true,12,2021-04-01,2022-03-31,0
2022-01-31,9474,2022-03-31,3,,,,,,,,,,,,,,,,,,,,,,,,,,,,,,,,,57301365,2624110,54713728,false,false,9,2021-04-01,2021-12-31,0
2022-01-31,9474,2021-03-31,3,,,,,,,,,,,,,,,,,,,,,,,,,,,,,,,,,,,55555866,false,false,9,2020-04-01,2020-12-31,-1
2022-04-28,9474,2022-03-31,,59053000000,,,,,,2670000000,,3044000000,,,3658000000,,66.94,63.16,0.081,0.040,0.045,,79164000000,48746000000,0.613,894.73,48500000000,8201000000,-3784000000,-4629000000,16455000000,,0.388,,,,,,true,false,12,2021-04-01,2022-03-31,0
2022-04-28,9474,2021-03-31,,57225000000,-0.043,,,,,1436000000,-0.565,1683000000,-0.546,,1248000000,,22.54,20.91,0.030,0.024,0.025,,71320000000,44723000000,0.605,785.98,43149000000,6351000000,-5041000000,-8000000,16529000000,,1.109,,,,,,true,false,12,2020-04-01,2021-03-31,-1
2022-04-28,9474,2023-03-31,,26200000000,0.012,,,,,-400000000,,-300000000,,,0,,0.00,,,,,,,,,,,,,,,,,,,,,,true,true,6,2022-04-01,2022-09-30,1
2022-04-28,9474,2023-03-31,,60500000000,0.024,,,,,3000000000,0.123,3200000000,0.051,,2600000000,,47.96,,,,,,,,,,,,,,,,,,,,,,true,true,12,2022-04-01,2023-03-31,1
2022-04-28,9474,2021-03-31,,,,,,,,,,,,,,,,,,,,,,,,,,,,,,25.00,,,,57301365,2402728,55415252,false,false,12,2020-04-01,2021-03-31,-1
2022-04-28,9474,2022-03-31,,,,,,,,,,,,,,,,,,,,,,,,,,,,,,26.00,,,,57301365,3094610,54651502,false,false,12,2021-04-01,2022-03-31,0
2022-04-28,9474,2023-03-31,,,,,,,,,,,,,,,,,,,,,,,,,,,,,,27.00,,,,,,,false,true,12,2022-04-01,2023-03-31,1
2022-07-28,9474,2023-03-31,1,12254000000,0.001,,,,,-923000000,,-806000000,,,-536000000,,-9.90,,,,,,75498000000,47401000000,0.625,,47187000000,,,,,,,,,,,,true,false,3,2022-04-01,2022-06-30,0
2022-07-28,9474,2022-03-31,1,12243000000,,,,,,-413000000,,-346000000,,,-298000000,,-5.45,,,,,,,,,,,,,,,,,,,,,,true,false,3,2021-04-01,2021-06-30,-1
2022-07-28,9474,2023-03-31,1,26200000000,0.012,,,,,-400000000,,-300000000,,,0,,0.00,,,,,,,,,,,,,,,,,,,,,,true,true,6,2022-04-01,2022-09-30,0
2022-07-28,9474,2023-03-31,1,60500000000,0.024,,,,,3000000000,0.123,3200000000,0.051,,2600000000,,47.96,,,,,,,,,,,,,,,,,,,,,,true,true,12,2022-04-01,2023-03-31,0
2022-07-28,9474,2022-03-31,1,,,,,,,,,,,,,,,,,,,,79164000000,48746000000,0.613,,48500000000,,,,,,,,,,,,true,false,12,2021-04-01,2022-03-31,-1
2022-07-28,9474,2022-03-31,1,,,,,,,,,,,,,,,,,,,,,,,,,,,,,26.00,,,,57301365,3094610,,false,false,12,2021-04-01,2022-03-31,-1
2022-07-28,9474,2023-03-31,1,,,,,,,,,,,,,,,,,,,,,,,,,,,,,27.00,,,,,,,false,true,12,2022-04-01,2023-03-31,0
2022-07-28,9474,2023-03-31,1,,,,,,,,,,,,,,,,,,,,,,,,,,,,,,,,,57301365,3094953,54206589,false,false,3,2022-04-01,2022-06-30,0
2022-07-28,9474,2022-03-31,1,,,,,,,,,,,,,,,,,,,,,,,,,,,,,,,,,,,54793930,false,false,3,2021-04-01,2021-06-30,-1
2022-10-24,94740,2023-03-31,,25900000000,-0.011,,,,,-980000000,,-980000000,,,-700000000,,-12.94,,,,,,,,,,,,,,,,,,,,,,true,true,6,2022-04-01,2022-09-30,0
2022-10-24,94740,2022-03-31,,25880000000,,,,,,-456000000,,-322000000,,,-80000000,,-1.47,,,,,,,,,,,,,,,,,,,,,,true,false,6,2021-04-01,2021-09-30,-1
2022-10-28,9474,2023-03-31,2,25929000000,0.002,,,,,-985000000,,-982000000,,,-703000000,,-13.00,,,,,,74455000000,46988000000,0.629,,46850000000,,,,,,,,,,,,true,false,6,2022-04-01,2022-09-30,0
2022-10-28,9474,2022-03-31,2,25880000000,,,,,,-456000000,,-322000000,,,-80000000,,-1.47,,,,,,,,,,,,,,,,,,,,,,true,false,6,2021-04-01,2021-09-30,-1
2022-10-28,9474,2023-03-31,2,60500000000,0.024,,,,,3000000000,0.123,3200000000,0.051,,2600000000,,48.06,,,,,,,,,,,,,,,,,,,,,,true,true,12,2022-04-01,2023-03-31,0
2022-10-28,9474,2022-03-31,2,,,,,,,,,,,,,,,,,,,,79164000000,48746000000,0.613,,48500000000,,,,,,,,,,,,true,false,12,2021-04-01,2022-03-31,-1
2022-10-28,9474,2022-03-31,2,,,,,,,,,,,,,,,,,,,,,,,,,,,,,26.00,,,,57301365,3094610,,false,false,12,2021-04-01,2022-03-31,-1
2022-10-28,9474,2023-03-31,2,,,,,,,,,,,,,,,,,,,,,,,,,,,,,13.50,,,,,,,false,false,12,2022-04-01,2023-03-31,0
2022-10-28,9474,2023-03-31,2,,,,,,,,,,,,,,,,,,,,,,,,,,,,,27.00,,,,,,,false,true,12,2022-04-01,2023-03-31,0
2022-10-28,9474,2023-03-31,2,,,,,,,,,,,,,,,,,,,,,,,,,,,,,,,,,57301365,3542757,54100772,false,false,6,2022-04-01,2022-09-30,0
2022-10-28,9474,2022-03-31,2,,,,,,,,,,,,,,,,,,,,,,,,,,,,,,,,,,,54731990,false,false,6,2021-04-01,2021-09-30,-1
2023-01-31,9474,2023-03-31,3,40210000000,0.006,,,,,-851000000,,-643000000,,,180000000,,3.34,2.75,,,,,70309000000,44902000000,0.637,,44778000000,,,,,,,,,,,,true,false,9,2022-04-01,2022-12-31,0
2023-01-31,9474,2022-03-31,3,39990000000,,,,,,61000000,,321000000,,,2067000000,,37.79,35.55,,,,,,,,,,,,,,,,,,,,,true,false,9,2021-04-01,2021-12-31,-1
2023-01-31,9474,2023-03-31,3,60500000000,0.024,,,,,3000000000,0.123,3200000000,0.051,,2600000000,,48.16,,,,,,,,,,,,,,,,,,,,,,true,true,12,2022-04-01,2023-03-31,0
2023-01-31,9474,2022-03-31,3,,,,,,,,,,,,,,,,,,,,79164000000,48746000000,0.613,,48500000000,,,,,,,,,,,,true,false,12,2021-04-01,2022-03-31,-1
2023-01-31,9474,2022-03-31,3,,,,,,,,,,,,,,,,,,,,,,,,,,,,,26.00,,,,57301365,3094610,,false,false,12,2021-04-01,2022-03-31,-1
2023-01-31,9474,2023-03-31,3,,,,,,,,,,,,,,,,,,,,,,,,,,,,,13.50,,,,,,,false,false,12,2022-04-01,2023-03-31,0
2023-01-31,9474,2023-03-31,3,,,,,,,,,,,,,,,,,,,,,,,,,,,,,27.00,,,,,,,false,true,12,2022-04-01,2023-03-31,0
2023-01-31,9474,2023-03-31,3,,,,,,,,,,,,,,,,,,,,,,,,,,,,,,,,,57301365,3543033,53986274,false,false,9,2022-04-01,2022-12-31,0
2023-01-31,9474,2022-03-31,3,,,,,,,,,,,,,,,,,,,,,,,,,,,,,,,,,,,54713728,false,false,9,2021-04-01,2021-12-31,-1
2023-03-29,94740,2023-03-31,,58600000000,-0.031,,,,,1550000000,-0.483,1750000000,-0.453,,2150000000,,39.87,,,,,,,,,,,,,,,,,,,,,,true,true,12,2022-04-01,2023-03-31,0
2023-03-29,94740,2022-03-31,,59053000000,,,,,,2670000000,,3044000000,,,3658000000,,66.94,,,,,,,,,,,,,,,,,,,,,,true,false,12,2021-04-01,2022-03-31,-1
2023-04-28,9474,2023-03-31,,58933000000,-0.002,,,,,1799000000,-0.326,2104000000,-0.309,,2770000000,,51.43,,0.059,0.028,0.031,,70130000000,45962000000,0.654,859.43,45871000000,6541000000,-2451000000,-6744000000,13965000000,,0.525,,,,,,true,false,12,2022-04-01,2023-03-31,0
2023-04-28,9474,2022-03-31,,59053000000,,,,,,2670000000,,3044000000,,,3658000000,,66.94,63.16,0.081,0.040,0.045,,79164000000,48746000000,0.613,894.73,48500000000,8201000000,-3784000000,-4629000000,16455000000,,0.388,,,,,,true,false,12,2021-04-01,2022-03-31,-1
2023-04-28,9474,2024-03-31,,62000000000,0.052,,,,,2500000000,0.390,2700000000,0.283,,1800000000,,33.41,,,,,,,,,,,,,,,,,,,,,,true,true,12,2023-04-01,2024-03-31,1
2023-04-28,9474,2022-03-31,,,,,,,,,,,,,,,,,,,,,,,,,,,,,,26.00,,,,57301365,3094610,54651502,false,false,12,2021-04-01,2022-03-31,-1
2023-04-28,9474,2023-03-31,,,,,,,,,,,,,,,,,,,,,,,,,,,,,,27.00,,,,57301365,3926792,53876884,false,false,12,2022-04-01,2023-03-31,0
2023-04-28,9474,2024-03-31,,,,,,,,,,,,,,,,,,,,,,,,,,,,,,27.00,,,,,,,false,true,12,2023-04-01,2024-03-31,1
2023-07-28,9474,2024-03-31,1,12793000000,0.044,,,,,-1344000000,,-1378000000,,,-989000000,,-18.55,,,,,,65751000000,45286000000,0.688,,45219000000,,,,,,,,,,,,true,false,3,2023-04-01,2023-06-30,0
2023-07-28,9474,2023-03-31,1,12254000000,0.001,,,,,-923000000,,-806000000,,,-536000000,,-9.90,,,,,,,,,,,,,,,,,,,,,,true,false,3,2022-04-01,2022-06-30,-1
2023-07-28,9474,2024-03-31,1,62000000000,0.052,,,,,2500000000,0.390,2700000000,0.283,,1800000000,,33.72,,,,,,,,,,,,,,,,,,,,,,true,true,12,2023-04-01,2024-03-31,0
2023-07-28,9474,2023-03-31,1,,,,,,,,,,,,,,,,,,,,70130000000,45962000000,0.654,,45871000000,,,,,,,,,,,,true,false,12,2022-04-01,2023-03-31,-1
2023-07-28,9474,2023-03-31,1,,,,,,,,,,,,,,,,,,,,,,,,,,,,,27.00,,,,57301365,3926792,,false,false,12,2022-04-01,2023-03-31,-1
2023-07-28,9474,2024-03-31,1,,,,,,,,,,,,,,,,,,,,,,,,,,,,,27.00,,,,,,,false,true,12,2023-04-01,2024-03-31,0
2023-07-28,9474,2024-03-31,1,,,,,,,,,,,,,,,,,,,,,,,,,,,,,,,,,57301365,3927051,53374436,false,false,3,2023-04-01,2023-06-30,0
2023-07-28,9474,2023-03-31,1,,,,,,,,,,,,,,,,,,,,,,,,,,,,,,,,,,,54206589,false,false,3,2022-04-01,2022-06-30,-1
2023-10-27,9474,2024-03-31,2,27153000000,0.047,,,,,-1581000000,,-1626000000,,,-1221000000,,-22.89,,,,,,71018000000,47675000000,0.671,,47625000000,,,,,,,,,,,,true,false,6,2023-04-01,2023-09-30,0
2023-10-27,9474,2023-03-31,2,25929000000,0.002,,,,,-985000000,,-982000000,,,-703000000,,-13.00,,,,,,,,,,,,,,,,,,,,,,true,false,6,2022-04-01,2022-09-30,-1
2023-10-27,9474,2024-03-31,2,62000000000,0.052,,,,,2500000000,0.390,2700000000,0.283,,1800000000,,33.72,,,,,,,,,,,,,,,,,,,,,,true,true,12,2023-04-01,2024-03-31,0
2023-10-27,9474,2023-03-31,2,,,,,,,,,,,,,,,,,,,,70130000000,45962000000,0.654,,45871000000,,,,,,,,,,,,true,false,12,2022-04-01,2023-03-31,-1
2023-10-27,9474,2023-03-31,2,,,,,,,,,,,,,,,,,,,,,,,,,,,,,27.00,,,,57301365,3926792,,false,false,12,2022-04-01,2023-03-31,-1
2023-10-27,9474,2024-03-31,2,,,,,,,,,,,,,,,,,,,,,,,,,,,,,13.50,,,,,,,false,false,12,2023-04-01,2024-03-31,0
2023-10-27,9474,2024-03-31,2,,,,,,,,,,,,,,,,,,,,,,,,,,,,,27.00,,,,,,,false,true,12,2023-04-01,2024-03-31,0
2023-10-27,9474,2024-03-31,2,,,,,,,,,,,,,,,,,,,,,,,,,,,,,,,,,57301365,3927249,53374317,false,false,6,2023-04-01,2023-09-30,0
2023-10-27,9474,2023-03-31,2,,,,,,,,,,,,,,,,,,,,,,,,,,,,,,,,,,,54100772,false,false,6,2022-04-01,2022-09-30,-1
2024-01-31,9474,2024-03-31,3,42013000000,0.045,,,,,-1104000000,,-1097000000,,,-871000000,,-16.34,,,,,,71201000000,46931000000,0.658,,46881000000,,,,,,,,,,,,true,false,9,2023-04-01,2023-12-31,0
2024-01-31,9474,2023-03-31,3,40210000000,0.006,,,,,-851000000,,-643000000,,,180000000,,3.34,2.75,,,,,,,,,,,,,,,,,,,,,true,false,9,2022-04-01,2022-12-31,-1
2024-01-31,9474,2024-03-31,3,62000000000,0.052,,,,,2500000000,0.390,2700000000,0.283,,1800000000,,33.72,,,,,,,,,,,,,,,,,,,,,,true,true,12,2023-04-01,2024-03-31,0
2024-01-31,9474,2023-03-31,3,,,,,,,,,,,,,,,,,,,,70130000000,45962000000,0.654,,45871000000,,,,,,,,,,,,true,false,12,2022-04-01,2023-03-31,-1
2024-01-31,9474,2023-03-31,3,,,,,,,,,,,,,,,,,,,,,,,,,,,,,27.00,,,,57301365,3926792,,false,false,12,2022-04-01,2023-03-31,-1
2024-01-31,9474,2024-03-31,3,,,,,,,,,,,,,,,,,,,,,,,,,,,,,13.50,,,,,,,false,false,12,2023-04-01,2024-03-31,0
2024-01-31,9474,2024-03-31,3,,,,,,,,,,,,,,,,,,,,,,,,,,,,,27.00,,,,,,,false,true,12,2023-04-01,2024-03-31,0
2024-01-31,9474,2024-03-31,3,,,,,,,,,,,,,,,,,,,,,,,,,,,,,,,,,57301365,3927313,53374233,false,false,9,2023-04-01,2023-12-31,0
2024-01-31,9474,2023-03-31,3,,,,,,,,,,,,,,,,,,,,,,,,,,,,,,,,,,,53986274,false,false,9,2022-04-01,2022-12-31,-1
2024-04-26,9474,2024-03-31,,61335000000,0.041,,,,,1981000000,0.101,2060000000,-0.021,,2078000000,,38.94,,0.044,0.028,0.032,,75402000000,49321000000,0.653,922.18,49220000000,6318000000,-4155000000,-3114000000,13213000000,,0.732,,,,,,true,false,12,2023-04-01,2024-03-31,0
2024-04-26,9474,2023-03-31,,58933000000,-0.002,,,,,1799000000,-0.326,2104000000,-0.309,,2770000000,,51.43,,0.059,0.028,0.031,,70130000000,45962000000,0.654,859.43,45871000000,6541000000,-2451000000,-6744000000,13965000000,,0.525,,,,,,true,false,12,2022-04-01,2023-03-31,-1
2024-04-26,9474,2025-03-31,,64300000000,0.048,,,,,3600000000,0.817,3700000000,0.796,,2500000000,,46.84,,,,,,,,,,,,,,,,,,,,,,true,true,12,2024-04-01,2025-03-31,1
2024-04-26,9474,2023-03-31,,,,,,,,,,,,,,,,,,,,,,,,,,,,,,27.00,,,,57301365,3926792,53876884,false,false,12,2022-04-01,2023-03-31,-1
2024-04-26,9474,2024-03-31,,,,,,,,,,,,,,,,,,,,,,,,,,,,,,28.50,,,,57301365,3927259,53374188,false,false,12,2023-04-01,2024-03-31,0
2024-04-26,9474,2025-03-31,,,,,,,,,,,,,,,,,,,,,,,,,,,,,,30.00,,,,,,,false,true,12,2024-04-01,2025-03-31,1
2024-07-29,9474,2025-03-31,1,14130000000,0.104,,,,,-274000000,,-255000000,,,9000000,,0.19,,,,,,73765000000,49884000000,0.676,,49876000000,,,,,,,,,,,,true,false,3,2024-04-01,2024-06-30,0
2024-07-29,9474,2024-03-31,1,12793000000,0.044,,,,,-1344000000,,-1378000000,,,-989000000,,-18.55,,,,,,,,,,,,,,,,,,,,,,true,false,3,2023-04-01,2023-06-30,-1
2024-07-29,9474,2025-03-31,1,64300000000,0.048,,,,,3600000000,0.817,3700000000,0.796,,2500000000,,46.84,,,,,,,,,,,,,,,,,,,,,,true,true,12,2024-04-01,2025-03-31,0
2024-07-29,9474,2024-03-31,1,,,,,,,,,,,,,,,,,,,,75402000000,49321000000,0.653,,49220000000,,,,,,,,,,,,true,false,12,2023-04-01,2024-03-31,-1
2024-07-29,9474,2024-03-31,1,,,,,,,,,,,,,,,,,,,,,,,,,,,,,28.50,,,,57301365,3927259,,false,false,12,2023-04-01,2024-03-31,-1
2024-07-29,9474,2025-03-31,1,,,,,,,,,,,,,,,,,,,,,,,,,,,,,30.00,,,,,,,false,true,12,2024-04-01,2025-03-31,0
2024-07-29,9474,2025-03-31,1,,,,,,,,,,,,,,,,,,,,,,,,,,,,,,,,,57301365,3925638,53374182,false,false,3,2024-04-01,2024-06-30,0
2024-07-29,9474,2024-03-31,1,,,,,,,,,,,,,,,,,,,,,,,,,,,,,,,,,,,53374436,false,false,3,2023-04-01,2023-06-30,-1
2024-10-29,9474,2025-03-31,2,28712000000,0.057,,,,,-275000000,,-341000000,,,-116000000,,-2.19,,,,,,70611000000,48515000000,0.687,,48509000000,,,,,,,,,,,,true,false,6,2024-04-01,2024-09-30,0
2024-10-29,9474,2024-03-31,2,27153000000,0.047,,,,,-1581000000,,-1626000000,,,-1221000000,,-22.89,,,,,,,,,,,,,,,,,,,,,,true,false,6,2023-04-01,2023-09-30,-1
2024-10-29,9474,2025-03-31,2,64300000000,0.048,,,,,3600000000,0.817,3700000000,0.796,,2500000000,,46.84,,,,,,,,,,,,,,,,,,,,,,true,true,12,2024-04-01,2025-03-31,0
2024-10-29,9474,2024-03-31,2,,,,,,,,,,,,,,,,,,,,75402000000,49321000000,0.653,,49220000000,,,,,,,,,,,,true,false,12,2023-04-01,2024-03-31,-1
2024-10-29,9474,2024-03-31,2,,,,,,,,,,,,,,,,,,,,,,,,,,,,,28.50,,,,57301365,3927259,,false,false,12,2023-04-01,2024-03-31,-1
2024-10-29,9474,2025-03-31,2,,,,,,,,,,,,,,,,,,,,,,,,,,,,,15.00,,,,,,,false,false,12,2024-04-01,2025-03-31,0
2024-10-29,9474,2025-03-31,2,,,,,,,,,,,,,,,,,,,,,,,,,,,,,30.00,,,,,,,false,true,12,2024-04-01,2025-03-31,0
2024-10-29,9474,2025-03-31,2,,,,,,,,,,,,,,,,,,,,,,,,,,,,,,,,,57301365,3923831,53375626,false,false,6,2024-04-01,2024-09-30,0
2024-10-29,9474,2024-03-31,2,,,,,,,,,,,,,,,,,,,,,,,,,,,,,,,,,,,53374317,false,false,6,2023-04-01,2023-09-30,-1
2025-01-31,9474,2025-03-31,3,44355000000,0.056,,,,,731000000,,711000000,,,541000000,,10.14,,,,,,68793000000,47404000000,0.689,,47400000000,,,,,,,,,,,,true,false,9,2024-04-01,2024-12-31,0
2025-01-31,9474,2024-03-31,3,42013000000,0.045,,,,,-1104000000,,-1097000000,,,-871000000,,-16.34,,,,,,,,,,,,,,,,,,,,,,true,false,9,2023-04-01,2023-12-31,-1
2025-01-31,9474,2025-03-31,3,64300000000,0.048,,,,,3600000000,0.817,3700000000,0.796,,2500000000,,46.84,,,,,,,,,,,,,,,,,,,,,,true,true,12,2024-04-01,2025-03-31,0
2025-01-31,9474,2024-03-31,3,,,,,,,,,,,,,,,,,,,,75402000000,49321000000,0.653,,49220000000,,,,,,,,,,,,true,false,12,2023-04-01,2024-03-31,-1
2025-01-31,9474,2024-03-31,3,,,,,,,,,,,,,,,,,,,,,,,,,,,,,28.50,,,,57301365,3927259,,false,false,12,2023-04-01,2024-03-31,-1
2025-01-31,9474,2025-03-31,3,,,,,,,,,,,,,,,,,,,,,,,,,,,,,15.00,,,,,,,false,false,12,2024-04-01,2025-03-31,0
2025-01-31,9474,2025-03-31,3,,,,,,,,,,,,,,,,,,,,,,,,,,,,,35.00,,,,,,,false,true,12,2024-04-01,2025-03-31,0
2025-01-31,9474,2025-03-31,3,,,,,,,,,,,,,,,,,,,,,,,,,,,,,,,,,57301365,3923885,53376249,false,false,9,2024-04-01,2024-12-31,0
2025-01-31,9474,2024-03-31,3,,,,,,,,,,,,,,,,,,,,,,,,,,,,,,,,,,,53374233,false,false,9,2023-04-01,2023-12-31,-1
2025-04-25,9474,2025-03-31,,64363000000,0.049,,,,,3923000000,0.980,3936000000,0.910,,2606000000,,48.83,,0.053,0.053,0.061,,73973000000,49847000000,0.674,933.58,49832000000,9640000000,-5161000000,-3840000000,13906000000,,0.717,,,,,,true,false,12,2024-04-01,2025-03-31,0
2025-04-25,9474,2024-03-31,,61335000000,0.041,,,,,1981000000,0.101,2060000000,-0.021,,2078000000,,38.94,,0.044,0.028,0.032,,75402000000,49321000000,0.653,922.18,49220000000,6318000000,-4155000000,-3114000000,13213000000,,0.732,,,,,,true,false,12,2023-04-01,2024-03-31,-1
2025-04-25,9474,2026-03-31,,65500000000,0.018,,,,,4300000000,0.096,4400000000,0.118,,3000000000,,56.20,,,,,,,,,,,,,,,,,,,,,,true,true,12,2025-04-01,2026-03-31,1
2025-04-25,9474,2024-03-31,,,,,,,,,,,,,,,,,,,,,,,,,,,,,,28.50,,,,57301365,3927259,53374188,false,false,12,2023-04-01,2024-03-31,-1
2025-04-25,9474,2025-03-31,,,,,,,,,,,,,,,,,,,,,,,,,,,,,,35.00,,,,57301365,3923858,53376548,false,false,12,2024-04-01,2025-03-31,0
2025-04-25,9474,2026-03-31,,,,,,,,,,,,,,,,,,,,,,,,,,,,,,42.00,,,,,,,false,true,12,2025-04-01,2026-03-31,1
2025-07-29,9474,2026-03-31,1,14191000000,0.004,,,,,-305000000,,-58000000,,,-117000000,,-2.21,,,,,,71341000000,48636000000,0.682,,48624000000,,,,,,,,,,,,true,false,3,2025-04-01,2025-06-30,0
2025-07-29,9474,2025-03-31,1,14130000000,0.104,,,,,-274000000,,-255000000,,,9000000,,0.19,,,,,,,,,,,,,,,,,,,,,,true,false,3,2024-04-01,2024-06-30,-1
2025-07-29,9474,2026-03-31,1,65500000000,0.018,,,,,4300000000,0.096,4400000000,0.118,,3000000000,,56.20,,,,,,,,,,,,,,,,,,,,,,true,true,12,2025-04-01,2026-03-31,0
2025-07-29,9474,2025-03-31,1,,,,,,,,,,,,,,,,,,,,73973000000,49847000000,0.674,,49832000000,,,,,,,,,,,,true,false,12,2024-04-01,2025-03-31,-1
2025-07-29,9474,2025-03-31,1,,,,,,,,,,,,,,,,,,,,,,,,,,,,,35.00,,,,57301365,3923858,,false,false,12,2024-04-01,2025-03-31,-1
2025-07-29,9474,2026-03-31,1,,,,,,,,,,,,,,,,,,,,,,,,,,,,,42.00,,,,,,,false,true,12,2025-04-01,2026-03-31,0
2025-07-29,9474,2026-03-31,1,,,,,,,,,,,,,,,,,,,,,,,,,,,,,,,,,57301365,3921523,53377633,false,false,3,2025-04-01,2025-06-30,0
2025-07-29,9474,2025-03-31,1,,,,,,,,,,,,,,,,,,,,,,,,,,,,,,,,,,,53374182,false,false,3,2024-04-01,2024-06-30,-1
