filing_date,code,fiscal_year_end,quarterly_period,net_sales,net_sales_change,revenue,revenue_change,operating_revenue,operating_revenue_change,operating_profit,operating_profit_change,ordinary_profit,ordinary_profit_change,net_income,net_income_of_parent,net_income_change,eps,diluted_eps,roe,roa,operating_profit_to_net_sales,operating_profit_to_revenue,total_assets,net_assets,equity_ratio,bps,owner_equity,operating_cash_flow,investing_cash_flow,financing_cash_flow,cash,dividend_per_share,payout_ratio,commemorative_dividend,extra_dividend,number_of_shares,number_of_treqsury_shares,avg_number_of_shares,is_consolidated,is_forecast,duration,period_start,period_end,period_pos
2015-07-29,95010,2016-03-31,1,1551601000000,-0.011,,,,,228272000000,2.229,214132000000,3.078,,203333000000,,126.90,41.20,,,,,14177592000000,2339801000000,0.163,,2311013000000,,,,,,,,,,,,true,false,3,2015-04-01,2015-06-30,0
2015-07-29,95010,2015-03-31,1,1568500000000,0.091,,,,,70694000000,,52513000000,,,-173261000000,,-108.13,,,,,,,,,,,,,,,,,,,,,,true,false,3,2014-04-01,2014-06-30,-1
2015-07-29,95010,2015-03-31,1,,,,,,,,,,,,,,,,,,,,14212677000000,2102180000000,0.146,,2072952000000,,,,,,,,,,,,true,false,12,2014-04-01,2015-03-31,-1
2015-07-29,95010,2015-03-31,1,,,,,,,,,,,,,,,,,,,,,,,,,,,,,0.00,,,,1607017531,4643596,,false,false,12,2014-04-01,2015-03-31,-1
2015-07-29,95010,2016-03-31,1,,,,,,,,,,,,,,,,,,,,,,,,,,,,,0.00,,,,,,,false,true,12,2015-04-01,2016-03-31,0
2015-07-29,95010,2016-03-31,1,,,,,,,,,,,,,,,,,,,,,,,,,,,,,,,,,1607017531,4656236,1602365339,false,false,3,2015-04-01,2015-06-30,0
2015-07-29,95010,2015-03-31,1,,,,,,,,,,,,,,,,,,,,,,,,,,,,,,,,,,,1602414384,false,false,3,2014-04-01,2014-06-30,-1
2015-10-29,95010,2016-03-31,2,3128194000000,-0.062,,,,,385023000000,0.359,365130000000,0.504,,279475000000,,174.41,56.62,,,,,14448417000000,2418433000000,0.165,,2388824000000,,,,,,,,,,,,true,false,6,2015-04-01,2015-09-30,0
2015-10-29,95010,2015-03-31,2,3334129000000,0.037,,,,,283304000000,0.694,242836000000,0.714,,290146000000,,181.07,58.78,,,,,,,,,,,,,,,,,,,,,true,false,6,2014-04-01,2014-09-30,-1
2015-10-29,95010,2015-03-31,2,,,,,,,,,,,,,,,,,,,,14212677000000,2102180000000,0.146,,2072952000000,,,,,,,,,,,,true,false,12,2014-04-01,2015-03-31,-1
2015-10-29,95010,2015-03-31,2,,,,,,,,,,,,,,,,,,,,,,,,,,,,,0.00,,,,1607017531,4643596,,false,false,12,2014-04-01,2015-03-31,-1
2015-10-29,95010,2016-03-31,2,,,,,,,,,,,,,,,,,,,,,,,,,,,,,0.00,,,,,,,false,false,12,2015-04-01,2016-03-31,0
2015-10-29,95010,2016-03-31,2,,,,,,,,,,,,,,,,,,,,,,,,,,,,,0.00,,,,,,,false,true,12,2015-04-01,2016-03-31,0
2015-10-29,95010,2016-03-31,2,,,,,,,,,,,,,,,,,,,,,,,,,,,,,,,,,1607017531,4667415,1602359325,false,false,6,2015-04-01,2015-09-30,0
2015-10-29,95010,2015-03-31,2,,,,,,,,,,,,,,,,,,,,,,,,,,,,,,,,,,,1602408551,false,false,6,2014-04-01,2014-09-30,-1
2016-01-29,95010,2016-03-31,3,4497174000000,-0.088,,,,,463131000000,0.548,436250000000,0.921,,338281000000,,211.12,68.54,,,,,13846240000000,2443447000000,0.175,,2418033000000,,,,,,,,,,,,true,false,9,2015-04-01,2015-12-31,0
2016-01-29,95010,2015-03-31,3,4932556000000,0.028,,,,,299187000000,0.293,227051000000,0.200,,180069000000,,112.37,36.48,,,,,,,,,,,,,,,,,,,,,true,false,9,2014-04-01,2014-12-31,-1
2016-01-29,95010,2015-03-31,3,,,,,,,,,,,,,,,,,,,,14212677000000,2102180000000,0.146,,2072952000000,,,,,,,,,,,,true,false,12,2014-04-01,2015-03-31,-1
2016-01-29,95010,2015-03-31,3,,,,,,,,,,,,,,,,,,,,,,,,,,,,,0.00,,,,1607017531,4643596,,false,false,12,2014-04-01,2015-03-31,-1
2016-01-29,95010,2016-03-31,3,,,,,,,,,,,,,,,,,,,,,,,,,,,,,0.00,,,,,,,false,false,12,2015-04-01,2016-03-31,0
2016-01-29,95010,2016-03-31,3,,,,,,,,,,,,,,,,,,,,,,,,,,,,,0.00,,,,,,,false,true,12,2015-04-01,2016-03-31,0
2016-01-29,95010,2016-03-31,3,,,,,,,,,,,,,,,,,,,,,,,,,,,,,,,,,1607017531,4680181,1602353652,false,false,9,2015-04-01,2015-12-31,0
2016-01-29,95010,2015-03-31,3,,,,,,,,,,,,,,,,,,,,,,,,,,,,,,,,,,,1602402364,false,false,9,2014-04-01,2014-12-31,-1
2016-04-28,95010,2016-03-31,,6069928000000,-0.108,,,,,372231000000,0.176,325938000000,0.567,,140783000000,,87.86,28.52,0.066,0.023,0.061,,13659769000000,2218139000000,0.161,746.59,2196275000000,1077508000000,-620900000000,-394300000000,1339910000000,,,,,,,,true,false,12,2015-04-01,2016-03-31,0
2016-04-28,95010,2015-03-31,,6802464000000,0.026,,,,,316534000000,0.654,208015000000,1.051,,451552000000,,281.80,91.49,0.249,0.014,0.047,,14212677000000,2102180000000,0.146,669.60,2072952000000,872930000000,-523935000000,-626023000000,1292477000000,,,,,,,,true,false,12,2014-04-01,2015-03-31,-1
2016-04-28,95010,2016-03-31,,5896978000000,-0.111,,,,,340744000000,0.222,327503000000,0.957,143637000000,,-0.664,89.55,29.09,,,,,13189615000000,1800504000000,0.137,499.10,1800504000000,,,,,0.00,,,,1607017531,4701652,1602347156,false,false,12,2015-04-01,2016-03-31,0
2016-04-28,95010,2015-03-31,,6633706000000,0.028,,,,,278910000000,0.835,167362000000,2.871,427013000000,,0.070,266.23,86.49,,,,,13727610000000,1657945000000,0.121,410.21,1657945000000,,,,,0.00,,,,1607017531,4643596,1602396440,false,false,12,2014-04-01,2015-03-31,-1
2016-04-28,95010,2017-03-31,,,,,,,,,,,,,,,,,,,,,,,,,,,,,,0.00,,,,,,,false,true,12,2016-04-01,2017-03-31,1
2016-07-28,95010,2017-03-31,1,1264975000000,-0.185,,,,,143611000000,-0.371,136739000000,-0.361,,1140000000,,0.71,0.20,,,,,13049518000000,2200860000000,0.167,,2180256000000,,,,,,,,,,,,true,false,3,2016-04-01,2016-06-30,0
2016-07-28,95010,2016-03-31,1,1551601000000,-0.011,,,,,228272000000,2.229,214132000000,3.078,,203333000000,,126.90,41.20,,,,,,,,,,,,,,,,,,,,,true,false,3,2015-04-01,2015-06-30,-1
2016-07-28,95010,2016-03-31,1,,,,,,,,,,,,,,,,,,,,13659769000000,2218139000000,0.161,,2196275000000,,,,,,,,,,,,true,false,12,2015-04-01,2016-03-31,-1
2016-07-28,95010,2016-03-31,1,,,,,,,,,,,,,,,,,,,,,,,,,,,,,0.00,,,,1607017531,4701652,,false,false,12,2015-04-01,2016-03-31,-1
2016-07-28,95010,2017-03-31,1,,,,,,,,,,,,,,,,,,,,,,,,,,,,,0.00,,,,,,,false,true,12,2016-04-01,2017-03-31,0
2016-07-28,95010,2017-03-31,1,,,,,,,,,,,,,,,,,,,,,,,,,,,,,,,,,1607017531,4707765,1602311623,false,false,3,2016-04-01,2016-06-30,0
2016-07-28,95010,2016-03-31,1,,,,,,,,,,,,,,,,,,,,,,,,,,,,,,,,,,,1602365339,false,false,3,2015-04-01,2015-06-30,-1
2016-10-31,95010,2017-03-31,2,2643377000000,-0.155,,,,,292834000000,-0.239,274256000000,-0.249,,94174000000,,58.77,19.02,,,,,12992254000000,2268628000000,0.174,,2263500000000,,,,,,,,,,,,true,false,6,2016-04-01,2016-09-30,0
2016-10-31,95010,2016-03-31,2,3128194000000,-0.062,,,,,385023000000,0.359,365130000000,0.504,,279475000000,,174.41,56.62,,,,,,,,,,,,,,,,,,,,,true,false,6,2015-04-01,2015-09-30,-1
2016-10-31,95010,2016-03-31,2,,,,,,,,,,,,,,,,,,,,13659769000000,2218139000000,0.161,,2196275000000,,,,,,,,,,,,true,false,12,2015-04-01,2016-03-31,-1
2016-10-31,95010,2016-03-31,2,,,,,,,,,,,,,,,,,,,,,,,,,,,,,0.00,,,,1607017531,4701652,,false,false,12,2015-04-01,2016-03-31,-1
2016-10-31,95010,2017-03-31,2,,,,,,,,,,,,,,,,,,,,,,,,,,,,,0.00,,,,,,,false,false,12,2016-04-01,2017-03-31,0
2016-10-31,95010,2017-03-31,2,,,,,,,,,,,,,,,,,,,,,,,,,,,,,0.00,,,,,,,false,true,12,2016-04-01,2017-03-31,0
2016-10-31,95010,2017-03-31,2,,,,,,,,,,,,,,,,,,,,,,,,,,,,,,,,,1607017531,4715281,1602308355,false,false,6,2016-04-01,2016-09-30,0
2016-10-31,95010,2016-03-31,2,,,,,,,,,,,,,,,,,,,,,,,,,,,,,,,,,,,1602359325,false,false,6,2015-04-01,2015-09-30,-1
2017-01-31,95010,2017-03-31,3,3877682000000,-0.138,,,,,336953000000,-0.272,306132000000,-0.298,,308274000000,,192.39,62.38,,,,,12308673000000,2487374000000,0.202,,2482228000000,,,,,,,,,,,,true,false,9,2016-04-01,2016-12-31,0
2017-01-31,95010,2016-03-31,3,4497174000000,-0.088,,,,,463131000000,0.548,436250000000,0.921,,338281000000,,211.12,68.54,,,,,,,,,,,,,,,,,,,,,true,false,9,2015-04-01,2015-12-31,-1
2017-01-31,95010,2017-03-31,3,5344000000000,-0.120,,,,,336000000000,-0.097,291000000000,-0.107,,,,,,,,,,,,,,,,,,,,,,,,,,true,true,12,2016-04-01,2017-03-31,0
2017-01-31,95010,2016-03-31,3,,,,,,,,,,,,,,,,,,,,13659769000000,2218139000000,0.161,,2196275000000,,,,,,,,,,,,true,false,12,2015-04-01,2016-03-31,-1
2017-01-31,95010,2016-03-31,3,,,,,,,,,,,,,,,,,,,,,,,,,,,,,0.00,,,,1607017531,4701652,,false,false,12,2015-04-01,2016-03-31,-1
2017-01-31,95010,2017-03-31,3,,,,,,,,,,,,,,,,,,,,,,,,,,,,,0.00,,,,,,,false,false,12,2016-04-01,2017-03-31,0
2017-01-31,95010,2017-03-31,3,,,,,,,,,,,,,,,,,,,,,,,,,,,,,0.00,,,,,,,false,true,12,2016-04-01,2017-03-31,0
2017-01-31,95010,2017-03-31,3,,,,,,,,,,,,,,,,,,,,,,,,,,,,,,,,,1607017531,4723166,1602304712,false,false,9,2016-04-01,2016-12-31,0
2017-01-31,95010,2016-03-31,3,,,,,,,,,,,,,,,,,,,,,,,,,,,,,,,,,,,1602353652,false,false,9,2015-04-01,2015-12-31,-1
2017-01-31,95010,2017-03-31,,5344000000000,,,,,,336000000000,,291000000000,,,,,,,,,,,,,,,,,,,,,,,,,,,true,true,12,2016-04-01,2017-03-31,0
2017-01-31,95010,2016-03-31,,6069928000000,,,,,,372231000000,,325938000000,,,140783000000,,87.86,,,,,,,,,,,,,,,,,,,,,,true,false,12,2015-04-01,2016-03-31,-1
2017-04-28,95010,2017-03-31,,5357734000000,-0.117,,,,,258680000000,-0.305,227624000000,-0.302,,132810000000,,82.89,26.79,0.059,0.018,0.048,,12277600000000,2348679000000,0.191,838.45,2343434000000,783038000000,-478471000000,-603955000000,940243000000,,,,,,,,true,false,12,2016-04-01,2017-03-31,0
2017-04-28,95010,2016-03-31,,6069928000000,-0.108,,,,,372231000000,0.176,325938000000,0.567,,140783000000,,87.86,28.52,0.066,0.023,0.061,,13659769000000,2218139000000,0.161,746.59,2196275000000,1077508000000,-620900000000,-394300000000,1339910000000,,,,,,,,true,false,12,2015-04-01,2016-03-31,-1
2017-04-28,95010,2016-03-31,,,,,,,,,,,,,,,,,,,,,,,,,,,,,,0.00,,,,1607017531,4701652,1602347156,false,false,12,2015-04-01,2016-03-31,-1
2017-04-28,95010,2017-03-31,,,,,,,,,,,,,,,,,,,,,,,,,,,,,,0.00,,,,1607017531,4732501,1602300611,false,false,12,2016-04-01,2017-03-31,0
2017-04-28,95010,2018-03-31,,,,,,,,,,,,,,,,,,,,,,,,,,,,,,0.00,,,,,,,false,true,12,2017-04-01,2018-03-31,1
2017-05-11,95010,2018-03-31,,5750000000000,,,,,,,,200000000000,,,288000000000,,179.74,,,,,,,,,,,,,,,,,,,,,,true,true,12,2017-04-01,2018-03-31,0
2017-05-11,95010,2017-03-31,,5357734000000,,,,,,,,227624000000,,,132810000000,,82.89,,,,,,,,,,,,,,,,,,,,,,true,false,12,2016-04-01,2017-03-31,-1
2017-07-28,95010,2018-03-31,1,1313330000000,0.038,,,,,67627000000,-0.529,55628000000,-0.593,,148078000000,,92.42,29.97,,,,,12056915000000,2470391000000,0.204,,2465052000000,,,,,,,,,,,,true,false,3,2017-04-01,2017-06-30,0
2017-07-28,95010,2017-03-31,1,1264975000000,-0.185,,,,,143611000000,-0.371,136739000000,-0.361,,1140000000,,0.71,0.20,,,,,,,,,,,,,,,,,,,,,true,false,3,2016-04-01,2016-06-30,-1
2017-07-28,95010,2018-03-31,1,5750000000000,0.073,,,,,,,200000000000,-0.121,,288000000000,,179.74,,,,,,,,,,,,,,,,,,,,,,true,true,12,2017-04-01,2018-03-31,0
2017-07-28,95010,2017-03-31,1,,,,,,,,,,,,,,,,,,,,12277600000000,2348679000000,0.191,,2343434000000,,,,,,,,,,,,true,false,12,2016-04-01,2017-03-31,-1
2017-07-28,95010,2017-03-31,1,,,,,,,,,,,,,,,,,,,,,,,,,,,,,0.00,,,,1607017531,4732501,,false,false,12,2016-04-01,2017-03-31,-1
2017-07-28,95010,2018-03-31,1,,,,,,,,,,,,,,,,,,,,,,,,,,,,,0.00,,,,,,,false,true,12,2017-04-01,2018-03-31,0
2017-07-28,95010,2018-03-31,1,,,,,,,,,,,,,,,,,,,,,,,,,,,,,,,,,1607017531,4739519,1602280131,false,false,3,2017-04-01,2017-06-30,0
2017-07-28,95010,2017-03-31,1,,,,,,,,,,,,,,,,,,,,,,,,,,,,,,,,,,,1602311623,false,false,3,2016-04-01,2016-06-30,-1
2017-10-31,95010,2018-03-31,2,2831653000000,0.071,,,,,237736000000,-0.188,215979000000,-0.212,,211268000000,,131.86,42.74,,,,,11998256000000,2538237000000,0.211,,2532603000000,,,,,,,,,,,,true,false,6,2017-04-01,2017-09-30,0
2017-10-31,95010,2017-03-31,2,2643377000000,-0.155,,,,,292834000000,-0.239,274256000000,-0.249,,94174000000,,58.77,19.02,,,,,,,,,,,,,,,,,,,,,true,false,6,2016-04-01,2016-09-30,-1
2017-10-31,95010,2018-03-31,2,5750000000000,0.073,,,,,,,200000000000,-0.121,,288000000000,,179.74,,,,,,,,,,,,,,,,,,,,,,true,true,12,2017-04-01,2018-03-31,0
2017-10-31,95010,2017-03-31,2,,,,,,,,,,,,,,,,,,,,12277600000000,2348679000000,0.191,,2343434000000,,,,,,,,,,,,true,false,12,2016-04-01,2017-03-31,-1
2017-10-31,95010,2017-03-31,2,,,,,,,,,,,,,,,,,,,,,,,,,,,,,0.00,,,,1607017531,4732501,,false,false,12,2016-04-01,2017-03-31,-1
2017-10-31,95010,2018-03-31,2,,,,,,,,,,,,,,,,,,,,,,,,,,,,,0.00,,,,,,,false,false,12,2017-04-01,2018-03-31,0
2017-10-31,95010,2018-03-31,2,,,,,,,,,,,,,,,,,,,,,,,,,,,,,0.00,,,,,,,false,true,12,2017-04-01,2018-03-31,0
2017-10-31,95010,2018-03-31,2,,,,,,,,,,,,,,,,,,,,,,,,,,,,,,,,,1607017531,4749047,1602275842,false,false,6,2017-04-01,2017-09-30,0
2017-10-31,95010,2017-03-31,2,,,,,,,,,,,,,,,,,,,,,,,,,,,,,,,,,,,1602308355,false,false,6,2016-04-01,2016-09-30,-1
2018-01-30,95010,2018-03-31,3,4206453000000,0.085,,,,,295680000000,-0.122,274264000000,-0.104,,225646000000,,140.83,45.64,,,,,12124564000000,2559808000000,0.211,,2553983000000,,,,,,,,,,,,true,false,9,2017-04-01,2017-12-31,0
2018-01-30,95010,2017-03-31,3,3877682000000,-0.138,,,,,336953000000,-0.272,306132000000,-0.298,,308274000000,,192.39,62.38,,,,,,,,,,,,,,,,,,,,,true,false,9,2016-04-01,2016-12-31,-1
2018-01-30,95010,2018-03-31,3,5750000000000,0.073,,,,,,,200000000000,-0.121,,288000000000,,179.74,,,,,,,,,,,,,,,,,,,,,,true,true,12,2017-04-01,2018-03-31,0
2018-01-30,95010,2017-03-31,3,,,,,,,,,,,,,,,,,,,,12277600000000,2348679000000,0.191,,2343434000000,,,,,,,,,,,,true,false,12,2016-04-01,2017-03-31,-1
2018-01-30,95010,2017-03-31,3,,,,,,,,,,,,,,,,,,,,,,,,,,,,,0.00,,,,1607017531,4732501,,false,false,12,2016-04-01,2017-03-31,-1
2018-01-30,95010,2018-03-31,3,,,,,,,,,,,,,,,,,,,,,,,,,,,,,0.00,,,,,,,false,false,12,2017-04-01,2018-03-31,0
2018-01-30,95010,2018-03-31,3,,,,,,,,,,,,,,,,,,,,,,,,,,,,,0.00,,,,,,,false,true,12,2017-04-01,2018-03-31,0
2018-01-30,95010,2018-03-31,3,,,,,,,,,,,,,,,,,,,,,,,,,,,,,,,,,1607017531,4758405,1602271282,false,false,9,2017-04-01,2017-12-31,0
2018-01-30,95010,2017-03-31,3,,,,,,,,,,,,,,,,,,,,,,,,,,,,,,,,,,,1602304712,false,false,9,2016-04-01,2016-12-31,-1
2018-04-26,95010,2018-03-31,,5850939000000,0.092,,,,,288470000000,0.115,254860000000,0.120,,318077000000,,198.52,64.32,0.127,0.020,0.049,,12591823000000,2657265000000,0.211,1030.67,2651385000000,752183000000,-520593000000,12538000000,1184384000000,,,,,,,,true,false,12,2017-04-01,2018-03-31,0
2018-04-26,95010,2017-03-31,,5357734000000,-0.117,,,,,258680000000,-0.305,227624000000,-0.302,,132810000000,,82.89,26.79,0.059,0.018,0.048,,12277600000000,2348679000000,0.191,838.45,2343434000000,783038000000,-478471000000,-603955000000,940243000000,,,,,,,,true,false,12,2016-04-01,2017-03-31,-1
2018-04-26,95010,2019-03-31,,6099000000000,0.042,,,,,,,285000000000,0.118,,252000000000,,157.28,,,,,,,,,,,,,,,,,,,,,,true,true,12,2018-04-01,2019-03-31,1
2018-04-26,95010,2017-03-31,,,,,,,,,,,,,,,,,,,,,,,,,,,,,,0.00,,,,1607017531,4732501,1602300611,false,false,12,2016-04-01,2017-03-31,-1
2018-04-26,95010,2018-03-31,,,,,,,,,,,,,,,,,,,,,,,,,,,,,,0.00,,,,1607017531,4765505,1602266955,false,false,12,2017-04-01,2018-03-31,0
2018-04-26,95010,2019-03-31,,,,,,,,,,,,,,,,,,,,,,,,,,,,,,0.00,,,,,,,false,true,12,2018-04-01,2019-03-31,1
2018-07-30,95010,2019-03-31,1,1354024000000,0.031,,,,,68888000000,0.019,67390000000,0.211,,16464000000,,10.28,3.31,,,,,12210000000000,2663673000000,0.218,,2656958000000,,,,,,,,,,,,true,false,3,2018-04-01,2018-06-30,0
2018-07-30,95010,2018-03-31,1,1313330000000,0.038,,,,,67627000000,-0.529,55628000000,-0.593,,148078000000,,92.42,29.97,,,,,,,,,,,,,,,,,,,,,true,false,3,2017-04-01,2017-06-30,-1
2018-07-30,95010,2019-03-31,1,6099000000000,0.042,,,,,,,285000000000,0.118,,252000000000,,157.28,,,,,,,,,,,,,,,,,,,,,,true,true,12,2018-04-01,2019-03-31,0
2018-07-30,95010,2018-03-31,1,,,,,,,,,,,,,,,,,,,,12591823000000,2657265000000,0.211,,2651385000000,,,,,,,,,,,,true,false,12,2017-04-01,2018-03-31,-1
2018-07-30,95010,2018-03-31,1,,,,,,,,,,,,,,,,,,,,,,,,,,,,,0.00,,,,1607017531,4765505,,false,false,12,2017-04-01,2018-03-31,-1
2018-07-30,95010,2019-03-31,1,,,,,,,,,,,,,,,,,,,,,,,,,,,,,0.00,,,,,,,false,true,12,2018-04-01,2019-03-31,0
2018-07-30,95010,2019-03-31,1,,,,,,,,,,,,,,,,,,,,,,,,,,,,,,,,,1607017531,4771275,1602247817,false,false,3,2018-04-01,2018-06-30,0
2018-07-30,95010,2018-03-31,1,,,,,,,,,,,,,,,,,,,,,,,,,,,,,,,,,,,1602280131,false,false,3,2017-04-01,2017-06-30,-1
2018-10-30,95010,2019-03-31,2,3055593000000,0.079,,,,,219675000000,-0.076,210604000000,-0.025,,89694000000,,55.98,18.11,,,,,12479844000000,2748636000000,0.220,,2741610000000,,,,,,,,,,,,true,false,6,2018-04-01,2018-09-30,0
2018-10-30,95010,2018-03-31,2,2831653000000,0.071,,,,,237736000000,-0.188,215979000000,-0.212,,211268000000,,131.86,42.74,,,,,,,,,,,,,,,,,,,,,true,false,6,2017-04-01,2017-09-30,-1
2018-10-30,95010,2019-03-31,2,6099000000000,0.042,,,,,,,285000000000,0.118,,252000000000,,157.28,,,,,,,,,,,,,,,,,,,,,,true,true,12,2018-04-01,2019-03-31,0
2018-10-30,95010,2018-03-31,2,,,,,,,,,,,,,,,,,,,,12591823000000,2657265000000,0.211,,2651385000000,,,,,,,,,,,,true,false,12,2017-04-01,2018-03-31,-1
2018-10-30,95010,2018-03-31,2,,,,,,,,,,,,,,,,,,,,,,,,,,,,,0.00,,,,1607017531,4765505,,false,false,12,2017-04-01,2018-03-31,-1
2018-10-30,95010,2019-03-31,2,,,,,,,,,,,,,,,,,,,,,,,,,,,,,0.00,,,,,,,false,false,12,2018-04-01,2019-03-31,0
2018-10-30,95010,2019-03-31,2,,,,,,,,,,,,,,,,,,,,,,,,,,,,,0.00,,,,,,,false,true,12,2018-04-01,2019-03-31,0
2018-10-30,95010,2019-03-31,2,,,,,,,,,,,,,,,,,,,,,,,,,,,,,,,,,1607017531,4778307,1602244474,false,false,6,2018-04-01,2018-09-30,0
2018-10-30,95010,2018-03-31,2,,,,,,,,,,,,,,,,,,,,,,,,,,,,,,,,,,,1602275842,false,false,6,2017-04-01,2017-09-30,-1
2019-01-30,95010,2019-03-31,3,4553206000000,0.082,,,,,260478000000,-0.119,245110000000,-0.106,,100516000000,,62.73,20.28,,,,,12495530000000,2780829000000,0.221,,2766807000000,,,,,,,,,,,,true,false,9,2018-04-01,2018-12-31,0
2019-01-30,95010,2018-03-31,3,4206453000000,0.085,,,,,295680000000,-0.122,274264000000,-0.104,,225646000000,,140.83,45.64,,,,,,,,,,,,,,,,,,,,,true,false,9,2017-04-01,2017-12-31,-1
2019-01-30,95010,2019-03-31,3,6328000000000,0.082,,,,,,,250000000000,-0.019,,227000000000,,141.68,,,,,,,,,,,,,,,,,,,,,,true,true,12,2018-04-01,2019-03-31,0
2019-01-30,95010,2018-03-31,3,,,,,,,,,,,,,,,,,,,,12591823000000,2657265000000,0.211,,2651385000000,,,,,,,,,,,,true,false,12,2017-04-01,2018-03-31,-1
2019-01-30,95010,2018-03-31,3,,,,,,,,,,,,,,,,,,,,,,,,,,,,,0.00,,,,1607017531,4765505,,false,false,12,2017-04-01,2018-03-31,-1
2019-01-30,95010,2019-03-31,3,,,,,,,,,,,,,,,,,,,,,,,,,,,,,0.00,,,,,,,false,false,12,2018-04-01,2019-03-31,0
2019-01-30,95010,2019-03-31,3,,,,,,,,,,,,,,,,,,,,,,,,,,,,,0.00,,,,,,,false,true,12,2018-04-01,2019-03-31,0
2019-01-30,95010,2019-03-31,3,,,,,,,,,,,,,,,,,,,,,,,,,,,,,,,,,1607017531,4785105,1602241214,false,false,9,2018-04-01,2018-12-31,0
2019-01-30,95010,2018-03-31,3,,,,,,,,,,,,,,,,,,,,,,,,,,,,,,,,,,,1602271282,false,false,9,2017-04-01,2017-12-31,-1
2019-04-25,95010,2019-03-31,,6338490000000,0.083,,,,,312257000000,0.082,276542000000,0.085,,232414000000,,145.06,46.96,0.084,0.022,0.049,,12757467000000,2903699000000,0.226,1179.25,2889423000000,503709000000,-570837000000,-117698000000,999362000000,,,,,,,,true,false,12,2018-04-01,2019-03-31,0
2019-04-25,95010,2018-03-31,,5850939000000,0.092,,,,,288470000000,0.115,254860000000,0.120,,318077000000,,198.52,64.32,0.127,0.020,0.049,,12591823000000,2657265000000,0.211,1030.67,2651385000000,752183000000,-520593000000,12538000000,1184384000000,,,,,,,,true,false,12,2017-04-01,2018-03-31,-1
2019-04-25,95010,2018-03-31,,,,,,,,,,,,,,,,,,,,,,,,,,,,,,0.00,,,,1607017531,4765505,1602266955,false,false,12,2017-04-01,2018-03-31,-1
2019-04-25,95010,2019-03-31,,,,,,,,,,,,,,,,,,,,,,,,,,,,,,0.00,,,,1607017531,4791865,1602237919,false,false,12,2018-04-01,2019-03-31,0
2019-04-25,95010,2020-03-31,,,,,,,,,,,,,,,,,,,,,,,,,,,,,,0.00,,,,,,,false,true,12,2019-04-01,2020-03-31,1
2019-07-31,95010,2020-03-31,1,1504031000000,0.111,,,,,51256000000,-0.256,98593000000,0.463,,281614000000,,175.76,57.03,,,,,11806927000000,3180220000000,0.268,,3166103000000,,,,,,,,,,,,true,false,3,2019-04-01,2019-06-30,0
2019-07-31,95010,2019-03-31,1,1354024000000,0.031,,,,,68888000000,0.019,67390000000,0.211,,16464000000,,10.28,3.31,,,,,,,,,,,,,,,,,,,,,true,false,3,2018-04-01,2018-06-30,-1
2019-07-31,95010,2019-03-31,1,,,,,,,,,,,,,,,,,,,,12757467000000,2903699000000,0.226,,2889423000000,,,,,,,,,,,,true,false,12,2018-04-01,2019-03-31,-1
2019-07-31,95010,2019-03-31,1,,,,,,,,,,,,,,,,,,,,,,,,,,,,,0.00,,,,1607017531,4791865,,false,false,12,2018-04-01,2019-03-31,-1
2019-07-31,95010,2020-03-31,1,,,,,,,,,,,,,,,,,,,,,,,,,,,,,0.00,,,,,,,false,true,12,2019-04-01,2020-03-31,0
2019-07-31,95010,2020-03-31,1,,,,,,,,,,,,,,,,,,,,,,,,,,,,,,,,,1607017531,4788652,1602225021,false,false,3,2019-04-01,2019-06-30,0
2019-07-31,95010,2019-03-31,1,,,,,,,,,,,,,,,,,,,,,,,,,,,,,,,,,,,1602247817,false,false,3,2018-04-01,2018-06-30,-1
2019-10-28,95010,2020-03-31,2,3175671000000,0.039,,,,,196619000000,-0.105,249994000000,0.187,,420642000000,,262.54,85.16,,,,,12193291000000,3301201000000,0.270,,3286845000000,,,,,,,,,,,,true,false,6,2019-04-01,2019-09-30,0
2019-10-28,95010,2019-03-31,2,3055593000000,0.079,,,,,219675000000,-0.076,210604000000,-0.025,,89694000000,,55.98,18.11,,,,,,,,,,,,,,,,,,,,,true,false,6,2018-04-01,2018-09-30,-1
2019-10-28,95010,2019-03-31,2,,,,,,,,,,,,,,,,,,,,12757467000000,2903699000000,0.226,,2889423000000,,,,,,,,,,,,true,false,12,2018-04-01,2019-03-31,-1
2019-10-28,95010,2019-03-31,2,,,,,,,,,,,,,,,,,,,,,,,,,,,,,0.00,,,,1607017531,4791865,,false,false,12,2018-04-01,2019-03-31,-1
2019-10-28,95010,2020-03-31,2,,,,,,,,,,,,,,,,,,,,,,,,,,,,,0.00,,,,,,,false,false,12,2019-04-01,2020-03-31,0
2019-10-28,95010,2020-03-31,2,,,,,,,,,,,,,,,,,,,,,,,,,,,,,0.00,,,,,,,false,true,12,2019-04-01,2020-03-31,0
2019-10-28,95010,2020-03-31,2,,,,,,,,,,,,,,,,,,,,,,,,,,,,,,,,,1607017531,4794877,1602224808,false,false,6,2019-04-01,2019-09-30,0
2019-10-28,95010,2019-03-31,2,,,,,,,,,,,,,,,,,,,,,,,,,,,,,,,,,,,1602244474,false,false,6,2018-04-01,2018-09-30,-1
2020-01-30,95010,2020-03-31,3,4637986000000,0.019,,,,,247176000000,-0.051,309972000000,0.265,,434835000000,,271.40,88.01,,,,,12046436000000,3321562000000,0.274,,3305002000000,,,,,,,,,,,,true,false,9,2019-04-01,2019-12-31,0
2020-01-30,95010,2019-03-31,3,4553206000000,0.082,,,,,260478000000,-0.119,245110000000,-0.106,,100516000000,,62.73,20.28,,,,,,,,,,,,,,,,,,,,,true,false,9,2018-04-01,2018-12-31,-1
2020-01-30,95010,2019-03-31,3,,,,,,,,,,,,,,,,,,,,12757467000000,2903699000000,0.226,,2889423000000,,,,,,,,,,,,true,false,12,2018-04-01,2019-03-31,-1
2020-01-30,95010,2019-03-31,3,,,,,,,,,,,,,,,,,,,,,,,,,,,,,0.00,,,,1607017531,4791865,,false,false,12,2018-04-01,2019-03-31,-1
2020-01-30,95010,2020-03-31,3,,,,,,,,,,,,,,,,,,,,,,,,,,,,,0.00,,,,,,,false,false,12,2019-04-01,2020-03-31,0
2020-01-30,95010,2020-03-31,3,,,,,,,,,,,,,,,,,,,,,,,,,,,,,0.00,,,,,,,false,true,12,2019-04-01,2020-03-31,0
2020-01-30,95010,2020-03-31,3,,,,,,,,,,,,,,,,,,,,,,,,,,,,,,,,,1607017531,4801544,1602222689,false,false,9,2019-04-01,2019-12-31,0
2020-01-30,95010,2019-03-31,3,,,,,,,,,,,,,,,,,,,,,,,,,,,,,,,,,,,1602241214,false,false,9,2018-04-01,2018-12-31,-1
2020-03-30,95010,2020-03-31,,6199000000000,,,,,,217000000000,,270000000000,,,79000000000,,49.16,,,,,,,,,,,,,,,,,,,,,,true,true,12,2019-04-01,2020-03-31,0
2020-03-30,95010,2019-03-31,,6338490000000,,,,,,312257000000,,276542000000,,,232414000000,,145.06,,,,,,,,,,,,,,,,,,,,,,true,false,12,2018-04-01,2019-03-31,-1
2020-05-15,95010,2020-03-31,,6241422000000,-0.015,,,,,211841000000,-0.322,264032000000,-0.045,,50703000000,,31.65,10.12,0.018,0.021,0.034,,11957846000000,2916886000000,0.243,1185.98,2900184000000,323493000000,-508253000000,13591000000,812143000000,,,,,,,,true,false,12,2019-04-01,2020-03-31,0
2020-05-15,95010,2019-03-31,,6338490000000,0.083,,,,,312257000000,0.082,276542000000,0.085,,232414000000,,145.06,46.96,0.084,0.022,0.049,,12757467000000,2903699000000,0.226,1179.25,2889423000000,503709000000,-570837000000,-117698000000,999362000000,,,,,,,,true,false,12,2018-04-01,2019-03-31,-1
2020-05-15,95010,2019-03-31,,,,,,,,,,,,,,,,,,,,,,,,,,,,,,0.00,,,,1607017531,4791865,1602237919,false,false,12,2018-04-01,2019-03-31,-1
2020-05-15,95010,2020-03-31,,,,,,,,,,,,,,,,,,,,,,,,,,,,,,0.00,,,,1607017531,4806523,1602220170,false,false,12,2019-04-01,2020-03-31,0
2020-05-15,95010,2021-03-31,,,,,,,,,,,,,,,,,,,,,,,,,,,,,,0.00,,,,,,,false,true,12,2020-04-01,2021-03-31,1
2020-07-29,95010,2021-03-31,1,1341323000000,-0.108,,,,,57593000000,0.124,68527000000,-0.305,,29826000000,,18.62,6.01,,,,,11781642000000,2936033000000,0.248,,2919170000000,,,,,,,,,,,,true,false,3,2020-04-01,2020-06-30,0
2020-07-29,95010,2020-03-31,1,1504031000000,0.111,,,,,51256000000,-0.256,98593000000,0.463,,281614000000,,175.76,57.03,,,,,,,,,,,,,,,,,,,,,true,false,3,2019-04-01,2019-06-30,-1
2020-07-29,95010,2020-03-31,1,,,,,,,,,,,,,,,,,,,,11957846000000,2916886000000,0.243,,2900184000000,,,,,,,,,,,,true,false,12,2019-04-01,2020-03-31,-1
2020-07-29,95010,2020-03-31,1,,,,,,,,,,,,,,,,,,,,,,,,,,,,,0.00,,,,1607017531,4806523,,false,false,12,2019-04-01,2020-03-31,-1
2020-07-29,95010,2021-03-31,1,,,,,,,,,,,,,,,,,,,,,,,,,,,,,0.00,,,,,,,false,true,12,2020-04-01,2021-03-31,0
2020-07-29,95010,2021-03-31,1,,,,,,,,,,,,,,,,,,,,,,,,,,,,,,,,,1607017531,4809909,1602208430,false,false,3,2020-04-01,2020-06-30,0
2020-07-29,95010,2020-03-31,1,,,,,,,,,,,,,,,,,,,,,,,,,,,,,,,,,,,1602225021,false,false,3,2019-04-01,2019-06-30,-1
2020-10-28,95010,2021-03-31,2,2834222000000,-0.108,,,,,181398000000,-0.077,224827000000,-0.101,,148613000000,,92.76,30.05,,,,,12130103000000,3051127000000,0.250,,3034020000000,,,,,,,,,,,,true,false,6,2020-04-01,2020-09-30,0
2020-10-28,95010,2020-03-31,2,3175671000000,0.039,,,,,196619000000,-0.105,249994000000,0.187,,420642000000,,262.54,85.16,,,,,,,,,,,,,,,,,,,,,true,false,6,2019-04-01,2019-09-30,-1
2020-10-28,95010,2020-03-31,2,,,,,,,,,,,,,,,,,,,,11957846000000,2916886000000,0.243,,2900184000000,,,,,,,,,,,,true,false,12,2019-04-01,2020-03-31,-1
2020-10-28,95010,2020-03-31,2,,,,,,,,,,,,,,,,,,,,,,,,,,,,,0.00,,,,1607017531,4806523,,false,false,12,2019-04-01,2020-03-31,-1
2020-10-28,95010,2021-03-31,2,,,,,,,,,,,,,,,,,,,,,,,,,,,,,0.00,,,,,,,false,false,12,2020-04-01,2021-03-31,0
2020-10-28,95010,2021-03-31,2,,,,,,,,,,,,,,,,,,,,,,,,,,,,,0.00,,,,,,,false,true,12,2020-04-01,2021-03-31,0
2020-10-28,95010,2021-03-31,2,,,,,,,,,,,,,,,,,,,,,,,,,,,,,,,,,1607017531,4814726,1602206559,false,false,6,2020-04-01,2020-09-30,0
2020-10-28,95010,2020-03-31,2,,,,,,,,,,,,,,,,,,,,,,,,,,,,,,,,,,,1602224808,false,false,6,2019-04-01,2019-09-30,-1
2021-02-10,95010,2021-03-31,3,4103900000000,-0.115,,,,,152754000000,-0.382,235592000000,-0.240,,130478000000,,81.44,25.49,,,,,11967051000000,3038612000000,0.252,,3021392000000,,,,,,,,,,,,true,false,9,2020-04-01,2020-12-31,0
2021-02-10,95010,2020-03-31,3,4637986000000,0.019,,,,,247176000000,-0.051,309972000000,0.265,,434835000000,,271.40,88.01,,,,,,,,,,,,,,,,,,,,,true,false,9,2019-04-01,2019-12-31,-1
2021-02-10,95010,2020-03-31,3,,,,,,,,,,,,,,,,,,,,11957846000000,2916886000000,0.243,,2900184000000,,,,,,,,,,,,true,false,12,2019-04-01,2020-03-31,-1
2021-02-10,95010,2020-03-31,3,,,,,,,,,,,,,,,,,,,,,,,,,,,,,0.00,,,,1607017531,4806523,,false,false,12,2019-04-01,2020-03-31,-1
2021-02-10,95010,2021-03-31,3,,,,,,,,,,,,,,,,,,,,,,,,,,,,,0.00,,,,,,,false,false,12,2020-04-01,2021-03-31,0
2021-02-10,95010,2021-03-31,3,,,,,,,,,,,,,,,,,,,,,,,,,,,,,0.00,,,,,,,false,true,12,2020-04-01,2021-03-31,0
2021-02-10,95010,2021-03-31,3,,,,,,,,,,,,,,,,,,,,,,,,,,,,,,,,,1607017531,4818932,1602204282,false,false,9,2020-04-01,2020-12-31,0
2021-02-10,95010,2020-03-31,3,,,,,,,,,,,,,,,,,,,,,,,,,,,,,,,,,,,1602222689,false,false,9,2019-04-01,2019-12-31,-1
2021-04-28,95010,2021-03-31,,5866824000000,-0.060,,,,,143460000000,-0.323,189880000000,-0.281,,180896000000,,112.90,36.39,0.060,0.016,0.024,,12093155000000,3142801000000,0.258,1326.49,3125299000000,239825000000,-577215000000,-20340000000,454307000000,,,,,,,,true,false,12,2020-04-01,2021-03-31,0
2021-04-28,95010,2020-03-31,,6241422000000,-0.015,,,,,211841000000,-0.322,264032000000,-0.045,,50703000000,,31.65,10.12,0.018,0.021,0.034,,11957846000000,2916886000000,0.243,1185.98,2900184000000,323493000000,-508253000000,13591000000,812143000000,,,,,,,,true,false,12,2019-04-01,2020-03-31,-1
2021-04-28,95010,2020-03-31,,,,,,,,,,,,,,,,,,,,,,,,,,,,,,0.00,,,,1607017531,4806523,1602220170,false,false,12,2019-04-01,2020-03-31,-1
2021-04-28,95010,2021-03-31,,,,,,,,,,,,,,,,,,,,,,,,,,,,,,0.00,,,,1607017531,4825496,1602201819,false,false,12,2020-04-01,2021-03-31,0
2021-04-28,95010,2022-03-31,,,,,,,,,,,,,,,,,,,,,,,,,,,,,,0.00,,,,,,,false,true,12,2021-04-01,2022-03-31,1
2021-07-21,95010,2022-03-31,,4484000000000,,,,,,69000000000,,74000000000,,,67000000000,,41.82,,,,,,,,,,,,,,,,,,,,,,true,true,12,2021-04-01,2022-03-31,0
2021-07-21,95010,2021-03-31,,5866824000000,,,,,,143460000000,,189880000000,,,180896000000,,112.90,,,,,,,,,,,,,,,,,,,,,,true,false,12,2020-04-01,2021-03-31,-1
2021-07-29,95010,2022-03-31,1,980074000000,,,,,,-11350000000,,18482000000,,,-3031000000,,-1.89,,,,,,12087962000000,3174483000000,0.261,,3149803000000,,,,,,,,,,,,true,false,3,2021-04-01,2021-06-30,0
2021-07-29,95010,2021-03-31,1,1341323000000,-0.108,,,,,57593000000,0.124,68527000000,-0.305,,29826000000,,18.62,6.01,,,,,,,,,,,,,,,,,,,,,true,false,3,2020-04-01,2020-06-30,-1
2021-07-29,95010,2022-03-31,1,4484000000000,,,,,,,,74000000000,,,67000000000,,41.82,,,,,,,,,,,,,,,,,,,,,,true,true,12,2021-04-01,2022-03-31,0
2021-07-29,95010,2021-03-31,1,,,,,,,,,,,,,,,,,,,,12093155000000,3142801000000,0.258,,3125299000000,,,,,,,,,,,,true,false,12,2020-04-01,2021-03-31,-1
2021-07-29,95010,2021-03-31,1,,,,,,,,,,,,,,,,,,,,,,,,,,,,,0.00,,,,1607017531,4825496,,false,false,12,2020-04-01,2021-03-31,-1
2021-07-29,95010,2022-03-31,1,,,,,,,,,,,,,,,,,,,,,,,,,,,,,0.00,,,,,,,false,true,12,2021-04-01,2022-03-31,0
2021-07-29,95010,2022-03-31,1,,,,,,,,,,,,,,,,,,,,,,,,,,,,,,,,,1607017531,4831097,1602188361,false,false,3,2021-04-01,2021-06-30,0
2021-07-29,95010,2021-03-31,1,,,,,,,,,,,,,,,,,,,,,,,,,,,,,,,,,,,1602208430,false,false,3,2020-04-01,2020-06-30,-1
2021-10-27,95010,2022-03-31,2,2210745000000,,,,,,97020000000,,101342000000,,,88646000000,,55.33,17.60,,,,,12612056000000,3272452000000,0.257,,3247520000000,,,,,,,,,,,,true,false,6,2021-04-01,2021-09-30,0
2021-10-27,95010,2021-03-31,2,2834222000000,-0.108,,,,,181398000000,-0.077,224827000000,-0.101,,148613000000,,92.76,30.05,,,,,,,,,,,,,,,,,,,,,true,false,6,2020-04-01,2020-09-30,-1
2021-10-27,95010,2022-03-31,2,4850000000000,,,,,,,,-13000000000,,,-16000000000,,-9.99,,,,,,,,,,,,,,,,,,,,,,true,true,12,2021-04-01,2022-03-31,0
2021-10-27,95010,2021-03-31,2,,,,,,,,,,,,,,,,,,,,12093155000000,3142801000000,0.258,,3125299000000,,,,,,,,,,,,true,false,12,2020-04-01,2021-03-31,-1
2021-10-27,95010,2021-03-31,2,,,,,,,,,,,,,,,,,,,,,,,,,,,,,0.00,,,,1607017531,4825496,,false,false,12,2020-04-01,2021-03-31,-1
2021-10-27,95010,2022-03-31,2,,,,,,,,,,,,,,,,,,,,,,,,,,,,,0.00,,,,,,,false,false,12,2021-04-01,2022-03-31,0
2021-10-27,95010,2022-03-31,2,,,,,,,,,,,,,,,,,,,,,,,,,,,,,0.00,,,,,,,false,true,12,2021-04-01,2022-03-31,0
2021-10-27,95010,2022-03-31,2,,,,,,,,,,,,,,,,,,,,,,,,,,,,,,,,,1607017531,4836092,1602185724,false,false,6,2021-04-01,2021-09-30,0
2021-10-27,95010,2021-03-31,2,,,,,,,,,,,,,,,,,,,,,,,,,,,,,,,,,,,1602206559,false,false,6,2020-04-01,2020-09-30,-1
2022-01-31,95010,2022-03-31,3,3503540000000,,,,,,88084000000,,72240000000,,,9802000000,,6.12,1.94,,,,,12557711000000,3206037000000,0.253,,3181101000000,,,,,,,,,,,,true,false,9,2021-04-01,2021-12-31,0
2022-01-31,95010,2021-03-31,3,4103900000000,-0.115,,,,,152754000000,-0.382,235592000000,-0.240,,130478000000,,81.44,25.49,,,,,,,,,,,,,,,,,,,,,true,false,9,2020-04-01,2020-12-31,-1
2022-01-31,95010,2022-03-31,3,5051000000000,,,,,,,,-16000000000,,,-41000000000,,-25.59,,,,,,,,,,,,,,,,,,,,,,true,true,12,2021-04-01,2022-03-31,0
2022-01-31,95010,2021-03-31,3,,,,,,,,,,,,,,,,,,,,12093155000000,3142801000000,0.258,,3125299000000,,,,,,,,,,,,true,false,12,2020-04-01,2021-03-31,-1
2022-01-31,95010,2021-03-31,3,,,,,,,,,,,,,,,,,,,,,,,,,,,,,0.00,,,,1607017531,4825496,,false,false,12,2020-04-01,2021-03-31,-1
2022-01-31,95010,2022-03-31,3,,,,,,,,,,,,,,,,,,,,,,,,,,,,,0.00,,,,,,,false,false,12,2021-04-01,2022-03-31,0
2022-01-31,95010,2022-03-31,3,,,,,,,,,,,,,,,,,,,,,,,,,,,,,0.00,,,,,,,false,true,12,2021-04-01,2022-03-31,0
2022-01-31,95010,2022-03-31,3,,,,,,,,,,,,,,,,,,,,,,,,,,,,,,,,,1607017531,4841473,1602183078,false,false,9,2021-04-01,2021-12-31,0
2022-01-31,95010,2021-03-31,3,,,,,,,,,,,,,,,,,,,,,,,,,,,,,,,,,,,1602204282,false,false,9,2020-04-01,2020-12-31,-1
2022-04-28,95010,2022-03-31,,5309924000000,,,,,,46230000000,,44969000000,,,5640000000,,3.52,1.13,0.002,0.004,0.009,,12853505000000,3222165000000,0.249,1371.15,3196823000000,406493000000,-559791000000,560596000000,861825000000,,,,,,,,true,false,12,2021-04-01,2022-03-31,0
2022-04-28,95010,2021-03-31,,5866824000000,-0.060,,,,,143460000000,-0.323,189880000000,-0.281,,180896000000,,112.90,36.39,0.060,0.016,0.024,,12093155000000,3142801000000,0.258,1326.49,3125299000000,239825000000,-577215000000,-20340000000,454307000000,,,,,,,,true,false,12,2020-04-01,2021-03-31,-1
2022-04-28,95010,2021-03-31,,,,,,,,,,,,,,,,,,,,,,,,,,,,,,0.00,,,,1607017531,4825496,1602201819,false,false,12,2020-04-01,2021-03-31,-1
2022-04-28,95010,2022-03-31,,,,,,,,,,,,,,,,,,,,,,,,,,,,,,0.00,,,,1607017531,4847182,1602180364,false,false,12,2021-04-01,2022-03-31,0
2022-04-28,95010,2023-03-31,,,,,,,,,,,,,,,,,,,,,,,,,,,,,,0.00,,,,,,,false,true,12,2022-04-01,2023-03-31,1
2022-08-02,95010,2023-03-31,1,1476485000000,0.507,,,,,-44267000000,,-48970000000,,,-67062000000,,-41.86,,,,,,12881719000000,3256005000000,0.251,,3230709000000,,,,,,,,,,,,true,false,3,2022-04-01,2022-06-30,0
2022-08-02,95010,2022-03-31,1,980074000000,,,,,,-11350000000,,18482000000,,,-3031000000,,-1.89,,,,,,,,,,,,,,,,,,,,,,true,false,3,2021-04-01,2021-06-30,-1
2022-08-02,95010,2022-03-31,1,,,,,,,,,,,,,,,,,,,,12853505000000,3222165000000,0.249,,3196823000000,,,,,,,,,,,,true,false,12,2021-04-01,2022-03-31,-1
2022-08-02,95010,2022-03-31,1,,,,,,,,,,,,,,,,,,,,,,,,,,,,,0.00,,,,1607017531,4847182,,false,false,12,2021-04-01,2022-03-31,-1
2022-08-02,95010,2023-03-31,1,,,,,,,,,,,,,,,,,,,,,,,,,,,,,0.00,,,,,,,false,true,12,2022-04-01,2023-03-31,0
2022-08-02,95010,2023-03-31,1,,,,,,,,,,,,,,,,,,,,,,,,,,,,,,,,,1607017531,4852529,1602166696,false,false,3,2022-04-01,2022-06-30,0
2022-08-02,95010,2022-03-31,1,,,,,,,,,,,,,,,,,,,,,,,,,,,,,,,,,,,1602188361,false,false,3,2021-04-01,2021-06-30,-1
2022-11-01,95010,2023-03-31,2,3505302000000,0.586,,,,,-156099000000,,-238862000000,,,-143373000000,,-89.49,,,,,,13049923000000,3250433000000,0.247,,3224983000000,,,,,,,,,,,,true,false,6,2022-04-01,2022-09-30,0
2022-11-01,95010,2022-03-31,2,2210745000000,,,,,,97020000000,,101342000000,,,88646000000,,55.33,17.60,,,,,,,,,,,,,,,,,,,,,true,false,6,2021-04-01,2021-09-30,-1
2022-11-01,95010,2022-03-31,2,,,,,,,,,,,,,,,,,,,,12853505000000,3222165000000,0.249,,3196823000000,,,,,,,,,,,,true,false,12,2021-04-01,2022-03-31,-1
2022-11-01,95010,2022-03-31,2,,,,,,,,,,,,,,,,,,,,,,,,,,,,,0.00,,,,1607017531,4847182,,false,false,12,2021-04-01,2022-03-31,-1
2022-11-01,95010,2023-03-31,2,,,,,,,,,,,,,,,,,,,,,,,,,,,,,0.00,,,,,,,false,false,12,2022-04-01,2023-03-31,0
2022-11-01,95010,2023-03-31,2,,,,,,,,,,,,,,,,,,,,,,,,,,,,,0.00,,,,,,,false,true,12,2022-04-01,2023-03-31,0
2022-11-01,95010,2023-03-31,2,,,,,,,,,,,,,,,,,,,,,,,,,,,,,,,,,1607017531,4857850,1602164020,false,false,6,2022-04-01,2022-09-30,0
2022-11-01,95010,2022-03-31,2,,,,,,,,,,,,,,,,,,,,,,,,,,,,,,,,,,,1602185724,false,false,6,2021-04-01,2021-09-30,-1
2023-01-23,95010,2023-03-31,,7931000000000,,,,,,-488000000000,,-502000000000,,,-317000000000,,-197.86,,,,,,,,,,,,,,,,,,,,,,true,true,12,2022-04-01,2023-03-31,0
2023-01-23,95010,2022-03-31,,5309924000000,,,,,,46230000000,,44969000000,,,5640000000,,3.52,,,,,,,,,,,,,,,,,,,,,,true,false,12,2021-04-01,2022-03-31,-1
2023-02-01,95010,2023-03-31,3,5512614000000,0.573,,,,,-273620000000,,-353890000000,,,-650948000000,,-406.29,,,,,,13204816000000,2718930000000,0.204,,2692508000000,,,,,,,,,,,,true,false,9,2022-04-01,2022-12-31,0
2023-02-01,95010,2022-03-31,3,3503540000000,,,,,,88084000000,,72240000000,,,9802000000,,6.12,1.94,,,,,,,,,,,,,,,,,,,,,true,false,9,2021-04-01,2021-12-31,-1
2023-02-01,95010,2023-03-31,3,7931000000000,0.494,,,,,-488000000000,,-502000000000,,,-317000000000,,-197.86,,,,,,,,,,,,,,,,,,,,,,true,true,12,2022-04-01,2023-03-31,0
2023-02-01,95010,2022-03-31,3,,,,,,,,,,,,,,,,,,,,12853505000000,3222165000000,0.249,,3196823000000,,,,,,,,,,,,true,false,12,2021-04-01,2022-03-31,-1
2023-02-01,95010,2022-03-31,3,,,,,,,,,,,,,,,,,,,,,,,,,,,,,0.00,,,,1607017531,4847182,,false,false,12,2021-04-01,2022-03-31,-1
2023-02-01,95010,2023-03-31,3,,,,,,,,,,,,,,,,,,,,,,,,,,,,,0.00,,,,,,,false,false,12,2022-04-01,2023-03-31,0
2023-02-01,95010,2023-03-31,3,,,,,,,,,,,,,,,,,,,,,,,,,,,,,0.00,,,,,,,false,true,12,2022-04-01,2023-03-31,0
2023-02-01,95010,2023-03-31,3,,,,,,,,,,,,,,,,,,,,,,,,,,,,,,,,,1607017531,4863232,1602161402,false,false,9,2022-04-01,2022-12-31,0
2023-02-01,95010,2022-03-31,3,,,,,,,,,,,,,,,,,,,,,,,,,,,,,,,,,,,1602183078,false,false,9,2021-04-01,2021-12-31,-1
2023-04-28,95010,2023-03-31,,7798696000000,0.469,,,,,-228969000000,,-285393000000,,,-123631000000,,-77.17,,-0.039,-0.022,-0.029,,13563085000000,3121962000000,0.228,1307.87,3095397000000,-75673000000,-388842000000,319984000000,717357000000,,,,,,,,true,false,12,2022-04-01,2023-03-31,0
2023-04-28,95010,2022-03-31,,5309924000000,,,,,,46230000000,,42245000000,,,2916000000,,1.82,0.58,0.001,0.003,0.009,,12838398000000,3207059000000,0.248,1361.73,3181717000000,406493000000,-559791000000,560596000000,861825000000,,,,,,,,true,false,12,2021-04-01,2022-03-31,-1
2023-04-28,95010,2022-03-31,,,,,,,,,,,,,,,,,,,,,,,,,,,,,,0.00,,,,1607017531,4847182,1602180364,false,false,12,2021-04-01,2022-03-31,-1
2023-04-28,95010,2023-03-31,,,,,,,,,,,,,,,,,,,,,,,,,,,,,,0.00,,,,1607017531,4870608,1602158547,false,false,12,2022-04-01,2023-03-31,0
2023-04-28,95010,2024-03-31,,,,,,,,,,,,,,,,,,,,,,,,,,,,,,0.00,,,,,,,false,true,12,2023-04-01,2024-03-31,1
2023-08-02,95010,2024-03-31,1,1615156000000,0.053,,,,,151137000000,,233166000000,,,136286000000,,85.06,27.61,,,,,13811900000000,3317856000000,0.238,,3290985000000,,,,,,,,,,,,true,false,3,2023-04-01,2023-06-30,0
2023-08-02,95010,2023-03-31,1,1534116000000,,,,,,-44267000000,,-30079000000,,,-48171000000,,-30.07,,,,,,,,,,,,,,,,,,,,,,true,false,3,2022-04-01,2022-06-30,-1
2023-08-02,95010,2023-03-31,1,,,,,,,,,,,,,,,,,,,,13563085000000,3121962000000,0.228,,3095397000000,,,,,,,,,,,,true,false,12,2022-04-01,2023-03-31,-1
2023-08-02,95010,2023-03-31,1,,,,,,,,,,,,,,,,,,,,,,,,,,,,,0.00,,,,1607017531,4870608,,false,false,12,2022-04-01,2023-03-31,-1
2023-08-02,95010,2024-03-31,1,,,,,,,,,,,,,,,,,,,,,,,,,,,,,0.00,,,,,,,false,true,12,2023-04-01,2024-03-31,0
2023-08-02,95010,2024-03-31,1,,,,,,,,,,,,,,,,,,,,,,,,,,,,,,,,,1607017531,4877078,1602142601,false,false,3,2023-04-01,2023-06-30,0
2023-08-02,95010,2023-03-31,1,,,,,,,,,,,,,,,,,,,,,,,,,,,,,,,,,,,1602166696,false,false,3,2022-04-01,2022-06-30,-1
2023-10-31,95010,2024-03-31,2,3513710000000,-0.047,,,,,354715000000,,479693000000,,,350826000000,,218.97,71.08,,,,,14268052000000,3637309000000,0.253,,3609728000000,,,,,,,,,,,,true,false,6,2023-04-01,2023-09-30,0
2023-10-31,95010,2023-03-31,2,3687884000000,,,,,,-156099000000,,-281642000000,,,-186153000000,,-116.19,,,,,,,,,,,,,,,,,,,,,,true,false,6,2022-04-01,2022-09-30,-1
2023-10-31,95010,2023-03-31,2,,,,,,,,,,,,,,,,,,,,13563085000000,3121962000000,0.228,,3095397000000,,,,,,,,,,,,true,false,12,2022-04-01,2023-03-31,-1
2023-10-31,95010,2023-03-31,2,,,,,,,,,,,,,,,,,,,,,,,,,,,,,0.00,,,,1607017531,4870608,,false,false,12,2022-04-01,2023-03-31,-1
2023-10-31,95010,2024-03-31,2,,,,,,,,,,,,,,,,,,,,,,,,,,,,,0.00,,,,,,,false,false,12,2023-04-01,2024-03-31,0
2023-10-31,95010,2024-03-31,2,,,,,,,,,,,,,,,,,,,,,,,,,,,,,0.00,,,,,,,false,true,12,2023-04-01,2024-03-31,0
2023-10-31,95010,2024-03-31,2,,,,,,,,,,,,,,,,,,,,,,,,,,,,,,,,,1607017531,4884577,1602139107,false,false,6,2023-04-01,2023-09-30,0
2023-10-31,95010,2023-03-31,2,,,,,,,,,,,,,,,,,,,,,,,,,,,,,,,,,,,1602164020,false,false,6,2022-04-01,2022-09-30,-1
2024-01-31,95010,2024-03-31,3,5105058000000,-0.117,,,,,382534000000,,518457000000,,,351367000000,,219.31,71.19,,,,,14155040000000,3616959000000,0.254,,3590090000000,,,,,,,,,,,,true,false,9,2023-04-01,2023-12-31,0
2024-01-31,95010,2023-03-31,3,5778298000000,,,,,,-273620000000,,-373087000000,,,-670146000000,,-418.28,,,,,,,,,,,,,,,,,,,,,,true,false,9,2022-04-01,2022-12-31,-1
2024-01-31,95010,2023-03-31,3,,,,,,,,,,,,,,,,,,,,13563085000000,3121962000000,0.228,,3095397000000,,,,,,,,,,,,true,false,12,2022-04-01,2023-03-31,-1
2024-01-31,95010,2023-03-31,3,,,,,,,,,,,,,,,,,,,,,,,,,,,,,0.00,,,,1607017531,4870608,,false,false,12,2022-04-01,2023-03-31,-1
2024-01-31,95010,2024-03-31,3,,,,,,,,,,,,,,,,,,,,,,,,,,,,,0.00,,,,,,,false,false,12,2023-04-01,2024-03-31,0
2024-01-31,95010,2024-03-31,3,,,,,,,,,,,,,,,,,,,,,,,,,,,,,0.00,,,,,,,false,true,12,2023-04-01,2024-03-31,0
2024-01-31,95010,2024-03-31,3,,,,,,,,,,,,,,,,,,,,,,,,,,,,,,,,,1607017531,4891865,1602135514,false,false,9,2023-04-01,2023-12-31,0
2024-01-31,95010,2023-03-31,3,,,,,,,,,,,,,,,,,,,,,,,,,,,,,,,,,,,1602161402,false,false,9,2022-04-01,2022-12-31,-1
2024-03-29,95010,2024-03-31,,6926000000000,,,,,,264000000000,,390000000000,,,247000000000,,154.17,,,,,,,,,,,,,,,,,,,,,,true,true,12,2023-04-01,2024-03-31,0
2024-03-29,95010,2023-03-31,,8112225000000,,,,,,-228969000000,,-285393000000,,,-123631000000,,-77.17,,,,,,,,,,,,,,,,,,,,,,true,false,12,2022-04-01,2023-03-31,-1
2024-04-30,95010,2024-03-31,,6918389000000,-0.147,,,,,278856000000,,425525000000,,,267850000000,,167.18,54.27,0.081,0.030,0.040,,14595480000000,3538022000000,0.241,1567.47,3511263000000,673017000000,-698790000000,541499000000,1235128000000,,,,,,,,true,false,12,2023-04-01,2024-03-31,0
2024-04-30,95010,2023-03-31,,8112225000000,,,,,,-228969000000,,-285393000000,,,-123631000000,,-77.17,,-0.039,-0.022,-0.028,,13563085000000,3121962000000,0.228,1307.87,3095397000000,-75673000000,-388842000000,319984000000,717357000000,,,,,,,,true,false,12,2022-04-01,2023-03-31,-1
2024-04-30,95010,2023-03-31,,,,,,,,,,,,,,,,,,,,,,,,,,,,,,0.00,,,,1607017531,4870608,1602158547,false,false,12,2022-04-01,2023-03-31,-1
2024-04-30,95010,2024-03-31,,,,,,,,,,,,,,,,,,,,,,,,,,,,,,0.00,,,,1607017531,4909838,1602130846,false,false,12,2023-04-01,2024-03-31,0
2024-04-30,95010,2025-03-31,,,,,,,,,,,,,,,,,,,,,,,,,,,,,,0.00,,,,,,,false,true,12,2024-04-01,2025-03-31,1
2024-07-31,95010,2025-03-31,1,1492524000000,-0.076,,,,,62855000000,-0.584,102231000000,-0.562,,79237000000,,49.46,16.05,,,,,14539087000000,3713359000000,0.253,,3685626000000,,,,,,,,,,,,true,false,3,2024-04-01,2024-06-30,0
2024-07-31,95010,2024-03-31,1,1615156000000,0.053,,,,,151137000000,,233166000000,,,136286000000,,85.06,27.61,,,,,,,,,,,,,,,,,,,,,true,false,3,2023-04-01,2023-06-30,-1
2024-07-31,95010,2024-03-31,1,,,,,,,,,,,,,,,,,,,,14595480000000,3538022000000,0.241,,3511263000000,,,,,,,,,,,,true,false,12,2023-04-01,2024-03-31,-1
2024-07-31,95010,2024-03-31,1,,,,,,,,,,,,,,,,,,,,,,,,,,,,,0.00,,,,1607017531,4909838,,false,false,12,2023-04-01,2024-03-31,-1
2024-07-31,95010,2025-03-31,1,,,,,,,,,,,,,,,,,,,,,,,,,,,,,0.00,,,,,,,false,true,12,2024-04-01,2025-03-31,0
2024-07-31,95010,2025-03-31,1,,,,,,,,,,,,,,,,,,,,,,,,,,,,,,,,,1607017531,4918533,1602101308,false,false,3,2024-04-01,2024-06-30,0
2024-07-31,95010,2024-03-31,1,,,,,,,,,,,,,,,,,,,,,,,,,,,,,,,,,,,1602142601,false,false,3,2023-04-01,2023-06-30,-1
2024-08-13,95010,2025-03-31,1,1492524000000,-0.076,,,,,62855000000,-0.584,102231000000,-0.562,,79237000000,,49.46,16.05,,,,,14539087000000,3713359000000,0.253,,3685626000000,,,,,,,,,,,,true,false,3,2024-04-01,2024-06-30,0
2024-08-13,95010,2024-03-31,1,1615156000000,0.053,,,,,151137000000,,233166000000,,,136286000000,,85.06,27.61,,,,,,,,,,,,,,,,,,,,,true,false,3,2023-04-01,2023-06-30,-1
2024-08-13,95010,2024-03-31,1,,,,,,,,,,,,,,,,,,,,14595480000000,3538022000000,0.241,,3511263000000,,,,,,,,,,,,true,false,12,2023-04-01,2024-03-31,-1
2024-08-13,95010,2024-03-31,1,,,,,,,,,,,,,,,,,,,,,,,,,,,,,0.00,,,,1607017531,4909838,,false,false,12,2023-04-01,2024-03-31,-1
2024-08-13,95010,2025-03-31,1,,,,,,,,,,,,,,,,,,,,,,,,,,,,,0.00,,,,,,,false,true,12,2024-04-01,2025-03-31,0
2024-08-13,95010,2025-03-31,1,,,,,,,,,,,,,,,,,,,,,,,,,,,,,,,,,1607017531,4918533,1602101308,false,false,3,2024-04-01,2024-06-30,0
2024-08-13,95010,2024-03-31,1,,,,,,,,,,,,,,,,,,,,,,,,,,,,,,,,,,,1602142601,false,false,3,2023-04-01,2023-06-30,-1
2024-10-30,95010,2025-03-31,2,3354957000000,-0.045,,,,,199012000000,-0.439,250695000000,-0.477,,189562000000,,118.32,38.41,,,,,14557918000000,3769387000000,0.257,,3741431000000,,,,,,,,,,,,true,false,6,2024-04-01,2024-09-30,0
2024-10-30,95010,2024-03-31,2,3513710000000,-0.047,,,,,354715000000,,479693000000,,,350826000000,,218.97,71.08,,,,,,,,,,,,,,,,,,,,,true,false,6,2023-04-01,2023-09-30,-1
2024-10-30,95010,2024-03-31,2,,,,,,,,,,,,,,,,,,,,14595480000000,3538022000000,0.241,,3511263000000,,,,,,,,,,,,true,false,12,2023-04-01,2024-03-31,-1
2024-10-30,95010,2024-03-31,2,,,,,,,,,,,,,,,,,,,,,,,,,,,,,0.00,,,,1607017531,4909838,,false,false,12,2023-04-01,2024-03-31,-1
2024-10-30,95010,2025-03-31,2,,,,,,,,,,,,,,,,,,,,,,,,,,,,,0.00,,,,,,,false,false,12,2024-04-01,2025-03-31,0
2024-10-30,95010,2025-03-31,2,,,,,,,,,,,,,,,,,,,,,,,,,,,,,0.00,,,,,,,false,true,12,2024-04-01,2025-03-31,0
2024-10-30,95010,2025-03-31,2,,,,,,,,,,,,,,,,,,,,,,,,,,,,,,,,,1607017531,4925946,1602097323,false,false,6,2024-04-01,2024-09-30,0
2024-10-30,95010,2024-03-31,2,,,,,,,,,,,,,,,,,,,,,,,,,,,,,,,,,,,1602139107,false,false,6,2023-04-01,2023-09-30,-1
2025-01-30,95010,2025-03-31,3,4963319000000,-0.028,,,,,311065000000,-0.187,348724000000,-0.327,,243159000000,,151.78,49.27,,,,,14550112000000,3801185000000,0.259,,3774259000000,,,,,,,,,,,,true,false,9,2024-04-01,2024-12-31,0
2025-01-30,95010,2024-03-31,3,5105058000000,-0.117,,,,,382534000000,,518457000000,,,351367000000,,219.31,71.19,,,,,,,,,,,,,,,,,,,,,true,false,9,2023-04-01,2023-12-31,-1
2025-01-30,95010,2024-03-31,3,,,,,,,,,,,,,,,,,,,,14595480000000,3538022000000,0.241,,3511263000000,,,,,,,,,,,,true,false,12,2023-04-01,2024-03-31,-1
2025-01-30,95010,2024-03-31,3,,,,,,,,,,,,,,,,,,,,,,,,,,,,,0.00,,,,1607017531,4909838,,false,false,12,2023-04-01,2024-03-31,-1
2025-01-30,95010,2025-03-31,3,,,,,,,,,,,,,,,,,,,,,,,,,,,,,0.00,,,,,,,false,false,12,2024-04-01,2025-03-31,0
2025-01-30,95010,2025-03-31,3,,,,,,,,,,,,,,,,,,,,,,,,,,,,,0.00,,,,,,,false,true,12,2024-04-01,2025-03-31,0
2025-01-30,95010,2025-03-31,3,,,,,,,,,,,,,,,,,,,,,,,,,,,,,,,,,1607017531,4933758,1602093674,false,false,9,2024-04-01,2024-12-31,0
2025-01-30,95010,2024-03-31,3,,,,,,,,,,,,,,,,,,,,,,,,,,,,,,,,,,,1602135514,false,false,9,2023-04-01,2023-12-31,-1
2025-02-13,95010,2025-03-31,3,4963319000000,-0.028,,,,,311065000000,-0.187,348724000000,-0.327,,243159000000,,151.78,49.27,,,,,14550112000000,3801185000000,0.259,,3774259000000,,,,,,,,,,,,true,false,9,2024-04-01,2024-12-31,0
2025-02-13,95010,2024-03-31,3,5105058000000,-0.117,,,,,382534000000,,518457000000,,,351367000000,,219.31,71.19,,,,,,,,,,,,,,,,,,,,,true,false,9,2023-04-01,2023-12-31,-1
2025-02-13,95010,2024-03-31,3,,,,,,,,,,,,,,,,,,,,14595480000000,3538022000000,0.241,,3511263000000,,,,,,,,,,,,true,false,12,2023-04-01,2024-03-31,-1
2025-02-13,95010,2024-03-31,3,,,,,,,,,,,,,,,,,,,,,,,,,,,,,0.00,,,,1607017531,4909838,,false,false,12,2023-04-01,2024-03-31,-1
2025-02-13,95010,2025-03-31,3,,,,,,,,,,,,,,,,,,,,,,,,,,,,,0.00,,,,,,,false,false,12,2024-04-01,2025-03-31,0
2025-02-13,95010,2025-03-31,3,,,,,,,,,,,,,,,,,,,,,,,,,,,,,0.00,,,,,,,false,true,12,2024-04-01,2025-03-31,0
2025-02-13,95010,2025-03-31,3,,,,,,,,,,,,,,,,,,,,,,,,,,,,,,,,,1607017531,4933758,1602093674,false,false,9,2024-04-01,2024-12-31,0
2025-02-13,95010,2024-03-31,3,,,,,,,,,,,,,,,,,,,,,,,,,,,,,,,,,,,1602135514,false,false,9,2023-04-01,2023-12-31,-1
2025-03-17,95010,2025-03-31,,6793000000000,,,,,,217000000000,,249000000000,,,172000000000,,107.36,,,,,,,,,,,,,,,,,,,,,,true,true,12,2024-04-01,2025-03-31,0
2025-03-17,95010,2024-03-31,,6918389000000,,,,,,278856000000,,425525000000,,,267850000000,,167.18,,,,,,,,,,,,,,,,,,,,,,true,false,12,2023-04-01,2024-03-31,-1
2025-04-30,95010,2025-03-31,,6810391000000,-0.016,,,,,234452000000,-0.159,254443000000,-0.402,,161278000000,,100.67,32.68,0.044,0.017,0.034,,14986993000000,3786130000000,0.251,1722.28,3759230000000,361249000000,-859209000000,194169000000,926455000000,,,,,,,,true,false,12,2024-04-01,2025-03-31,0
2025-04-30,95010,2024-03-31,,6918389000000,-0.147,,,,,278856000000,,425525000000,,,267850000000,,167.18,54.27,0.081,0.030,0.040,,14595480000000,3538022000000,0.241,1567.47,3511263000000,673017000000,-698790000000,541499000000,1235128000000,,,,,,,,true,false,12,2023-04-01,2024-03-31,-1
2025-04-30,95010,2024-03-31,,,,,,,,,,,,,,,,,,,,,,,,,,,,,,0.00,,,,1607017531,4909838,1602130846,false,false,12,2023-04-01,2024-03-31,-1
2025-04-30,95010,2025-03-31,,,,,,,,,,,,,,,,,,,,,,,,,,,,,,0.00,,,,1607017531,4941929,1602090055,false,false,12,2024-04-01,2025-03-31,0
2025-04-30,95010,2026-03-31,,,,,,,,,,,,,,,,,,,,,,,,,,,,,,0.00,,,,,,,false,true,12,2025-04-01,2026-03-31,1
2025-07-31,95010,2026-03-31,1,1425123000000,-0.045,,,,,64699000000,0.029,101275000000,-0.009,,-857690000000,,-535.36,,,,,,14711447000000,2861326000000,0.193,,2833711000000,,,,,,,,,,,,true,false,3,2025-04-01,2025-06-30,0
2025-07-31,95010,2025-03-31,1,1492524000000,-0.076,,,,,62855000000,-0.584,102231000000,-0.562,,79237000000,,49.46,16.05,,,,,,,,,,,,,,,,,,,,,true,false,3,2024-04-01,2024-06-30,-1
2025-07-31,95010,2025-03-31,1,,,,,,,,,,,,,,,,,,,,14986993000000,3786130000000,0.251,,3759230000000,,,,,,,,,,,,true,false,12,2024-04-01,2025-03-31,-1
2025-07-31,95010,2025-03-31,1,,,,,,,,,,,,,,,,,,,,,,,,,,,,,0.00,,,,1607017531,4941929,,false,false,12,2024-04-01,2025-03-31,-1
2025-07-31,95010,2026-03-31,1,,,,,,,,,,,,,,,,,,,,,,,,,,,,,0.00,,,,,,,false,true,12,2025-04-01,2026-03-31,0
2025-07-31,95010,2026-03-31,1,,,,,,,,,,,,,,,,,,,,,,,,,,,,,,,,,1607017531,4947457,1602071918,false,false,3,2025-04-01,2025-06-30,0
2025-07-31,95010,2025-03-31,1,,,,,,,,,,,,,,,,,,,,,,,,,,,,,,,,,,,1602101308,false,false,3,2024-04-01,2024-06-30,-1
