filing_date,code,fiscal_year_end,quarterly_period,net_sales,net_sales_change,revenue,revenue_change,operating_revenue,operating_revenue_change,operating_profit,operating_profit_change,ordinary_profit,ordinary_profit_change,net_income,net_income_of_parent,net_income_change,eps,diluted_eps,roe,roa,operating_profit_to_net_sales,operating_profit_to_revenue,total_assets,net_assets,equity_ratio,bps,owner_equity,operating_cash_flow,investing_cash_flow,financing_cash_flow,cash,dividend_per_share,payout_ratio,commemorative_dividend,extra_dividend,number_of_shares,number_of_treqsury_shares,avg_number_of_shares,is_consolidated,is_forecast,duration,period_start,period_end,period_pos
2015-07-31,95020,2016-03-31,1,744298000000,0.029,,,,,144266000000,4.958,137091000000,8.080,,95705000000,,126.37,,,,,,5462355000000,1595021000000,0.285,,1555634000000,,,,,,,,,,,,true,false,3,2015-04-01,2015-06-30,0
2015-07-31,95020,2015-03-31,1,723179000000,0.160,,,,,24215000000,,15097000000,,,11917000000,,15.73,,,,,,,,,,,,,,,,,,,,,,true,false,3,2014-04-01,2014-06-30,-1
2015-07-31,95020,2016-03-31,1,2860000000000,-0.078,,,,,160000000000,0.493,130000000000,1.159,,90000000000,,118.84,,,,,,,,,,,,,,,,,,,,,,true,true,12,2015-04-01,2016-03-31,0
2015-07-31,95020,2015-03-31,1,,,,,,,,,,,,,,,,,,,,5631968000000,1507508000000,0.261,,1468917000000,,,,,,,,,,,,true,false,12,2014-04-01,2015-03-31,-1
2015-07-31,95020,2015-03-31,1,,,,,,,,,,,,,,,,,,,,,,,,,,,,,10.00,,,,758000000,667268,,false,false,12,2014-04-01,2015-03-31,-1
2015-07-31,95020,2016-03-31,1,,,,,,,,,,,,,,,,,,,,,,,,,,,,,20.00,,,,,,,false,true,12,2015-04-01,2016-03-31,0
2015-07-31,95020,2016-03-31,1,,,,,,,,,,,,,,,,,,,,,,,,,,,,,,,,,758000000,679333,757324538,false,false,3,2015-04-01,2015-06-30,0
2015-07-31,95020,2015-03-31,1,,,,,,,,,,,,,,,,,,,,,,,,,,,,,,,,,,,757607705,false,false,3,2014-04-01,2014-06-30,-1
2015-10-30,95020,2016-03-31,2,1481825000000,-0.029,,,,,227648000000,2.273,210462000000,4.468,,149900000000,,197.94,,,,,,5490124000000,1647471000000,0.293,,1607756000000,,,,,,,,,,,,true,false,6,2015-04-01,2015-09-30,0
2015-10-30,95020,2015-03-31,2,1526081000000,0.116,,,,,69563000000,,38492000000,,,46149000000,,60.92,,,,,,,,,,,,,,,,,,,,,,true,false,6,2014-04-01,2014-09-30,-1
2015-10-30,95020,2016-03-31,2,2890000000000,-0.069,,,,,230000000000,1.146,200000000000,2.322,,140000000000,,184.87,,,,,,,,,,,,,,,,,,,,,,true,true,12,2015-04-01,2016-03-31,0
2015-10-30,95020,2015-03-31,2,,,,,,,,,,,,,,,,,,,,5631968000000,1507508000000,0.261,,1468917000000,,,,,,,,,,,,true,false,12,2014-04-01,2015-03-31,-1
2015-10-30,95020,2015-03-31,2,,,,,,,,,,,,,,,,,,,,,,,,,,,,,10.00,,,,758000000,667268,,false,false,12,2014-04-01,2015-03-31,-1
2015-10-30,95020,2016-03-31,2,,,,,,,,,,,,,,,,,,,,,,,,,,,,,10.00,,,,,,,false,false,12,2015-04-01,2016-03-31,0
2015-10-30,95020,2016-03-31,2,,,,,,,,,,,,,,,,,,,,,,,,,,,,,20.00,,,,,,,false,true,12,2015-04-01,2016-03-31,0
2015-10-30,95020,2016-03-31,2,,,,,,,,,,,,,,,,,,,,,,,,,,,,,,,,,758000000,708395,757311666,false,false,6,2015-04-01,2015-09-30,0
2015-10-30,95020,2015-03-31,2,,,,,,,,,,,,,,,,,,,,,,,,,,,,,,,,,,,757600669,false,false,6,2014-04-01,2014-09-30,-1
2015-10-30,95020,2016-03-31,,2890000000000,0.010,,,,,230000000000,0.438,200000000000,0.538,,140000000000,,184.87,,,,,,,,,,,,,,,,,,,,,,true,true,12,2015-04-01,2016-03-31,0
2015-10-30,95020,2015-03-31,,3103603000000,,,,,,107168000000,,60206000000,,,38795000000,,51.21,,,,,,,,,,,,,,,,,,,,,,true,false,12,2014-04-01,2015-03-31,-1
2015-10-30,95020,2016-03-31,,2680000000000,0.011,,,,,220000000000,0.467,190000000000,0.583,135000000000,,0.588,178.25,,,,,,,,,,,,,,,,,,,,,,false,true,12,2015-04-01,2016-03-31,0
2015-10-30,95020,2015-03-31,,2899026000000,,,,,,90843000000,,41947000000,,27375000000,,,36.13,,,,,,,,,,,,,,,,,,,,,,false,false,12,2014-04-01,2015-03-31,-1
2016-01-29,95020,2016-03-31,3,2126420000000,-0.059,,,,,237913000000,2.826,215302000000,9.667,,151679000000,,200.29,,,,,,5455104000000,1631673000000,0.292,,1591094000000,,,,,,,,,,,,true,false,9,2015-04-01,2015-12-31,0
2016-01-29,95020,2015-03-31,3,2258962000000,0.100,,,,,62188000000,,20184000000,,,29281000000,,38.65,,,,,,,,,,,,,,,,,,,,,,true,false,9,2014-04-01,2014-12-31,-1
2016-01-29,95020,2016-03-31,3,2870000000000,-0.075,,,,,260000000000,1.426,230000000000,2.820,,155000000000,,204.68,,,,,,,,,,,,,,,,,,,,,,true,true,12,2015-04-01,2016-03-31,0
2016-01-29,95020,2015-03-31,3,,,,,,,,,,,,,,,,,,,,5631968000000,1507508000000,0.261,,1468917000000,,,,,,,,,,,,true,false,12,2014-04-01,2015-03-31,-1
2016-01-29,95020,2015-03-31,3,,,,,,,,,,,,,,,,,,,,,,,,,,,,,10.00,,,,758000000,667268,,false,false,12,2014-04-01,2015-03-31,-1
2016-01-29,95020,2016-03-31,3,,,,,,,,,,,,,,,,,,,,,,,,,,,,,10.00,,,,,,,false,false,12,2015-04-01,2016-03-31,0
2016-01-29,95020,2016-03-31,3,,,,,,,,,,,,,,,,,,,,,,,,,,,,,25.00,,,,,,,false,true,12,2015-04-01,2016-03-31,0
2016-01-29,95020,2016-03-31,3,,,,,,,,,,,,,,,,,,,,,,,,,,,,,,,,,758000000,731856,757300689,false,false,9,2015-04-01,2015-12-31,0
2016-01-29,95020,2015-03-31,3,,,,,,,,,,,,,,,,,,,,,,,,,,,,,,,,,,,757593210,false,false,9,2014-04-01,2014-12-31,-1
,95020,2016-03-31,,,,,,,,,,,,,,,,,,,,,,,,,,,,,,25.00,,,,,,,false,true,12,2015-04-01,2016-03-31,0
,95020,2016-03-31,,,,,,,,,,,,,,,,,,,,,,,,,,,,,,10.00,,,,,,,false,false,12,2015-04-01,2016-03-31,0
,95020,2015-03-31,,,,,,,,,,,,,,,,,,,,,,,,,,,,,,10.00,,,,,,,false,false,12,2014-04-01,2015-03-31,-1
2016-04-28,95020,2016-03-31,,2854044000000,-0.080,,,,,284991000000,1.659,255610000000,3.246,,169745000000,,224.15,,0.111,0.046,0.100,,5538945000000,1637109000000,0.289,2112.80,1599934000000,562411000000,-307995000000,-312120000000,324390000000,,0.112,,,,,,true,false,12,2015-04-01,2016-03-31,0
2016-04-28,95020,2015-03-31,,3103603000000,0.092,,,,,107168000000,,60206000000,,,38795000000,,51.21,,0.027,0.011,0.035,,5631968000000,1507508000000,0.261,1939.59,1468917000000,476845000000,-282781000000,-344088000000,390088000000,,0.195,,,,,,true,false,12,2014-04-01,2015-03-31,-1
2016-04-28,95020,2017-03-31,,2620000000000,-0.082,,,,,150000000000,-0.474,130000000000,-0.491,,125000000000,,165.07,,,,,,,,,,,,,,,,0.182,,,,,,true,true,12,2016-04-01,2017-03-31,1
2016-04-28,95020,2016-03-31,,2648337000000,-0.086,,,,,265239000000,1.920,233692000000,4.571,157208000000,,4.743,207.57,,,,,,5065581000000,1368272000000,0.270,1806.68,1368272000000,,,,,25.00,,,,758000000,743530,757290523,false,false,12,2015-04-01,2016-03-31,0
2016-04-28,95020,2015-03-31,,2899026000000,0.099,,,,,90843000000,,41947000000,,27375000000,,,36.13,,,,,,5238153000000,1230904000000,0.235,1625.14,1230904000000,,,,,10.00,,,,758000000,667268,757566405,false,false,12,2014-04-01,2015-03-31,-1
2016-04-28,95020,2017-03-31,,2390000000000,-0.098,,,,,130000000000,-0.510,110000000000,-0.529,80000000000,,-0.491,105.63,,,,,,,,,,,,,,,30.00,,,,,,,false,true,12,2016-04-01,2017-03-31,1
2016-07-29,95020,2017-03-31,1,631191000000,-0.152,,,,,96934000000,-0.328,92655000000,-0.324,,65322000000,,86.26,,,,,,5409134000000,1669213000000,0.302,,1632482000000,,,,,,,,,,,,true,false,3,2016-04-01,2016-06-30,0
2016-07-29,95020,2016-03-31,1,744298000000,0.029,,,,,144266000000,4.958,137091000000,8.080,,95705000000,,126.37,,,,,,,,,,,,,,,,,,,,,,true,false,3,2015-04-01,2015-06-30,-1
2016-07-29,95020,2017-03-31,1,2610000000000,-0.086,,,,,135000000000,-0.526,115000000000,-0.550,,115000000000,,151.87,,,,,,,,,,,,,,,,,,,,,,true,true,12,2016-04-01,2017-03-31,0
2016-07-29,95020,2016-03-31,1,,,,,,,,,,,,,,,,,,,,5538945000000,1637109000000,0.289,,1599934000000,,,,,,,,,,,,true,false,12,2015-04-01,2016-03-31,-1
2016-07-29,95020,2016-03-31,1,,,,,,,,,,,,,,,,,,,,,,,,,,,,,25.00,,,,758000000,743530,,false,false,12,2015-04-01,2016-03-31,-1
2016-07-29,95020,2017-03-31,1,,,,,,,,,,,,,,,,,,,,,,,,,,,,,30.00,,,,,,,false,true,12,2016-04-01,2017-03-31,0
2016-07-29,95020,2017-03-31,1,,,,,,,,,,,,,,,,,,,,,,,,,,,,,,,,,758000000,750786,757251713,false,false,3,2016-04-01,2016-06-30,0
2016-07-29,95020,2016-03-31,1,,,,,,,,,,,,,,,,,,,,,,,,,,,,,,,,,,,757324538,false,false,3,2015-04-01,2015-06-30,-1
2016-10-28,95020,2017-03-31,2,1306894000000,-0.118,,,,,172248000000,-0.243,163798000000,-0.222,,146738000000,,193.78,,,,,,5510185000000,1745626000000,0.310,,1707967000000,,,,,,,,,,,,true,false,6,2016-04-01,2016-09-30,0
2016-10-28,95020,2016-03-31,2,1481825000000,-0.029,,,,,227648000000,2.273,210462000000,4.468,,149900000000,,197.94,,,,,,,,,,,,,,,,,,,,,,true,false,6,2015-04-01,2015-09-30,-1
2016-10-28,95020,2017-03-31,2,2590000000000,-0.093,,,,,145000000000,-0.491,125000000000,-0.511,,115000000000,,151.87,,,,,,,,,,,,,,,,,,,,,,true,true,12,2016-04-01,2017-03-31,0
2016-10-28,95020,2016-03-31,2,,,,,,,,,,,,,,,,,,,,5538945000000,1637109000000,0.289,,1599934000000,,,,,,,,,,,,true,false,12,2015-04-01,2016-03-31,-1
2016-10-28,95020,2016-03-31,2,,,,,,,,,,,,,,,,,,,,,,,,,,,,,25.00,,,,758000000,743530,,false,false,12,2015-04-01,2016-03-31,-1
2016-10-28,95020,2017-03-31,2,,,,,,,,,,,,,,,,,,,,,,,,,,,,,15.00,,,,,,,false,false,12,2016-04-01,2017-03-31,0
2016-10-28,95020,2017-03-31,2,,,,,,,,,,,,,,,,,,,,,,,,,,,,,30.00,,,,,,,false,true,12,2016-04-01,2017-03-31,0
2016-10-28,95020,2017-03-31,2,,,,,,,,,,,,,,,,,,,,,,,,,,,,,,,,,758000000,766677,757245104,false,false,6,2016-04-01,2016-09-30,0
2016-10-28,95020,2016-03-31,2,,,,,,,,,,,,,,,,,,,,,,,,,,,,,,,,,,,757311666,false,false,6,2015-04-01,2015-09-30,-1
2017-01-31,95020,2017-03-31,3,1898708000000,-0.107,,,,,168036000000,-0.294,157473000000,-0.269,,141431000000,,186.77,,,,,,5322233000000,1736507000000,0.319,,1698106000000,,,,,,,,,,,,true,false,9,2016-04-01,2016-12-31,0
2017-01-31,95020,2016-03-31,3,2126420000000,-0.059,,,,,237913000000,2.826,215302000000,9.667,,151679000000,,200.29,,,,,,,,,,,,,,,,,,,,,,true,false,9,2015-04-01,2015-12-31,-1
2017-01-31,95020,2017-03-31,3,2590000000000,-0.093,,,,,145000000000,-0.491,125000000000,-0.511,,115000000000,,151.87,,,,,,,,,,,,,,,,,,,,,,true,true,12,2016-04-01,2017-03-31,0
2017-01-31,95020,2016-03-31,3,,,,,,,,,,,,,,,,,,,,5538945000000,1637109000000,0.289,,1599934000000,,,,,,,,,,,,true,false,12,2015-04-01,2016-03-31,-1
2017-01-31,95020,2016-03-31,3,,,,,,,,,,,,,,,,,,,,,,,,,,,,,25.00,,,,758000000,743530,,false,false,12,2015-04-01,2016-03-31,-1
2017-01-31,95020,2017-03-31,3,,,,,,,,,,,,,,,,,,,,,,,,,,,,,15.00,,,,,,,false,false,12,2016-04-01,2017-03-31,0
2017-01-31,95020,2017-03-31,3,,,,,,,,,,,,,,,,,,,,,,,,,,,,,30.00,,,,,,,false,true,12,2016-04-01,2017-03-31,0
2017-01-31,95020,2017-03-31,3,,,,,,,,,,,,,,,,,,,,,,,,,,,,,,,,,758000000,784461,757238039,false,false,9,2016-04-01,2016-12-31,0
2017-01-31,95020,2016-03-31,3,,,,,,,,,,,,,,,,,,,,,,,,,,,,,,,,,,,757300689,false,false,9,2015-04-01,2015-12-31,-1
2017-04-28,95020,2017-03-31,,2603537000000,-0.088,,,,,136443000000,-0.521,121483000000,-0.525,,114665000000,,151.43,,0.070,0.022,0.052,,5412307000000,1724713000000,0.311,2225.66,1685267000000,335063000000,-360232000000,21069000000,293953000000,,0.198,,,,,,true,false,12,2016-04-01,2017-03-31,0
2017-04-28,95020,2016-03-31,,2854044000000,-0.080,,,,,284991000000,1.659,255610000000,3.246,,169745000000,,224.15,,0.111,0.046,0.100,,5538945000000,1637109000000,0.289,2112.80,1599934000000,562411000000,-307995000000,-312120000000,324390000000,,0.112,,,,,,true,false,12,2015-04-01,2016-03-31,-1
2017-04-28,95020,2018-03-31,,2760000000000,0.060,,,,,115000000000,-0.157,100000000000,-0.177,,70000000000,,92.45,,,,,,,,,,,,,,,,0.324,,,,,,true,true,12,2017-04-01,2018-03-31,1
2017-04-28,95020,2017-03-31,,2389719000000,-0.098,,,,,117245000000,-0.558,99122000000,-0.576,72014000000,,-0.542,95.09,,,,,,4956547000000,1420592000000,0.287,1875.91,1420592000000,,,,,30.00,,,,758000000,799852,757229737,false,false,12,2016-04-01,2017-03-31,0
2017-04-28,95020,2016-03-31,,2648337000000,-0.086,,,,,265239000000,1.920,233692000000,4.571,157208000000,,4.743,207.57,,,,,,5065581000000,1368272000000,0.270,1806.68,1368272000000,,,,,25.00,,,,758000000,743530,757290523,false,false,12,2015-04-01,2016-03-31,-1
2017-04-28,95020,2018-03-31,,2510000000000,0.050,,,,,95000000000,-0.190,75000000000,-0.243,55000000000,,-0.236,72.63,,,,,,,,,,,,,,,30.00,,,,,,,false,true,12,2017-04-01,2018-03-31,1
2017-07-28,95020,2018-03-31,1,655470000000,0.038,,,,,31978000000,-0.670,28452000000,-0.693,,20692000000,,27.33,,,,,,5387534000000,1750691000000,0.314,,1691137000000,,,,,,,,,,,,true,false,3,2017-04-01,2017-06-30,0
2017-07-28,95020,2017-03-31,1,631191000000,-0.152,,,,,96934000000,-0.328,92655000000,-0.324,,65322000000,,86.26,,,,,,,,,,,,,,,,,,,,,,true,false,3,2016-04-01,2016-06-30,-1
2017-07-28,95020,2018-03-31,1,2760000000000,0.060,,,,,115000000000,-0.157,100000000000,-0.177,,70000000000,,92.45,,,,,,,,,,,,,,,,,,,,,,true,true,12,2017-04-01,2018-03-31,0
2017-07-28,95020,2017-03-31,1,,,,,,,,,,,,,,,,,,,,5412307000000,1724713000000,0.311,,1685267000000,,,,,,,,,,,,true,false,12,2016-04-01,2017-03-31,-1
2017-07-28,95020,2017-03-31,1,,,,,,,,,,,,,,,,,,,,,,,,,,,,,30.00,,,,758000000,799852,,false,false,12,2016-04-01,2017-03-31,-1
2017-07-28,95020,2018-03-31,1,,,,,,,,,,,,,,,,,,,,,,,,,,,,,30.00,,,,,,,false,true,12,2017-04-01,2018-03-31,0
2017-07-28,95020,2018-03-31,1,,,,,,,,,,,,,,,,,,,,,,,,,,,,,,,,,758000000,810328,757192934,false,false,3,2017-04-01,2017-06-30,0
2017-07-28,95020,2017-03-31,1,,,,,,,,,,,,,,,,,,,,,,,,,,,,,,,,,,,757251713,false,false,3,2016-04-01,2016-06-30,-1
2017-10-27,95020,2018-03-31,2,1393309000000,0.066,,,,,96984000000,-0.437,87388000000,-0.466,,62185000000,,82.13,,,,,,5451053000000,1794017000000,0.318,,1733577000000,,,,,,,,,,,,true,false,6,2017-04-01,2017-09-30,0
2017-10-27,95020,2017-03-31,2,1306894000000,-0.118,,,,,172248000000,-0.243,163798000000,-0.222,,146738000000,,193.78,,,,,,,,,,,,,,,,,,,,,,true,false,6,2016-04-01,2016-09-30,-1
2017-10-27,95020,2018-03-31,2,2760000000000,0.060,,,,,125000000000,-0.084,110000000000,-0.095,,75000000000,,99.05,,,,,,,,,,,,,,,,,,,,,,true,true,12,2017-04-01,2018-03-31,0
2017-10-27,95020,2017-03-31,2,,,,,,,,,,,,,,,,,,,,5412307000000,1724713000000,0.311,,1685267000000,,,,,,,,,,,,true,false,12,2016-04-01,2017-03-31,-1
2017-10-27,95020,2017-03-31,2,,,,,,,,,,,,,,,,,,,,,,,,,,,,,30.00,,,,758000000,799852,,false,false,12,2016-04-01,2017-03-31,-1
2017-10-27,95020,2018-03-31,2,,,,,,,,,,,,,,,,,,,,,,,,,,,,,15.00,,,,,,,false,false,12,2017-04-01,2018-03-31,0
2017-10-27,95020,2018-03-31,2,,,,,,,,,,,,,,,,,,,,,,,,,,,,,30.00,,,,,,,false,true,12,2017-04-01,2018-03-31,0
2017-10-27,95020,2018-03-31,2,,,,,,,,,,,,,,,,,,,,,,,,,,,,,,,,,758000000,840111,757182876,false,false,6,2017-04-01,2017-09-30,0
2017-10-27,95020,2017-03-31,2,,,,,,,,,,,,,,,,,,,,,,,,,,,,,,,,,,,757245104,false,false,6,2016-04-01,2016-09-30,-1
2018-01-31,95020,2018-03-31,3,2062749000000,0.086,,,,,124876000000,-0.257,116253000000,-0.262,,80846000000,,106.78,,,,,,5423330000000,1803610000000,0.321,,1742585000000,,,,,,,,,,,,true,false,9,2017-04-01,2017-12-31,0
2018-01-31,95020,2017-03-31,3,1898708000000,-0.107,,,,,168036000000,-0.294,157473000000,-0.269,,141431000000,,186.77,,,,,,,,,,,,,,,,,,,,,,true,false,9,2016-04-01,2016-12-31,-1
2018-01-31,95020,2018-03-31,3,2780000000000,0.068,,,,,120000000000,-0.121,110000000000,-0.095,,75000000000,,99.08,,,,,,,,,,,,,,,,,,,,,,true,true,12,2017-04-01,2018-03-31,0
2018-01-31,95020,2017-03-31,3,,,,,,,,,,,,,,,,,,,,5412307000000,1724713000000,0.311,,1685267000000,,,,,,,,,,,,true,false,12,2016-04-01,2017-03-31,-1
2018-01-31,95020,2017-03-31,3,,,,,,,,,,,,,,,,,,,,,,,,,,,,,30.00,,,,758000000,799852,,false,false,12,2016-04-01,2017-03-31,-1
2018-01-31,95020,2018-03-31,3,,,,,,,,,,,,,,,,,,,,,,,,,,,,,15.00,,,,,,,false,false,12,2017-04-01,2018-03-31,0
2018-01-31,95020,2018-03-31,3,,,,,,,,,,,,,,,,,,,,,,,,,,,,,30.00,,,,,,,false,true,12,2017-04-01,2018-03-31,0
2018-01-31,95020,2018-03-31,3,,,,,,,,,,,,,,,,,,,,,,,,,,,,,,,,,758000000,1012947,757145082,false,false,9,2017-04-01,2017-12-31,0
2018-01-31,95020,2017-03-31,3,,,,,,,,,,,,,,,,,,,,,,,,,,,,,,,,,,,757238039,false,false,9,2016-04-01,2016-12-31,-1
2018-03-27,95020,2018-03-31,,2800000000000,0.007,,,,,135000000000,0.125,125000000000,0.136,,70000000000,,92.47,,,,,,,,,,,,,,,,,,,,,,true,true,12,2017-04-01,2018-03-31,0
2018-03-27,95020,2017-03-31,,2603537000000,,,,,,136443000000,,121483000000,,,114665000000,,151.43,,,,,,,,,,,,,,,,,,,,,,true,false,12,2016-04-01,2017-03-31,-1
2018-03-27,95020,2018-03-31,,2550000000000,0.008,,,,,115000000000,0.150,95000000000,0.188,50000000000,,-0.091,66.04,,,,,,,,,,,,,,,35.00,,,,,,,false,true,12,2017-04-01,2018-03-31,0
2018-03-27,95020,2017-03-31,,2389719000000,,,,,,117245000000,,99122000000,,72014000000,,,95.09,,,,,,,,,,,,,,,30.00,,,,,,,false,false,12,2016-04-01,2017-03-31,-1
2018-03-27,95020,2018-03-31,,,,,,,,,,,,,,,,,,,,,,,,,,,,,,15.00,,,,,,,false,false,12,2017-04-01,2018-03-31,0
2018-04-27,95020,2018-03-31,,2853309000000,0.096,,,,,136505000000,0.000,128532000000,0.058,,74372000000,,98.24,,0.044,0.023,0.048,,5530188000000,1791942000000,0.313,2285.87,1729742000000,424159000000,-344467000000,-88670000000,284888000000,,0.356,,,,,,true,false,12,2017-04-01,2018-03-31,0
2018-04-27,95020,2017-03-31,,2603537000000,-0.088,,,,,136443000000,-0.521,121483000000,-0.525,,114665000000,,151.43,,0.070,0.022,0.052,,5412307000000,1724713000000,0.311,2225.66,1685267000000,335063000000,-360232000000,21069000000,293953000000,,0.198,,,,,,true,false,12,2016-04-01,2017-03-31,-1
2018-04-27,95020,2019-03-31,,2950000000000,0.034,,,,,145000000000,0.062,135000000000,0.050,,100000000000,,132.15,,,,,,,,,,,,,,,,0.303,,,,,,true,true,12,2018-04-01,2019-03-31,1
2018-04-27,95020,2018-03-31,,2597164000000,0.087,,,,,114708000000,-0.022,91899000000,-0.073,48535000000,,-0.326,64.10,,,,,,5001216000000,1445047000000,0.289,1909.43,1445047000000,,,,,35.00,,,,758000000,1289738,757050316,false,false,12,2017-04-01,2018-03-31,0
2018-04-27,95020,2017-03-31,,2389719000000,-0.098,,,,,117245000000,-0.558,99122000000,-0.576,72014000000,,-0.542,95.09,,,,,,4956547000000,1420592000000,0.287,1875.91,1420592000000,,,,,30.00,,,,758000000,799852,757229737,false,false,12,2016-04-01,2017-03-31,-1
2018-04-27,95020,2019-03-31,,2640000000000,0.016,,,,,125000000000,0.090,115000000000,0.251,85000000000,,0.751,112.32,,,,,,,,,,,,,,,40.00,,,,,,,false,true,12,2018-04-01,2019-03-31,1
2018-07-31,95020,2019-03-31,1,684488000000,0.044,,,,,36446000000,0.140,39512000000,0.389,,28088000000,,37.12,,,,,,5496413000000,1801127000000,0.316,,1736869000000,,,,,,,,,,,,true,false,3,2018-04-01,2018-06-30,0
2018-07-31,95020,2018-03-31,1,655470000000,0.038,,,,,31978000000,-0.670,28452000000,-0.693,,20692000000,,27.33,,,,,,,,,,,,,,,,,,,,,,true,false,3,2017-04-01,2017-06-30,-1
2018-07-31,95020,2019-03-31,1,2980000000000,0.044,,,,,110000000000,-0.194,100000000000,-0.222,,75000000000,,99.12,,,,,,,,,,,,,,,,,,,,,,true,true,12,2018-04-01,2019-03-31,0
2018-07-31,95020,2018-03-31,1,,,,,,,,,,,,,,,,,,,,5529408000000,1791942000000,0.313,,1729742000000,,,,,,,,,,,,true,false,12,2017-04-01,2018-03-31,-1
2018-07-31,95020,2018-03-31,1,,,,,,,,,,,,,,,,,,,,,,,,,,,,,35.00,,,,758000000,1289738,,false,false,12,2017-04-01,2018-03-31,-1
2018-07-31,95020,2019-03-31,1,,,,,,,,,,,,,,,,,,,,,,,,,,,,,40.00,,,,,,,false,true,12,2018-04-01,2019-03-31,0
2018-07-31,95020,2019-03-31,1,,,,,,,,,,,,,,,,,,,,,,,,,,,,,,,,,758000000,1320938,756685506,false,false,3,2018-04-01,2018-06-30,0
2018-07-31,95020,2018-03-31,1,,,,,,,,,,,,,,,,,,,,,,,,,,,,,,,,,,,757192934,false,false,3,2017-04-01,2017-06-30,-1
2018-07-31,95020,2019-03-31,,2980000000000,0.010,,,,,110000000000,-0.241,100000000000,-0.259,,75000000000,,99.12,,,,,,,,,,,,,,,,,,,,,,true,true,12,2018-04-01,2019-03-31,0
2018-07-31,95020,2018-03-31,,2853309000000,,,,,,136505000000,,128532000000,,,74372000000,,98.24,,,,,,,,,,,,,,,,,,,,,,true,false,12,2017-04-01,2018-03-31,-1
2018-07-31,95020,2019-03-31,,2670000000000,0.011,,,,,90000000000,-0.280,80000000000,-0.304,60000000000,,-0.294,79.29,,,,,,,,,,,,,,,,,,,,,,false,true,12,2018-04-01,2019-03-31,0
2018-07-31,95020,2018-03-31,,2597164000000,,,,,,114708000000,,91899000000,,48535000000,,,64.10,,,,,,,,,,,,,,,,,,,,,,false,false,12,2017-04-01,2018-03-31,-1
2018-10-26,95020,2019-03-31,2,1487478000000,0.068,,,,,94807000000,-0.022,94219000000,0.078,,66516000000,,87.91,,,,,,5567823000000,1857860000000,0.322,,1792185000000,,,,,,,,,,,,true,false,6,2018-04-01,2018-09-30,0
2018-10-26,95020,2018-03-31,2,1393309000000,0.066,,,,,96984000000,-0.437,87388000000,-0.466,,62185000000,,82.13,,,,,,,,,,,,,,,,,,,,,,true,false,6,2017-04-01,2017-09-30,-1
2018-10-26,95020,2019-03-31,2,3000000000000,0.051,,,,,110000000000,-0.194,100000000000,-0.222,,75000000000,,99.12,,,,,,,,,,,,,,,,,,,,,,true,true,12,2018-04-01,2019-03-31,0
2018-10-26,95020,2018-03-31,2,,,,,,,,,,,,,,,,,,,,5529408000000,1791942000000,0.313,,1729742000000,,,,,,,,,,,,true,false,12,2017-04-01,2018-03-31,-1
2018-10-26,95020,2018-03-31,2,,,,,,,,,,,,,,,,,,,,,,,,,,,,,35.00,,,,758000000,1289738,,false,false,12,2017-04-01,2018-03-31,-1
2018-10-26,95020,2019-03-31,2,,,,,,,,,,,,,,,,,,,,,,,,,,,,,20.00,,,,,,,false,false,12,2018-04-01,2019-03-31,0
2018-10-26,95020,2019-03-31,2,,,,,,,,,,,,,,,,,,,,,,,,,,,,,40.00,,,,,,,false,true,12,2018-04-01,2019-03-31,0
2018-10-26,95020,2019-03-31,2,,,,,,,,,,,,,,,,,,,,,,,,,,,,,,,,,758000000,1337165,756676430,false,false,6,2018-04-01,2018-09-30,0
2018-10-26,95020,2018-03-31,2,,,,,,,,,,,,,,,,,,,,,,,,,,,,,,,,,,,757182876,false,false,6,2017-04-01,2017-09-30,-1
2019-01-31,95020,2019-03-31,3,2199150000000,0.066,,,,,94936000000,-0.240,90387000000,-0.222,,62963000000,,83.21,,,,,,5551365000000,1827118000000,0.318,,1764821000000,,,,,,,,,,,,true,false,9,2018-04-01,2018-12-31,0
2019-01-31,95020,2018-03-31,3,2062749000000,0.086,,,,,124876000000,-0.257,116253000000,-0.262,,80846000000,,106.78,,,,,,,,,,,,,,,,,,,,,,true,false,9,2017-04-01,2017-12-31,-1
2019-01-31,95020,2019-03-31,3,3000000000000,0.051,,,,,120000000000,-0.121,110000000000,-0.144,,80000000000,,105.73,,,,,,,,,,,,,,,,,,,,,,true,true,12,2018-04-01,2019-03-31,0
2019-01-31,95020,2018-03-31,3,,,,,,,,,,,,,,,,,,,,5529408000000,1791942000000,0.313,,1729742000000,,,,,,,,,,,,true,false,12,2017-04-01,2018-03-31,-1
2019-01-31,95020,2018-03-31,3,,,,,,,,,,,,,,,,,,,,,,,,,,,,,35.00,,,,758000000,1289738,,false,false,12,2017-04-01,2018-03-31,-1
2019-01-31,95020,2019-03-31,3,,,,,,,,,,,,,,,,,,,,,,,,,,,,,20.00,,,,,,,false,false,12,2018-04-01,2019-03-31,0
2019-01-31,95020,2019-03-31,3,,,,,,,,,,,,,,,,,,,,,,,,,,,,,40.00,,,,,,,false,true,12,2018-04-01,2019-03-31,0
2019-01-31,95020,2019-03-31,3,,,,,,,,,,,,,,,,,,,,,,,,,,,,,,,,,758000000,1350664,756669089,false,false,9,2018-04-01,2018-12-31,0
2019-01-31,95020,2018-03-31,3,,,,,,,,,,,,,,,,,,,,,,,,,,,,,,,,,,,757145082,false,false,9,2017-04-01,2017-12-31,-1
,95020,2019-03-31,,,,,,,,,,,,,,,,,,,,,,,,,,,,,,45.00,,,,,,,false,true,12,2018-04-01,2019-03-31,0
,95020,2019-03-31,,,,,,,,,,,,,,,,,,,,,,,,,,,,,,20.00,,,,,,,false,false,12,2018-04-01,2019-03-31,0
,95020,2018-03-31,,,,,,,,,,,,,,,,,,,,,,,,,,,,,,35.00,,,,,,,false,false,12,2017-04-01,2018-03-31,-1
2019-04-26,95020,2019-03-31,,3035082000000,0.064,,,,,125924000000,-0.078,112929000000,-0.121,,79422000000,,104.96,,0.045,0.020,0.041,,5987526000000,1844362000000,0.297,2350.52,1778495000000,296406000000,-368361000000,337260000000,550060000000,,0.429,,,,,,true,false,12,2018-04-01,2019-03-31,0
2019-04-26,95020,2018-03-31,,2853309000000,0.096,,,,,136505000000,0.000,128532000000,0.058,,74372000000,,98.24,,0.044,0.023,0.048,,5529408000000,1791942000000,0.313,2285.87,1729742000000,424159000000,-344467000000,-88670000000,284888000000,,0.356,,,,,,true,false,12,2017-04-01,2018-03-31,-1
2019-04-26,95020,2020-03-31,,3050000000000,0.005,,,,,,,185000000000,0.638,,165000000000,,218.07,,,,,,,,,,,,,,,,0.229,,,,,,true,true,12,2019-04-01,2020-03-31,1
2019-04-26,95020,2019-03-31,,2743024000000,0.056,,,,,105556000000,-0.080,89033000000,-0.031,66024000000,,0.360,87.25,,,,,,5402856000000,1480006000000,0.274,1955.81,1480006000000,,,,,45.00,,,,758000000,1360581,756662463,false,false,12,2018-04-01,2019-03-31,0
2019-04-26,95020,2018-03-31,,2597164000000,0.087,,,,,114708000000,-0.022,91899000000,-0.073,48535000000,,-0.326,64.10,,,,,,5001216000000,1445047000000,0.289,1909.43,1445047000000,,,,,35.00,,,,758000000,1289738,757050316,false,false,12,2017-04-01,2018-03-31,-1
2019-04-26,95020,2020-03-31,,2720000000000,-0.008,,,,,,,75000000000,-0.158,45000000000,,-0.318,59.47,,,,,,,,,,,,,,,50.00,,,,,,,false,true,12,2019-04-01,2020-03-31,1
2019-07-31,95020,2020-03-31,1,754438000000,0.102,,,,,34005000000,-0.067,80580000000,1.039,,88262000000,,116.65,,,,,,5401280000000,1913142000000,0.342,,1846875000000,,,,,,,,,,,,true,false,3,2019-04-01,2019-06-30,0
2019-07-31,95020,2019-03-31,1,684488000000,0.044,,,,,36446000000,0.140,39512000000,0.389,,28088000000,,37.12,,,,,,,,,,,,,,,,,,,,,,true,false,3,2018-04-01,2018-06-30,-1
2019-07-31,95020,2020-03-31,1,3050000000000,0.005,,,,,,,185000000000,0.638,,165000000000,,218.07,,,,,,,,,,,,,,,,,,,,,,true,true,12,2019-04-01,2020-03-31,0
2019-07-31,95020,2019-03-31,1,,,,,,,,,,,,,,,,,,,,5987526000000,1844362000000,0.297,,1778495000000,,,,,,,,,,,,true,false,12,2018-04-01,2019-03-31,-1
2019-07-31,95020,2019-03-31,1,,,,,,,,,,,,,,,,,,,,,,,,,,,,,45.00,,,,758000000,1360581,,false,false,12,2018-04-01,2019-03-31,-1
2019-07-31,95020,2020-03-31,1,,,,,,,,,,,,,,,,,,,,,,,,,,,,,50.00,,,,,,,false,true,12,2019-04-01,2020-03-31,0
2019-07-31,95020,2020-03-31,1,,,,,,,,,,,,,,,,,,,,,,,,,,,,,,,,,758000000,1365701,756635969,false,false,3,2019-04-01,2019-06-30,0
2019-07-31,95020,2019-03-31,1,,,,,,,,,,,,,,,,,,,,,,,,,,,,,,,,,,,756685506,false,false,3,2018-04-01,2018-06-30,-1
2019-10-31,95020,2020-03-31,2,1572355000000,0.057,,,,,86326000000,-0.089,143587000000,0.524,,136118000000,,179.92,,,,,,5383387000000,1948605000000,0.349,,1880936000000,,,,,,,,,,,,true,false,6,2019-04-01,2019-09-30,0
2019-10-31,95020,2019-03-31,2,1487478000000,0.068,,,,,94807000000,-0.022,94219000000,0.078,,66516000000,,87.91,,,,,,,,,,,,,,,,,,,,,,true,false,6,2018-04-01,2018-09-30,-1
2019-10-31,95020,2020-03-31,2,3050000000000,0.005,,,,,,,185000000000,0.638,,165000000000,,218.15,,,,,,,,,,,,,,,,,,,,,,true,true,12,2019-04-01,2020-03-31,0
2019-10-31,95020,2019-03-31,2,,,,,,,,,,,,,,,,,,,,5987526000000,1844362000000,0.297,,1778495000000,,,,,,,,,,,,true,false,12,2018-04-01,2019-03-31,-1
2019-10-31,95020,2019-03-31,2,,,,,,,,,,,,,,,,,,,,,,,,,,,,,45.00,,,,758000000,1360581,,false,false,12,2018-04-01,2019-03-31,-1
2019-10-31,95020,2020-03-31,2,,,,,,,,,,,,,,,,,,,,,,,,,,,,,25.00,,,,,,,false,false,12,2019-04-01,2020-03-31,0
2019-10-31,95020,2020-03-31,2,,,,,,,,,,,,,,,,,,,,,,,,,,,,,50.00,,,,,,,false,true,12,2019-04-01,2020-03-31,0
2019-10-31,95020,2020-03-31,2,,,,,,,,,,,,,,,,,,,,,,,,,,,,,,,,,758000000,1643059,756542586,false,false,6,2019-04-01,2019-09-30,0
2019-10-31,95020,2019-03-31,2,,,,,,,,,,,,,,,,,,,,,,,,,,,,,,,,,,,756676430,false,false,6,2018-04-01,2018-09-30,-1
2020-01-31,95020,2020-03-31,3,2280744000000,0.037,,,,,103509000000,0.090,165357000000,0.829,,152672000000,,201.82,,,,,,5409488000000,1958392000000,0.350,,1890797000000,,,,,,,,,,,,true,false,9,2019-04-01,2019-12-31,0
2020-01-31,95020,2019-03-31,3,2199150000000,0.066,,,,,94936000000,-0.240,90387000000,-0.222,,62963000000,,83.21,,,,,,,,,,,,,,,,,,,,,,true,false,9,2018-04-01,2018-12-31,-1
2020-01-31,95020,2020-03-31,3,3050000000000,0.005,,,,,,,185000000000,0.638,,165000000000,,218.15,,,,,,,,,,,,,,,,,,,,,,true,true,12,2019-04-01,2020-03-31,0
2020-01-31,95020,2019-03-31,3,,,,,,,,,,,,,,,,,,,,5987526000000,1844362000000,0.297,,1778495000000,,,,,,,,,,,,true,false,12,2018-04-01,2019-03-31,-1
2020-01-31,95020,2019-03-31,3,,,,,,,,,,,,,,,,,,,,,,,,,,,,,45.00,,,,758000000,1360581,,false,false,12,2018-04-01,2019-03-31,-1
2020-01-31,95020,2020-03-31,3,,,,,,,,,,,,,,,,,,,,,,,,,,,,,25.00,,,,,,,false,false,12,2019-04-01,2020-03-31,0
2020-01-31,95020,2020-03-31,3,,,,,,,,,,,,,,,,,,,,,,,,,,,,,50.00,,,,,,,false,true,12,2019-04-01,2020-03-31,0
2020-01-31,95020,2020-03-31,3,,,,,,,,,,,,,,,,,,,,,,,,,,,,,,,,,758000000,1652258,756478816,false,false,9,2019-04-01,2019-12-31,0
2020-01-31,95020,2019-03-31,3,,,,,,,,,,,,,,,,,,,,,,,,,,,,,,,,,,,756669089,false,false,9,2018-04-01,2018-12-31,-1
2020-05-18,95020,2020-03-31,,3065954000000,0.010,,,,,130832000000,0.039,191803000000,0.698,,163472000000,,216.11,,0.089,0.033,0.043,,5500815000000,1962065000000,0.344,2504.68,1894393000000,255896000000,-647622000000,-5851000000,147576000000,,0.231,,,,,,true,false,12,2019-04-01,2020-03-31,0
2020-05-18,95020,2019-03-31,,3035082000000,0.064,,,,,125924000000,-0.078,112929000000,-0.121,,79422000000,,104.96,,0.045,0.020,0.041,,5987526000000,1844362000000,0.297,2350.52,1778495000000,296406000000,-368361000000,337260000000,550060000000,,0.429,,,,,,true,false,12,2018-04-01,2019-03-31,-1
2020-05-18,95020,2020-03-31,,2719087000000,-0.009,,,,,108357000000,0.027,98162000000,0.103,62168000000,,-0.058,82.18,,,,,,4782377000000,1507601000000,0.315,1993.06,1507601000000,,,,,50.00,,,,758000000,1659419,756444696,false,false,12,2019-04-01,2020-03-31,0
2020-05-18,95020,2019-03-31,,2743024000000,0.056,,,,,105556000000,-0.080,89033000000,-0.031,66024000000,,0.360,87.25,,,,,,5402856000000,1480006000000,0.274,1955.81,1480006000000,,,,,45.00,,,,758000000,1360581,756662463,false,false,12,2018-04-01,2019-03-31,-1
2020-05-18,95020,2021-03-31,,,,,,,,,,,,,,,,,,,,,,,,,,,,,,50.00,,,,,,,false,true,12,2020-04-01,2021-03-31,1
2020-07-31,95020,2021-03-31,1,682335000000,-0.096,,,,,38471000000,0.131,48182000000,-0.402,,33794000000,,44.68,,,,,,5514509000000,1974035000000,0.345,,1904670000000,,,,,,,,,,,,true,false,3,2020-04-01,2020-06-30,0
2020-07-31,95020,2020-03-31,1,754438000000,0.102,,,,,34005000000,-0.067,80580000000,1.039,,88262000000,,116.65,,,,,,,,,,,,,,,,,,,,,,true,false,3,2019-04-01,2019-06-30,-1
2020-07-31,95020,2021-03-31,1,2750000000000,-0.103,,,,,,,125000000000,-0.348,,105000000000,,138.83,,,,,,,,,,,,,,,,,,,,,,true,true,12,2020-04-01,2021-03-31,0
2020-07-31,95020,2020-03-31,1,,,,,,,,,,,,,,,,,,,,5500815000000,1962065000000,0.344,,1894393000000,,,,,,,,,,,,true,false,12,2019-04-01,2020-03-31,-1
2020-07-31,95020,2020-03-31,1,,,,,,,,,,,,,,,,,,,,,,,,,,,,,50.00,,,,758000000,1659419,,false,false,12,2019-04-01,2020-03-31,-1
2020-07-31,95020,2021-03-31,1,,,,,,,,,,,,,,,,,,,,,,,,,,,,,50.00,,,,,,,false,true,12,2020-04-01,2021-03-31,0
2020-07-31,95020,2021-03-31,1,,,,,,,,,,,,,,,,,,,,,,,,,,,,,,,,,758000000,1662852,756338305,false,false,3,2020-04-01,2020-06-30,0
2020-07-31,95020,2020-03-31,1,,,,,,,,,,,,,,,,,,,,,,,,,,,,,,,,,,,756635969,false,false,3,2019-04-01,2019-06-30,-1
2020-10-30,95020,2021-03-31,2,1451934000000,-0.077,,,,,104479000000,0.210,146447000000,0.020,,114608000000,,151.54,,,,,,5553332000000,2044571000000,0.356,,1974901000000,,,,,,,,,,,,true,false,6,2020-04-01,2020-09-30,0
2020-10-30,95020,2020-03-31,2,1572355000000,0.057,,,,,86326000000,-0.089,143587000000,0.524,,136118000000,,179.92,,,,,,,,,,,,,,,,,,,,,,true,false,6,2019-04-01,2019-09-30,-1
2020-10-30,95020,2021-03-31,2,2800000000000,-0.087,,,,,,,145000000000,-0.244,,115000000000,,152.08,,,,,,,,,,,,,,,,,,,,,,true,true,12,2020-04-01,2021-03-31,0
2020-10-30,95020,2020-03-31,2,,,,,,,,,,,,,,,,,,,,5500815000000,1962065000000,0.344,,1894393000000,,,,,,,,,,,,true,false,12,2019-04-01,2020-03-31,-1
2020-10-30,95020,2020-03-31,2,,,,,,,,,,,,,,,,,,,,,,,,,,,,,50.00,,,,758000000,1659419,,false,false,12,2019-04-01,2020-03-31,-1
2020-10-30,95020,2021-03-31,2,,,,,,,,,,,,,,,,,,,,,,,,,,,,,25.00,,,,,,,false,false,12,2020-04-01,2021-03-31,0
2020-10-30,95020,2021-03-31,2,,,,,,,,,,,,,,,,,,,,,,,,,,,,,50.00,,,,,,,false,true,12,2020-04-01,2021-03-31,0
2020-10-30,95020,2021-03-31,2,,,,,,,,,,,,,,,,,,,,,,,,,,,,,,,,,758000000,1814543,756287111,false,false,6,2020-04-01,2020-09-30,0
2020-10-30,95020,2020-03-31,2,,,,,,,,,,,,,,,,,,,,,,,,,,,,,,,,,,,756542586,false,false,6,2019-04-01,2019-09-30,-1
2021-01-29,95020,2021-03-31,3,2112573000000,-0.074,,,,,112049000000,0.083,191478000000,0.158,,156657000000,,207.15,,,,,,5610690000000,2077027000000,0.358,,2006346000000,,,,,,,,,,,,true,false,9,2020-04-01,2020-12-31,0
2021-01-29,95020,2020-03-31,3,2280744000000,0.037,,,,,103509000000,0.090,165357000000,0.829,,152672000000,,201.82,,,,,,,,,,,,,,,,,,,,,,true,false,9,2019-04-01,2019-12-31,-1
2021-01-29,95020,2021-03-31,3,2800000000000,-0.087,,,,,,,145000000000,-0.244,,115000000000,,152.08,,,,,,,,,,,,,,,,,,,,,,true,true,12,2020-04-01,2021-03-31,0
2021-01-29,95020,2020-03-31,3,,,,,,,,,,,,,,,,,,,,5500815000000,1962065000000,0.344,,1894393000000,,,,,,,,,,,,true,false,12,2019-04-01,2020-03-31,-1
2021-01-29,95020,2020-03-31,3,,,,,,,,,,,,,,,,,,,,,,,,,,,,,50.00,,,,758000000,1659419,,false,false,12,2019-04-01,2020-03-31,-1
2021-01-29,95020,2021-03-31,3,,,,,,,,,,,,,,,,,,,,,,,,,,,,,25.00,,,,,,,false,false,12,2020-04-01,2021-03-31,0
2021-01-29,95020,2021-03-31,3,,,,,,,,,,,,,,,,,,,,,,,,,,,,,50.00,,,,,,,false,true,12,2020-04-01,2021-03-31,0
2021-01-29,95020,2021-03-31,3,,,,,,,,,,,,,,,,,,,,,,,,,,,,,,,,,758000000,1821499,756251731,false,false,9,2020-04-01,2020-12-31,0
2021-01-29,95020,2020-03-31,3,,,,,,,,,,,,,,,,,,,,,,,,,,,,,,,,,,,756478816,false,false,9,2019-04-01,2019-12-31,-1
2021-04-28,95020,2021-03-31,,2935409000000,-0.043,,,,,145694000000,0.114,192209000000,0.002,,147202000000,,194.65,,0.075,0.034,0.050,,5686348000000,2103684000000,0.357,2686.12,2031166000000,384148000000,-215813000000,-141121000000,174909000000,,0.257,,,,,,true,false,12,2020-04-01,2021-03-31,0
2021-04-28,95020,2020-03-31,,3065954000000,0.010,,,,,130832000000,0.039,191803000000,0.698,,163472000000,,216.11,,0.089,0.033,0.043,,5500815000000,1962065000000,0.344,2504.68,1894393000000,255896000000,-647622000000,-5851000000,147576000000,,0.231,,,,,,true,false,12,2019-04-01,2020-03-31,-1
2021-04-28,95020,2022-03-31,,2360000000000,-0.196,,,,,,,130000000000,-0.324,,95000000000,,125.63,,,,,,,,,,,,,,,,0.398,,,,,,true,true,12,2021-04-01,2022-03-31,1
2021-04-28,95020,2021-03-31,,239615000000,-0.912,,,,,14781000000,-0.864,30650000000,-0.688,13560000000,,-0.782,17.93,,,,,,4354934000000,1489714000000,0.342,1969.86,1489714000000,,,,,50.00,,,,758000000,1828434,756232212,false,false,12,2020-04-01,2021-03-31,0
2021-04-28,95020,2020-03-31,,2719087000000,-0.009,,,,,108357000000,0.027,98162000000,0.103,62168000000,,-0.058,82.18,,,,,,4782377000000,1507601000000,0.315,1993.06,1507601000000,,,,,50.00,,,,758000000,1659419,756444696,false,false,12,2019-04-01,2020-03-31,-1
2021-04-28,95020,2022-03-31,,,,,,,,,,,,,,,,,,,,,,,,,,,,,,50.00,,,,,,,false,true,12,2021-04-01,2022-03-31,1
2021-07-30,95020,2022-03-31,1,524934000000,-0.231,,,,,22302000000,-0.420,48580000000,0.008,,33731000000,,44.61,44.61,,,,,5919064000000,2179069000000,0.350,,2072748000000,,,,,,,,,,,,true,false,3,2021-04-01,2021-06-30,0
2021-07-30,95020,2021-03-31,1,682335000000,-0.096,,,,,38471000000,0.131,48182000000,-0.402,,33794000000,,44.68,,,,,,,,,,,,,,,,,,,,,,true,false,3,2020-04-01,2020-06-30,-1
2021-07-30,95020,2022-03-31,1,2400000000000,-0.182,,,,,,,110000000000,-0.428,,75000000000,,99.18,,,,,,,,,,,,,,,,,,,,,,true,true,12,2021-04-01,2022-03-31,0
2021-07-30,95020,2021-03-31,1,,,,,,,,,,,,,,,,,,,,5686348000000,2103684000000,0.357,,2031166000000,,,,,,,,,,,,true,false,12,2020-04-01,2021-03-31,-1
2021-07-30,95020,2021-03-31,1,,,,,,,,,,,,,,,,,,,,,,,,,,,,,50.00,,,,758000000,1828434,,false,false,12,2020-04-01,2021-03-31,-1
2021-07-30,95020,2022-03-31,1,,,,,,,,,,,,,,,,,,,,,,,,,,,,,50.00,,,,,,,false,true,12,2021-04-01,2022-03-31,0
2021-07-30,95020,2022-03-31,1,,,,,,,,,,,,,,,,,,,,,,,,,,,,,,,,,758000000,1834553,756167538,false,false,3,2021-04-01,2021-06-30,0
2021-07-30,95020,2021-03-31,1,,,,,,,,,,,,,,,,,,,,,,,,,,,,,,,,,,,756338305,false,false,3,2020-04-01,2020-06-30,-1
2021-10-28,95020,2022-03-31,2,1160474000000,-0.201,,,,,54065000000,-0.483,63632000000,-0.565,,42625000000,,56.37,56.37,,,,,5918413000000,2193478000000,0.353,,2087147000000,,,,,,,,,,,,true,false,6,2021-04-01,2021-09-30,0
2021-10-28,95020,2021-03-31,2,1451934000000,-0.077,,,,,104479000000,0.210,146447000000,0.020,,114608000000,,151.54,,,,,,,,,,,,,,,,,,,,,,true,false,6,2020-04-01,2020-09-30,-1
2021-10-28,95020,2022-03-31,2,2500000000000,-0.148,,,,,,,45000000000,-0.766,,25000000000,,33.06,,,,,,,,,,,,,,,,,,,,,,true,true,12,2021-04-01,2022-03-31,0
2021-10-28,95020,2021-03-31,2,,,,,,,,,,,,,,,,,,,,5686348000000,2103684000000,0.357,,2031166000000,,,,,,,,,,,,true,false,12,2020-04-01,2021-03-31,-1
2021-10-28,95020,2021-03-31,2,,,,,,,,,,,,,,,,,,,,,,,,,,,,,50.00,,,,758000000,1828434,,false,false,12,2020-04-01,2021-03-31,-1
2021-10-28,95020,2022-03-31,2,,,,,,,,,,,,,,,,,,,,,,,,,,,,,25.00,,,,,,,false,false,12,2021-04-01,2022-03-31,0
2021-10-28,95020,2022-03-31,2,,,,,,,,,,,,,,,,,,,,,,,,,,,,,50.00,,,,,,,false,true,12,2021-04-01,2022-03-31,0
2021-10-28,95020,2022-03-31,2,,,,,,,,,,,,,,,,,,,,,,,,,,,,,,,,,758000000,1843014,756163656,false,false,6,2021-04-01,2021-09-30,0
2021-10-28,95020,2021-03-31,2,,,,,,,,,,,,,,,,,,,,,,,,,,,,,,,,,,,756287111,false,false,6,2020-04-01,2020-09-30,-1
2022-01-28,95020,2022-03-31,3,1826894000000,-0.135,,,,,-1800000000,,-5131000000,,,-13142000000,,-17.38,,,,,,6098624000000,2124863000000,0.331,,2018179000000,,,,,,,,,,,,true,false,9,2021-04-01,2021-12-31,0
2022-01-28,95020,2021-03-31,3,2112573000000,-0.074,,,,,112049000000,0.083,191478000000,0.158,,156657000000,,207.15,,,,,,,,,,,,,,,,,,,,,,true,false,9,2020-04-01,2020-12-31,-1
2022-01-28,95020,2022-03-31,3,2600000000000,-0.114,,,,,,,-50000000000,,,-45000000000,,-59.51,,,,,,,,,,,,,,,,,,,,,,true,true,12,2021-04-01,2022-03-31,0
2022-01-28,95020,2021-03-31,3,,,,,,,,,,,,,,,,,,,,5686348000000,2103684000000,0.357,,2031166000000,,,,,,,,,,,,true,false,12,2020-04-01,2021-03-31,-1
2022-01-28,95020,2021-03-31,3,,,,,,,,,,,,,,,,,,,,,,,,,,,,,50.00,,,,758000000,1828434,,false,false,12,2020-04-01,2021-03-31,-1
2022-01-28,95020,2022-03-31,3,,,,,,,,,,,,,,,,,,,,,,,,,,,,,25.00,,,,,,,false,false,12,2021-04-01,2022-03-31,0
2022-01-28,95020,2022-03-31,3,,,,,,,,,,,,,,,,,,,,,,,,,,,,,50.00,,,,,,,false,true,12,2021-04-01,2022-03-31,0
2022-01-28,95020,2022-03-31,3,,,,,,,,,,,,,,,,,,,,,,,,,,,,,,,,,758000000,1850301,756159963,false,false,9,2021-04-01,2021-12-31,0
2022-01-28,95020,2021-03-31,3,,,,,,,,,,,,,,,,,,,,,,,,,,,,,,,,,,,756251731,false,false,9,2020-04-01,2020-12-31,-1
2022-03-25,95020,2022-03-31,,2600000000000,,,,,,,,-80000000000,,,-50000000000,,-66.12,,,,,,,,,,,,,,,,,,,,,,true,true,12,2021-04-01,2022-03-31,0
2022-03-25,95020,2021-03-31,,2935409000000,,,,,,,,192209000000,,,147202000000,,194.65,,,,,,,,,,,,,,,,,,,,,,true,false,12,2020-04-01,2021-03-31,-1
2022-04-28,95020,2022-03-31,,2705162000000,-0.078,,,,,-53830000000,,-59319000000,,,-43022000000,,-56.90,,-0.021,-0.010,-0.020,,6174734000000,2123272000000,0.327,2667.66,2017128000000,21688000000,-262021000000,266403000000,201156000000,,,,,,,,true,false,12,2021-04-01,2022-03-31,0
2022-04-28,95020,2021-03-31,,2935409000000,-0.043,,,,,145694000000,0.114,192209000000,0.002,,147202000000,,194.65,,0.075,0.034,0.050,,5686348000000,2103684000000,0.357,2686.12,2031166000000,384148000000,-215813000000,-141121000000,174909000000,,0.257,,,,,,true,false,12,2020-04-01,2021-03-31,-1
2022-04-28,95020,2022-03-31,,232513000000,-0.030,,,,,11180000000,-0.244,86083000000,1.809,82666000000,,5.096,109.31,,,,,,4525817000000,1536446000000,0.339,2031.73,1536446000000,,,,,50.00,,,,758000000,1857307,756156225,false,false,12,2021-04-01,2022-03-31,0
2022-04-28,95020,2021-03-31,,239615000000,-0.912,,,,,14781000000,-0.864,30650000000,-0.688,13560000000,,-0.782,17.93,,,,,,4354934000000,1489714000000,0.342,1969.86,1489714000000,,,,,50.00,,,,758000000,1828434,756232212,false,false,12,2020-04-01,2021-03-31,-1
2022-04-28,95020,2023-03-31,,,,,,,,,,,,,,,,,,,,,,,,,,,,,,50.00,,,,,,,false,true,12,2022-04-01,2023-03-31,1
2022-07-27,95020,2023-03-31,1,765963000000,0.459,,,,,41486000000,0.860,32216000000,-0.337,,20544000000,,27.17,27.17,,,,,6306988000000,2239071000000,0.338,,2132131000000,,,,,,,,,,,,true,false,3,2022-04-01,2022-06-30,0
2022-07-27,95020,2022-03-31,1,524934000000,-0.231,,,,,22302000000,-0.420,48580000000,0.008,,33731000000,,44.61,44.61,,,,,,,,,,,,,,,,,,,,,true,false,3,2021-04-01,2021-06-30,-1
2022-07-27,95020,2022-03-31,1,,,,,,,,,,,,,,,,,,,,6174734000000,2123272000000,0.327,,2017128000000,,,,,,,,,,,,true,false,12,2021-04-01,2022-03-31,-1
2022-07-27,95020,2022-03-31,1,,,,,,,,,,,,,,,,,,,,,,,,,,,,,50.00,,,,758000000,1857307,,false,false,12,2021-04-01,2022-03-31,-1
2022-07-27,95020,2023-03-31,1,,,,,,,,,,,,,,,,,,,,,,,,,,,,,50.00,,,,,,,false,true,12,2022-04-01,2023-03-31,0
2022-07-27,95020,2023-03-31,1,,,,,,,,,,,,,,,,,,,,,,,,,,,,,,,,,758000000,1862387,756138891,false,false,3,2022-04-01,2022-06-30,0
2022-07-27,95020,2022-03-31,1,,,,,,,,,,,,,,,,,,,,,,,,,,,,,,,,,,,756167538,false,false,3,2021-04-01,2021-06-30,-1
2022-10-28,95020,2023-03-31,2,1779233000000,0.533,,,,,61261000000,0.133,-23068000000,,,-42657000000,,-56.41,,,,,,6497406000000,2247385000000,0.330,,2144747000000,,,,,,,,,,,,true,false,6,2022-04-01,2022-09-30,0
2022-10-28,95020,2022-03-31,2,1160474000000,-0.201,,,,,54065000000,-0.483,63632000000,-0.565,,42625000000,,56.37,56.37,,,,,,,,,,,,,,,,,,,,,true,false,6,2021-04-01,2021-09-30,-1
2022-10-28,95020,2023-03-31,2,4100000000000,0.516,,,,,,,-170000000000,,,-130000000000,,-171.92,,,,,,,,,,,,,,,,,,,,,,true,true,12,2022-04-01,2023-03-31,0
2022-10-28,95020,2022-03-31,2,,,,,,,,,,,,,,,,,,,,6174734000000,2123272000000,0.327,,2017128000000,,,,,,,,,,,,true,false,12,2021-04-01,2022-03-31,-1
2022-10-28,95020,2022-03-31,2,,,,,,,,,,,,,,,,,,,,,,,,,,,,,50.00,,,,758000000,1857307,,false,false,12,2021-04-01,2022-03-31,-1
2022-10-28,95020,2023-03-31,2,,,,,,,,,,,,,,,,,,,,,,,,,,,,,25.00,,,,,,,false,false,12,2022-04-01,2023-03-31,0
2022-10-28,95020,2023-03-31,2,,,,,,,,,,,,,,,,,,,,,,,,,,,,,,,,,758000000,1844368,756148734,false,false,6,2022-04-01,2022-09-30,0
2022-10-28,95020,2022-03-31,2,,,,,,,,,,,,,,,,,,,,,,,,,,,,,,,,,,,756163656,false,false,6,2021-04-01,2021-09-30,-1
2023-01-30,95020,2023-03-31,3,2814044000000,0.540,,,,,48268000000,,-27876000000,,,-37463000000,,-49.55,,,,,,6502994000000,2187744000000,0.321,,2085674000000,,,,,,,,,,,,true,false,9,2022-04-01,2022-12-31,0
2023-01-30,95020,2022-03-31,3,1826894000000,-0.135,,,,,-1800000000,,-5131000000,,,-13142000000,,-17.38,,,,,,,,,,,,,,,,,,,,,,true,false,9,2021-04-01,2021-12-31,-1
2023-01-30,95020,2023-03-31,3,4000000000000,0.479,,,,,,,60000000000,,,50000000000,,66.12,,,,,,,,,,,,,,,,,,,,,,true,true,12,2022-04-01,2023-03-31,0
2023-01-30,95020,2022-03-31,3,,,,,,,,,,,,,,,,,,,,6174734000000,2123272000000,0.327,,2017128000000,,,,,,,,,,,,true,false,12,2021-04-01,2022-03-31,-1
2023-01-30,95020,2022-03-31,3,,,,,,,,,,,,,,,,,,,,,,,,,,,,,50.00,,,,758000000,1857307,,false,false,12,2021-04-01,2022-03-31,-1
2023-01-30,95020,2023-03-31,3,,,,,,,,,,,,,,,,,,,,,,,,,,,,,25.00,,,,,,,false,false,12,2022-04-01,2023-03-31,0
2023-01-30,95020,2023-03-31,3,,,,,,,,,,,,,,,,,,,,,,,,,,,,,50.00,,,,,,,false,true,12,2022-04-01,2023-03-31,0
2023-01-30,95020,2023-03-31,3,,,,,,,,,,,,,,,,,,,,,,,,,,,,,,,,,758000000,1851783,756149376,false,false,9,2022-04-01,2022-12-31,0
2023-01-30,95020,2022-03-31,3,,,,,,,,,,,,,,,,,,,,,,,,,,,,,,,,,,,756159963,false,false,9,2021-04-01,2021-12-31,-1
2023-04-28,95020,2023-03-31,,3986681000000,0.474,,,,,107089000000,,65148000000,,,38231000000,,50.56,50.55,0.019,0.010,0.027,,6455102000000,2162205000000,0.319,2725.43,2060809000000,295798000000,-196928000000,73248000000,373484000000,,0.989,,,,,,true,false,12,2022-04-01,2023-03-31,0
2023-04-28,95020,2022-03-31,,2705162000000,-0.078,,,,,-53830000000,,-59319000000,,,-43022000000,,-56.90,,-0.021,-0.010,-0.020,,6174734000000,2123272000000,0.327,2667.66,2017128000000,21688000000,-262021000000,266403000000,201156000000,,,,,,,,true,false,12,2021-04-01,2022-03-31,-1
2023-04-28,95020,2024-03-31,,3700000000000,-0.072,,,,,,,280000000000,3.298,,230000000000,,304.18,,,,,,,,,,,,,,,,0.164,,,,,,true,true,12,2023-04-01,2024-03-31,1
2023-04-28,95020,2023-03-31,,224902000000,-0.033,,,,,-18632000000,,8137000000,-0.905,26100000000,,-0.684,34.51,,,,,,4648323000000,1493688000000,0.321,1975.19,1493688000000,,,,,50.00,,,,758000000,1859483,756147930,false,false,12,2022-04-01,2023-03-31,0
2023-04-28,95020,2022-03-31,,232513000000,-0.030,,,,,11180000000,-0.244,86083000000,1.809,82666000000,,5.096,109.31,,,,,,4525817000000,1536446000000,0.339,2031.73,1536446000000,,,,,50.00,,,,758000000,1857307,756156225,false,false,12,2021-04-01,2022-03-31,-1
2023-04-28,95020,2024-03-31,,,,,,,,,,,,,,,,,,,,,,,,,,,,,,50.00,,,,,,,false,true,12,2023-04-01,2024-03-31,1
2023-07-28,95020,2024-03-31,1,897604000000,0.172,,,,,157186000000,2.789,242941000000,6.541,,202050000000,,267.21,267.21,,,,,6610271000000,2430641000000,0.352,,2325796000000,,,,,,,,,,,,true,false,3,2023-04-01,2023-06-30,0
2023-07-28,95020,2023-03-31,1,765963000000,0.459,,,,,41486000000,0.860,32216000000,-0.337,,20544000000,,27.17,27.17,,,,,,,,,,,,,,,,,,,,,true,false,3,2022-04-01,2022-06-30,-1
2023-07-28,95020,2024-03-31,1,3650000000000,-0.084,,,,,,,310000000000,3.758,,260000000000,,343.85,,,,,,,,,,,,,,,,,,,,,,true,true,12,2023-04-01,2024-03-31,0
2023-07-28,95020,2023-03-31,1,,,,,,,,,,,,,,,,,,,,6455102000000,2162205000000,0.319,,2060809000000,,,,,,,,,,,,true,false,12,2022-04-01,2023-03-31,-1
2023-07-28,95020,2023-03-31,1,,,,,,,,,,,,,,,,,,,,,,,,,,,,,50.00,,,,758000000,1859483,,false,false,12,2022-04-01,2023-03-31,-1
2023-07-28,95020,2024-03-31,1,,,,,,,,,,,,,,,,,,,,,,,,,,,,,50.00,,,,,,,false,true,12,2023-04-01,2024-03-31,0
2023-07-28,95020,2024-03-31,1,,,,,,,,,,,,,,,,,,,,,,,,,,,,,,,,,758000000,1864830,756137048,false,false,3,2023-04-01,2023-06-30,0
2023-07-28,95020,2023-03-31,1,,,,,,,,,,,,,,,,,,,,,,,,,,,,,,,,,,,756138891,false,false,3,2022-04-01,2022-06-30,-1
2023-10-27,95020,2024-03-31,2,1841544000000,0.035,,,,,245658000000,3.010,377305000000,,,311527000000,,412.00,412.00,,,,,6959120000000,2642768000000,0.365,,2540377000000,,,,,,,,,,,,true,false,6,2023-04-01,2023-09-30,0
2023-10-27,95020,2023-03-31,2,1779233000000,0.533,,,,,61261000000,0.133,-23068000000,,,-42657000000,,-56.41,,,,,,,,,,,,,,,,,,,,,,true,false,6,2022-04-01,2022-09-30,-1
2023-10-27,95020,2024-03-31,2,3650000000000,-0.084,,,,,,,410000000000,5.293,,330000000000,,436.43,,,,,,,,,,,,,,,,,,,,,,true,true,12,2023-04-01,2024-03-31,0
2023-10-27,95020,2023-03-31,2,,,,,,,,,,,,,,,,,,,,6455102000000,2162205000000,0.319,,2060809000000,,,,,,,,,,,,true,false,12,2022-04-01,2023-03-31,-1
2023-10-27,95020,2023-03-31,2,,,,,,,,,,,,,,,,,,,,,,,,,,,,,50.00,,,,758000000,1859483,,false,false,12,2022-04-01,2023-03-31,-1
2023-10-27,95020,2024-03-31,2,,,,,,,,,,,,,,,,,,,,,,,,,,,,,25.00,,,,,,,false,false,12,2023-04-01,2024-03-31,0
2023-10-27,95020,2024-03-31,2,,,,,,,,,,,,,,,,,,,,,,,,,,,,,50.00,,,,,,,false,true,12,2023-04-01,2024-03-31,0
2023-10-27,95020,2024-03-31,2,,,,,,,,,,,,,,,,,,,,,,,,,,,,,,,,,758000000,1872871,756133337,false,false,6,2023-04-01,2023-09-30,0
2023-10-27,95020,2023-03-31,2,,,,,,,,,,,,,,,,,,,,,,,,,,,,,,,,,,,756148734,false,false,6,2022-04-01,2022-09-30,-1
2024-01-31,95020,2024-03-31,3,2697143000000,-0.042,,,,,289611000000,5.000,436964000000,,,357103000000,,472.28,472.27,,,,,6930965000000,2647981000000,0.367,,2542751000000,,,,,,,,,,,,true,false,9,2023-04-01,2023-12-31,0
2024-01-31,95020,2023-03-31,3,2814044000000,0.540,,,,,48268000000,,-27876000000,,,-37463000000,,-49.55,,,,,,,,,,,,,,,,,,,,,,true,false,9,2022-04-01,2022-12-31,-1
2024-01-31,95020,2024-03-31,3,3650000000000,-0.084,,,,,,,410000000000,5.293,,330000000000,,436.44,,,,,,,,,,,,,,,,,,,,,,true,true,12,2023-04-01,2024-03-31,0
2024-01-31,95020,2023-03-31,3,,,,,,,,,,,,,,,,,,,,6455102000000,2162205000000,0.319,,2060809000000,,,,,,,,,,,,true,false,12,2022-04-01,2023-03-31,-1
2024-01-31,95020,2023-03-31,3,,,,,,,,,,,,,,,,,,,,,,,,,,,,,50.00,,,,758000000,1859483,,false,false,12,2022-04-01,2023-03-31,-1
2024-01-31,95020,2024-03-31,3,,,,,,,,,,,,,,,,,,,,,,,,,,,,,25.00,,,,,,,false,false,12,2023-04-01,2024-03-31,0
2024-01-31,95020,2024-03-31,3,,,,,,,,,,,,,,,,,,,,,,,,,,,,,55.00,,,,,,,false,true,12,2023-04-01,2024-03-31,0
2024-01-31,95020,2024-03-31,3,,,,,,,,,,,,,,,,,,,,,,,,,,,,,,,,,758000000,1880757,756129548,false,false,9,2023-04-01,2023-12-31,0
2024-01-31,95020,2023-03-31,3,,,,,,,,,,,,,,,,,,,,,,,,,,,,,,,,,,,756149376,false,false,9,2022-04-01,2022-12-31,-1
2024-04-26,95020,2024-03-31,,3610414000000,-0.094,,,,,343339000000,2.206,509295000000,6.817,,403140000000,,533.17,533.16,0.174,0.075,0.095,,7108617000000,2695071000000,0.364,3419.42,2585452000000,344074000000,-388330000000,87084000000,418518000000,,0.103,,,,,,true,false,12,2023-04-01,2024-03-31,0
2024-04-26,95020,2023-03-31,,3986681000000,0.474,,,,,107089000000,,65148000000,,,38231000000,,50.56,50.55,0.019,0.010,0.027,,6455102000000,2162205000000,0.319,2725.43,2060809000000,295798000000,-196928000000,73248000000,373484000000,,0.989,,,,,,true,false,12,2022-04-01,2023-03-31,-1
2024-04-26,95020,2025-03-31,,3600000000000,-0.003,,,,,,,215000000000,-0.578,,170000000000,,224.84,,,,,,,,,,,,,,,,0.267,,,,,,true,true,12,2024-04-01,2025-03-31,1
2024-04-26,95020,2024-03-31,,237319000000,0.055,,,,,-13691000000,-0.265,-14513000000,,-4773000000,,,-6.31,,,,,,4808415000000,1450953000000,0.302,1918.76,1450953000000,,,,,55.00,,,,758000000,1890947,756125297,false,false,12,2023-04-01,2024-03-31,0
2024-04-26,95020,2023-03-31,,224902000000,-0.033,,,,,-18632000000,,8137000000,-0.905,26100000000,,-0.684,34.51,,,,,,4648323000000,1493688000000,0.321,1975.19,1493688000000,,,,,50.00,,,,758000000,1859483,756147930,false,false,12,2022-04-01,2023-03-31,-1
2024-04-26,95020,2025-03-31,,,,,,,,,,,,,,,,,,,,,,,,,,,,,,60.00,,,,,,,false,true,12,2024-04-01,2025-03-31,1
2024-07-31,95020,2025-03-31,1,820592000000,-0.086,,,,,85867000000,-0.454,124925000000,-0.486,,99537000000,,131.65,131.64,,,,,7246227000000,2890580000000,0.384,,2781739000000,,,,,,,,,,,,true,false,3,2024-04-01,2024-06-30,0
2024-07-31,95020,2024-03-31,1,897604000000,0.172,,,,,157186000000,2.789,242941000000,6.541,,202050000000,,267.21,267.21,,,,,,,,,,,,,,,,,,,,,true,false,3,2023-04-01,2023-06-30,-1
2024-07-31,95020,2025-03-31,1,3600000000000,-0.003,,,,,,,215000000000,-0.578,,170000000000,,224.84,,,,,,,,,,,,,,,,,,,,,,true,true,12,2024-04-01,2025-03-31,0
2024-07-31,95020,2024-03-31,1,,,,,,,,,,,,,,,,,,,,7108617000000,2695071000000,0.364,,2585452000000,,,,,,,,,,,,true,false,12,2023-04-01,2024-03-31,-1
2024-07-31,95020,2024-03-31,1,,,,,,,,,,,,,,,,,,,,,,,,,,,,,55.00,,,,758000000,1890947,,false,false,12,2023-04-01,2024-03-31,-1
2024-07-31,95020,2025-03-31,1,,,,,,,,,,,,,,,,,,,,,,,,,,,,,60.00,,,,,,,false,true,12,2024-04-01,2025-03-31,0
2024-07-31,95020,2025-03-31,1,,,,,,,,,,,,,,,,,,,,,,,,,,,,,,,,,758000000,1899988,756102609,false,false,3,2024-04-01,2024-06-30,0
2024-07-31,95020,2024-03-31,1,,,,,,,,,,,,,,,,,,,,,,,,,,,,,,,,,,,756137048,false,false,3,2023-04-01,2023-06-30,-1
2024-08-09,95020,2025-03-31,1,820592000000,-0.086,,,,,85867000000,-0.454,124925000000,-0.486,,99537000000,,131.65,131.64,,,,,7246227000000,2890580000000,0.384,,2781739000000,,,,,,,,,,,,true,false,3,2024-04-01,2024-06-30,0
2024-08-09,95020,2024-03-31,1,897604000000,0.172,,,,,157186000000,2.789,242941000000,6.541,,202050000000,,267.21,267.21,,,,,,,,,,,,,,,,,,,,,true,false,3,2023-04-01,2023-06-30,-1
2024-08-09,95020,2025-03-31,1,3600000000000,-0.003,,,,,,,215000000000,-0.578,,170000000000,,224.84,,,,,,,,,,,,,,,,,,,,,,true,true,12,2024-04-01,2025-03-31,0
2024-08-09,95020,2024-03-31,1,,,,,,,,,,,,,,,,,,,,7108617000000,2695071000000,0.364,,2585452000000,,,,,,,,,,,,true,false,12,2023-04-01,2024-03-31,-1
2024-08-09,95020,2024-03-31,1,,,,,,,,,,,,,,,,,,,,,,,,,,,,,55.00,,,,758000000,1890947,,false,false,12,2023-04-01,2024-03-31,-1
2024-08-09,95020,2025-03-31,1,,,,,,,,,,,,,,,,,,,,,,,,,,,,,60.00,,,,,,,false,true,12,2024-04-01,2025-03-31,0
2024-08-09,95020,2025-03-31,1,,,,,,,,,,,,,,,,,,,,,,,,,,,,,,,,,758000000,1899988,756102609,false,false,3,2024-04-01,2024-06-30,0
2024-08-09,95020,2024-03-31,1,,,,,,,,,,,,,,,,,,,,,,,,,,,,,,,,,,,756137048,false,false,3,2023-04-01,2023-06-30,-1
2024-10-29,95020,2025-03-31,2,1766482000000,-0.041,,,,,142754000000,-0.419,187928000000,-0.502,,146977000000,,194.39,194.39,,,,,7039194000000,2805213000000,0.389,,2739177000000,,,,,,,,,,,,true,false,6,2024-04-01,2024-09-30,0
2024-10-29,95020,2024-03-31,2,1841544000000,0.035,,,,,245658000000,3.010,377305000000,,,311527000000,,412.00,412.00,,,,,,,,,,,,,,,,,,,,,true,false,6,2023-04-01,2023-09-30,-1
2024-10-29,95020,2025-03-31,2,3600000000000,-0.003,,,,,,,275000000000,-0.460,,210000000000,,277.74,,,,,,,,,,,,,,,,,,,,,,true,true,12,2024-04-01,2025-03-31,0
2024-10-29,95020,2024-03-31,2,,,,,,,,,,,,,,,,,,,,7108617000000,2695071000000,0.364,,2585452000000,,,,,,,,,,,,true,false,12,2023-04-01,2024-03-31,-1
2024-10-29,95020,2024-03-31,2,,,,,,,,,,,,,,,,,,,,,,,,,,,,,55.00,,,,758000000,1890947,,false,false,12,2023-04-01,2024-03-31,-1
2024-10-29,95020,2025-03-31,2,,,,,,,,,,,,,,,,,,,,,,,,,,,,,30.00,,,,,,,false,false,12,2024-04-01,2025-03-31,0
2024-10-29,95020,2025-03-31,2,,,,,,,,,,,,,,,,,,,,,,,,,,,,,60.00,,,,,,,false,true,12,2024-04-01,2025-03-31,0
2024-10-29,95020,2025-03-31,2,,,,,,,,,,,,,,,,,,,,,,,,,,,,,,,,,758000000,1904528,756100085,false,false,6,2024-04-01,2024-09-30,0
2024-10-29,95020,2024-03-31,2,,,,,,,,,,,,,,,,,,,,,,,,,,,,,,,,,,,756133337,false,false,6,2023-04-01,2023-09-30,-1
2025-02-03,95020,2025-03-31,3,2651636000000,-0.017,,,,,184120000000,-0.364,222283000000,-0.491,,167145000000,,221.12,221.11,,,,,6992439000000,2795341000000,0.390,,2728033000000,,,,,,,,,,,,true,false,9,2024-04-01,2024-12-31,0
2025-02-03,95020,2024-03-31,3,2697143000000,-0.042,,,,,289611000000,5.000,436964000000,,,357103000000,,472.28,472.27,,,,,,,,,,,,,,,,,,,,,true,false,9,2023-04-01,2023-12-31,-1
2025-02-03,95020,2025-03-31,3,3600000000000,-0.003,,,,,,,275000000000,-0.460,,210000000000,,278.06,,,,,,,,,,,,,,,,,,,,,,true,true,12,2024-04-01,2025-03-31,0
2025-02-03,95020,2024-03-31,3,,,,,,,,,,,,,,,,,,,,7108617000000,2695071000000,0.364,,2585452000000,,,,,,,,,,,,true,false,12,2023-04-01,2024-03-31,-1
2025-02-03,95020,2024-03-31,3,,,,,,,,,,,,,,,,,,,,,,,,,,,,,55.00,,,,758000000,1890947,,false,false,12,2023-04-01,2024-03-31,-1
2025-02-03,95020,2025-03-31,3,,,,,,,,,,,,,,,,,,,,,,,,,,,,,30.00,,,,,,,false,false,12,2024-04-01,2025-03-31,0
2025-02-03,95020,2025-03-31,3,,,,,,,,,,,,,,,,,,,,,,,,,,,,,60.00,,,,,,,false,true,12,2024-04-01,2025-03-31,0
2025-02-03,95020,2025-03-31,3,,,,,,,,,,,,,,,,,,,,,,,,,,,,,,,,,758000000,2771620,755905878,false,false,9,2024-04-01,2024-12-31,0
2025-02-03,95020,2024-03-31,3,,,,,,,,,,,,,,,,,,,,,,,,,,,,,,,,,,,756129548,false,false,9,2023-04-01,2023-12-31,-1
2025-02-13,95020,2025-03-31,3,2651636000000,-0.017,,,,,184120000000,-0.364,222283000000,-0.491,,167145000000,,221.12,221.11,,,,,6992439000000,2795341000000,0.390,,2728033000000,,,,,,,,,,,,true,false,9,2024-04-01,2024-12-31,0
2025-02-13,95020,2024-03-31,3,2697143000000,-0.042,,,,,289611000000,5.000,436964000000,,,357103000000,,472.28,472.27,,,,,,,,,,,,,,,,,,,,,true,false,9,2023-04-01,2023-12-31,-1
2025-02-13,95020,2025-03-31,3,3600000000000,-0.003,,,,,,,275000000000,-0.460,,210000000000,,278.06,,,,,,,,,,,,,,,,,,,,,,true,true,12,2024-04-01,2025-03-31,0
2025-02-13,95020,2024-03-31,3,,,,,,,,,,,,,,,,,,,,7108617000000,2695071000000,0.364,,2585452000000,,,,,,,,,,,,true,false,12,2023-04-01,2024-03-31,-1
2025-02-13,95020,2024-03-31,3,,,,,,,,,,,,,,,,,,,,,,,,,,,,,55.00,,,,758000000,1890947,,false,false,12,2023-04-01,2024-03-31,-1
2025-02-13,95020,2025-03-31,3,,,,,,,,,,,,,,,,,,,,,,,,,,,,,30.00,,,,,,,false,false,12,2024-04-01,2025-03-31,0
2025-02-13,95020,2025-03-31,3,,,,,,,,,,,,,,,,,,,,,,,,,,,,,60.00,,,,,,,false,true,12,2024-04-01,2025-03-31,0
2025-02-13,95020,2025-03-31,3,,,,,,,,,,,,,,,,,,,,,,,,,,,,,,,,,758000000,2771620,755905878,false,false,9,2024-04-01,2024-12-31,0
2025-02-13,95020,2024-03-31,3,,,,,,,,,,,,,,,,,,,,,,,,,,,,,,,,,,,756129548,false,false,9,2023-04-01,2023-12-31,-1
2025-04-28,95020,2025-03-31,,3669234000000,0.016,,,,,242045000000,-0.295,276400000000,-0.457,,202087000000,,267.41,267.40,0.075,0.039,0.066,,7124812000000,2858530000000,0.391,3689.67,2786524000000,301345000000,-391767000000,-27649000000,292467000000,,0.224,,,,,,true,false,12,2024-04-01,2025-03-31,0
2025-04-28,95020,2024-03-31,,3610414000000,-0.094,,,,,343339000000,2.206,509295000000,6.817,,403140000000,,533.17,533.16,0.174,0.075,0.095,,7108617000000,2695071000000,0.364,3419.42,2585452000000,344074000000,-388330000000,87084000000,418518000000,,0.103,,,,,,true,false,12,2023-04-01,2024-03-31,-1
2025-04-28,95020,2026-03-31,,3550000000000,-0.032,,,,,,,230000000000,-0.168,,185000000000,,244.96,,,,,,,,,,,,,,,,0.286,,,,,,true,true,12,2025-04-01,2026-03-31,1
2025-04-28,95020,2025-03-31,,291152000000,0.227,,,,,30848000000,,50297000000,,53881000000,,,71.29,,,,,,4825600000000,1455069000000,0.302,1926.47,1455069000000,,,,,60.00,,,,758000000,2777558,755735537,false,false,12,2024-04-01,2025-03-31,0
2025-04-28,95020,2024-03-31,,237319000000,0.055,,,,,-13691000000,-0.265,-14513000000,,-4773000000,,,-6.31,,,,,,4808415000000,1450953000000,0.302,1918.76,1450953000000,,,,,55.00,,,,758000000,1890947,756125297,false,false,12,2023-04-01,2024-03-31,-1
2025-04-28,95020,2026-03-31,,,,,,,,,,,,,,,,,,,,,,,,,,,,,,70.00,,,,,,,false,true,12,2025-04-01,2026-03-31,1
2025-07-29,95020,2026-03-31,1,800312000000,-0.025,,,,,67932000000,-0.209,104832000000,-0.161,,85321000000,,112.98,112.98,,,,,7120082000000,2859068000000,0.392,,2789816000000,,,,,,,,,,,,true,false,3,2025-04-01,2025-06-30,0
2025-07-29,95020,2025-03-31,1,820592000000,-0.086,,,,,85867000000,-0.454,124925000000,-0.486,,99537000000,,131.65,131.64,,,,,,,,,,,,,,,,,,,,,true,false,3,2024-04-01,2024-06-30,-1
2025-07-29,95020,2026-03-31,1,3550000000000,-0.032,,,,,,,230000000000,-0.168,,185000000000,,244.96,,,,,,,,,,,,,,,,,,,,,,true,true,12,2025-04-01,2026-03-31,0
2025-07-29,95020,2025-03-31,1,,,,,,,,,,,,,,,,,,,,7124812000000,2858530000000,0.391,,2786524000000,,,,,,,,,,,,true,false,12,2024-04-01,2025-03-31,-1
2025-07-29,95020,2025-03-31,1,,,,,,,,,,,,,,,,,,,,,,,,,,,,,60.00,,,,758000000,2777558,,false,false,12,2024-04-01,2025-03-31,-1
2025-07-29,95020,2026-03-31,1,,,,,,,,,,,,,,,,,,,,,,,,,,,,,70.00,,,,,,,false,true,12,2025-04-01,2026-03-31,0
2025-07-29,95020,2026-03-31,1,,,,,,,,,,,,,,,,,,,,,,,,,,,,,,,,,758000000,2781516,755219841,false,false,3,2025-04-01,2025-06-30,0
2025-07-29,95020,2025-03-31,1,,,,,,,,,,,,,,,,,,,,,,,,,,,,,,,,,,,756102609,false,false,3,2024-04-01,2024-06-30,-1
2025-08-13,95020,2026-03-31,1,800312000000,-0.025,,,,,67932000000,-0.209,104832000000,-0.161,,85321000000,,112.98,112.98,,,,,7120082000000,2859068000000,0.392,,2789816000000,,,,,,,,,,,,true,false,3,2025-04-01,2025-06-30,0
2025-08-13,95020,2025-03-31,1,820592000000,-0.086,,,,,85867000000,-0.454,124925000000,-0.486,,99537000000,,131.65,131.64,,,,,,,,,,,,,,,,,,,,,true,false,3,2024-04-01,2024-06-30,-1
2025-08-13,95020,2026-03-31,1,3550000000000,-0.032,,,,,,,230000000000,-0.168,,185000000000,,244.96,,,,,,,,,,,,,,,,,,,,,,true,true,12,2025-04-01,2026-03-31,0
2025-08-13,95020,2025-03-31,1,,,,,,,,,,,,,,,,,,,,7124812000000,2858530000000,0.391,,2786524000000,,,,,,,,,,,,true,false,12,2024-04-01,2025-03-31,-1
2025-08-13,95020,2025-03-31,1,,,,,,,,,,,,,,,,,,,,,,,,,,,,,60.00,,,,758000000,2777558,,false,false,12,2024-04-01,2025-03-31,-1
2025-08-13,95020,2026-03-31,1,,,,,,,,,,,,,,,,,,,,,,,,,,,,,70.00,,,,,,,false,true,12,2025-04-01,2026-03-31,0
2025-08-13,95020,2026-03-31,1,,,,,,,,,,,,,,,,,,,,,,,,,,,,,,,,,758000000,2781516,755219841,false,false,3,2025-04-01,2025-06-30,0
2025-08-13,95020,2025-03-31,1,,,,,,,,,,,,,,,,,,,,,,,,,,,,,,,,,,,756102609,false,false,3,2024-04-01,2024-06-30,-1
