filing_date,code,fiscal_year_end,quarterly_period,net_sales,net_sales_change,revenue,revenue_change,operating_revenue,operating_revenue_change,operating_profit,operating_profit_change,ordinary_profit,ordinary_profit_change,net_income,net_income_of_parent,net_income_change,eps,diluted_eps,roe,roa,operating_profit_to_net_sales,operating_profit_to_revenue,total_assets,net_assets,equity_ratio,bps,owner_equity,operating_cash_flow,investing_cash_flow,financing_cash_flow,cash,dividend_per_share,payout_ratio,commemorative_dividend,extra_dividend,number_of_shares,number_of_treqsury_shares,avg_number_of_shares,is_consolidated,is_forecast,duration,period_start,period_end,period_pos
2015-05-25,95030,2016-03-31,,1690000000000,,,,,,,,,,,,,,,,,,,,,,,,,,,,,,,,,,,true,true,6,2015-04-01,2015-09-30,0
2015-05-25,95030,2015-03-31,,1677669000000,,,,,,4277000000,,1838000000,,,2648000000,,2.96,,,,,,,,,,,,,,,,,,,,,,true,false,6,2014-04-01,2014-09-30,-1
2015-05-25,95030,2016-03-31,,1510000000000,,,,,,,,,,,,,,,,,,,,,,,,,,,,,,,,,,,false,true,6,2015-04-01,2015-09-30,0
2015-05-25,95030,2015-03-31,,1504888000000,,,,,,-16989000000,,-11792000000,,-4130000000,,,-4.62,,,,,,,,,,,,,,,,,,,,,,false,false,6,2014-04-01,2014-09-30,-1
2015-07-30,95030,2016-03-31,1,799113000000,0.010,,,,,83796000000,,80744000000,,,52914000000,,59.22,,,,,,7564014000000,1145441000000,0.148,,1120556000000,,,,,,,,,,,,true,false,3,2015-04-01,2015-06-30,0
2015-07-30,95030,2015-03-31,1,791279000000,0.103,,,,,-39805000000,,-32281000000,,,-29041000000,,-32.50,,,,,,,,,,,,,,,,,,,,,,true,false,3,2014-04-01,2014-06-30,-1
2015-07-30,95030,2016-03-31,1,1670000000000,-0.005,,,,,150000000000,,140000000000,,,93000000000,,104.09,,,,,,,,,,,,,,,,,,,,,,true,true,6,2015-04-01,2015-09-30,0
2015-07-30,95030,2015-03-31,1,,,,,,,,,,,,,,,,,,,,7743378000000,1060219000000,0.134,,1036038000000,,,,,,,,,,,,true,false,12,2014-04-01,2015-03-31,-1
2015-07-30,95030,2015-03-31,1,,,,,,,,,,,,,,,,,,,,,,,,,,,,,0.00,,,,938733028,45230608,,false,false,12,2014-04-01,2015-03-31,-1
2015-07-30,95030,2016-03-31,1,,,,,,,,,,,,,,,,,,,,,,,,,,,,,0.00,,,,,,,false,true,12,2015-04-01,2016-03-31,0
2015-07-30,95030,2016-03-31,1,,,,,,,,,,,,,,,,,,,,,,,,,,,,,,,,,938733028,45240097,893495986,false,false,3,2015-04-01,2015-06-30,0
2015-07-30,95030,2015-03-31,1,,,,,,,,,,,,,,,,,,,,,,,,,,,,,,,,,,,893536713,false,false,3,2014-04-01,2014-06-30,-1
2015-07-30,95030,2016-03-31,,1670000000000,-0.012,,,,,150000000000,,140000000000,,,93000000000,,104.09,,,,,,,,,,,,,,,,,,,,,,true,true,6,2015-04-01,2015-09-30,0
2015-07-30,95030,2015-03-31,,1677669000000,,,,,,4277000000,,1838000000,,,2648000000,,2.96,,,,,,,,,,,,,,,,,,,,,,true,false,6,2014-04-01,2014-09-30,-1
2015-07-30,95030,2016-03-31,,1490000000000,-0.013,,,,,130000000000,,130000000000,,90000000000,,,100.70,,,,,,,,,,,,,,,,,,,,,,false,true,6,2015-04-01,2015-09-30,0
2015-07-30,95030,2015-03-31,,1504888000000,,,,,,-16989000000,,-11792000000,,-4130000000,,,-4.62,,,,,,,,,,,,,,,,,,,,,,false,false,6,2014-04-01,2014-09-30,-1
2015-10-29,95030,2016-03-31,2,1640744000000,-0.022,,,,,175796000000,,167144000000,,,112502000000,,125.91,,,,,,7477828000000,1190302000000,0.156,,1165853000000,,,,,,,,,,,,true,false,6,2015-04-01,2015-09-30,0
2015-10-29,95030,2015-03-31,2,1677669000000,0.041,,,,,4277000000,-0.921,1838000000,-0.942,,2648000000,,2.96,,,,,,,,,,,,,,,,,,,,,,true,false,6,2014-04-01,2014-09-30,-1
2015-10-29,95030,2016-03-31,2,3360000000000,-0.014,,,,,,,,,,,,,,,,,,,,,,,,,,,,,,,,,,true,true,12,2015-04-01,2016-03-31,0
2015-10-29,95030,2015-03-31,2,,,,,,,,,,,,,,,,,,,,7743378000000,1060219000000,0.134,,1036038000000,,,,,,,,,,,,true,false,12,2014-04-01,2015-03-31,-1
2015-10-29,95030,2015-03-31,2,,,,,,,,,,,,,,,,,,,,,,,,,,,,,0.00,,,,938733028,45230608,,false,false,12,2014-04-01,2015-03-31,-1
2015-10-29,95030,2016-03-31,2,,,,,,,,,,,,,,,,,,,,,,,,,,,,,0.00,,,,,,,false,false,12,2015-04-01,2016-03-31,0
2015-10-29,95030,2016-03-31,2,,,,,,,,,,,,,,,,,,,,,,,,,,,,,,,,,938733028,45250239,893490739,false,false,6,2015-04-01,2015-09-30,0
2015-10-29,95030,2015-03-31,2,,,,,,,,,,,,,,,,,,,,,,,,,,,,,,,,,,,893531419,false,false,6,2014-04-01,2014-09-30,-1
2015-10-29,95030,2016-03-31,,3360000000000,,,,,,,,,,,,,,,,,,,,,,,,,,,,,,,,,,,true,true,12,2015-04-01,2016-03-31,0
2015-10-29,95030,2015-03-31,,3406030000000,,,,,,-78600000000,,-113052000000,,,-148375000000,,-166.06,,,,,,,,,,,,,,,,,,,,,,true,false,12,2014-04-01,2015-03-31,-1
2015-10-29,95030,2016-03-31,,2980000000000,,,,,,,,,,,,,,,,,,,,,,,,,,,,,,,,,,,false,true,12,2015-04-01,2016-03-31,0
2015-10-29,95030,2015-03-31,,3032435000000,,,,,,-130805000000,,-159626000000,,-176721000000,,,-197.72,,,,,,,,,,,,,,,,,,,,,,false,false,12,2014-04-01,2015-03-31,-1
2016-01-29,95030,2016-03-31,3,2380341000000,-0.037,,,,,180370000000,,171468000000,,,112308000000,,125.70,,,,,,7462111000000,1191984000000,0.157,,1168305000000,,,,,,,,,,,,true,false,9,2015-04-01,2015-12-31,0
2016-01-29,95030,2015-03-31,3,2470903000000,0.030,,,,,-66622000000,,-77972000000,,,-66631000000,,-74.57,,,,,,,,,,,,,,,,,,,,,,true,false,9,2014-04-01,2014-12-31,-1
2016-01-29,95030,2016-03-31,3,3300000000000,-0.031,,,,,260000000000,,245000000000,,,150000000000,,167.88,,,,,,,,,,,,,,,,,,,,,,true,true,12,2015-04-01,2016-03-31,0
2016-01-29,95030,2015-03-31,3,,,,,,,,,,,,,,,,,,,,7743378000000,1060219000000,0.134,,1036038000000,,,,,,,,,,,,true,false,12,2014-04-01,2015-03-31,-1
2016-01-29,95030,2015-03-31,3,,,,,,,,,,,,,,,,,,,,,,,,,,,,,0.00,,,,938733028,45230608,,false,false,12,2014-04-01,2015-03-31,-1
2016-01-29,95030,2016-03-31,3,,,,,,,,,,,,,,,,,,,,,,,,,,,,,0.00,,,,,,,false,false,12,2015-04-01,2016-03-31,0
2016-01-29,95030,2016-03-31,3,,,,,,,,,,,,,,,,,,,,,,,,,,,,,,,,,938733028,45263116,893485801,false,false,9,2015-04-01,2015-12-31,0
2016-01-29,95030,2015-03-31,3,,,,,,,,,,,,,,,,,,,,,,,,,,,,,,,,,,,893526420,false,false,9,2014-04-01,2014-12-31,-1
2016-01-29,95030,2016-03-31,,3300000000000,-0.018,,,,,260000000000,,245000000000,,,150000000000,,167.88,,,,,,,,,,,,,,,,,,,,,,true,true,12,2015-04-01,2016-03-31,0
2016-01-29,95030,2015-03-31,,3406030000000,,,,,,-78600000000,,-113052000000,,,-148375000000,,-166.06,,,,,,,,,,,,,,,,,,,,,,true,false,12,2014-04-01,2015-03-31,-1
2016-01-29,95030,2016-03-31,,2920000000000,-0.020,,,,,220000000000,,210000000000,,130000000000,,,145.45,,,,,,,,,,,,,,,,,,,,,,false,true,12,2015-04-01,2016-03-31,0
2016-01-29,95030,2015-03-31,,3032435000000,,,,,,-130805000000,,-159626000000,,-176721000000,,,-197.72,,,,,,,,,,,,,,,,,,,,,,false,false,12,2014-04-01,2015-03-31,-1
,95030,2016-03-31,,,,,,,,,,,,,,,,,,,,,,,,,,,,,,0.00,,,,,,,false,true,12,2015-04-01,2016-03-31,0
,95030,2016-03-31,,,,,,,,,,,,,,,,,,,,,,,,,,,,,,0.00,,,,,,,false,false,12,2015-04-01,2016-03-31,0
,95030,2015-03-31,,,,,,,,,,,,,,,,,,,,,,,,,,,,,,0.00,,,,,,,false,false,12,2014-04-01,2015-03-31,-1
2016-04-28,95030,2016-03-31,,3245906000000,-0.047,,,,,256702000000,,241651000000,,,140800000000,,157.59,,0.127,0.032,0.079,,7412472000000,1201831000000,0.159,1319.33,1178665000000,595154000000,-390899000000,-382402000000,123025000000,,,,,,,,true,false,12,2015-04-01,2016-03-31,0
2016-04-28,95030,2015-03-31,,3406030000000,0.024,,,,,-78600000000,,-113052000000,,,-148375000000,,-166.06,,-0.133,-0.015,-0.023,,7743378000000,1060219000000,0.134,1159.53,1036038000000,447666000000,-388662000000,-86672000000,303399000000,,,,,,,,true,false,12,2014-04-01,2015-03-31,-1
2016-04-28,95030,2016-03-31,,2868293000000,-0.054,,,,,208566000000,,200142000000,,118540000000,,,132.63,,,,,,6433093000000,742044000000,0.115,830.28,742044000000,,,,,0.00,,,,938733028,45348298,893467556,false,false,12,2015-04-01,2016-03-31,0
2016-04-28,95030,2015-03-31,,3032435000000,0.025,,,,,-130805000000,,-159626000000,,-176721000000,,,-197.72,,,,,,6768934000000,638876000000,0.094,714.81,638876000000,,,,,0.00,,,,938733028,45230608,893521334,false,false,12,2014-04-01,2015-03-31,-1
2016-07-29,95030,2017-03-31,1,712580000000,-0.108,,,,,59932000000,-0.285,54940000000,-0.320,,40896000000,,45.77,,,,,,7339177000000,1232864000000,0.165,,1211343000000,,,,,,,,,,,,true,false,3,2016-04-01,2016-06-30,0
2016-07-29,95030,2016-03-31,1,799113000000,0.010,,,,,83796000000,,80744000000,,,52914000000,,59.22,,,,,,,,,,,,,,,,,,,,,,true,false,3,2015-04-01,2015-06-30,-1
2016-07-29,95030,2016-03-31,1,,,,,,,,,,,,,,,,,,,,7412472000000,1201831000000,0.159,,1178665000000,,,,,,,,,,,,true,false,12,2015-04-01,2016-03-31,-1
2016-07-29,95030,2016-03-31,1,,,,,,,,,,,,,,,,,,,,,,,,,,,,,0.00,,,,938733028,45348298,,false,false,12,2015-04-01,2016-03-31,-1
2016-07-29,95030,2017-03-31,1,,,,,,,,,,,,,,,,,,,,,,,,,,,,,,,,,938733028,45294239,893440168,false,false,3,2016-04-01,2016-06-30,0
2016-07-29,95030,2016-03-31,1,,,,,,,,,,,,,,,,,,,,,,,,,,,,,,,,,,,893495986,false,false,3,2015-04-01,2015-06-30,-1
2016-10-28,95030,2017-03-31,2,1515311000000,-0.076,,,,,168346000000,-0.042,160934000000,-0.037,,119349000000,,133.58,,,,,,7273345000000,1307081000000,0.177,,1285588000000,,,,,,,,,,,,true,false,6,2016-04-01,2016-09-30,0
2016-10-28,95030,2016-03-31,2,1640744000000,-0.022,,,,,175796000000,,167144000000,,,112502000000,,125.91,,,,,,,,,,,,,,,,,,,,,,true,false,6,2015-04-01,2015-09-30,-1
2016-10-28,95030,2016-03-31,2,,,,,,,,,,,,,,,,,,,,7412472000000,1201831000000,0.159,,1178665000000,,,,,,,,,,,,true,false,12,2015-04-01,2016-03-31,-1
2016-10-28,95030,2016-03-31,2,,,,,,,,,,,,,,,,,,,,,,,,,,,,,0.00,,,,938733028,45348298,,false,false,12,2015-04-01,2016-03-31,-1
2016-10-28,95030,2017-03-31,2,,,,,,,,,,,,,,,,,,,,,,,,,,,,,0.00,,,,,,,false,false,12,2016-04-01,2017-03-31,0
2016-10-28,95030,2017-03-31,2,,,,,,,,,,,,,,,,,,,,,,,,,,,,,,,,,938733028,45300351,893437385,false,false,6,2016-04-01,2016-09-30,0
2016-10-28,95030,2016-03-31,2,,,,,,,,,,,,,,,,,,,,,,,,,,,,,,,,,,,893490739,false,false,6,2015-04-01,2015-09-30,-1
2017-01-31,95030,2017-03-31,3,2207133000000,-0.073,,,,,209079000000,0.159,196176000000,0.144,,143809000000,,160.96,,,,,,6820716000000,1349504000000,0.195,,1327554000000,,,,,,,,,,,,true,false,9,2016-04-01,2016-12-31,0
2017-01-31,95030,2016-03-31,3,2380341000000,-0.037,,,,,180370000000,,171468000000,,,112308000000,,125.70,,,,,,,,,,,,,,,,,,,,,,true,false,9,2015-04-01,2015-12-31,-1
2017-01-31,95030,2016-03-31,3,,,,,,,,,,,,,,,,,,,,7412472000000,1201831000000,0.159,,1178665000000,,,,,,,,,,,,true,false,12,2015-04-01,2016-03-31,-1
2017-01-31,95030,2016-03-31,3,,,,,,,,,,,,,,,,,,,,,,,,,,,,,0.00,,,,938733028,45348298,,false,false,12,2015-04-01,2016-03-31,-1
2017-01-31,95030,2017-03-31,3,,,,,,,,,,,,,,,,,,,,,,,,,,,,,0.00,,,,,,,false,false,12,2016-04-01,2017-03-31,0
2017-01-31,95030,2017-03-31,3,,,,,,,,,,,,,,,,,,,,,,,,,,,,,,,,,938733028,45309224,893434062,false,false,9,2016-04-01,2016-12-31,0
2017-01-31,95030,2016-03-31,3,,,,,,,,,,,,,,,,,,,,,,,,,,,,,,,,,,,893485801,false,false,9,2015-04-01,2015-12-31,-1
2017-03-28,95030,2017-03-31,,3010000000000,,,,,,205000000000,,185000000000,,,133000000000,,148.86,,,,,,,,,,,,,,,,,,,,,,true,true,12,2016-04-01,2017-03-31,0
2017-03-28,95030,2016-03-31,,3245906000000,,,,,,256702000000,,241651000000,,,140800000000,,157.59,,,,,,,,,,,,,,,,,,,,,,true,false,12,2015-04-01,2016-03-31,-1
2017-03-28,95030,2017-03-31,,2610000000000,,,,,,160000000000,,140000000000,,100000000000,,,111.89,,,,,,,,,,,,,,,25.00,,,,,,,false,true,12,2016-04-01,2017-03-31,0
2017-03-28,95030,2016-03-31,,2868293000000,,,,,,208566000000,,200142000000,,118540000000,,,132.63,,,,,,,,,,,,,,,0.00,,,,,,,false,false,12,2015-04-01,2016-03-31,-1
2017-03-28,95030,2017-03-31,,,,,,,,,,,,,,,,,,,,,,,,,,,,,,0.00,,,,,,,false,false,12,2016-04-01,2017-03-31,0
2017-04-28,95030,2017-03-31,,3011337000000,-0.072,,,,,217747000000,-0.152,196125000000,-0.188,,140789000000,,157.58,,0.113,0.027,0.072,,6853182000000,1344696000000,0.193,1480.46,1322663000000,485669000000,-345749000000,-130359000000,130820000000,,0.159,,,,,,true,false,12,2016-04-01,2017-03-31,0
2017-04-28,95030,2016-03-31,,3245906000000,-0.047,,,,,256702000000,,241651000000,,,140800000000,,157.59,,0.127,0.032,0.079,,7412472000000,1201831000000,0.159,1319.33,1178665000000,595154000000,-390899000000,-382402000000,123025000000,,,,,,,,true,false,12,2015-04-01,2016-03-31,-1
2017-04-28,95030,2017-03-31,,2614440000000,-0.089,,,,,164524000000,-0.211,143720000000,-0.282,103064000000,,-0.131,115.32,,,,,,5834912000000,858486000000,0.147,960.60,858486000000,,,,,25.00,,,,938733028,45317079,893430169,false,false,12,2016-04-01,2017-03-31,0
2017-04-28,95030,2016-03-31,,2868293000000,-0.054,,,,,208566000000,,200142000000,,118540000000,,,132.63,,,,,,6433093000000,742044000000,0.115,830.28,742044000000,,,,,0.00,,,,938733028,45348298,893467556,false,false,12,2015-04-01,2016-03-31,-1
2017-07-28,95030,2018-03-31,1,723469000000,0.015,,,,,47275000000,-0.211,44136000000,-0.197,,32606000000,,36.50,,,,,,6853138000000,1356664000000,0.195,,1338480000000,,,,,,,,,,,,true,false,3,2017-04-01,2017-06-30,0
2017-07-28,95030,2017-03-31,1,712580000000,-0.108,,,,,59932000000,-0.285,54940000000,-0.320,,40896000000,,45.77,,,,,,,,,,,,,,,,,,,,,,true,false,3,2016-04-01,2016-06-30,-1
2017-07-28,95030,2017-03-31,1,,,,,,,,,,,,,,,,,,,,6853182000000,1344696000000,0.193,,1322663000000,,,,,,,,,,,,true,false,12,2016-04-01,2017-03-31,-1
2017-07-28,95030,2017-03-31,1,,,,,,,,,,,,,,,,,,,,,,,,,,,,,25.00,,,,938733028,45317079,,false,false,12,2016-04-01,2017-03-31,-1
2017-07-28,95030,2018-03-31,1,,,,,,,,,,,,,,,,,,,,,,,,,,,,,,,,,938733028,45324671,893410944,false,false,3,2017-04-01,2017-06-30,0
2017-07-28,95030,2017-03-31,1,,,,,,,,,,,,,,,,,,,,,,,,,,,,,,,,,,,893440168,false,false,3,2016-04-01,2016-06-30,-1
,95030,2018-03-31,,,,,,,,,,,,,,,,,,,,,,,,,,,,,,15.00,,,,,,,false,true,12,2017-04-01,2018-03-31,0
,95030,2017-03-31,,,,,,,,,,,,,,,,,,,,,,,,,,,,,,25.00,,,,,,,false,false,12,2016-04-01,2017-03-31,-1
2017-10-27,95030,2018-03-31,2,1548597000000,0.022,,,,,161354000000,-0.042,157852000000,-0.019,,115219000000,,128.97,,,,,,6906449000000,1446619000000,0.207,,1428030000000,,,,,,,,,,,,true,false,6,2017-04-01,2017-09-30,0
2017-10-27,95030,2017-03-31,2,1515311000000,-0.076,,,,,168346000000,-0.042,160934000000,-0.037,,119349000000,,133.58,,,,,,,,,,,,,,,,,,,,,,true,false,6,2016-04-01,2016-09-30,-1
2017-10-27,95030,2017-03-31,2,,,,,,,,,,,,,,,,,,,,6853182000000,1344696000000,0.193,,1322663000000,,,,,,,,,,,,true,false,12,2016-04-01,2017-03-31,-1
2017-10-27,95030,2017-03-31,2,,,,,,,,,,,,,,,,,,,,,,,,,,,,,25.00,,,,938733028,45317079,,false,false,12,2016-04-01,2017-03-31,-1
2017-10-27,95030,2018-03-31,2,,,,,,,,,,,,,,,,,,,,,,,,,,,,,15.00,,,,,,,false,false,12,2017-04-01,2018-03-31,0
2017-10-27,95030,2018-03-31,2,,,,,,,,,,,,,,,,,,,,,,,,,,,,,,,,,938733028,45347614,893401288,false,false,6,2017-04-01,2017-09-30,0
2017-10-27,95030,2017-03-31,2,,,,,,,,,,,,,,,,,,,,,,,,,,,,,,,,,,,893437385,false,false,6,2016-04-01,2016-09-30,-1
2018-01-31,95030,2018-03-31,3,2258661000000,0.023,,,,,193220000000,-0.076,190049000000,-0.031,,138426000000,,154.94,,,,,,6940702000000,1471334000000,0.209,,1451987000000,,,,,,,,,,,,true,false,9,2017-04-01,2017-12-31,0
2018-01-31,95030,2017-03-31,3,2207133000000,-0.073,,,,,209079000000,0.159,196176000000,0.144,,143809000000,,160.96,,,,,,,,,,,,,,,,,,,,,,true,false,9,2016-04-01,2016-12-31,-1
2018-01-31,95030,2018-03-31,3,3080000000000,0.023,,,,,200000000000,-0.082,195000000000,-0.006,,140000000000,,156.71,,,,,,,,,,,,,,,,,,,,,,true,true,12,2017-04-01,2018-03-31,0
2018-01-31,95030,2017-03-31,3,,,,,,,,,,,,,,,,,,,,6853182000000,1344696000000,0.193,,1322663000000,,,,,,,,,,,,true,false,12,2016-04-01,2017-03-31,-1
2018-01-31,95030,2017-03-31,3,,,,,,,,,,,,,,,,,,,,,,,,,,,,,25.00,,,,938733028,45317079,,false,false,12,2016-04-01,2017-03-31,-1
2018-01-31,95030,2018-03-31,3,,,,,,,,,,,,,,,,,,,,,,,,,,,,,15.00,,,,,,,false,false,12,2017-04-01,2018-03-31,0
2018-01-31,95030,2018-03-31,3,,,,,,,,,,,,,,,,,,,,,,,,,,,,,30.00,,,,,,,false,true,12,2017-04-01,2018-03-31,0
2018-01-31,95030,2018-03-31,3,,,,,,,,,,,,,,,,,,,,,,,,,,,,,,,,,938733028,45361795,893392972,false,false,9,2017-04-01,2017-12-31,0
2018-01-31,95030,2017-03-31,3,,,,,,,,,,,,,,,,,,,,,,,,,,,,,,,,,,,893434062,false,false,9,2016-04-01,2016-12-31,-1
2018-04-27,95030,2018-03-31,,3133632000000,0.041,,,,,227551000000,0.045,217104000000,0.107,,151880000000,,170.01,,0.109,0.031,0.073,,6985088000000,1472797000000,0.208,1627.66,1454087000000,623266000000,-447237000000,-162277000000,144176000000,,0.206,,,,,,true,false,12,2017-04-01,2018-03-31,0
2018-04-27,95030,2017-03-31,,3011337000000,-0.072,,,,,217747000000,-0.152,196125000000,-0.188,,140789000000,,157.58,,0.113,0.027,0.072,,6853182000000,1344696000000,0.193,1480.46,1322663000000,485669000000,-345749000000,-130359000000,130820000000,,0.159,,,,,,true,false,12,2016-04-01,2017-03-31,-1
2018-04-27,95030,2018-03-31,,2683945000000,0.027,,,,,165421000000,0.005,145506000000,0.012,103036000000,,-0.000,115.30,,,,,,5946115000000,933942000000,0.157,1045.09,933942000000,,,,,35.00,,,,938733028,45372355,893385607,false,false,12,2017-04-01,2018-03-31,0
2018-04-27,95030,2017-03-31,,2614440000000,-0.089,,,,,164524000000,-0.211,143720000000,-0.282,103064000000,,-0.131,115.32,,,,,,5834912000000,858486000000,0.147,960.60,858486000000,,,,,25.00,,,,938733028,45317079,893430169,false,false,12,2016-04-01,2017-03-31,-1
2018-07-27,95030,2019-03-31,1,735536000000,0.017,,,,,38549000000,-0.185,38412000000,-0.130,,26699000000,,29.89,,,,,,7049075000000,1481949000000,0.208,,1463384000000,,,,,,,,,,,,true,false,3,2018-04-01,2018-06-30,0
2018-07-27,95030,2018-03-31,1,723469000000,0.015,,,,,47275000000,-0.211,44136000000,-0.197,,32606000000,,36.50,,,,,,,,,,,,,,,,,,,,,,true,false,3,2017-04-01,2017-06-30,-1
2018-07-27,95030,2018-03-31,1,,,,,,,,,,,,,,,,,,,,6985088000000,1472797000000,0.208,,1454087000000,,,,,,,,,,,,true,false,12,2017-04-01,2018-03-31,-1
2018-07-27,95030,2018-03-31,1,,,,,,,,,,,,,,,,,,,,,,,,,,,,,35.00,,,,938733028,45372355,,false,false,12,2017-04-01,2018-03-31,-1
2018-07-27,95030,2019-03-31,1,,,,,,,,,,,,,,,,,,,,,,,,,,,,,,,,,938733028,45378941,893356446,false,false,3,2018-04-01,2018-06-30,0
2018-07-27,95030,2018-03-31,1,,,,,,,,,,,,,,,,,,,,,,,,,,,,,,,,,,,893410944,false,false,3,2017-04-01,2017-06-30,-1
2018-09-18,95030,2019-03-31,,3330000000000,,,,,,200000000000,,200000000000,,,140000000000,,156.71,,,,,,,,,,,,,,,,,,,,,,true,true,12,2018-04-01,2019-03-31,0
2018-09-18,95030,2018-03-31,,3133632000000,,,,,,227551000000,,217104000000,,,151880000000,,170.01,,,,,,,,,,,,,,,,,,,,,,true,false,12,2017-04-01,2018-03-31,-1
2018-09-18,95030,2019-03-31,,2820000000000,,,,,,140000000000,,130000000000,,90000000000,,,100.71,,,,,,,,,,,,,,,50.00,,,,,,,false,true,12,2018-04-01,2019-03-31,0
2018-09-18,95030,2018-03-31,,2683945000000,,,,,,165421000000,,145506000000,,103036000000,,,115.30,,,,,,,,,,,,,,,35.00,,,,,,,false,false,12,2017-04-01,2018-03-31,-1
2018-10-26,95030,2019-03-31,2,1610653000000,0.040,,,,,108698000000,-0.326,117760000000,-0.254,,72760000000,,81.45,,,,,,7150076000000,1539846000000,0.213,,1521083000000,,,,,,,,,,,,true,false,6,2018-04-01,2018-09-30,0
2018-10-26,95030,2018-03-31,2,1548597000000,0.022,,,,,161354000000,-0.042,157852000000,-0.019,,115219000000,,128.97,,,,,,,,,,,,,,,,,,,,,,true,false,6,2017-04-01,2017-09-30,-1
2018-10-26,95030,2019-03-31,2,3330000000000,0.063,,,,,200000000000,-0.121,200000000000,-0.079,,140000000000,,156.71,,,,,,,,,,,,,,,,,,,,,,true,true,12,2018-04-01,2019-03-31,0
2018-10-26,95030,2018-03-31,2,,,,,,,,,,,,,,,,,,,,6985088000000,1472797000000,0.208,,1454087000000,,,,,,,,,,,,true,false,12,2017-04-01,2018-03-31,-1
2018-10-26,95030,2018-03-31,2,,,,,,,,,,,,,,,,,,,,,,,,,,,,,35.00,,,,938733028,45372355,,false,false,12,2017-04-01,2018-03-31,-1
2018-10-26,95030,2019-03-31,2,,,,,,,,,,,,,,,,,,,,,,,,,,,,,25.00,,,,,,,false,false,12,2018-04-01,2019-03-31,0
2018-10-26,95030,2019-03-31,2,,,,,,,,,,,,,,,,,,,,,,,,,,,,,50.00,,,,,,,false,true,12,2018-04-01,2019-03-31,0
2018-10-26,95030,2019-03-31,2,,,,,,,,,,,,,,,,,,,,,,,,,,,,,,,,,938733028,45540058,893301337,false,false,6,2018-04-01,2018-09-30,0
2018-10-26,95030,2018-03-31,2,,,,,,,,,,,,,,,,,,,,,,,,,,,,,,,,,,,893401288,false,false,6,2017-04-01,2017-09-30,-1
2019-01-31,95030,2019-03-31,3,2384214000000,0.056,,,,,128413000000,-0.335,135642000000,-0.286,,84743000000,,94.87,,,,,,7138273000000,1493805000000,0.207,,1475514000000,,,,,,,,,,,,true,false,9,2018-04-01,2018-12-31,0
2019-01-31,95030,2018-03-31,3,2258661000000,0.023,,,,,193220000000,-0.076,190049000000,-0.031,,138426000000,,154.94,,,,,,,,,,,,,,,,,,,,,,true,false,9,2017-04-01,2017-12-31,-1
2019-01-31,95030,2019-03-31,3,3330000000000,0.063,,,,,200000000000,-0.121,200000000000,-0.079,,140000000000,,156.73,,,,,,,,,,,,,,,,,,,,,,true,true,12,2018-04-01,2019-03-31,0
2019-01-31,95030,2018-03-31,3,,,,,,,,,,,,,,,,,,,,6985088000000,1472797000000,0.208,,1454087000000,,,,,,,,,,,,true,false,12,2017-04-01,2018-03-31,-1
2019-01-31,95030,2018-03-31,3,,,,,,,,,,,,,,,,,,,,,,,,,,,,,35.00,,,,938733028,45372355,,false,false,12,2017-04-01,2018-03-31,-1
2019-01-31,95030,2019-03-31,3,,,,,,,,,,,,,,,,,,,,,,,,,,,,,25.00,,,,,,,false,false,12,2018-04-01,2019-03-31,0
2019-01-31,95030,2019-03-31,3,,,,,,,,,,,,,,,,,,,,,,,,,,,,,50.00,,,,,,,false,true,12,2018-04-01,2019-03-31,0
2019-01-31,95030,2019-03-31,3,,,,,,,,,,,,,,,,,,,,,,,,,,,,,,,,,938733028,45551954,893262630,false,false,9,2018-04-01,2018-12-31,0
2019-01-31,95030,2018-03-31,3,,,,,,,,,,,,,,,,,,,,,,,,,,,,,,,,,,,893392972,false,false,9,2017-04-01,2017-12-31,-1
2019-04-25,95030,2019-03-31,,3307661000000,0.056,,,,,204853000000,-0.100,203636000000,-0.062,,115077000000,,128.83,,0.078,0.029,0.062,,7257363000000,1532946000000,0.209,1695.36,1514244000000,449716000000,-537846000000,103073000000,158978000000,,0.388,,,,,,true,false,12,2018-04-01,2019-03-31,0
2019-04-25,95030,2018-03-31,,3133632000000,0.041,,,,,227551000000,0.045,217104000000,0.107,,151880000000,,170.01,,0.109,0.031,0.073,,6985088000000,1472797000000,0.208,1627.66,1454087000000,623266000000,-447237000000,-162277000000,144176000000,,0.206,,,,,,true,false,12,2017-04-01,2018-03-31,-1
2019-04-25,95030,2020-03-31,,3250000000000,-0.017,,,,,200000000000,-0.024,200000000000,-0.018,,140000000000,,156.74,,,,,,,,,,,,,,,,0.319,,,,,,true,true,12,2019-04-01,2020-03-31,1
2019-04-25,95030,2019-03-31,,2797191000000,0.042,,,,,133988000000,-0.190,130513000000,-0.103,87435000000,,-0.151,97.85,,,,,,6404571000000,975097000000,0.152,1091.38,975097000000,,,,,50.00,,,,938733028,45561730,893240562,false,false,12,2018-04-01,2019-03-31,0
2019-04-25,95030,2018-03-31,,2683945000000,0.027,,,,,165421000000,0.005,145506000000,0.012,103036000000,,-0.000,115.30,,,,,,5946115000000,933942000000,0.157,1045.09,933942000000,,,,,35.00,,,,938733028,45372355,893385607,false,false,12,2017-04-01,2018-03-31,-1
2019-04-25,95030,2020-03-31,,2710000000000,-0.031,,,,,130000000000,-0.030,130000000000,-0.004,95000000000,,0.087,106.33,,,,,,,,,,,,,,,50.00,,,,,,,false,true,12,2019-04-01,2020-03-31,1
2019-07-26,95030,2020-03-31,1,785838000000,0.068,,,,,59074000000,0.532,62727000000,0.633,,45575000000,,51.03,,,,,,7213271000000,1552448000000,0.213,,1536211000000,,,,,,,,,,,,true,false,3,2019-04-01,2019-06-30,0
2019-07-26,95030,2019-03-31,1,735536000000,0.017,,,,,38549000000,-0.185,38412000000,-0.130,,26699000000,,29.89,,,,,,,,,,,,,,,,,,,,,,true,false,3,2018-04-01,2018-06-30,-1
2019-07-26,95030,2020-03-31,1,3250000000000,-0.017,,,,,200000000000,-0.024,200000000000,-0.018,,140000000000,,156.75,,,,,,,,,,,,,,,,,,,,,,true,true,12,2019-04-01,2020-03-31,0
2019-07-26,95030,2019-03-31,1,,,,,,,,,,,,,,,,,,,,7257363000000,1532946000000,0.209,,1514244000000,,,,,,,,,,,,true,false,12,2018-04-01,2019-03-31,-1
2019-07-26,95030,2019-03-31,1,,,,,,,,,,,,,,,,,,,,,,,,,,,,,50.00,,,,938733028,45561730,,false,false,12,2018-04-01,2019-03-31,-1
2019-07-26,95030,2020-03-31,1,,,,,,,,,,,,,,,,,,,,,,,,,,,,,50.00,,,,,,,false,true,12,2019-04-01,2020-03-31,0
2019-07-26,95030,2020-03-31,1,,,,,,,,,,,,,,,,,,,,,,,,,,,,,,,,,938733028,45564015,893168487,false,false,3,2019-04-01,2019-06-30,0
2019-07-26,95030,2019-03-31,1,,,,,,,,,,,,,,,,,,,,,,,,,,,,,,,,,,,893356446,false,false,3,2018-04-01,2018-06-30,-1
2019-10-28,95030,2020-03-31,2,1634197000000,0.015,,,,,145381000000,0.337,155369000000,0.319,,113173000000,,126.71,,,,,,7261141000000,1638923000000,0.221,,1608001000000,,,,,,,,,,,,true,false,6,2019-04-01,2019-09-30,0
2019-10-28,95030,2019-03-31,2,1610653000000,0.040,,,,,108698000000,-0.326,117760000000,-0.254,,72760000000,,81.45,,,,,,,,,,,,,,,,,,,,,,true,false,6,2018-04-01,2018-09-30,-1
2019-10-28,95030,2020-03-31,2,3250000000000,-0.017,,,,,200000000000,-0.024,200000000000,-0.018,,140000000000,,156.75,,,,,,,,,,,,,,,,,,,,,,true,true,12,2019-04-01,2020-03-31,0
2019-10-28,95030,2019-03-31,2,,,,,,,,,,,,,,,,,,,,7257363000000,1532946000000,0.209,,1514244000000,,,,,,,,,,,,true,false,12,2018-04-01,2019-03-31,-1
2019-10-28,95030,2019-03-31,2,,,,,,,,,,,,,,,,,,,,,,,,,,,,,50.00,,,,938733028,45561730,,false,false,12,2018-04-01,2019-03-31,-1
2019-10-28,95030,2020-03-31,2,,,,,,,,,,,,,,,,,,,,,,,,,,,,,25.00,,,,,,,false,false,12,2019-04-01,2020-03-31,0
2019-10-28,95030,2020-03-31,2,,,,,,,,,,,,,,,,,,,,,,,,,,,,,50.00,,,,,,,false,true,12,2019-04-01,2020-03-31,0
2019-10-28,95030,2020-03-31,2,,,,,,,,,,,,,,,,,,,,,,,,,,,,,,,,,938733028,45566385,893169094,false,false,6,2019-04-01,2019-09-30,0
2019-10-28,95030,2019-03-31,2,,,,,,,,,,,,,,,,,,,,,,,,,,,,,,,,,,,893301337,false,false,6,2018-04-01,2018-09-30,-1
2020-01-31,95030,2020-03-31,3,2361308000000,-0.010,,,,,168800000000,0.315,187548000000,0.383,,135912000000,,152.17,,,,,,7456260000000,1655448000000,0.217,,1617549000000,,,,,,,,,,,,true,false,9,2019-04-01,2019-12-31,0
2020-01-31,95030,2019-03-31,3,2384214000000,0.056,,,,,128413000000,-0.335,135642000000,-0.286,,84743000000,,94.87,,,,,,,,,,,,,,,,,,,,,,true,false,9,2018-04-01,2018-12-31,-1
2020-01-31,95030,2020-03-31,3,3250000000000,-0.017,,,,,200000000000,-0.024,200000000000,-0.018,,140000000000,,156.75,,,,,,,,,,,,,,,,,,,,,,true,true,12,2019-04-01,2020-03-31,0
2020-01-31,95030,2019-03-31,3,,,,,,,,,,,,,,,,,,,,7257363000000,1532946000000,0.209,,1514244000000,,,,,,,,,,,,true,false,12,2018-04-01,2019-03-31,-1
2020-01-31,95030,2019-03-31,3,,,,,,,,,,,,,,,,,,,,,,,,,,,,,50.00,,,,938733028,45561730,,false,false,12,2018-04-01,2019-03-31,-1
2020-01-31,95030,2020-03-31,3,,,,,,,,,,,,,,,,,,,,,,,,,,,,,25.00,,,,,,,false,false,12,2019-04-01,2020-03-31,0
2020-01-31,95030,2020-03-31,3,,,,,,,,,,,,,,,,,,,,,,,,,,,,,50.00,,,,,,,false,true,12,2019-04-01,2020-03-31,0
2020-01-31,95030,2020-03-31,3,,,,,,,,,,,,,,,,,,,,,,,,,,,,,,,,,938733028,45574977,893166532,false,false,9,2019-04-01,2019-12-31,0
2020-01-31,95030,2019-03-31,3,,,,,,,,,,,,,,,,,,,,,,,,,,,,,,,,,,,893262630,false,false,9,2018-04-01,2018-12-31,-1
2020-05-12,95030,2020-03-31,,3184259000000,-0.037,,,,,206956000000,0.010,211541000000,0.039,,130002000000,,145.55,,0.083,0.028,0.065,,7612729000000,1641754000000,0.210,1792.31,1600793000000,463408000000,-577370000000,211222000000,255458000000,,0.344,,,,,,true,false,12,2019-04-01,2020-03-31,0
2020-05-12,95030,2019-03-31,,3307661000000,0.056,,,,,204853000000,-0.100,203636000000,-0.062,,115077000000,,128.83,,0.078,0.029,0.062,,7257363000000,1532946000000,0.209,1695.36,1514244000000,449716000000,-537846000000,103073000000,158978000000,,0.388,,,,,,true,false,12,2018-04-01,2019-03-31,-1
2020-05-12,95030,2020-03-31,,2658836000000,-0.049,,,,,125669000000,-0.062,125010000000,-0.042,79100000000,,-0.095,88.53,,,,,,6747858000000,1001193000000,0.148,1120.61,1001193000000,,,,,50.00,,,,938733028,45589484,893162445,false,false,12,2019-04-01,2020-03-31,0
2020-05-12,95030,2019-03-31,,2797191000000,0.042,,,,,133988000000,-0.190,130513000000,-0.103,87435000000,,-0.151,97.85,,,,,,6404571000000,975097000000,0.152,1091.38,975097000000,,,,,50.00,,,,938733028,45561730,893240562,false,false,12,2018-04-01,2019-03-31,-1
2020-07-31,95030,2021-03-31,1,701449000000,-0.107,,,,,48555000000,-0.178,50041000000,-0.202,,35921000000,,40.22,,,,,,7669542000000,1665283000000,0.212,,1623848000000,,,,,,,,,,,,true,false,3,2020-04-01,2020-06-30,0
2020-07-31,95030,2020-03-31,1,785838000000,0.068,,,,,59074000000,0.532,62727000000,0.633,,45575000000,,51.03,,,,,,,,,,,,,,,,,,,,,,true,false,3,2019-04-01,2019-06-30,-1
2020-07-31,95030,2020-03-31,1,,,,,,,,,,,,,,,,,,,,7612729000000,1641754000000,0.210,,1600793000000,,,,,,,,,,,,true,false,12,2019-04-01,2020-03-31,-1
2020-07-31,95030,2020-03-31,1,,,,,,,,,,,,,,,,,,,,,,,,,,,,,50.00,,,,938733028,45589484,,false,false,12,2019-04-01,2020-03-31,-1
2020-07-31,95030,2021-03-31,1,,,,,,,,,,,,,,,,,,,,,,,,,,,,,,,,,938733028,45591557,893139012,false,false,3,2020-04-01,2020-06-30,0
2020-07-31,95030,2020-03-31,1,,,,,,,,,,,,,,,,,,,,,,,,,,,,,,,,,,,893168487,false,false,3,2019-04-01,2019-06-30,-1
2020-09-23,95030,2021-03-31,,2980000000000,,,,,,120000000000,,130000000000,,,90000000000,,100.56,,,,,,,,,,,,,,,,,,,,,,true,true,12,2020-04-01,2021-03-31,0
2020-09-23,95030,2020-03-31,,3184259000000,,,,,,206956000000,,211541000000,,,130002000000,,145.55,,,,,,,,,,,,,,,,,,,,,,true,false,12,2019-04-01,2020-03-31,-1
2020-09-23,95030,2021-03-31,,,,,,,,,,,,,,,,,,,,,,,,,,,,,,50.00,,,,,,,false,true,12,2020-04-01,2021-03-31,0
2020-09-23,95030,2020-03-31,,,,,,,,,,,,,,,,,,,,,,,,,,,,,,50.00,,,,,,,false,false,12,2019-04-01,2020-03-31,-1
2020-10-29,95030,2021-03-31,2,1502795000000,-0.080,,,,,149518000000,0.028,154363000000,-0.006,,110409000000,,123.62,,,,,,7758317000000,1737104000000,0.219,,1696262000000,,,,,,,,,,,,true,false,6,2020-04-01,2020-09-30,0
2020-10-29,95030,2020-03-31,2,1634197000000,0.015,,,,,145381000000,0.337,155369000000,0.319,,113173000000,,126.71,,,,,,,,,,,,,,,,,,,,,,true,false,6,2019-04-01,2019-09-30,-1
2020-10-29,95030,2021-03-31,2,2980000000000,-0.064,,,,,120000000000,-0.420,130000000000,-0.385,,90000000000,,100.56,,,,,,,,,,,,,,,,,,,,,,true,true,12,2020-04-01,2021-03-31,0
2020-10-29,95030,2020-03-31,2,,,,,,,,,,,,,,,,,,,,7612729000000,1641754000000,0.210,,1600793000000,,,,,,,,,,,,true,false,12,2019-04-01,2020-03-31,-1
2020-10-29,95030,2020-03-31,2,,,,,,,,,,,,,,,,,,,,,,,,,,,,,50.00,,,,938733028,45589484,,false,false,12,2019-04-01,2020-03-31,-1
2020-10-29,95030,2021-03-31,2,,,,,,,,,,,,,,,,,,,,,,,,,,,,,25.00,,,,,,,false,false,12,2020-04-01,2021-03-31,0
2020-10-29,95030,2021-03-31,2,,,,,,,,,,,,,,,,,,,,,,,,,,,,,50.00,,,,,,,false,true,12,2020-04-01,2021-03-31,0
2020-10-29,95030,2021-03-31,2,,,,,,,,,,,,,,,,,,,,,,,,,,,,,,,,,938733028,45598876,893137663,false,false,6,2020-04-01,2020-09-30,0
2020-10-29,95030,2020-03-31,2,,,,,,,,,,,,,,,,,,,,,,,,,,,,,,,,,,,893169094,false,false,6,2019-04-01,2019-09-30,-1
2021-01-29,95030,2021-03-31,3,2184240000000,-0.075,,,,,142997000000,-0.153,161140000000,-0.141,,115158000000,,128.94,,,,,,7814192000000,1723960000000,0.215,,1683362000000,,,,,,,,,,,,true,false,9,2020-04-01,2020-12-31,0
2021-01-29,95030,2020-03-31,3,2361308000000,-0.010,,,,,168800000000,0.315,187548000000,0.383,,135912000000,,152.17,,,,,,,,,,,,,,,,,,,,,,true,false,9,2019-04-01,2019-12-31,-1
2021-01-29,95030,2021-03-31,3,2980000000000,-0.064,,,,,120000000000,-0.420,130000000000,-0.385,,90000000000,,100.56,,,,,,,,,,,,,,,,,,,,,,true,true,12,2020-04-01,2021-03-31,0
2021-01-29,95030,2020-03-31,3,,,,,,,,,,,,,,,,,,,,7612729000000,1641754000000,0.210,,1600793000000,,,,,,,,,,,,true,false,12,2019-04-01,2020-03-31,-1
2021-01-29,95030,2020-03-31,3,,,,,,,,,,,,,,,,,,,,,,,,,,,,,50.00,,,,938733028,45589484,,false,false,12,2019-04-01,2020-03-31,-1
2021-01-29,95030,2021-03-31,3,,,,,,,,,,,,,,,,,,,,,,,,,,,,,25.00,,,,,,,false,false,12,2020-04-01,2021-03-31,0
2021-01-29,95030,2021-03-31,3,,,,,,,,,,,,,,,,,,,,,,,,,,,,,50.00,,,,,,,false,true,12,2020-04-01,2021-03-31,0
2021-01-29,95030,2021-03-31,3,,,,,,,,,,,,,,,,,,,,,,,,,,,,,,,,,938733028,45608006,893134391,false,false,9,2020-04-01,2020-12-31,0
2021-01-29,95030,2020-03-31,3,,,,,,,,,,,,,,,,,,,,,,,,,,,,,,,,,,,893166532,false,false,9,2019-04-01,2019-12-31,-1
2021-04-28,95030,2021-03-31,,3092398000000,-0.029,,,,,145746000000,-0.296,153850000000,-0.273,,108978000000,,122.02,,0.066,0.020,0.047,,8075755000000,1725557000000,0.209,1886.12,1684528000000,369215000000,-660755000000,325643000000,291266000000,,0.410,,,,,,true,false,12,2020-04-01,2021-03-31,0
2021-04-28,95030,2020-03-31,,3184259000000,-0.037,,,,,206956000000,0.010,211541000000,0.039,,130002000000,,145.55,,0.083,0.028,0.065,,7612729000000,1641754000000,0.210,1792.31,1600793000000,463408000000,-577370000000,211222000000,255458000000,,0.344,,,,,,true,false,12,2019-04-01,2020-03-31,-1
2021-04-28,95030,2022-03-31,,2500000000000,-0.192,,,,,90000000000,-0.382,100000000000,-0.350,,70000000000,,78.38,,,,,,,,,,,,,,,,0.638,,,,,,true,true,12,2021-04-01,2022-03-31,1
2021-04-28,95030,2021-03-31,,2332608000000,,,,,,-5768000000,,36117000000,,39503000000,,,44.22,,,,,,6858406000000,1017500000000,0.148,1138.88,1017500000000,,,,,50.00,,,,938733028,45616692,893130560,false,false,12,2020-04-01,2021-03-31,0
2021-04-28,95030,2020-03-31,,2658836000000,-0.049,,,,,125669000000,-0.062,125010000000,-0.042,79100000000,,-0.095,88.53,,,,,,6747858000000,1001193000000,0.148,1120.61,1001193000000,,,,,50.00,,,,938733028,45589484,893162445,false,false,12,2019-04-01,2020-03-31,-1
2021-04-28,95030,2022-03-31,,,,,,,,,,,,,,,,,,,,,,,,,,,,,,50.00,,,,,,,false,true,12,2021-04-01,2022-03-31,1
2021-07-30,95030,2022-03-31,1,568844000000,-0.189,,,,,21645000000,-0.554,23171000000,-0.537,,15267000000,,17.09,,,,,,8169467000000,1724046000000,0.206,,1681462000000,,,,,,,,,,,,true,false,3,2021-04-01,2021-06-30,0
2021-07-30,95030,2021-03-31,1,701449000000,-0.107,,,,,48555000000,-0.178,50041000000,-0.202,,35921000000,,40.22,,,,,,,,,,,,,,,,,,,,,,true,false,3,2020-04-01,2020-06-30,-1
2021-07-30,95030,2022-03-31,1,2500000000000,-0.192,,,,,90000000000,-0.382,100000000000,-0.350,,70000000000,,78.38,,,,,,,,,,,,,,,,,,,,,,true,true,12,2021-04-01,2022-03-31,0
2021-07-30,95030,2021-03-31,1,,,,,,,,,,,,,,,,,,,,8075755000000,1725557000000,0.209,,1684528000000,,,,,,,,,,,,true,false,12,2020-04-01,2021-03-31,-1
2021-07-30,95030,2021-03-31,1,,,,,,,,,,,,,,,,,,,,,,,,,,,,,50.00,,,,938733028,45616692,,false,false,12,2020-04-01,2021-03-31,-1
2021-07-30,95030,2022-03-31,1,,,,,,,,,,,,,,,,,,,,,,,,,,,,,50.00,,,,,,,false,true,12,2021-04-01,2022-03-31,0
2021-07-30,95030,2022-03-31,1,,,,,,,,,,,,,,,,,,,,,,,,,,,,,,,,,938733028,45619157,893113404,false,false,3,2021-04-01,2021-06-30,0
2021-07-30,95030,2021-03-31,1,,,,,,,,,,,,,,,,,,,,,,,,,,,,,,,,,,,893139012,false,false,3,2020-04-01,2020-06-30,-1
2021-10-28,95030,2022-03-31,2,1258894000000,-0.162,,,,,111131000000,-0.257,127012000000,-0.177,,93187000000,,104.36,,,,,,8300639000000,1750378000000,0.206,,1707325000000,,,,,,,,,,,,true,false,6,2021-04-01,2021-09-30,0
2021-10-28,95030,2021-03-31,2,1502795000000,-0.080,,,,,149518000000,0.028,154363000000,-0.006,,110409000000,,123.62,,,,,,,,,,,,,,,,,,,,,,true,false,6,2020-04-01,2020-09-30,-1
2021-10-28,95030,2022-03-31,2,2500000000000,-0.192,,,,,90000000000,-0.382,100000000000,-0.350,,70000000000,,78.40,,,,,,,,,,,,,,,,,,,,,,true,true,12,2021-04-01,2022-03-31,0
2021-10-28,95030,2021-03-31,2,,,,,,,,,,,,,,,,,,,,8075755000000,1725557000000,0.209,,1684528000000,,,,,,,,,,,,true,false,12,2020-04-01,2021-03-31,-1
2021-10-28,95030,2021-03-31,2,,,,,,,,,,,,,,,,,,,,,,,,,,,,,50.00,,,,938733028,45616692,,false,false,12,2020-04-01,2021-03-31,-1
2021-10-28,95030,2022-03-31,2,,,,,,,,,,,,,,,,,,,,,,,,,,,,,25.00,,,,,,,false,false,12,2021-04-01,2022-03-31,0
2021-10-28,95030,2022-03-31,2,,,,,,,,,,,,,,,,,,,,,,,,,,,,,50.00,,,,,,,false,true,12,2021-04-01,2022-03-31,0
2021-10-28,95030,2022-03-31,2,,,,,,,,,,,,,,,,,,,,,,,,,,,,,,,,,938733028,46018738,892982144,false,false,6,2021-04-01,2021-09-30,0
2021-10-28,95030,2021-03-31,2,,,,,,,,,,,,,,,,,,,,,,,,,,,,,,,,,,,893137663,false,false,6,2020-04-01,2020-09-30,-1
2022-01-28,95030,2022-03-31,3,1949771000000,-0.107,,,,,88331000000,-0.382,114703000000,-0.288,,73588000000,,82.42,,,,,,8368178000000,1712771000000,0.199,,1667053000000,,,,,,,,,,,,true,false,9,2021-04-01,2021-12-31,0
2022-01-28,95030,2021-03-31,3,2184240000000,-0.075,,,,,142997000000,-0.153,161140000000,-0.141,,115158000000,,128.94,,,,,,,,,,,,,,,,,,,,,,true,false,9,2020-04-01,2020-12-31,-1
2022-01-28,95030,2022-03-31,3,2800000000000,-0.095,,,,,70000000000,-0.520,100000000000,-0.350,,65000000000,,72.80,,,,,,,,,,,,,,,,,,,,,,true,true,12,2021-04-01,2022-03-31,0
2022-01-28,95030,2021-03-31,3,,,,,,,,,,,,,,,,,,,,8075755000000,1725557000000,0.209,,1684528000000,,,,,,,,,,,,true,false,12,2020-04-01,2021-03-31,-1
2022-01-28,95030,2021-03-31,3,,,,,,,,,,,,,,,,,,,,,,,,,,,,,50.00,,,,938733028,45616692,,false,false,12,2020-04-01,2021-03-31,-1
2022-01-28,95030,2022-03-31,3,,,,,,,,,,,,,,,,,,,,,,,,,,,,,25.00,,,,,,,false,false,12,2021-04-01,2022-03-31,0
2022-01-28,95030,2022-03-31,3,,,,,,,,,,,,,,,,,,,,,,,,,,,,,50.00,,,,,,,false,true,12,2021-04-01,2022-03-31,0
2022-01-28,95030,2022-03-31,3,,,,,,,,,,,,,,,,,,,,,,,,,,,,,,,,,938733028,46025771,892891402,false,false,9,2021-04-01,2021-12-31,0
2022-01-28,95030,2021-03-31,3,,,,,,,,,,,,,,,,,,,,,,,,,,,,,,,,,,,893134391,false,false,9,2020-04-01,2020-12-31,-1
2022-04-27,95030,2022-03-31,,2851894000000,-0.078,,,,,99325000000,-0.319,135955000000,-0.116,,85835000000,,96.14,,0.051,0.016,0.035,,8656430000000,1705557000000,0.192,1859.50,1659574000000,410315000000,-532630000000,318769000000,490491000000,,0.520,,,,,,true,false,12,2021-04-01,2022-03-31,0
2022-04-27,95030,2021-03-31,,3092398000000,-0.029,,,,,145746000000,-0.296,153850000000,-0.273,,108978000000,,122.02,,0.066,0.020,0.047,,8075755000000,1725557000000,0.209,1886.12,1684528000000,369215000000,-660755000000,325643000000,291266000000,,0.410,,,,,,true,false,12,2020-04-01,2021-03-31,-1
2022-04-27,95030,2023-03-31,,3420000000000,0.199,,,,,-110000000000,,-100000000000,,,-75000000000,,-84.04,,,,,,,,,,,,,,,,,,,,,,true,true,12,2022-04-01,2023-03-31,1
2022-04-27,95030,2022-03-31,,2177650000000,-0.066,,,,,23568000000,,113478000000,2.142,104536000000,,1.646,117.05,,,,,,7396364000000,972577000000,0.131,1089.37,972577000000,,,,,50.00,,,,938733028,46248567,892826254,false,false,12,2021-04-01,2022-03-31,0
2022-04-27,95030,2021-03-31,,2332608000000,,,,,,-5768000000,,36117000000,,39503000000,,,44.22,,,,,,6858406000000,1017500000000,0.148,1138.88,1017500000000,,,,,50.00,,,,938733028,45616692,893130560,false,false,12,2020-04-01,2021-03-31,-1
2022-07-29,95030,2023-03-31,1,767567000000,0.349,,,,,-43201000000,,-17129000000,,,-11434000000,,-12.81,,,,,,8619794000000,1724841000000,0.194,,1672102000000,,,,,,,,,,,,true,false,3,2022-04-01,2022-06-30,0
2022-07-29,95030,2022-03-31,1,568844000000,-0.189,,,,,21645000000,-0.554,23171000000,-0.537,,15267000000,,17.09,,,,,,,,,,,,,,,,,,,,,,true,false,3,2021-04-01,2021-06-30,-1
2022-07-29,95030,2023-03-31,1,3420000000000,0.199,,,,,-110000000000,,-100000000000,,,-75000000000,,-84.03,,,,,,,,,,,,,,,,,,,,,,true,true,12,2022-04-01,2023-03-31,0
2022-07-29,95030,2022-03-31,1,,,,,,,,,,,,,,,,,,,,8656430000000,1705557000000,0.192,,1659574000000,,,,,,,,,,,,true,false,12,2021-04-01,2022-03-31,-1
2022-07-29,95030,2022-03-31,1,,,,,,,,,,,,,,,,,,,,,,,,,,,,,50.00,,,,938733028,46248567,,false,false,12,2021-04-01,2022-03-31,-1
2022-07-29,95030,2023-03-31,1,,,,,,,,,,,,,,,,,,,,,,,,,,,,,,,,,938733028,46242540,892484466,false,false,3,2022-04-01,2022-06-30,0
2022-07-29,95030,2022-03-31,1,,,,,,,,,,,,,,,,,,,,,,,,,,,,,,,,,,,893113404,false,false,3,2021-04-01,2021-06-30,-1
2022-10-31,95030,2023-03-31,2,1784207000000,0.417,,,,,-151916000000,,-111855000000,,,-76382000000,,-85.58,,,,,,8834735000000,1678390000000,0.184,,1625533000000,,,,,,,,,,,,true,false,6,2022-04-01,2022-09-30,0
2022-10-31,95030,2022-03-31,2,1258894000000,-0.162,,,,,111131000000,-0.257,127012000000,-0.177,,93187000000,,104.36,,,,,,,,,,,,,,,,,,,,,,true,false,6,2021-04-01,2021-09-30,-1
2022-10-31,95030,2023-03-31,2,4150000000000,0.455,,,,,-250000000000,,-200000000000,,,-145000000000,,-162.46,,,,,,,,,,,,,,,,,,,,,,true,true,12,2022-04-01,2023-03-31,0
2022-10-31,95030,2022-03-31,2,,,,,,,,,,,,,,,,,,,,8656430000000,1705557000000,0.192,,1659574000000,,,,,,,,,,,,true,false,12,2021-04-01,2022-03-31,-1
2022-10-31,95030,2022-03-31,2,,,,,,,,,,,,,,,,,,,,,,,,,,,,,50.00,,,,938733028,46248567,,false,false,12,2021-04-01,2022-03-31,-1
2022-10-31,95030,2023-03-31,2,,,,,,,,,,,,,,,,,,,,,,,,,,,,,25.00,,,,,,,false,false,12,2022-04-01,2023-03-31,0
2022-10-31,95030,2023-03-31,2,,,,,,,,,,,,,,,,,,,,,,,,,,,,,,,,,938733028,46221519,892499308,false,false,6,2022-04-01,2022-09-30,0
2022-10-31,95030,2022-03-31,2,,,,,,,,,,,,,,,,,,,,,,,,,,,,,,,,,,,892982144,false,false,6,2021-04-01,2021-09-30,-1
2023-01-31,95030,2023-03-31,3,2773136000000,0.422,,,,,-219325000000,,-177789000000,,,-124427000000,,-139.41,,,,,,8891519000000,1692443000000,0.185,,1640581000000,,,,,,,,,,,,true,false,9,2022-04-01,2022-12-31,0
2023-01-31,95030,2022-03-31,3,1949771000000,-0.107,,,,,88331000000,-0.382,114703000000,-0.288,,73588000000,,82.42,,,,,,,,,,,,,,,,,,,,,,true,false,9,2021-04-01,2021-12-31,-1
2023-01-31,95030,2023-03-31,3,4050000000000,0.420,,,,,-100000000000,,-55000000000,,,-45000000000,,-50.42,,,,,,,,,,,,,,,,,,,,,,true,true,12,2022-04-01,2023-03-31,0
2023-01-31,95030,2022-03-31,3,,,,,,,,,,,,,,,,,,,,8656430000000,1705557000000,0.192,,1659574000000,,,,,,,,,,,,true,false,12,2021-04-01,2022-03-31,-1
2023-01-31,95030,2022-03-31,3,,,,,,,,,,,,,,,,,,,,,,,,,,,,,50.00,,,,938733028,46248567,,false,false,12,2021-04-01,2022-03-31,-1
2023-01-31,95030,2023-03-31,3,,,,,,,,,,,,,,,,,,,,,,,,,,,,,25.00,,,,,,,false,false,12,2022-04-01,2023-03-31,0
2023-01-31,95030,2023-03-31,3,,,,,,,,,,,,,,,,,,,,,,,,,,,,,,,,,938733028,46228598,892501869,false,false,9,2022-04-01,2022-12-31,0
2023-01-31,95030,2022-03-31,3,,,,,,,,,,,,,,,,,,,,,,,,,,,,,,,,,,,892891402,false,false,9,2021-04-01,2021-12-31,-1
2023-04-27,95030,2023-03-31,,3951884000000,0.386,,,,,-52056000000,,-6666000000,,,17679000000,,19.81,,0.010,-0.001,-0.013,,8774425000000,1839782000000,0.204,2004.24,1788781000000,128038000000,-417884000000,117104000000,322235000000,,2.524,,,,,,true,false,12,2022-04-01,2023-03-31,0
2023-04-27,95030,2022-03-31,,2851894000000,-0.078,,,,,99325000000,-0.319,135955000000,-0.116,,85835000000,,96.14,,0.051,0.016,0.035,,8656430000000,1705557000000,0.192,1859.50,1659574000000,410315000000,-532630000000,318769000000,490491000000,,0.520,,,,,,true,false,12,2021-04-01,2022-03-31,-1
2023-04-27,95030,2024-03-31,,4300000000000,0.088,,,,,410000000000,,425000000000,,,305000000000,,341.74,,,,,,,,,,,,,,,,0.146,,,,,,true,true,12,2023-04-01,2024-03-31,1
2023-04-27,95030,2023-03-31,,3158856000000,0.451,,,,,-107652000000,,-20045000000,,33564000000,,-0.679,37.59,,,,,,7474872000000,1071013000000,0.143,1199.61,1071013000000,,,,,50.00,,,,938733028,46236287,892501269,false,false,12,2022-04-01,2023-03-31,0
2023-04-27,95030,2022-03-31,,2177650000000,-0.066,,,,,23568000000,,113478000000,2.142,104536000000,,1.646,117.05,,,,,,7396364000000,972577000000,0.131,1089.37,972577000000,,,,,50.00,,,,938733028,46248567,892826254,false,false,12,2021-04-01,2022-03-31,-1
2023-04-27,95030,2024-03-31,,,,,,,,,,,,,,,,,,,,,,,,,,,,,,50.00,,,,,,,false,true,12,2023-04-01,2024-03-31,1
2023-07-28,95030,2024-03-31,1,966593000000,0.259,,,,,256367000000,,268302000000,,,193181000000,,216.45,,,,,,8701349000000,2056818000000,0.230,,2000172000000,,,,,,,,,,,,true,false,3,2023-04-01,2023-06-30,0
2023-07-28,95030,2023-03-31,1,767567000000,0.349,,,,,-43201000000,,-17129000000,,,-11434000000,,-12.81,,,,,,,,,,,,,,,,,,,,,,true,false,3,2022-04-01,2022-06-30,-1
2023-07-28,95030,2024-03-31,1,4300000000000,0.088,,,,,410000000000,,425000000000,,,305000000000,,341.73,,,,,,,,,,,,,,,,,,,,,,true,true,12,2023-04-01,2024-03-31,0
2023-07-28,95030,2023-03-31,1,,,,,,,,,,,,,,,,,,,,8774425000000,1839782000000,0.204,,1788781000000,,,,,,,,,,,,true,false,12,2022-04-01,2023-03-31,-1
2023-07-28,95030,2023-03-31,1,,,,,,,,,,,,,,,,,,,,,,,,,,,,,50.00,,,,938733028,46236287,,false,false,12,2022-04-01,2023-03-31,-1
2023-07-28,95030,2024-03-31,1,,,,,,,,,,,,,,,,,,,,,,,,,,,,,50.00,,,,,,,false,true,12,2023-04-01,2024-03-31,0
2023-07-28,95030,2024-03-31,1,,,,,,,,,,,,,,,,,,,,,,,,,,,,,,,,,938733028,46221832,892499344,false,false,3,2023-04-01,2023-06-30,0
2023-07-28,95030,2023-03-31,1,,,,,,,,,,,,,,,,,,,,,,,,,,,,,,,,,,,892484466,false,false,3,2022-04-01,2022-06-30,-1
2023-10-30,95030,2024-03-31,2,2073046000000,0.162,,,,,488226000000,,511152000000,,,371059000000,,415.75,,,,,,8892391000000,2264412000000,0.248,,2208387000000,,,,,,,,,,,,true,false,6,2023-04-01,2023-09-30,0
2023-10-30,95030,2023-03-31,2,1784207000000,0.417,,,,,-151916000000,,-111855000000,,,-76382000000,,-85.58,,,,,,,,,,,,,,,,,,,,,,true,false,6,2022-04-01,2022-09-30,-1
2023-10-30,95030,2024-03-31,2,4050000000000,0.025,,,,,530000000000,,570000000000,,,405000000000,,453.77,,,,,,,,,,,,,,,,,,,,,,true,true,12,2023-04-01,2024-03-31,0
2023-10-30,95030,2023-03-31,2,,,,,,,,,,,,,,,,,,,,8774425000000,1839782000000,0.204,,1788781000000,,,,,,,,,,,,true,false,12,2022-04-01,2023-03-31,-1
2023-10-30,95030,2023-03-31,2,,,,,,,,,,,,,,,,,,,,,,,,,,,,,50.00,,,,938733028,46236287,,false,false,12,2022-04-01,2023-03-31,-1
2023-10-30,95030,2024-03-31,2,,,,,,,,,,,,,,,,,,,,,,,,,,,,,25.00,,,,,,,false,false,12,2023-04-01,2024-03-31,0
2023-10-30,95030,2024-03-31,2,,,,,,,,,,,,,,,,,,,,,,,,,,,,,50.00,,,,,,,false,true,12,2023-04-01,2024-03-31,0
2023-10-30,95030,2024-03-31,2,,,,,,,,,,,,,,,,,,,,,,,,,,,,,,,,,938733028,46196962,892518145,false,false,6,2023-04-01,2023-09-30,0
2023-10-30,95030,2023-03-31,2,,,,,,,,,,,,,,,,,,,,,,,,,,,,,,,,,,,892499308,false,false,6,2022-04-01,2022-09-30,-1
2023-12-19,95030,2024-03-31,,4050000000000,0.000,,,,,530000000000,0.000,570000000000,0.000,,290000000000,,324.92,,,,,,,,,,,,,,,,,,,,,,true,true,12,2023-04-01,2024-03-31,0
2023-12-19,95030,2023-03-31,,3951884000000,,,,,,-52056000000,,-6666000000,,,17679000000,,19.81,,,,,,,,,,,,,,,,,,,,,,true,false,12,2022-04-01,2023-03-31,-1
2024-01-31,95030,2024-03-31,3,2998064000000,0.081,,,,,612692000000,,639414000000,,,351035000000,,393.31,,,,,,8756949000000,2216813000000,0.247,,2160112000000,,,,,,,,,,,,true,false,9,2023-04-01,2023-12-31,0
2024-01-31,95030,2023-03-31,3,2773136000000,0.422,,,,,-219325000000,,-177789000000,,,-124427000000,,-139.41,,,,,,,,,,,,,,,,,,,,,,true,false,9,2022-04-01,2022-12-31,-1
2024-01-31,95030,2024-03-31,3,4050000000000,0.025,,,,,530000000000,,570000000000,,,290000000000,,324.92,,,,,,,,,,,,,,,,,,,,,,true,true,12,2023-04-01,2024-03-31,0
2024-01-31,95030,2023-03-31,3,,,,,,,,,,,,,,,,,,,,8774425000000,1839782000000,0.204,,1788781000000,,,,,,,,,,,,true,false,12,2022-04-01,2023-03-31,-1
2024-01-31,95030,2023-03-31,3,,,,,,,,,,,,,,,,,,,,,,,,,,,,,50.00,,,,938733028,46236287,,false,false,12,2022-04-01,2023-03-31,-1
2024-01-31,95030,2024-03-31,3,,,,,,,,,,,,,,,,,,,,,,,,,,,,,25.00,,,,,,,false,false,12,2023-04-01,2024-03-31,0
2024-01-31,95030,2024-03-31,3,,,,,,,,,,,,,,,,,,,,,,,,,,,,,50.00,,,,,,,false,true,12,2023-04-01,2024-03-31,0
2024-01-31,95030,2024-03-31,3,,,,,,,,,,,,,,,,,,,,,,,,,,,,,,,,,938733028,46207267,892521684,false,false,9,2023-04-01,2023-12-31,0
2024-01-31,95030,2023-03-31,3,,,,,,,,,,,,,,,,,,,,,,,,,,,,,,,,,,,892501869,false,false,9,2022-04-01,2022-12-31,-1
2024-04-30,95030,2024-03-31,,4059378000000,0.027,,,,,728935000000,,765970000000,,,441870000000,,495.09,,0.218,0.086,0.180,,9032917000000,2333248000000,0.252,2547.28,2273157000000,1154990000000,-428049000000,-488906000000,564427000000,,0.101,,,,,,true,false,12,2023-04-01,2024-03-31,0
2024-04-30,95030,2023-03-31,,3951884000000,0.386,,,,,-52056000000,,-6666000000,,,17679000000,,19.81,,0.010,-0.001,-0.013,,8774425000000,1839782000000,0.204,2004.24,1788781000000,128038000000,-417884000000,117104000000,322235000000,,2.524,,,,,,true,false,12,2022-04-01,2023-03-31,-1
2024-04-30,95030,2025-03-31,,4450000000000,0.096,,,,,330000000000,-0.547,360000000000,-0.530,,260000000000,,291.35,,,,,,,,,,,,,,,,0.206,,,,,,true,true,12,2024-04-01,2025-03-31,1
2024-04-30,95030,2024-03-31,,3213334000000,0.017,,,,,476195000000,,570948000000,,324822000000,,8.677,363.82,,,,,,7554755000000,1387472000000,0.184,1554.25,1387472000000,,,,,50.00,,,,938733028,46347485,892508179,false,false,12,2023-04-01,2024-03-31,0
2024-04-30,95030,2023-03-31,,3158856000000,0.451,,,,,-107652000000,,-20045000000,,33564000000,,-0.679,37.59,,,,,,7474872000000,1071013000000,0.143,1199.61,1071013000000,,,,,50.00,,,,938733028,46236287,892501269,false,false,12,2022-04-01,2023-03-31,-1
2024-04-30,95030,2025-03-31,,,,,,,,,,,,,,,,,,,,,,,,,,,,,,60.00,,,,,,,false,true,12,2024-04-01,2025-03-31,1
2024-07-30,95030,2025-03-31,1,984149000000,0.018,,,,,148773000000,-0.420,168962000000,-0.370,,115775000000,,129.74,,,,,,8987002000000,2469313000000,0.267,,2403683000000,,,,,,,,,,,,true,false,3,2024-04-01,2024-06-30,0
2024-07-30,95030,2024-03-31,1,966593000000,0.259,,,,,256367000000,,268302000000,,,193181000000,,216.45,,,,,,,,,,,,,,,,,,,,,,true,false,3,2023-04-01,2023-06-30,-1
2024-07-30,95030,2025-03-31,1,4450000000000,0.096,,,,,330000000000,-0.547,360000000000,-0.530,,260000000000,,291.37,,,,,,,,,,,,,,,,,,,,,,true,true,12,2024-04-01,2025-03-31,0
2024-07-30,95030,2024-03-31,1,,,,,,,,,,,,,,,,,,,,9032917000000,2333248000000,0.252,,2273157000000,,,,,,,,,,,,true,false,12,2023-04-01,2024-03-31,-1
2024-07-30,95030,2024-03-31,1,,,,,,,,,,,,,,,,,,,,,,,,,,,,,50.00,,,,938733028,46347485,,false,false,12,2023-04-01,2024-03-31,-1
2024-07-30,95030,2025-03-31,1,,,,,,,,,,,,,,,,,,,,,,,,,,,,,60.00,,,,,,,false,true,12,2024-04-01,2025-03-31,0
2024-07-30,95030,2025-03-31,1,,,,,,,,,,,,,,,,,,,,,,,,,,,,,,,,,938733028,46394290,892335737,false,false,3,2024-04-01,2024-06-30,0
2024-07-30,95030,2024-03-31,1,,,,,,,,,,,,,,,,,,,,,,,,,,,,,,,,,,,892499344,false,false,3,2023-04-01,2023-06-30,-1
2024-10-30,95030,2025-03-31,2,2136504000000,0.031,,,,,297233000000,-0.391,319239000000,-0.375,,228833000000,,256.44,,,,,,9149472000000,2548280000000,0.272,,2489661000000,,,,,,,,,,,,true,false,6,2024-04-01,2024-09-30,0
2024-10-30,95030,2024-03-31,2,2073046000000,0.162,,,,,488226000000,,511152000000,,,371059000000,,415.75,,,,,,,,,,,,,,,,,,,,,,true,false,6,2023-04-01,2023-09-30,-1
2024-10-30,95030,2025-03-31,2,4450000000000,0.096,,,,,330000000000,-0.547,360000000000,-0.530,,260000000000,,291.36,,,,,,,,,,,,,,,,,,,,,,true,true,12,2024-04-01,2025-03-31,0
2024-10-30,95030,2024-03-31,2,,,,,,,,,,,,,,,,,,,,9032917000000,2333248000000,0.252,,2273157000000,,,,,,,,,,,,true,false,12,2023-04-01,2024-03-31,-1
2024-10-30,95030,2024-03-31,2,,,,,,,,,,,,,,,,,,,,,,,,,,,,,50.00,,,,938733028,46347485,,false,false,12,2023-04-01,2024-03-31,-1
2024-10-30,95030,2025-03-31,2,,,,,,,,,,,,,,,,,,,,,,,,,,,,,30.00,,,,,,,false,false,12,2024-04-01,2025-03-31,0
2024-10-30,95030,2025-03-31,2,,,,,,,,,,,,,,,,,,,,,,,,,,,,,60.00,,,,,,,false,true,12,2024-04-01,2025-03-31,0
2024-10-30,95030,2025-03-31,2,,,,,,,,,,,,,,,,,,,,,,,,,,,,,,,,,938733028,46358139,892356900,false,false,6,2024-04-01,2024-09-30,0
2024-10-30,95030,2024-03-31,2,,,,,,,,,,,,,,,,,,,,,,,,,,,,,,,,,,,892518145,false,false,6,2023-04-01,2023-09-30,-1
2025-01-31,95030,2025-03-31,3,3152621000000,0.052,,,,,399843000000,-0.347,455979000000,-0.287,,362294000000,,396.43,,,,,,9569826000000,3040996000000,0.307,,2939842000000,,,,,,,,,,,,true,false,9,2024-04-01,2024-12-31,0
2025-01-31,95030,2024-03-31,3,2998064000000,0.081,,,,,612692000000,,639414000000,,,351035000000,,393.31,,,,,,,,,,,,,,,,,,,,,,true,false,9,2023-04-01,2023-12-31,-1
2025-01-31,95030,2025-03-31,3,4350000000000,0.072,,,,,400000000000,-0.451,450000000000,-0.413,,365000000000,,378.66,,,,,,,,,,,,,,,,,,,,,,true,true,12,2024-04-01,2025-03-31,0
2025-01-31,95030,2024-03-31,3,,,,,,,,,,,,,,,,,,,,9032917000000,2333248000000,0.252,,2273157000000,,,,,,,,,,,,true,false,12,2023-04-01,2024-03-31,-1
2025-01-31,95030,2024-03-31,3,,,,,,,,,,,,,,,,,,,,,,,,,,,,,50.00,,,,938733028,46347485,,false,false,12,2023-04-01,2024-03-31,-1
2025-01-31,95030,2025-03-31,3,,,,,,,,,,,,,,,,,,,,,,,,,,,,,30.00,,,,,,,false,false,12,2024-04-01,2025-03-31,0
2025-01-31,95030,2025-03-31,3,,,,,,,,,,,,,,,,,,,,,,,,,,,,,60.00,,,,,,,false,true,12,2024-04-01,2025-03-31,0
2025-01-31,95030,2025-03-31,3,,,,,,,,,,,,,,,,,,,,,,,,,,,,,,,,,1087019628,879856,913891382,false,false,9,2024-04-01,2024-12-31,0
2025-01-31,95030,2024-03-31,3,,,,,,,,,,,,,,,,,,,,,,,,,,,,,,,,,,,892521684,false,false,9,2023-04-01,2023-12-31,-1
2025-04-30,95030,2025-03-31,,4337111000000,0.068,,,,,468877000000,-0.357,531686000000,-0.306,,420364000000,,436.09,,0.157,0.057,0.108,,9652655000000,3107452000000,0.318,2752.01,3065856000000,589831000000,-342062000000,122850000000,941432000000,,0.138,,,,,,true,false,12,2024-04-01,2025-03-31,0
2025-04-30,95030,2024-03-31,,4059378000000,0.027,,,,,728935000000,,765970000000,,,441870000000,,495.09,,0.218,0.086,0.180,,9032917000000,2333248000000,0.252,2547.28,2273157000000,1154990000000,-428049000000,-488906000000,564427000000,,0.101,,,,,,true,false,12,2023-04-01,2024-03-31,-1
2025-04-30,95030,2026-03-31,,4000000000000,-0.078,,,,,380000000000,-0.190,400000000000,-0.248,,295000000000,,264.80,,,,,,,,,,,,,,,,0.227,,,,,,true,true,12,2025-04-01,2026-03-31,1
2025-04-30,95030,2025-03-31,,3465690000000,0.079,,,,,292535000000,-0.386,387653000000,-0.321,314339000000,,-0.032,326.00,,,,,,8117839000000,2037042000000,0.251,1828.00,2037042000000,,,,,60.00,,,,1114927528,885830,963929410,false,false,12,2024-04-01,2025-03-31,0
2025-04-30,95030,2024-03-31,,3213334000000,0.017,,,,,476195000000,,570948000000,,324822000000,,8.677,363.82,,,,,,7554755000000,1387472000000,0.184,1554.25,1387472000000,,,,,50.00,,,,938733028,46347485,892508179,false,false,12,2023-04-01,2024-03-31,-1
2025-04-30,95030,2026-03-31,,,,,,,,,,,,,,,,,,,,,,,,,,,,,,60.00,,,,,,,false,true,12,2025-04-01,2026-03-31,1
2025-04-30,95030,2025-03-31,,4337111000000,0.068,,,,,468877000000,-0.357,531686000000,-0.306,,420364000000,,436.09,,0.157,0.057,0.108,,9652655000000,3107452000000,0.318,2752.01,3065856000000,575299000000,-342353000000,137673000000,941432000000,,0.138,,,,,,true,false,12,2024-04-01,2025-03-31,0
2025-04-30,95030,2024-03-31,,4059378000000,0.027,,,,,728935000000,,765970000000,,,441870000000,,495.09,,0.218,0.086,0.180,,9032917000000,2333248000000,0.252,2547.28,2273157000000,1154990000000,-428049000000,-488906000000,564427000000,,0.101,,,,,,true,false,12,2023-04-01,2024-03-31,-1
2025-04-30,95030,2026-03-31,,4000000000000,-0.078,,,,,380000000000,-0.190,400000000000,-0.248,,295000000000,,264.80,,,,,,,,,,,,,,,,0.227,,,,,,true,true,12,2025-04-01,2026-03-31,1
2025-04-30,95030,2025-03-31,,3465690000000,0.079,,,,,292535000000,-0.386,387653000000,-0.321,314339000000,,-0.032,326.00,,,,,,8117839000000,2037042000000,0.251,1828.00,2037042000000,,,,,60.00,,,,1114927528,885830,963929410,false,false,12,2024-04-01,2025-03-31,0
2025-04-30,95030,2024-03-31,,3213334000000,0.017,,,,,476195000000,,570948000000,,324822000000,,8.677,363.82,,,,,,7554755000000,1387472000000,0.184,1554.25,1387472000000,,,,,50.00,,,,938733028,46347485,892508179,false,false,12,2023-04-01,2024-03-31,-1
2025-04-30,95030,2026-03-31,,,,,,,,,,,,,,,,,,,,,,,,,,,,,,60.00,,,,,,,false,true,12,2025-04-01,2026-03-31,1
2025-07-30,95030,2026-03-31,1,917791000000,-0.067,,,,,128949000000,-0.133,134672000000,-0.203,,99163000000,,89.01,,,,,,9389212000000,3151006000000,0.331,,3110882000000,,,,,,,,,,,,true,false,3,2025-04-01,2025-06-30,0
2025-07-30,95030,2025-03-31,1,984149000000,0.018,,,,,148773000000,-0.420,168962000000,-0.370,,115775000000,,129.74,,,,,,,,,,,,,,,,,,,,,,true,false,3,2024-04-01,2024-06-30,-1
2025-07-30,95030,2026-03-31,1,4000000000000,-0.078,,,,,380000000000,-0.190,400000000000,-0.248,,295000000000,,264.80,,,,,,,,,,,,,,,,,,,,,,true,true,12,2025-04-01,2026-03-31,0
2025-07-30,95030,2025-03-31,1,,,,,,,,,,,,,,,,,,,,9652655000000,3107452000000,0.318,,3065856000000,,,,,,,,,,,,true,false,12,2024-04-01,2025-03-31,-1
2025-07-30,95030,2025-03-31,1,,,,,,,,,,,,,,,,,,,,,,,,,,,,,60.00,,,,1114927528,885830,,false,false,12,2024-04-01,2025-03-31,-1
2025-07-30,95030,2026-03-31,1,,,,,,,,,,,,,,,,,,,,,,,,,,,,,60.00,,,,,,,false,true,12,2025-04-01,2026-03-31,0
2025-07-30,95030,2026-03-31,1,,,,,,,,,,,,,,,,,,,,,,,,,,,,,,,,,1114927528,866877,1114047720,false,false,3,2025-04-01,2025-06-30,0
2025-07-30,95030,2025-03-31,1,,,,,,,,,,,,,,,,,,,,,,,,,,,,,,,,,,,892335737,false,false,3,2024-04-01,2024-06-30,-1
