filing_date,code,fiscal_year_end,quarterly_period,net_sales,net_sales_change,revenue,revenue_change,operating_revenue,operating_revenue_change,operating_profit,operating_profit_change,ordinary_profit,ordinary_profit_change,net_income,net_income_of_parent,net_income_change,eps,diluted_eps,roe,roa,operating_profit_to_net_sales,operating_profit_to_revenue,total_assets,net_assets,equity_ratio,bps,owner_equity,operating_cash_flow,investing_cash_flow,financing_cash_flow,cash,dividend_per_share,payout_ratio,commemorative_dividend,extra_dividend,number_of_shares,number_of_treqsury_shares,avg_number_of_shares,is_consolidated,is_forecast,duration,period_start,period_end,period_pos
2015-04-28,95040,2015-03-31,,1299624000000,0.035,,,,,71341000000,6.933,58798000000,,33852000000,,,93.38,92.32,0.056,0.019,0.055,,3106275000000,624875000000,0.200,1710.60,619887000000,153120000000,-150891000000,101892000000,191594000000,,0.535,,,,,,true,false,12,2014-04-01,2015-03-31,0
2015-04-28,95040,2014-03-31,,1256054000000,0.047,,,,,8992000000,,-3632000000,,-9384000000,,,-25.88,,-0.015,-0.001,0.007,,2948019000000,606482000000,0.204,1659.34,601679000000,110682000000,-134662000000,25783000000,87430000000,,,,,,,,true,false,12,2013-04-01,2014-03-31,-1
2015-04-28,95040,2016-03-31,,1254000000000,-0.035,,,,,,,,,,,,,,,,,,,,,,,,,,,,,,,,,,true,true,12,2015-04-01,2016-03-31,1
2015-04-28,95040,2015-03-31,,1221848000000,0.034,,,,,60495000000,,49879000000,,30306000000,,,83.56,82.64,,,,,2868246000000,448725000000,0.156,1237.32,448725000000,,,,,50.00,,,,371055259,8674328,362537476,false,false,12,2014-04-01,2015-03-31,0
2015-04-28,95040,2014-03-31,,1181173000000,0.044,,,,,-3112000000,,-18267000000,,-18861000000,,,-52.00,,,,,,2739232000000,438618000000,0.160,1209.39,438618000000,,,,,50.00,,,,371055259,8452785,362666256,false,false,12,2013-04-01,2014-03-31,-1
2015-04-28,95040,2016-03-31,,1175000000000,-0.038,,,,,,,,,,,,,,,,,,,,,,,,,,,,,,,,,,false,true,12,2015-04-01,2016-03-31,1
2015-07-29,95040,2016-03-31,1,302213000000,-0.017,,,,,12240000000,-0.480,9268000000,-0.530,,6869000000,,18.96,16.70,,,,,2999000000000,624901000000,0.207,,619900000000,,,,,,,,,,,,true,false,3,2015-04-01,2015-06-30,0
2015-07-29,95040,2015-03-31,1,307324000000,0.102,,,,,23531000000,,19717000000,,,12625000000,,34.82,34.82,,,,,,,,,,,,,,,,,,,,,true,false,3,2014-04-01,2014-06-30,-1
2015-07-29,95040,2016-03-31,1,1259000000000,-0.031,,,,,,,,,,,,,,,,,,,,,,,,,,,,,,,,,,true,true,12,2015-04-01,2016-03-31,0
2015-07-29,95040,2015-03-31,1,,,,,,,,,,,,,,,,,,,,3106275000000,624875000000,0.200,,619887000000,,,,,,,,,,,,true,false,12,2014-04-01,2015-03-31,-1
2015-07-29,95040,2015-03-31,1,,,,,,,,,,,,,,,,,,,,,,,,,,,,,50.00,,,,371055259,8674328,,false,false,12,2014-04-01,2015-03-31,-1
2015-07-29,95040,2016-03-31,1,,,,,,,,,,,,,,,,,,,,,,,,,,,,,,,,,371055259,8678514,362378149,false,false,3,2015-04-01,2015-06-30,0
2015-07-29,95040,2015-03-31,1,,,,,,,,,,,,,,,,,,,,,,,,,,,,,,,,,,,362600596,false,false,3,2014-04-01,2014-06-30,-1
2015-10-30,95040,2016-03-31,2,620743000000,-0.029,,,,,29192000000,-0.384,23702000000,-0.418,,20845000000,,57.53,50.69,,,,,3064084000000,632746000000,0.205,,627773000000,,,,,,,,,,,,true,false,6,2015-04-01,2015-09-30,0
2015-10-30,95040,2015-03-31,2,639473000000,0.050,,,,,47370000000,3.562,40740000000,,,27911000000,,76.98,76.97,,,,,,,,,,,,,,,,,,,,,true,false,6,2014-04-01,2014-09-30,-1
2015-10-30,95040,2016-03-31,2,1246000000000,-0.041,,,,,28000000000,-0.608,13000000000,-0.779,,11000000000,,30.36,,,,,,,,,,,,,,,,,,,,,,true,true,12,2015-04-01,2016-03-31,0
2015-10-30,95040,2015-03-31,2,,,,,,,,,,,,,,,,,,,,3106275000000,624875000000,0.200,,619887000000,,,,,,,,,,,,true,false,12,2014-04-01,2015-03-31,-1
2015-10-30,95040,2015-03-31,2,,,,,,,,,,,,,,,,,,,,,,,,,,,,,50.00,,,,371055259,8674328,,false,false,12,2014-04-01,2015-03-31,-1
2015-10-30,95040,2016-03-31,2,,,,,,,,,,,,,,,,,,,,,,,,,,,,,25.00,,,,,,,false,false,12,2015-04-01,2016-03-31,0
2015-10-30,95040,2016-03-31,2,,,,,,,,,,,,,,,,,,,,,,,,,,,,,,,,,371055259,8686479,362375114,false,false,6,2015-04-01,2015-09-30,0
2015-10-30,95040,2015-03-31,2,,,,,,,,,,,,,,,,,,,,,,,,,,,,,,,,,,,362583417,false,false,6,2014-04-01,2014-09-30,-1
2015-10-30,95040,2016-03-31,,1246000000000,-0.010,,,,,28000000000,,13000000000,,,11000000000,,30.36,,,,,,,,,,,,,,,,,,,,,,true,true,12,2015-04-01,2016-03-31,0
2015-10-30,95040,2015-03-31,,1299624000000,,,,,,71341000000,,58798000000,,,33852000000,,93.38,,,,,,,,,,,,,,,,,,,,,,true,false,12,2014-04-01,2015-03-31,-1
2015-10-30,95040,2016-03-31,,1166000000000,-0.012,,,,,20000000000,,10000000000,,8000000000,,,22.06,,,,,,,,,,,,,,,,,,,,,,false,true,12,2015-04-01,2016-03-31,0
2015-10-30,95040,2015-03-31,,1221848000000,,,,,,60495000000,,49879000000,,30306000000,,,83.56,,,,,,,,,,,,,,,,,,,,,,false,false,12,2014-04-01,2015-03-31,-1
2016-01-28,95040,2016-03-31,,1232000000000,-0.011,,,,,44000000000,0.571,30000000000,1.308,,20000000000,,55.19,,,,,,,,,,,,,,,,,,,,,,true,true,12,2015-04-01,2016-03-31,0
2016-01-28,95040,2015-03-31,,1299624000000,,,,,,71341000000,,58798000000,,,33852000000,,93.38,,,,,,,,,,,,,,,,,,,,,,true,false,12,2014-04-01,2015-03-31,-1
2016-01-28,95040,2016-03-31,,1152000000000,-0.012,,,,,35000000000,0.750,25000000000,1.500,16000000000,,1.000,44.12,,,,,,,,,,,,,,,,,,,,,,false,true,12,2015-04-01,2016-03-31,0
2016-01-28,95040,2015-03-31,,1221848000000,,,,,,60495000000,,49879000000,,30306000000,,,83.56,,,,,,,,,,,,,,,,,,,,,,false,false,12,2014-04-01,2015-03-31,-1
2016-01-29,95040,2016-03-31,3,907236000000,-0.038,,,,,29510000000,-0.300,19669000000,-0.390,,15232000000,,42.04,37.03,,,,,3036125000000,618513000000,0.202,,613567000000,,,,,,,,,,,,true,false,9,2015-04-01,2015-12-31,0
2016-01-29,95040,2015-03-31,3,943558000000,0.042,,,,,42174000000,,32222000000,,,21929000000,,60.48,60.47,,,,,,,,,,,,,,,,,,,,,true,false,9,2014-04-01,2014-12-31,-1
2016-01-29,95040,2016-03-31,3,1232000000000,-0.052,,,,,44000000000,-0.383,30000000000,-0.490,,20000000000,,55.19,,,,,,,,,,,,,,,,,,,,,,true,true,12,2015-04-01,2016-03-31,0
2016-01-29,95040,2015-03-31,3,,,,,,,,,,,,,,,,,,,,3106275000000,624875000000,0.200,,619887000000,,,,,,,,,,,,true,false,12,2014-04-01,2015-03-31,-1
2016-01-29,95040,2015-03-31,3,,,,,,,,,,,,,,,,,,,,,,,,,,,,,50.00,,,,371055259,8674328,,false,false,12,2014-04-01,2015-03-31,-1
2016-01-29,95040,2016-03-31,3,,,,,,,,,,,,,,,,,,,,,,,,,,,,,25.00,,,,,,,false,false,12,2015-04-01,2016-03-31,0
2016-01-29,95040,2016-03-31,3,,,,,,,,,,,,,,,,,,,,,,,,,,,,,,,,,371055259,8692746,362372841,false,false,9,2015-04-01,2015-12-31,0
2016-01-29,95040,2015-03-31,3,,,,,,,,,,,,,,,,,,,,,,,,,,,,,,,,,,,362571422,false,false,9,2014-04-01,2014-12-31,-1
2016-04-27,95040,2016-03-31,,1231572000000,-0.052,,,,,50015000000,-0.299,39226000000,-0.333,,27113000000,,74.83,65.93,0.044,0.013,0.041,,3070948000000,608535000000,0.197,1668.47,604364000000,147933000000,-194648000000,-51023000000,93475000000,,0.668,,,,,,true,false,12,2015-04-01,2016-03-31,0
2016-04-27,95040,2015-03-31,,1299624000000,0.035,,,,,71341000000,6.933,58798000000,,,33852000000,,93.38,92.32,0.056,0.019,0.055,,3106275000000,624875000000,0.200,1710.60,619887000000,153120000000,-150891000000,101892000000,191594000000,,0.535,,,,,,true,false,12,2014-04-01,2015-03-31,-1
2016-04-27,95040,2017-03-31,,1190000000000,-0.034,,,,,,,,,,,,,,,,,,,,,,,,,,,,,,,,,,true,true,12,2016-04-01,2017-03-31,1
2016-04-27,95040,2016-03-31,,1150514000000,-0.058,,,,,39662000000,-0.344,31384000000,-0.371,21024000000,,-0.306,57.98,51.11,,,,,2840161000000,443492000000,0.156,1223.40,443492000000,,,,,50.00,,,,371055259,8828716,362348299,false,false,12,2015-04-01,2016-03-31,0
2016-04-27,95040,2015-03-31,,1221848000000,0.034,,,,,60495000000,,49879000000,,30306000000,,,83.56,82.64,,,,,2868246000000,448725000000,0.156,1237.32,448725000000,,,,,50.00,,,,371055259,8674328,362537476,false,false,12,2014-04-01,2015-03-31,-1
2016-04-27,95040,2017-03-31,,1110000000000,-0.035,,,,,,,,,,,,,,,,,,,,,,,,,,,,,,,,,,false,true,12,2016-04-01,2017-03-31,1
2016-07-28,95040,2017-03-31,1,282277000000,-0.066,,,,,11056000000,-0.097,9020000000,-0.027,,5487000000,,15.15,13.35,,,,,3047292000000,602552000000,0.196,,598486000000,,,,,,,,,,,,true,false,3,2016-04-01,2016-06-30,0
2016-07-28,95040,2016-03-31,1,302213000000,-0.017,,,,,12240000000,-0.480,9268000000,-0.530,,6869000000,,18.96,16.70,,,,,,,,,,,,,,,,,,,,,true,false,3,2015-04-01,2015-06-30,-1
2016-07-28,95040,2017-03-31,1,1185000000000,-0.038,,,,,,,,,,,,,,,,,,,,,,,,,,,,,,,,,,true,true,12,2016-04-01,2017-03-31,0
2016-07-28,95040,2016-03-31,1,,,,,,,,,,,,,,,,,,,,3070948000000,608535000000,0.197,,604364000000,,,,,,,,,,,,true,false,12,2015-04-01,2016-03-31,-1
2016-07-28,95040,2016-03-31,1,,,,,,,,,,,,,,,,,,,,,,,,,,,,,50.00,,,,371055259,8828716,,false,false,12,2015-04-01,2016-03-31,-1
2016-07-28,95040,2017-03-31,1,,,,,,,,,,,,,,,,,,,,,,,,,,,,,,,,,371055259,8830317,362225419,false,false,3,2016-04-01,2016-06-30,0
2016-07-28,95040,2016-03-31,1,,,,,,,,,,,,,,,,,,,,,,,,,,,,,,,,,,,362378149,false,false,3,2015-04-01,2015-06-30,-1
2016-10-31,95040,2017-03-31,2,594972000000,-0.042,,,,,37541000000,0.286,30882000000,0.303,,22372000000,,61.76,54.43,,,,,3071212000000,619990000000,0.201,,615965000000,,,,,,,,,,,,true,false,6,2016-04-01,2016-09-30,0
2016-10-31,95040,2016-03-31,2,620743000000,-0.029,,,,,29192000000,-0.384,23702000000,-0.418,,20845000000,,57.53,50.69,,,,,,,,,,,,,,,,,,,,,true,false,6,2015-04-01,2015-09-30,-1
2016-10-31,95040,2017-03-31,2,1193000000000,-0.031,,,,,31000000000,-0.380,19000000000,-0.516,,11000000000,,30.37,,,,,,,,,,,,,,,,,,,,,,true,true,12,2016-04-01,2017-03-31,0
2016-10-31,95040,2016-03-31,2,,,,,,,,,,,,,,,,,,,,3070948000000,608535000000,0.197,,604364000000,,,,,,,,,,,,true,false,12,2015-04-01,2016-03-31,-1
2016-10-31,95040,2016-03-31,2,,,,,,,,,,,,,,,,,,,,,,,,,,,,,50.00,,,,371055259,8828716,,false,false,12,2015-04-01,2016-03-31,-1
2016-10-31,95040,2017-03-31,2,,,,,,,,,,,,,,,,,,,,,,,,,,,,,25.00,,,,,,,false,false,12,2016-04-01,2017-03-31,0
2016-10-31,95040,2017-03-31,2,,,,,,,,,,,,,,,,,,,,,,,,,,,,,,,,,371055259,8833232,362224023,false,false,6,2016-04-01,2016-09-30,0
2016-10-31,95040,2016-03-31,2,,,,,,,,,,,,,,,,,,,,,,,,,,,,,,,,,,,362375114,false,false,6,2015-04-01,2015-09-30,-1
2016-11-29,95040,2017-03-31,,1114000000000,,,,,,27000000000,,17000000000,,15000000000,,0.500,42.08,,,,,,,,,,,,,,,,,,,,,,false,true,12,2016-04-01,2017-03-31,0
2016-11-29,95040,2016-03-31,,1150514000000,,,,,,39662000000,,31384000000,,21024000000,,,57.98,,,,,,,,,,,,,,,,,,,,,,false,false,12,2015-04-01,2016-03-31,-1
2017-01-27,95040,2017-03-31,,1191000000000,-0.002,,,,,28000000000,-0.097,11000000000,-0.421,,4000000000,,11.23,,,,,,,,,,,,,,,,,,,,,,true,true,12,2016-04-01,2017-03-31,0
2017-01-27,95040,2016-03-31,,1231572000000,,,,,,50015000000,,39226000000,,,27113000000,,74.83,,,,,,,,,,,,,,,,,,,,,,true,false,12,2015-04-01,2016-03-31,-1
2017-01-27,95040,2017-03-31,,1113000000000,-0.001,,,,,24000000000,-0.111,10000000000,-0.412,10000000000,,-0.333,28.05,,,,,,,,,,,,,,,,,,,,,,false,true,12,2016-04-01,2017-03-31,0
2017-01-27,95040,2016-03-31,,1150514000000,,,,,,39662000000,,31384000000,,21024000000,,,57.98,,,,,,,,,,,,,,,,,,,,,,false,false,12,2015-04-01,2016-03-31,-1
2017-01-31,95040,2017-03-31,3,872069000000,-0.039,,,,,35592000000,0.206,21460000000,0.091,,14834000000,,41.18,36.26,,,,,3005746000000,584612000000,0.193,,580702000000,,,,,,,,,,,,true,false,9,2016-04-01,2016-12-31,0
2017-01-31,95040,2016-03-31,3,907236000000,-0.038,,,,,29510000000,-0.300,19669000000,-0.390,,15232000000,,42.04,37.03,,,,,,,,,,,,,,,,,,,,,true,false,9,2015-04-01,2015-12-31,-1
2017-01-31,95040,2017-03-31,3,1191000000000,-0.033,,,,,28000000000,-0.440,11000000000,-0.720,,4000000000,,11.23,,,,,,,,,,,,,,,,,,,,,,true,true,12,2016-04-01,2017-03-31,0
2017-01-31,95040,2016-03-31,3,,,,,,,,,,,,,,,,,,,,3070948000000,608535000000,0.197,,604364000000,,,,,,,,,,,,true,false,12,2015-04-01,2016-03-31,-1
2017-01-31,95040,2016-03-31,3,,,,,,,,,,,,,,,,,,,,,,,,,,,,,50.00,,,,371055259,8828716,,false,false,12,2015-04-01,2016-03-31,-1
2017-01-31,95040,2017-03-31,3,,,,,,,,,,,,,,,,,,,,,,,,,,,,,25.00,,,,,,,false,false,12,2016-04-01,2017-03-31,0
2017-01-31,95040,2017-03-31,3,,,,,,,,,,,,,,,,,,,,,,,,,,,,,,,,,371055259,26782853,360228586,false,false,9,2016-04-01,2016-12-31,0
2017-01-31,95040,2016-03-31,3,,,,,,,,,,,,,,,,,,,,,,,,,,,,,,,,,,,362372841,false,false,9,2015-04-01,2015-12-31,-1
2017-04-28,95040,2017-03-31,,1200379000000,-0.025,,,,,34520000000,-0.310,19489000000,-0.503,,11341000000,,31.84,27.95,0.019,0.006,0.029,,3100754000000,581162000000,0.186,1677.09,577370000000,96003000000,-147779000000,58630000000,100223000000,,1.570,,,,,,true,false,12,2016-04-01,2017-03-31,0
2017-04-28,95040,2016-03-31,,1231572000000,-0.052,,,,,50015000000,-0.299,39226000000,-0.333,,27113000000,,74.83,65.93,0.044,0.013,0.041,,3070948000000,608535000000,0.197,1668.47,604364000000,147933000000,-194648000000,-51023000000,93475000000,,0.668,,,,,,true,false,12,2015-04-01,2016-03-31,-1
2017-04-28,95040,2018-03-31,,1282000000000,0.068,,,,,,,,,,,,,,,,,,,,,,,,,,,,,,,,,,true,true,12,2017-04-01,2018-03-31,1
2017-04-28,95040,2017-03-31,,1121789000000,-0.025,,,,,28816000000,-0.273,16193000000,-0.484,14669000000,,-0.302,41.15,36.16,,,,,2875781000000,418779000000,0.146,1215.50,418779000000,,,,,50.00,,,,371055259,26786189,356234513,false,false,12,2016-04-01,2017-03-31,0
2017-04-28,95040,2016-03-31,,1150514000000,-0.058,,,,,39662000000,-0.344,31384000000,-0.371,21024000000,,-0.306,57.98,51.11,,,,,2840161000000,443492000000,0.156,1223.40,443492000000,,,,,50.00,,,,371055259,8828716,362348299,false,false,12,2015-04-01,2016-03-31,-1
2017-04-28,95040,2018-03-31,,1200000000000,0.070,,,,,,,,,,,,,,,,,,,,,,,,,,,,,,,,,,false,true,12,2017-04-01,2018-03-31,1
2017-07-28,95040,2018-03-31,1,304510000000,0.079,,,,,3189000000,-0.712,2370000000,-0.737,,1302000000,,3.78,3.28,,,,,3065310000000,574544000000,0.186,,570812000000,,,,,,,,,,,,true,false,3,2017-04-01,2017-06-30,0
2017-07-28,95040,2017-03-31,1,282277000000,-0.066,,,,,11056000000,-0.097,9020000000,-0.027,,5487000000,,15.15,13.35,,,,,,,,,,,,,,,,,,,,,true,false,3,2016-04-01,2016-06-30,-1
2017-07-28,95040,2018-03-31,1,1272000000000,0.060,,,,,,,,,,,,,,,,,,,,,,,,,,,,,,,,,,true,true,12,2017-04-01,2018-03-31,0
2017-07-28,95040,2017-03-31,1,,,,,,,,,,,,,,,,,,,,3100754000000,581162000000,0.186,,577370000000,,,,,,,,,,,,true,false,12,2016-04-01,2017-03-31,-1
2017-07-28,95040,2017-03-31,1,,,,,,,,,,,,,,,,,,,,,,,,,,,,,50.00,,,,371055259,26786189,,false,false,12,2016-04-01,2017-03-31,-1
2017-07-28,95040,2018-03-31,1,,,,,,,,,,,,,,,,,,,,,,,,,,,,,,,,,371055259,26788037,344267628,false,false,3,2017-04-01,2017-06-30,0
2017-07-28,95040,2017-03-31,1,,,,,,,,,,,,,,,,,,,,,,,,,,,,,,,,,,,362225419,false,false,3,2016-04-01,2016-06-30,-1
2017-10-31,95040,2018-03-31,2,649950000000,0.092,,,,,22465000000,-0.402,19414000000,-0.371,,16308000000,,47.37,41.04,,,,,3089466000000,588776000000,0.189,,585137000000,,,,,,,,,,,,true,false,6,2017-04-01,2017-09-30,0
2017-10-31,95040,2017-03-31,2,594972000000,-0.042,,,,,37541000000,0.286,30882000000,0.303,,22372000000,,61.76,54.43,,,,,,,,,,,,,,,,,,,,,true,false,6,2016-04-01,2016-09-30,-1
2017-10-31,95040,2018-03-31,2,1286000000000,0.071,,,,,35000000000,0.014,24000000000,0.231,,15000000000,,43.57,,,,,,,,,,,,,,,,,,,,,,true,true,12,2017-04-01,2018-03-31,0
2017-10-31,95040,2017-03-31,2,,,,,,,,,,,,,,,,,,,,3100754000000,581162000000,0.186,,577370000000,,,,,,,,,,,,true,false,12,2016-04-01,2017-03-31,-1
2017-10-31,95040,2017-03-31,2,,,,,,,,,,,,,,,,,,,,,,,,,,,,,50.00,,,,371055259,26786189,,false,false,12,2016-04-01,2017-03-31,-1
2017-10-31,95040,2018-03-31,2,,,,,,,,,,,,,,,,,,,,,,,,,,,,,25.00,,,,,,,false,false,12,2017-04-01,2018-03-31,0
2017-10-31,95040,2018-03-31,2,,,,,,,,,,,,,,,,,,,,,,,,,,,,,,,,,371055259,26792703,344265678,false,false,6,2017-04-01,2017-09-30,0
2017-10-31,95040,2017-03-31,2,,,,,,,,,,,,,,,,,,,,,,,,,,,,,,,,,,,362224023,false,false,6,2016-04-01,2016-09-30,-1
2018-01-30,95040,2018-03-31,3,954137000000,0.094,,,,,24731000000,-0.305,19798000000,-0.077,,12173000000,,35.36,30.23,,,,,3150577000000,577333000000,0.182,,573643000000,,,,,,,,,,,,true,false,9,2017-04-01,2017-12-31,0
2018-01-30,95040,2017-03-31,3,872069000000,-0.039,,,,,35592000000,0.206,21460000000,0.091,,14834000000,,41.18,36.26,,,,,,,,,,,,,,,,,,,,,true,false,9,2016-04-01,2016-12-31,-1
2018-01-30,95040,2018-03-31,3,1297000000000,0.080,,,,,30000000000,-0.131,21000000000,0.077,,13000000000,,37.76,,,,,,,,,,,,,,,,,,,,,,true,true,12,2017-04-01,2018-03-31,0
2018-01-30,95040,2017-03-31,3,,,,,,,,,,,,,,,,,,,,3100754000000,581162000000,0.186,,577370000000,,,,,,,,,,,,true,false,12,2016-04-01,2017-03-31,-1
2018-01-30,95040,2017-03-31,3,,,,,,,,,,,,,,,,,,,,,,,,,,,,,50.00,,,,371055259,26786189,,false,false,12,2016-04-01,2017-03-31,-1
2018-01-30,95040,2018-03-31,3,,,,,,,,,,,,,,,,,,,,,,,,,,,,,25.00,,,,,,,false,false,12,2017-04-01,2018-03-31,0
2018-01-30,95040,2018-03-31,3,,,,,,,,,,,,,,,,,,,,,,,,,,,,,,,,,371055259,26795783,344263838,false,false,9,2017-04-01,2017-12-31,0
2018-01-30,95040,2017-03-31,3,,,,,,,,,,,,,,,,,,,,,,,,,,,,,,,,,,,360228586,false,false,9,2016-04-01,2016-12-31,-1
2018-04-27,95040,2018-03-31,,1314967000000,0.095,,,,,39626000000,0.148,30701000000,0.575,,20707000000,,60.15,50.12,0.036,0.010,0.030,,3179442000000,580745000000,0.182,1676.42,577117000000,164794000000,-188549000000,4483000000,81025000000,,0.831,,,,,,true,false,12,2017-04-01,2018-03-31,0
2018-04-27,95040,2017-03-31,,1200379000000,-0.025,,,,,34520000000,-0.310,19489000000,-0.503,,11341000000,,31.84,27.95,0.019,0.006,0.029,,3100754000000,581162000000,0.186,1677.09,577370000000,96003000000,-147779000000,58630000000,100223000000,,1.570,,,,,,true,false,12,2016-04-01,2017-03-31,-1
2018-04-27,95040,2019-03-31,,1344000000000,0.022,,,,,,,,,,,,,,,,,,,,,,,,,,,,,,,,,,true,true,12,2018-04-01,2019-03-31,1
2018-04-27,95040,2018-03-31,,1227470000000,0.094,,,,,32475000000,0.127,24086000000,0.487,16445000000,,0.121,47.73,39.78,,,,,2939983000000,418582000000,0.142,1214.98,418582000000,,,,,50.00,,,,371055259,26799578,344262023,false,false,12,2017-04-01,2018-03-31,0
2018-04-27,95040,2017-03-31,,1121789000000,-0.025,,,,,28816000000,-0.273,16193000000,-0.484,14669000000,,-0.302,41.15,36.16,,,,,2875781000000,418779000000,0.146,1215.50,418779000000,,,,,50.00,,,,371055259,26786189,356234513,false,false,12,2016-04-01,2017-03-31,-1
2018-04-27,95040,2019-03-31,,1251000000000,0.019,,,,,,,,,,,,,,,,,,,,,,,,,,,,,,,,,,false,true,12,2018-04-01,2019-03-31,1
2018-07-31,95040,2019-03-31,1,316585000000,0.040,,,,,-1788000000,,-4531000000,,,-4827000000,,-14.02,,,,,,3154529000000,566790000000,0.179,,563319000000,,,,,,,,,,,,true,false,3,2018-04-01,2018-06-30,0
2018-07-31,95040,2018-03-31,1,304510000000,0.079,,,,,3189000000,-0.712,2370000000,-0.737,,1302000000,,3.78,3.28,,,,,,,,,,,,,,,,,,,,,true,false,3,2017-04-01,2017-06-30,-1
2018-07-31,95040,2019-03-31,1,1369000000000,0.041,,,,,,,,,,,,,,,,,,,,,,,,,,,,,,,,,,true,true,12,2018-04-01,2019-03-31,0
2018-07-31,95040,2018-03-31,1,,,,,,,,,,,,,,,,,,,,3179442000000,580745000000,0.182,,577117000000,,,,,,,,,,,,true,false,12,2017-04-01,2018-03-31,-1
2018-07-31,95040,2018-03-31,1,,,,,,,,,,,,,,,,,,,,,,,,,,,,,50.00,,,,371055259,26799578,,false,false,12,2017-04-01,2018-03-31,-1
2018-07-31,95040,2019-03-31,1,,,,,,,,,,,,,,,,,,,,,,,,,,,,,,,,,371055259,26801848,344253893,false,false,3,2018-04-01,2018-06-30,0
2018-07-31,95040,2018-03-31,1,,,,,,,,,,,,,,,,,,,,,,,,,,,,,,,,,,,344267628,false,false,3,2017-04-01,2017-06-30,-1
2018-10-31,95040,2019-03-31,2,687525000000,0.058,,,,,16832000000,-0.251,11914000000,-0.386,,3044000000,,8.84,6.78,,,,,3211601000000,575308000000,0.178,,571991000000,,,,,,,,,,,,true,false,6,2018-04-01,2018-09-30,0
2018-10-31,95040,2018-03-31,2,649950000000,0.092,,,,,22465000000,-0.402,19414000000,-0.371,,16308000000,,47.37,41.04,,,,,,,,,,,,,,,,,,,,,true,false,6,2017-04-01,2017-09-30,-1
2018-10-31,95040,2019-03-31,2,1379000000000,0.049,,,,,19000000000,-0.521,12000000000,-0.609,,8000000000,,23.24,,,,,,,,,,,,,,,,,,,,,,true,true,12,2018-04-01,2019-03-31,0
2018-10-31,95040,2018-03-31,2,,,,,,,,,,,,,,,,,,,,3179442000000,580745000000,0.182,,577117000000,,,,,,,,,,,,true,false,12,2017-04-01,2018-03-31,-1
2018-10-31,95040,2018-03-31,2,,,,,,,,,,,,,,,,,,,,,,,,,,,,,50.00,,,,371055259,26799578,,false,false,12,2017-04-01,2018-03-31,-1
2018-10-31,95040,2019-03-31,2,,,,,,,,,,,,,,,,,,,,,,,,,,,,,25.00,,,,,,,false,false,12,2018-04-01,2019-03-31,0
2018-10-31,95040,2019-03-31,2,,,,,,,,,,,,,,,,,,,,,,,,,,,,,,,,,371055259,26805348,344252268,false,false,6,2018-04-01,2018-09-30,0
2018-10-31,95040,2018-03-31,2,,,,,,,,,,,,,,,,,,,,,,,,,,,,,,,,,,,344265678,false,false,6,2017-04-01,2017-09-30,-1
2019-01-31,95040,2019-03-31,3,1007333000000,0.056,,,,,9458000000,-0.618,1827000000,-0.908,,3042000000,,8.84,6.70,,,,,3190903000000,553139000000,0.172,,549932000000,,,,,,,,,,,,true,false,9,2018-04-01,2018-12-31,0
2019-01-31,95040,2018-03-31,3,954137000000,0.094,,,,,24731000000,-0.305,19798000000,-0.077,,12173000000,,35.36,30.23,,,,,,,,,,,,,,,,,,,,,true,false,9,2017-04-01,2017-12-31,-1
2019-01-31,95040,2019-03-31,3,1379000000000,0.049,,,,,17000000000,-0.571,9000000000,-0.707,,7000000000,,20.33,,,,,,,,,,,,,,,,,,,,,,true,true,12,2018-04-01,2019-03-31,0
2019-01-31,95040,2018-03-31,3,,,,,,,,,,,,,,,,,,,,3179442000000,580745000000,0.182,,577117000000,,,,,,,,,,,,true,false,12,2017-04-01,2018-03-31,-1
2019-01-31,95040,2018-03-31,3,,,,,,,,,,,,,,,,,,,,,,,,,,,,,50.00,,,,371055259,26799578,,false,false,12,2017-04-01,2018-03-31,-1
2019-01-31,95040,2019-03-31,3,,,,,,,,,,,,,,,,,,,,,,,,,,,,,25.00,,,,,,,false,false,12,2018-04-01,2019-03-31,0
2019-01-31,95040,2019-03-31,3,,,,,,,,,,,,,,,,,,,,,,,,,,,,,,,,,371055259,26810023,344250374,false,false,9,2018-04-01,2018-12-31,0
2019-01-31,95040,2018-03-31,3,,,,,,,,,,,,,,,,,,,,,,,,,,,,,,,,,,,344263838,false,false,9,2017-04-01,2017-12-31,-1
2019-04-26,95040,2019-03-31,,1376979000000,0.047,,,,,19530000000,-0.507,12685000000,-0.587,,11446000000,,33.25,25.74,0.020,0.004,0.014,,3261665000000,558655000000,0.170,1613.71,555507000000,81635000000,-168744000000,97510000000,91399000000,,1.504,,,,,,true,false,12,2018-04-01,2019-03-31,0
2019-04-26,95040,2018-03-31,,1314967000000,0.095,,,,,39626000000,0.148,30701000000,0.575,,20707000000,,60.15,50.12,0.036,0.010,0.030,,3179442000000,580745000000,0.182,1676.42,577117000000,164794000000,-188549000000,4483000000,81025000000,,0.831,,,,,,true,false,12,2017-04-01,2018-03-31,-1
2019-04-26,95040,2020-03-31,,1371000000000,-0.004,,,,,42000000000,1.151,36000000000,1.838,,25000000000,,72.62,,,,,,,,,,,,,,,,,,,,,,true,true,12,2019-04-01,2020-03-31,1
2019-04-26,95040,2019-03-31,,1280501000000,0.043,,,,,11284000000,-0.653,6908000000,-0.713,8510000000,,-0.482,24.70,19.06,,,,,3085124000000,403735000000,0.131,1171.93,403735000000,,,,,50.00,,,,371055259,26813562,344248584,false,false,12,2018-04-01,2019-03-31,0
2019-04-26,95040,2018-03-31,,1227470000000,0.094,,,,,32475000000,0.127,24086000000,0.487,16445000000,,0.121,47.73,39.78,,,,,2939983000000,418582000000,0.142,1214.98,418582000000,,,,,50.00,,,,371055259,26799578,344262023,false,false,12,2017-04-01,2018-03-31,-1
2019-04-26,95040,2020-03-31,,1270000000000,-0.008,,,,,36000000000,2.190,30000000000,3.343,21000000000,,1.467,60.96,,,,,,,,,,,,,,,50.00,,,,,,,false,true,12,2019-04-01,2020-03-31,1
2019-07-31,95040,2020-03-31,1,328064000000,0.036,,,,,5605000000,,4064000000,,,2220000000,,6.45,4.95,,,,,3266921000000,550255000000,0.167,,547121000000,,,,,,,,,,,,true,false,3,2019-04-01,2019-06-30,0
2019-07-31,95040,2019-03-31,1,316585000000,0.040,,,,,-1788000000,,-4531000000,,,-4827000000,,-14.02,,,,,,,,,,,,,,,,,,,,,,true,false,3,2018-04-01,2018-06-30,-1
2019-07-31,95040,2020-03-31,1,1360000000000,-0.012,,,,,42000000000,1.151,36000000000,1.838,,89000000000,,258.54,,,,,,,,,,,,,,,,,,,,,,true,true,12,2019-04-01,2020-03-31,0
2019-07-31,95040,2019-03-31,1,,,,,,,,,,,,,,,,,,,,3261665000000,558655000000,0.170,,555507000000,,,,,,,,,,,,true,false,12,2018-04-01,2019-03-31,-1
2019-07-31,95040,2019-03-31,1,,,,,,,,,,,,,,,,,,,,,,,,,,,,,50.00,,,,371055259,26813562,,false,false,12,2018-04-01,2019-03-31,-1
2019-07-31,95040,2020-03-31,1,,,,,,,,,,,,,,,,,,,,,,,,,,,,,50.00,,,,,,,false,true,12,2019-04-01,2020-03-31,0
2019-07-31,95040,2020-03-31,1,,,,,,,,,,,,,,,,,,,,,,,,,,,,,,,,,371055259,26815008,344240621,false,false,3,2019-04-01,2019-06-30,0
2019-07-31,95040,2019-03-31,1,,,,,,,,,,,,,,,,,,,,,,,,,,,,,,,,,,,344253893,false,false,3,2018-04-01,2018-06-30,-1
2019-10-31,95040,2020-03-31,2,682330000000,-0.008,,,,,33727000000,1.004,30940000000,1.597,,85434000000,,248.18,193.14,,,,,3386266000000,633535000000,0.186,,630336000000,,,,,,,,,,,,true,false,6,2019-04-01,2019-09-30,0
2019-10-31,95040,2019-03-31,2,687525000000,0.058,,,,,16832000000,-0.251,11914000000,-0.386,,3044000000,,8.84,6.78,,,,,,,,,,,,,,,,,,,,,true,false,6,2018-04-01,2018-09-30,-1
2019-10-31,95040,2020-03-31,2,1353000000000,-0.017,,,,,42000000000,1.151,36000000000,1.838,,89000000000,,258.54,,,,,,,,,,,,,,,,,,,,,,true,true,12,2019-04-01,2020-03-31,0
2019-10-31,95040,2019-03-31,2,,,,,,,,,,,,,,,,,,,,3261665000000,558655000000,0.170,,555507000000,,,,,,,,,,,,true,false,12,2018-04-01,2019-03-31,-1
2019-10-31,95040,2019-03-31,2,,,,,,,,,,,,,,,,,,,,,,,,,,,,,50.00,,,,371055259,26813562,,false,false,12,2018-04-01,2019-03-31,-1
2019-10-31,95040,2020-03-31,2,,,,,,,,,,,,,,,,,,,,,,,,,,,,,25.00,,,,,,,false,false,12,2019-04-01,2020-03-31,0
2019-10-31,95040,2020-03-31,2,,,,,,,,,,,,,,,,,,,,,,,,,,,,,50.00,,,,,,,false,true,12,2019-04-01,2020-03-31,0
2019-10-31,95040,2020-03-31,2,,,,,,,,,,,,,,,,,,,,,,,,,,,,,,,,,371055259,26818198,344239229,false,false,6,2019-04-01,2019-09-30,0
2019-10-31,95040,2019-03-31,2,,,,,,,,,,,,,,,,,,,,,,,,,,,,,,,,,,,344252268,false,false,6,2018-04-01,2018-09-30,-1
2020-01-30,95040,2020-03-31,3,999311000000,-0.008,,,,,40101000000,3.240,34381000000,,,87468000000,,254.09,197.75,,,,,3417377000000,625389000000,0.182,,622110000000,,,,,,,,,,,,true,false,9,2019-04-01,2019-12-31,0
2020-01-30,95040,2019-03-31,3,1007333000000,0.056,,,,,9458000000,-0.618,1827000000,-0.908,,3042000000,,8.84,6.70,,,,,,,,,,,,,,,,,,,,,true,false,9,2018-04-01,2018-12-31,-1
2020-01-30,95040,2020-03-31,3,1360000000000,-0.012,,,,,42000000000,1.151,36000000000,1.838,,89000000000,,255.56,,,,,,,,,,,,,,,,,,,,,,true,true,12,2019-04-01,2020-03-31,0
2020-01-30,95040,2019-03-31,3,,,,,,,,,,,,,,,,,,,,3261665000000,558655000000,0.170,,555507000000,,,,,,,,,,,,true,false,12,2018-04-01,2019-03-31,-1
2020-01-30,95040,2019-03-31,3,,,,,,,,,,,,,,,,,,,,,,,,,,,,,50.00,,,,371055259,26813562,,false,false,12,2018-04-01,2019-03-31,-1
2020-01-30,95040,2020-03-31,3,,,,,,,,,,,,,,,,,,,,,,,,,,,,,25.00,,,,,,,false,false,12,2019-04-01,2020-03-31,0
2020-01-30,95040,2020-03-31,3,,,,,,,,,,,,,,,,,,,,,,,,,,,,,50.00,,,,,,,false,true,12,2019-04-01,2020-03-31,0
2020-01-30,95040,2020-03-31,3,,,,,,,,,,,,,,,,,,,,,,,,,,,,,,,,,371055259,26821467,344237652,false,false,9,2019-04-01,2019-12-31,0
2020-01-30,95040,2019-03-31,3,,,,,,,,,,,,,,,,,,,,,,,,,,,,,,,,,,,344250374,false,false,9,2018-04-01,2018-12-31,-1
2020-04-28,95040,2020-03-31,,1347352000000,-0.022,,,,,48170000000,1.466,39848000000,2.141,,90056000000,,258.59,206.72,0.150,0.012,0.036,,3265374000000,646698000000,0.197,1785.36,643317000000,129654000000,-172111000000,-1451000000,47341000000,,0.193,,,,,,true,false,12,2019-04-01,2020-03-31,0
2020-04-28,95040,2019-03-31,,1376979000000,0.047,,,,,19530000000,-0.507,12685000000,-0.587,,11446000000,,33.25,25.74,0.020,0.004,0.014,,3261665000000,558655000000,0.170,1613.71,555507000000,81635000000,-168744000000,97510000000,91399000000,,1.504,,,,,,true,false,12,2018-04-01,2019-03-31,-1
2020-04-28,95040,2020-03-31,,1243742000000,-0.029,,,,,40468000000,2.586,35103000000,4.081,87707000000,,9.305,251.65,201.20,,,,,3092832000000,494496000000,0.160,1371.34,494496000000,,,,,50.00,,,,387154692,26825139,348260771,false,false,12,2019-04-01,2020-03-31,0
2020-04-28,95040,2019-03-31,,1280501000000,0.043,,,,,11284000000,-0.653,6908000000,-0.713,8510000000,,-0.482,24.70,19.06,,,,,3085124000000,403735000000,0.131,1171.93,403735000000,,,,,50.00,,,,371055259,26813562,344248584,false,false,12,2018-04-01,2019-03-31,-1
2020-07-31,95040,2021-03-31,1,307923000000,-0.061,,,,,16002000000,1.855,14319000000,2.523,,11546000000,,32.04,29.18,,,,,3351778000000,648143000000,0.192,,645033000000,,,,,,,,,,,,true,false,3,2020-04-01,2020-06-30,0
2020-07-31,95040,2020-03-31,1,328064000000,0.036,,,,,5605000000,,4064000000,,,2220000000,,6.45,4.95,,,,,,,,,,,,,,,,,,,,,true,false,3,2019-04-01,2019-06-30,-1
2020-07-31,95040,2021-03-31,1,1264000000000,-0.062,,,,,31000000000,-0.356,25000000000,-0.373,,18000000000,,50.00,,,,,,,,,,,,,,,,,,,,,,true,true,12,2020-04-01,2021-03-31,0
2020-07-31,95040,2020-03-31,1,,,,,,,,,,,,,,,,,,,,3265374000000,646698000000,0.197,,643317000000,,,,,,,,,,,,true,false,12,2019-04-01,2020-03-31,-1
2020-07-31,95040,2020-03-31,1,,,,,,,,,,,,,,,,,,,,,,,,,,,,,50.00,,,,387154692,26825139,,false,false,12,2019-04-01,2020-03-31,-1
2020-07-31,95040,2021-03-31,1,,,,,,,,,,,,,,,,,,,,,,,,,,,,,50.00,,,,,,,false,true,12,2020-04-01,2021-03-31,0
2020-07-31,95040,2021-03-31,1,,,,,,,,,,,,,,,,,,,,,,,,,,,,,,,,,387154692,26826649,360328458,false,false,3,2020-04-01,2020-06-30,0
2020-07-31,95040,2020-03-31,1,,,,,,,,,,,,,,,,,,,,,,,,,,,,,,,,,,,344240621,false,false,3,2019-04-01,2019-06-30,-1
2020-10-30,95040,2021-03-31,2,644016000000,-0.056,,,,,47087000000,0.396,44685000000,0.444,,34309000000,,95.22,86.73,,,,,3376702000000,673040000000,0.198,,669955000000,,,,,,,,,,,,true,false,6,2020-04-01,2020-09-30,0
2020-10-30,95040,2020-03-31,2,682330000000,-0.008,,,,,33727000000,1.004,30940000000,1.597,,85434000000,,248.18,193.14,,,,,,,,,,,,,,,,,,,,,true,false,6,2019-04-01,2019-09-30,-1
2020-10-30,95040,2021-03-31,2,1262000000000,-0.063,,,,,34000000000,-0.294,28000000000,-0.297,,20000000000,,55.50,,,,,,,,,,,,,,,,,,,,,,true,true,12,2020-04-01,2021-03-31,0
2020-10-30,95040,2020-03-31,2,,,,,,,,,,,,,,,,,,,,3265374000000,646698000000,0.197,,643317000000,,,,,,,,,,,,true,false,12,2019-04-01,2020-03-31,-1
2020-10-30,95040,2020-03-31,2,,,,,,,,,,,,,,,,,,,,,,,,,,,,,50.00,,,,387154692,26825139,,false,false,12,2019-04-01,2020-03-31,-1
2020-10-30,95040,2021-03-31,2,,,,,,,,,,,,,,,,,,,,,,,,,,,,,25.00,,,,,,,false,false,12,2020-04-01,2021-03-31,0
2020-10-30,95040,2021-03-31,2,,,,,,,,,,,,,,,,,,,,,,,,,,,,,50.00,,,,,,,false,true,12,2020-04-01,2021-03-31,0
2020-10-30,95040,2021-03-31,2,,,,,,,,,,,,,,,,,,,,,,,,,,,,,,,,,387154692,26832188,360326510,false,false,6,2020-04-01,2020-09-30,0
2020-10-30,95040,2020-03-31,2,,,,,,,,,,,,,,,,,,,,,,,,,,,,,,,,,,,344239229,false,false,6,2019-04-01,2019-09-30,-1
2021-01-29,95040,2021-03-31,3,938524000000,-0.061,,,,,47354000000,0.181,44740000000,0.301,,34441000000,,95.59,87.04,,,,,3386161000000,664443000000,0.195,,661304000000,,,,,,,,,,,,true,false,9,2020-04-01,2020-12-31,0
2021-01-29,95040,2020-03-31,3,999311000000,-0.008,,,,,40101000000,3.240,34381000000,,,87468000000,,254.09,197.75,,,,,,,,,,,,,,,,,,,,,true,false,9,2019-04-01,2019-12-31,-1
2021-01-29,95040,2021-03-31,3,1272000000000,-0.056,,,,,34000000000,-0.294,28000000000,-0.297,,20000000000,,55.50,,,,,,,,,,,,,,,,,,,,,,true,true,12,2020-04-01,2021-03-31,0
2021-01-29,95040,2020-03-31,3,,,,,,,,,,,,,,,,,,,,3265374000000,646698000000,0.197,,643317000000,,,,,,,,,,,,true,false,12,2019-04-01,2020-03-31,-1
2021-01-29,95040,2020-03-31,3,,,,,,,,,,,,,,,,,,,,,,,,,,,,,50.00,,,,387154692,26825139,,false,false,12,2019-04-01,2020-03-31,-1
2021-01-29,95040,2021-03-31,3,,,,,,,,,,,,,,,,,,,,,,,,,,,,,25.00,,,,,,,false,false,12,2020-04-01,2021-03-31,0
2021-01-29,95040,2021-03-31,3,,,,,,,,,,,,,,,,,,,,,,,,,,,,,50.00,,,,,,,false,true,12,2020-04-01,2021-03-31,0
2021-01-29,95040,2021-03-31,3,,,,,,,,,,,,,,,,,,,,,,,,,,,,,,,,,387154692,26868320,360321356,false,false,9,2020-04-01,2020-12-31,0
2021-01-29,95040,2020-03-31,3,,,,,,,,,,,,,,,,,,,,,,,,,,,,,,,,,,,344237652,false,false,9,2019-04-01,2019-12-31,-1
2021-03-16,95040,2021-03-31,,1301000000000,0.023,,,,,34000000000,,28000000000,,20000000000,,,55.50,,,,,,,,,,,,,,,,,,,,,,true,true,12,2020-04-01,2021-03-31,0
2021-03-16,95040,2020-03-31,,1347352000000,,,,,,48170000000,,39848000000,,90056000000,,,258.59,,,,,,,,,,,,,,,,,,,,,,true,false,12,2019-04-01,2020-03-31,-1
2021-03-16,95040,2021-03-31,,1143000000000,0.016,,,,,-15000000000,,-13000000000,,-7000000000,,,-19.40,,,,,,,,,,,,,,,,,,,,,,false,true,12,2020-04-01,2021-03-31,0
2021-03-16,95040,2020-03-31,,1243742000000,,,,,,40468000000,,35103000000,,87707000000,,,251.65,,,,,,,,,,,,,,,,,,,,,,false,false,12,2019-04-01,2020-03-31,-1
2021-04-28,95040,2021-03-31,,1307498000000,-0.030,,,,,34283000000,-0.288,30092000000,-0.245,,14564000000,,40.42,36.72,0.022,0.009,0.026,,3385169000000,660346000000,0.194,1824.17,657194000000,110228000000,-172762000000,75241000000,59835000000,,1.237,,,,,,true,false,12,2020-04-01,2021-03-31,0
2021-04-28,95040,2020-03-31,,1347352000000,-0.022,,,,,48170000000,1.466,39848000000,2.141,,90056000000,,258.59,206.72,0.150,0.012,0.036,,3265374000000,646698000000,0.197,1785.36,643317000000,129654000000,-172111000000,-1451000000,47341000000,,0.193,,,,,,true,false,12,2019-04-01,2020-03-31,-1
2021-04-28,95040,2022-03-31,,970000000000,-0.258,,,,,18000000000,-0.475,20000000000,-0.335,,15000000000,,41.60,,,,,,,,,,,,,,,,,,,,,,true,true,12,2021-04-01,2022-03-31,1
2021-04-28,95040,2021-03-31,,1147753000000,-0.077,,,,,-12711000000,,-10968000000,,-5300000000,,,-14.70,-13.51,,,,,3094988000000,474178000000,0.153,1315.21,474178000000,,,,,50.00,,,,387154692,26883619,360310092,false,false,12,2020-04-01,2021-03-31,0
2021-04-28,95040,2020-03-31,,1243742000000,-0.029,,,,,40468000000,2.586,35103000000,4.081,87707000000,,9.305,251.65,201.20,,,,,3092832000000,494496000000,0.160,1371.34,494496000000,,,,,50.00,,,,387154692,26825139,348260771,false,false,12,2019-04-01,2020-03-31,-1
2021-04-28,95040,2022-03-31,,858000000000,-0.252,,,,,0,,12000000000,,11000000000,,,30.50,,,,,,,,,,,,,,,50.00,,,,,,,false,true,12,2021-04-01,2022-03-31,1
2021-07-30,95040,2022-03-31,1,220103000000,-0.285,,,,,-4953000000,,-2675000000,,,-1360000000,,-3.78,,,,,,3501881000000,651936000000,0.185,,648981000000,,,,,,,,,,,,true,false,3,2021-04-01,2021-06-30,0
2021-07-30,95040,2021-03-31,1,307923000000,-0.061,,,,,16002000000,1.855,14319000000,2.523,,11546000000,,32.04,29.18,,,,,,,,,,,,,,,,,,,,,true,false,3,2020-04-01,2020-06-30,-1
2021-07-30,95040,2022-03-31,1,1009000000000,-0.228,,,,,8000000000,-0.767,10000000000,-0.668,,8000000000,,22.20,,,,,,,,,,,,,,,,,,,,,,true,true,12,2021-04-01,2022-03-31,0
2021-07-30,95040,2021-03-31,1,,,,,,,,,,,,,,,,,,,,3385169000000,660346000000,0.194,,657194000000,,,,,,,,,,,,true,false,12,2020-04-01,2021-03-31,-1
2021-07-30,95040,2021-03-31,1,,,,,,,,,,,,,,,,,,,,,,,,,,,,,50.00,,,,387154692,26883619,,false,false,12,2020-04-01,2021-03-31,-1
2021-07-30,95040,2022-03-31,1,,,,,,,,,,,,,,,,,,,,,,,,,,,,,50.00,,,,,,,false,true,12,2021-04-01,2022-03-31,0
2021-07-30,95040,2022-03-31,1,,,,,,,,,,,,,,,,,,,,,,,,,,,,,,,,,387154692,26886732,360268572,false,false,3,2021-04-01,2021-06-30,0
2021-07-30,95040,2021-03-31,1,,,,,,,,,,,,,,,,,,,,,,,,,,,,,,,,,,,360328458,false,false,3,2020-04-01,2020-06-30,-1
2021-10-29,95040,2022-03-31,2,485483000000,-0.246,,,,,2720000000,-0.942,5504000000,-0.877,,6521000000,,18.10,16.44,,,,,3502330000000,659805000000,0.188,,656972000000,,,,,,,,,,,,true,false,6,2021-04-01,2021-09-30,0
2021-10-29,95040,2021-03-31,2,644016000000,-0.056,,,,,47087000000,0.396,44685000000,0.444,,34309000000,,95.22,86.73,,,,,,,,,,,,,,,,,,,,,true,false,6,2020-04-01,2020-09-30,-1
2021-10-29,95040,2022-03-31,2,1055000000000,-0.193,,,,,-26000000000,,-23000000000,,,-14000000000,,-38.90,,,,,,,,,,,,,,,,,,,,,,true,true,12,2021-04-01,2022-03-31,0
2021-10-29,95040,2021-03-31,2,,,,,,,,,,,,,,,,,,,,3385169000000,660346000000,0.194,,657194000000,,,,,,,,,,,,true,false,12,2020-04-01,2021-03-31,-1
2021-10-29,95040,2021-03-31,2,,,,,,,,,,,,,,,,,,,,,,,,,,,,,50.00,,,,387154692,26883619,,false,false,12,2020-04-01,2021-03-31,-1
2021-10-29,95040,2022-03-31,2,,,,,,,,,,,,,,,,,,,,,,,,,,,,,25.00,,,,,,,false,false,12,2021-04-01,2022-03-31,0
2021-10-29,95040,2022-03-31,2,,,,,,,,,,,,,,,,,,,,,,,,,,,,,,,,,387154692,26891480,360267061,false,false,6,2021-04-01,2021-09-30,0
2021-10-29,95040,2021-03-31,2,,,,,,,,,,,,,,,,,,,,,,,,,,,,,,,,,,,360326510,false,false,6,2020-04-01,2020-09-30,-1
2022-01-31,95040,2022-03-31,3,763072000000,-0.187,,,,,-26998000000,,-25451000000,,,-14983000000,,-41.59,,,,,,3545457000000,628678000000,0.177,,625933000000,,,,,,,,,,,,true,false,9,2021-04-01,2021-12-31,0
2022-01-31,95040,2021-03-31,3,938524000000,-0.061,,,,,47354000000,0.181,44740000000,0.301,,34441000000,,95.59,87.04,,,,,,,,,,,,,,,,,,,,,true,false,9,2020-04-01,2020-12-31,-1
2022-01-31,95040,2022-03-31,3,1119000000000,-0.144,,,,,-55000000000,,-55000000000,,,-37000000000,,-102.70,,,,,,,,,,,,,,,,,,,,,,true,true,12,2021-04-01,2022-03-31,0
2022-01-31,95040,2021-03-31,3,,,,,,,,,,,,,,,,,,,,3385169000000,660346000000,0.194,,657194000000,,,,,,,,,,,,true,false,12,2020-04-01,2021-03-31,-1
2022-01-31,95040,2021-03-31,3,,,,,,,,,,,,,,,,,,,,,,,,,,,,,50.00,,,,387154692,26883619,,false,false,12,2020-04-01,2021-03-31,-1
2022-01-31,95040,2022-03-31,3,,,,,,,,,,,,,,,,,,,,,,,,,,,,,25.00,,,,,,,false,false,12,2021-04-01,2022-03-31,0
2022-01-31,95040,2022-03-31,3,,,,,,,,,,,,,,,,,,,,,,,,,,,,,,,,,387154692,26892870,360266161,false,false,9,2021-04-01,2021-12-31,0
2022-01-31,95040,2021-03-31,3,,,,,,,,,,,,,,,,,,,,,,,,,,,,,,,,,,,360321356,false,false,9,2020-04-01,2020-12-31,-1
,95040,2022-03-31,,,,,,,,,,,,,,,,,,,,,,,,,,,,,,40.00,,,,,,,false,true,12,2021-04-01,2022-03-31,0
,95040,2022-03-31,,,,,,,,,,,,,,,,,,,,,,,,,,,,,,25.00,,,,,,,false,false,12,2021-04-01,2022-03-31,0
,95040,2021-03-31,,,,,,,,,,,,,,,,,,,,,,,,,,,,,,50.00,,,,,,,false,false,12,2020-04-01,2021-03-31,-1
2022-04-28,95040,2022-03-31,,1136646000000,-0.131,,,,,-60744000000,,-61879000000,,,-39705000000,,-110.21,,-0.063,-0.018,-0.053,,3566947000000,608445000000,0.170,1681.51,605777000000,310000000,-206387000000,212581000000,66534000000,,,,,,,,true,false,12,2021-04-01,2022-03-31,0
2022-04-28,95040,2021-03-31,,1307498000000,-0.030,,,,,34283000000,-0.288,30092000000,-0.245,,14564000000,,40.42,36.72,0.022,0.009,0.026,,3385169000000,660346000000,0.194,1824.17,657194000000,110228000000,-172762000000,75241000000,59835000000,,1.237,,,,,,true,false,12,2020-04-01,2021-03-31,-1
2022-04-28,95040,2022-03-31,,994992000000,-0.133,,,,,-89693000000,,-75889000000,,-46336000000,,,-128.52,,,,,,3263400000000,408437000000,0.125,1132.90,408437000000,,,,,40.00,,,,387154692,26895398,360265118,false,false,12,2021-04-01,2022-03-31,0
2022-04-28,95040,2021-03-31,,1147753000000,-0.077,,,,,-12711000000,,-10968000000,,-5300000000,,,-14.70,,,,,,3094988000000,474178000000,0.153,1315.21,474178000000,,,,,50.00,,,,387154692,26883619,360310092,false,false,12,2020-04-01,2021-03-31,-1
2022-07-29,95040,2023-03-31,1,314753000000,0.430,,,,,-29193000000,,-31321000000,,,-26759000000,,-74.28,,,,,,3695490000000,588376000000,0.158,,582266000000,,,,,,,,,,,,true,false,3,2022-04-01,2022-06-30,0
2022-07-29,95040,2022-03-31,1,220103000000,-0.285,,,,,-4953000000,,-2675000000,,,-1360000000,,-3.78,,,,,,,,,,,,,,,,,,,,,,true,false,3,2021-04-01,2021-06-30,-1
2022-07-29,95040,2022-03-31,1,,,,,,,,,,,,,,,,,,,,3566947000000,608445000000,0.170,,605777000000,,,,,,,,,,,,true,false,12,2021-04-01,2022-03-31,-1
2022-07-29,95040,2022-03-31,1,,,,,,,,,,,,,,,,,,,,,,,,,,,,,40.00,,,,387154692,26895398,,false,false,12,2021-04-01,2022-03-31,-1
2022-07-29,95040,2023-03-31,1,,,,,,,,,,,,,,,,,,,,,,,,,,,,,,,,,387154692,26896728,360258220,false,false,3,2022-04-01,2022-06-30,0
2022-07-29,95040,2022-03-31,1,,,,,,,,,,,,,,,,,,,,,,,,,,,,,,,,,,,360268572,false,false,3,2021-04-01,2021-06-30,-1
2022-09-13,95040,2023-03-31,,1620000000000,,,,,,-180000000000,,-186000000000,,,-139000000000,,-385.80,,,,,,,,,,,,,,,,,,,,,,true,true,12,2022-04-01,2023-03-31,0
2022-09-13,95040,2022-03-31,,1136646000000,,,,,,-60744000000,,-61879000000,,,-39705000000,,-110.21,,,,,,,,,,,,,,,,,,,,,,true,false,12,2021-04-01,2022-03-31,-1
2022-09-13,95040,2023-03-31,,1410000000000,,,,,,-198000000000,,-185000000000,,-134000000000,,,-371.70,,,,,,,,,,,,,,,0.00,,,,,,,false,true,12,2022-04-01,2023-03-31,0
2022-09-13,95040,2022-03-31,,994992000000,,,,,,-89693000000,,-75889000000,,-46336000000,,,-128.52,,,,,,,,,,,,,,,40.00,,,,,,,false,false,12,2021-04-01,2022-03-31,-1
2022-10-28,95040,2023-03-31,2,749774000000,0.544,,,,,-73170000000,,-68543000000,,,-56015000000,,-155.49,,,,,,3958596000000,573813000000,0.143,,567552000000,,,,,,,,,,,,true,false,6,2022-04-01,2022-09-30,0
2022-10-28,95040,2022-03-31,2,485483000000,-0.246,,,,,2720000000,-0.942,5504000000,-0.877,,6521000000,,18.10,16.44,,,,,,,,,,,,,,,,,,,,,true,false,6,2021-04-01,2021-09-30,-1
2022-10-28,95040,2023-03-31,2,1620000000000,0.425,,,,,-180000000000,,-186000000000,,,-139000000000,,-385.80,,,,,,,,,,,,,,,,,,,,,,true,true,12,2022-04-01,2023-03-31,0
2022-10-28,95040,2022-03-31,2,,,,,,,,,,,,,,,,,,,,3566947000000,608445000000,0.170,,605777000000,,,,,,,,,,,,true,false,12,2021-04-01,2022-03-31,-1
2022-10-28,95040,2022-03-31,2,,,,,,,,,,,,,,,,,,,,,,,,,,,,,40.00,,,,387154692,26895398,,false,false,12,2021-04-01,2022-03-31,-1
2022-10-28,95040,2023-03-31,2,,,,,,,,,,,,,,,,,,,,,,,,,,,,,0.00,,,,,,,false,false,12,2022-04-01,2023-03-31,0
2022-10-28,95040,2023-03-31,2,,,,,,,,,,,,,,,,,,,,,,,,,,,,,0.00,,,,,,,false,true,12,2022-04-01,2023-03-31,0
2022-10-28,95040,2023-03-31,2,,,,,,,,,,,,,,,,,,,,,,,,,,,,,,,,,387154692,26898469,360257497,false,false,6,2022-04-01,2022-09-30,0
2022-10-28,95040,2022-03-31,2,,,,,,,,,,,,,,,,,,,,,,,,,,,,,,,,,,,360267061,false,false,6,2021-04-01,2021-09-30,-1
2022-12-02,95040,2023-03-31,,1620000000000,,,,,,-180000000000,,-186000000000,,,-209715000000,,-582.10,,,,,,,,,,,,,,,,,,,,,,true,true,12,2022-04-01,2023-03-31,0
2022-12-02,95040,2022-03-31,,1136646000000,,,,,,-60744000000,,-61879000000,,,-39705000000,,-110.21,,,,,,,,,,,,,,,,,,,,,,true,false,12,2021-04-01,2022-03-31,-1
2022-12-02,95040,2023-03-31,,1410000000000,,,,,,-198000000000,,-185000000000,,-204715000000,,,-567.80,,,,,,,,,,,,,,,,,,,,,,false,true,12,2022-04-01,2023-03-31,0
2022-12-02,95040,2022-03-31,,994992000000,,,,,,-89693000000,,-75889000000,,-46336000000,,,-128.52,,,,,,,,,,,,,,,,,,,,,,false,false,12,2021-04-01,2022-03-31,-1
2023-01-31,95040,2023-03-31,3,1179887000000,0.546,,,,,-106936000000,,-123960000000,,,-166734000000,,-462.82,,,,,,3976668000000,466700000000,0.116,,459412000000,,,,,,,,,,,,true,false,9,2022-04-01,2022-12-31,0
2023-01-31,95040,2022-03-31,3,763072000000,-0.187,,,,,-26998000000,,-25451000000,,,-14983000000,,-41.59,,,,,,,,,,,,,,,,,,,,,,true,false,9,2021-04-01,2021-12-31,-1
2023-01-31,95040,2023-03-31,3,1724000000000,0.517,,,,,-124000000000,,-140000000000,,,-174000000000,,-483.00,,,,,,,,,,,,,,,,,,,,,,true,true,12,2022-04-01,2023-03-31,0
2023-01-31,95040,2022-03-31,3,,,,,,,,,,,,,,,,,,,,3566947000000,608445000000,0.170,,605777000000,,,,,,,,,,,,true,false,12,2021-04-01,2022-03-31,-1
2023-01-31,95040,2022-03-31,3,,,,,,,,,,,,,,,,,,,,,,,,,,,,,40.00,,,,387154692,26895398,,false,false,12,2021-04-01,2022-03-31,-1
2023-01-31,95040,2023-03-31,3,,,,,,,,,,,,,,,,,,,,,,,,,,,,,0.00,,,,,,,false,false,12,2022-04-01,2023-03-31,0
2023-01-31,95040,2023-03-31,3,,,,,,,,,,,,,,,,,,,,,,,,,,,,,0.00,,,,,,,false,true,12,2022-04-01,2023-03-31,0
2023-01-31,95040,2023-03-31,3,,,,,,,,,,,,,,,,,,,,,,,,,,,,,,,,,387154692,26902533,360256261,false,false,9,2022-04-01,2022-12-31,0
2023-01-31,95040,2022-03-31,3,,,,,,,,,,,,,,,,,,,,,,,,,,,,,,,,,,,360266161,false,false,9,2021-04-01,2021-12-31,-1
2023-01-31,95040,2023-03-31,,1523000000000,0.080,,,,,-133000000000,,-128000000000,,-161000000000,,,-446.60,,,,,,,,,,,,,,,,,,,,,,false,true,12,2022-04-01,2023-03-31,0
2023-01-31,95040,2022-03-31,,994992000000,,,,,,-89693000000,,-75889000000,,-46336000000,,,-128.52,,,,,,,,,,,,,,,,,,,,,,false,false,12,2021-04-01,2022-03-31,-1
2023-04-28,95040,2023-03-31,,1694602000000,0.491,,,,,-68892000000,,-106780000000,,,-155378000000,,-431.30,,-0.295,-0.028,-0.041,,4040048000000,455483000000,0.111,1242.16,447487000000,-62696000000,-225024000000,464958000000,245605000000,,,,,,,,true,false,12,2022-04-01,2023-03-31,0
2023-04-28,95040,2022-03-31,,1136646000000,-0.131,,,,,-60744000000,,-61879000000,,,-39705000000,,-110.21,,-0.063,-0.018,-0.053,,3566947000000,608445000000,0.170,1681.51,605777000000,310000000,-206387000000,212581000000,66534000000,,,,,,,,true,false,12,2021-04-01,2022-03-31,-1
2023-04-28,95040,2023-03-31,,1502494000000,0.510,,,,,-96853000000,,-98413000000,,-153523000000,,,-425.84,,,,,,3703393000000,243107000000,0.066,674.33,243107000000,,,,,0.00,,,,387154692,26904338,360255306,false,false,12,2022-04-01,2023-03-31,0
2023-04-28,95040,2022-03-31,,994992000000,-0.133,,,,,-89693000000,,-75889000000,,-46336000000,,,-128.52,,,,,,3263400000000,408437000000,0.125,1132.90,408437000000,,,,,40.00,,,,387154692,26895398,360265118,false,false,12,2021-04-01,2022-03-31,-1
2023-05-23,95040,2024-03-31,,2041000000000,,,,,,92000000000,,80000000000,,,59000000000,,163.80,,,,,,,,,,,,,,,,,,,,,,true,true,12,2023-04-01,2024-03-31,0
2023-05-23,95040,2023-03-31,,1694602000000,,,,,,-68892000000,,-106780000000,,,-155378000000,,-431.30,,,,,,,,,,,,,,,,,,,,,,true,false,12,2022-04-01,2023-03-31,-1
2023-05-23,95040,2024-03-31,,1777000000000,,,,,,41000000000,,43000000000,,35000000000,,,97.10,,,,,,,,,,,,,,,10.00,,,,,,,false,true,12,2023-04-01,2024-03-31,0
2023-05-23,95040,2023-03-31,,1502494000000,,,,,,-96853000000,,-98413000000,,-153523000000,,,-425.84,,,,,,,,,,,,,,,0.00,,,,,,,false,false,12,2022-04-01,2023-03-31,-1
2023-07-28,95040,2024-03-31,1,401078000000,0.274,,,,,88245000000,,82616000000,,,62637000000,,173.87,,,,,,4146375000000,518630000000,0.123,,510384000000,,,,,,,,,,,,true,false,3,2023-04-01,2023-06-30,0
2023-07-28,95040,2023-03-31,1,314753000000,0.430,,,,,-29193000000,,-31321000000,,,-26759000000,,-74.28,,,,,,,,,,,,,,,,,,,,,,true,false,3,2022-04-01,2022-06-30,-1
2023-07-28,95040,2024-03-31,1,1759000000000,0.038,,,,,107000000000,,100000000000,,,70000000000,,194.30,,,,,,,,,,,,,,,,,,,,,,true,true,12,2023-04-01,2024-03-31,0
2023-07-28,95040,2023-03-31,1,,,,,,,,,,,,,,,,,,,,4040048000000,455483000000,0.111,,447487000000,,,,,,,,,,,,true,false,12,2022-04-01,2023-03-31,-1
2023-07-28,95040,2023-03-31,1,,,,,,,,,,,,,,,,,,,,,,,,,,,,,0.00,,,,387154692,26904338,,false,false,12,2022-04-01,2023-03-31,-1
2023-07-28,95040,2024-03-31,1,,,,,,,,,,,,,,,,,,,,,,,,,,,,,10.00,,,,,,,false,true,12,2023-04-01,2024-03-31,0
2023-07-28,95040,2024-03-31,1,,,,,,,,,,,,,,,,,,,,,,,,,,,,,,,,,387154692,26906283,360249194,false,false,3,2023-04-01,2023-06-30,0
2023-07-28,95040,2023-03-31,1,,,,,,,,,,,,,,,,,,,,,,,,,,,,,,,,,,,360258220,false,false,3,2022-04-01,2022-06-30,-1
2023-07-28,95040,2024-03-31,,1555000000000,-0.125,,,,,56000000000,0.366,70000000000,0.628,55000000000,,0.571,152.60,,,,,,,,,,,,,,,,,,,,,,false,true,12,2023-04-01,2024-03-31,0
2023-07-28,95040,2023-03-31,,1502494000000,,,,,,-96853000000,,-98413000000,,-153523000000,,,-425.84,,,,,,,,,,,,,,,,,,,,,,false,false,12,2022-04-01,2023-03-31,-1
2023-10-31,95040,2024-03-31,2,841547000000,0.122,,,,,165064000000,,161933000000,,,123028000000,,341.51,341.51,,,,,4155818000000,595502000000,0.141,,587010000000,,,,,,,,,,,,true,false,6,2023-04-01,2023-09-30,0
2023-10-31,95040,2023-03-31,2,749774000000,0.544,,,,,-73170000000,,-68543000000,,,-56015000000,,-155.49,,,,,,,,,,,,,,,,,,,,,,true,false,6,2022-04-01,2022-09-30,-1
2023-10-31,95040,2024-03-31,2,1646000000000,-0.029,,,,,154000000000,,150000000000,,,109000000000,,302.60,,,,,,,,,,,,,,,,,,,,,,true,true,12,2023-04-01,2024-03-31,0
2023-10-31,95040,2023-03-31,2,,,,,,,,,,,,,,,,,,,,4040048000000,455483000000,0.111,,447487000000,,,,,,,,,,,,true,false,12,2022-04-01,2023-03-31,-1
2023-10-31,95040,2023-03-31,2,,,,,,,,,,,,,,,,,,,,,,,,,,,,,0.00,,,,387154692,26904338,,false,false,12,2022-04-01,2023-03-31,-1
2023-10-31,95040,2024-03-31,2,,,,,,,,,,,,,,,,,,,,,,,,,,,,,5.00,,,,,,,false,false,12,2023-04-01,2024-03-31,0
2023-10-31,95040,2024-03-31,2,,,,,,,,,,,,,,,,,,,,,,,,,,,,,30.00,,,,,,,false,true,12,2023-04-01,2024-03-31,0
2023-10-31,95040,2024-03-31,2,,,,,,,,,,,,,,,,,,,,,,,,,,,,,,,,,387154692,26908293,360248066,false,false,6,2023-04-01,2023-09-30,0
2023-10-31,95040,2023-03-31,2,,,,,,,,,,,,,,,,,,,,,,,,,,,,,,,,,,,360257497,false,false,6,2022-04-01,2022-09-30,-1
2023-10-31,95040,2024-03-31,,1475000000000,-0.051,,,,,99000000000,0.768,115000000000,0.643,88000000000,,0.600,244.10,,,,,,,,,,,,,,,,,,,,,,false,true,12,2023-04-01,2024-03-31,0
2023-10-31,95040,2023-03-31,,1502494000000,,,,,,-96853000000,,-98413000000,,-153523000000,,,-425.84,,,,,,,,,,,,,,,,,,,,,,false,false,12,2022-04-01,2023-03-31,-1
2024-01-31,95040,2024-03-31,3,1204828000000,0.021,,,,,175865000000,,165373000000,,,120504000000,,334.51,334.50,,,,,4139671000000,596918000000,0.142,,588443000000,,,,,,,,,,,,true,false,9,2023-04-01,2023-12-31,0
2024-01-31,95040,2023-03-31,3,1179887000000,0.546,,,,,-106936000000,,-123960000000,,,-166734000000,,-462.82,,,,,,,,,,,,,,,,,,,,,,true,false,9,2022-04-01,2022-12-31,-1
2024-01-31,95040,2024-03-31,3,1610000000000,-0.050,,,,,173000000000,,165000000000,,,122000000000,,338.70,,,,,,,,,,,,,,,,,,,,,,true,true,12,2023-04-01,2024-03-31,0
2024-01-31,95040,2023-03-31,3,,,,,,,,,,,,,,,,,,,,4040048000000,455483000000,0.111,,447487000000,,,,,,,,,,,,true,false,12,2022-04-01,2023-03-31,-1
2024-01-31,95040,2023-03-31,3,,,,,,,,,,,,,,,,,,,,,,,,,,,,,0.00,,,,387154692,26904338,,false,false,12,2022-04-01,2023-03-31,-1
2024-01-31,95040,2024-03-31,3,,,,,,,,,,,,,,,,,,,,,,,,,,,,,5.00,,,,,,,false,false,12,2023-04-01,2024-03-31,0
2024-01-31,95040,2024-03-31,3,,,,,,,,,,,,,,,,,,,,,,,,,,,,,30.00,,,,,,,false,true,12,2023-04-01,2024-03-31,0
2024-01-31,95040,2024-03-31,3,,,,,,,,,,,,,,,,,,,,,,,,,,,,,,,,,387154692,26915092,360246422,false,false,9,2023-04-01,2023-12-31,0
2024-01-31,95040,2023-03-31,3,,,,,,,,,,,,,,,,,,,,,,,,,,,,,,,,,,,360256261,false,false,9,2022-04-01,2022-12-31,-1
2024-01-31,95040,2024-03-31,,1457000000000,-0.012,,,,,109000000000,0.101,123000000000,0.070,98000000000,,0.114,271.80,,,,,,,,,,,,,,,,,,,,,,false,true,12,2023-04-01,2024-03-31,0
2024-01-31,95040,2023-03-31,,1502494000000,,,,,,-96853000000,,-98413000000,,-153523000000,,,-425.84,,,,,,,,,,,,,,,,,,,,,,false,false,12,2022-04-01,2023-03-31,-1
2024-04-30,95040,2024-03-31,,1628785000000,-0.039,,,,,206777000000,,194076000000,,,133501000000,,370.59,370.58,0.254,0.047,0.127,,4133265000000,613401000000,0.146,1679.11,604874000000,271393000000,-202022000000,-17126000000,298465000000,,0.094,,,,,,true,false,12,2023-04-01,2024-03-31,0
2024-04-30,95040,2023-03-31,,1694602000000,0.491,,,,,-68892000000,,-106780000000,,,-155378000000,,-431.30,,-0.295,-0.028,-0.041,,4040048000000,455483000000,0.111,1242.16,447487000000,-62696000000,-225024000000,464958000000,245605000000,,,,,,,,true,false,12,2022-04-01,2023-03-31,-1
2024-04-30,95040,2025-03-31,,1400000000000,-0.140,,,,,75000000000,-0.637,65000000000,-0.665,,50000000000,,138.80,,,,,,,,,,,,,,,,0.072,,,,,,true,true,12,2024-04-01,2025-03-31,1
2024-04-30,95040,2024-03-31,,1448151000000,-0.036,,,,,135822000000,,145625000000,,112069000000,,,310.86,,,,,,3784085000000,361844000000,0.096,1003.72,361844000000,,,,,35.00,,,,387154692,26920110,360244616,false,false,12,2023-04-01,2024-03-31,0
2024-04-30,95040,2023-03-31,,1502494000000,0.510,,,,,-96853000000,,-98413000000,,-153523000000,,,-425.84,,,,,,3703393000000,243107000000,0.066,674.33,243107000000,,,,,0.00,,,,387154692,26904338,360255306,false,false,12,2022-04-01,2023-03-31,-1
2024-04-30,95040,2025-03-31,,1250000000000,-0.137,,,,,65000000000,-0.521,65000000000,-0.554,50000000000,,-0.554,138.70,,,,,,,,,,,,,,,10.00,,,,,,,false,true,12,2024-04-01,2025-03-31,1
2024-07-31,95040,2025-03-31,1,330344000000,-0.176,,,,,34865000000,-0.605,37359000000,-0.548,,23362000000,,64.85,64.85,,,,,4137594000000,634950000000,0.152,,630166000000,,,,,,,,,,,,true,false,3,2024-04-01,2024-06-30,0
2024-07-31,95040,2024-03-31,1,401078000000,0.274,,,,,88245000000,,82616000000,,,62637000000,,173.87,,,,,,,,,,,,,,,,,,,,,,true,false,3,2023-04-01,2023-06-30,-1
2024-07-31,95040,2025-03-31,1,1400000000000,-0.140,,,,,75000000000,-0.637,65000000000,-0.665,,50000000000,,138.80,,,,,,,,,,,,,,,,,,,,,,true,true,12,2024-04-01,2025-03-31,0
2024-07-31,95040,2024-03-31,1,,,,,,,,,,,,,,,,,,,,4133265000000,613401000000,0.146,,604874000000,,,,,,,,,,,,true,false,12,2023-04-01,2024-03-31,-1
2024-07-31,95040,2024-03-31,1,,,,,,,,,,,,,,,,,,,,,,,,,,,,,35.00,,,,387154692,26920110,,false,false,12,2023-04-01,2024-03-31,-1
2024-07-31,95040,2025-03-31,1,,,,,,,,,,,,,,,,,,,,,,,,,,,,,10.00,,,,,,,false,true,12,2024-04-01,2025-03-31,0
2024-07-31,95040,2025-03-31,1,,,,,,,,,,,,,,,,,,,,,,,,,,,,,,,,,387154692,26922741,360232757,false,false,3,2024-04-01,2024-06-30,0
2024-07-31,95040,2024-03-31,1,,,,,,,,,,,,,,,,,,,,,,,,,,,,,,,,,,,360249194,false,false,3,2023-04-01,2023-06-30,-1
2024-08-05,95040,2025-03-31,1,330344000000,-0.176,,,,,34865000000,-0.605,37359000000,-0.548,,23362000000,,64.85,64.85,,,,,4137594000000,634950000000,0.152,,630166000000,,,,,,,,,,,,true,false,3,2024-04-01,2024-06-30,0
2024-08-05,95040,2024-03-31,1,401078000000,0.274,,,,,88245000000,,82616000000,,,62637000000,,173.87,,,,,,,,,,,,,,,,,,,,,,true,false,3,2023-04-01,2023-06-30,-1
2024-08-05,95040,2025-03-31,1,1400000000000,-0.140,,,,,75000000000,-0.637,65000000000,-0.665,,50000000000,,138.80,,,,,,,,,,,,,,,,,,,,,,true,true,12,2024-04-01,2025-03-31,0
2024-08-05,95040,2024-03-31,1,,,,,,,,,,,,,,,,,,,,4133265000000,613401000000,0.146,,604874000000,,,,,,,,,,,,true,false,12,2023-04-01,2024-03-31,-1
2024-08-05,95040,2024-03-31,1,,,,,,,,,,,,,,,,,,,,,,,,,,,,,35.00,,,,387154692,26920110,,false,false,12,2023-04-01,2024-03-31,-1
2024-08-05,95040,2025-03-31,1,,,,,,,,,,,,,,,,,,,,,,,,,,,,,10.00,,,,,,,false,true,12,2024-04-01,2025-03-31,0
2024-08-05,95040,2025-03-31,1,,,,,,,,,,,,,,,,,,,,,,,,,,,,,,,,,387154692,26922741,360232757,false,false,3,2024-04-01,2024-06-30,0
2024-08-05,95040,2024-03-31,1,,,,,,,,,,,,,,,,,,,,,,,,,,,,,,,,,,,360249194,false,false,3,2023-04-01,2023-06-30,-1
2024-10-31,95040,2025-03-31,2,741906000000,-0.118,,,,,69889000000,-0.577,65400000000,-0.596,,51662000000,,143.50,143.50,,,,,4299692000000,667719000000,0.154,,663087000000,,,,,,,,,,,,true,false,6,2024-04-01,2024-09-30,0
2024-10-31,95040,2024-03-31,2,841547000000,0.122,,,,,165064000000,,161933000000,,,123028000000,,341.51,341.51,,,,,,,,,,,,,,,,,,,,,true,false,6,2023-04-01,2023-09-30,-1
2024-10-31,95040,2025-03-31,2,1490000000000,-0.085,,,,,80000000000,-0.613,70000000000,-0.639,,54000000000,,150.10,,,,,,,,,,,,,,,,,,,,,,true,true,12,2024-04-01,2025-03-31,0
2024-10-31,95040,2024-03-31,2,,,,,,,,,,,,,,,,,,,,4133265000000,613401000000,0.146,,604874000000,,,,,,,,,,,,true,false,12,2023-04-01,2024-03-31,-1
2024-10-31,95040,2024-03-31,2,,,,,,,,,,,,,,,,,,,,,,,,,,,,,35.00,,,,387154692,26920110,,false,false,12,2023-04-01,2024-03-31,-1
2024-10-31,95040,2025-03-31,2,,,,,,,,,,,,,,,,,,,,,,,,,,,,,5.00,,,,,,,false,false,12,2024-04-01,2025-03-31,0
2024-10-31,95040,2025-03-31,2,,,,,,,,,,,,,,,,,,,,,,,,,,,,,10.00,,,,,,,false,true,12,2024-04-01,2025-03-31,0
2024-10-31,95040,2025-03-31,2,,,,,,,,,,,,,,,,,,,,,,,,,,,,,,,,,387154692,27583202,360012168,false,false,6,2024-04-01,2024-09-30,0
2024-10-31,95040,2024-03-31,2,,,,,,,,,,,,,,,,,,,,,,,,,,,,,,,,,,,360248066,false,false,6,2023-04-01,2023-09-30,-1
2024-10-31,95040,2025-03-31,,1330000000000,0.064,,,,,67000000000,0.031,67000000000,0.031,54000000000,,0.080,150.00,,,,,,,,,,,,,,,,,,,,,,false,true,12,2024-04-01,2025-03-31,0
2024-10-31,95040,2024-03-31,,1448151000000,,,,,,135822000000,,145625000000,,112069000000,,,310.86,,,,,,,,,,,,,,,,,,,,,,false,false,12,2023-04-01,2024-03-31,-1
2025-01-31,95040,2025-03-31,3,1096411000000,-0.090,,,,,89953000000,-0.489,94175000000,-0.431,,78743000000,,218.81,218.81,,,,,4272584000000,670542000000,0.157,,672167000000,,,,,,,,,,,,true,false,9,2024-04-01,2024-12-31,0
2025-01-31,95040,2024-03-31,3,1204828000000,0.021,,,,,175865000000,,165373000000,,,120504000000,,334.51,334.50,,,,,,,,,,,,,,,,,,,,,true,false,9,2023-04-01,2023-12-31,-1
2025-01-31,95040,2025-03-31,3,1480000000000,-0.091,,,,,93000000000,-0.550,91000000000,-0.531,,70000000000,,194.60,,,,,,,,,,,,,,,,,,,,,,true,true,12,2024-04-01,2025-03-31,0
2025-01-31,95040,2024-03-31,3,,,,,,,,,,,,,,,,,,,,4133265000000,613401000000,0.146,,604874000000,,,,,,,,,,,,true,false,12,2023-04-01,2024-03-31,-1
2025-01-31,95040,2024-03-31,3,,,,,,,,,,,,,,,,,,,,,,,,,,,,,35.00,,,,387154692,26920110,,false,false,12,2023-04-01,2024-03-31,-1
2025-01-31,95040,2025-03-31,3,,,,,,,,,,,,,,,,,,,,,,,,,,,,,5.00,,,,,,,false,false,12,2024-04-01,2025-03-31,0
2025-01-31,95040,2025-03-31,3,,,,,,,,,,,,,,,,,,,,,,,,,,,,,15.00,,,,,,,false,true,12,2024-04-01,2025-03-31,0
2025-01-31,95040,2025-03-31,3,,,,,,,,,,,,,,,,,,,,,,,,,,,,,,,,,387154692,27586210,359864616,false,false,9,2024-04-01,2024-12-31,0
2025-01-31,95040,2024-03-31,3,,,,,,,,,,,,,,,,,,,,,,,,,,,,,,,,,,,360246422,false,false,9,2023-04-01,2023-12-31,-1
2025-01-31,95040,2025-03-31,,1310000000000,-0.015,,,,,61000000000,-0.090,73000000000,0.090,65000000000,,0.204,180.50,,,,,,,,,,,,,,,,,,,,,,false,true,12,2024-04-01,2025-03-31,0
2025-01-31,95040,2024-03-31,,1448151000000,,,,,,135822000000,,145625000000,,112069000000,,,310.86,,,,,,,,,,,,,,,,,,,,,,false,false,12,2023-04-01,2024-03-31,-1
2025-02-05,95040,2025-03-31,3,1096411000000,-0.090,,,,,89953000000,-0.489,94175000000,-0.431,,78743000000,,218.81,218.81,,,,,4272584000000,670542000000,0.157,,672167000000,,,,,,,,,,,,true,false,9,2024-04-01,2024-12-31,0
2025-02-05,95040,2024-03-31,3,1204828000000,0.021,,,,,175865000000,,165373000000,,,120504000000,,334.51,334.50,,,,,,,,,,,,,,,,,,,,,true,false,9,2023-04-01,2023-12-31,-1
2025-02-05,95040,2025-03-31,3,1480000000000,-0.091,,,,,93000000000,-0.550,91000000000,-0.531,,70000000000,,194.60,,,,,,,,,,,,,,,,,,,,,,true,true,12,2024-04-01,2025-03-31,0
2025-02-05,95040,2024-03-31,3,,,,,,,,,,,,,,,,,,,,4133265000000,613401000000,0.146,,604874000000,,,,,,,,,,,,true,false,12,2023-04-01,2024-03-31,-1
2025-02-05,95040,2024-03-31,3,,,,,,,,,,,,,,,,,,,,,,,,,,,,,35.00,,,,387154692,26920110,,false,false,12,2023-04-01,2024-03-31,-1
2025-02-05,95040,2025-03-31,3,,,,,,,,,,,,,,,,,,,,,,,,,,,,,5.00,,,,,,,false,false,12,2024-04-01,2025-03-31,0
2025-02-05,95040,2025-03-31,3,,,,,,,,,,,,,,,,,,,,,,,,,,,,,15.00,,,,,,,false,true,12,2024-04-01,2025-03-31,0
2025-02-05,95040,2025-03-31,3,,,,,,,,,,,,,,,,,,,,,,,,,,,,,,,,,387154692,27586210,359864616,false,false,9,2024-04-01,2024-12-31,0
2025-02-05,95040,2024-03-31,3,,,,,,,,,,,,,,,,,,,,,,,,,,,,,,,,,,,360246422,false,false,9,2023-04-01,2023-12-31,-1
2025-03-19,95040,2025-03-31,,1490000000000,0.007,,,,,108000000000,0.161,105000000000,0.154,,80000000000,,222.40,,,,,,,,,,,,,,,,,,,,,,true,true,12,2024-04-01,2025-03-31,0
2025-03-19,95040,2024-03-31,,1628785000000,,,,,,206777000000,,194076000000,,,133501000000,,370.59,,,,,,,,,,,,,,,,,,,,,,true,false,12,2023-04-01,2024-03-31,-1
2025-03-19,95040,2025-03-31,,1313000000000,0.002,,,,,68000000000,0.115,80000000000,0.096,70000000000,,0.077,194.40,,,,,,,,,,,,,,,20.00,,,,,,,false,true,12,2024-04-01,2025-03-31,0
2025-03-19,95040,2024-03-31,,1448151000000,,,,,,135822000000,,145625000000,,112069000000,,,310.86,,,,,,,,,,,,,,,35.00,,,,,,,false,false,12,2023-04-01,2024-03-31,-1
2025-03-19,95040,2025-03-31,,,,,,,,,,,,,,,,,,,,,,,,,,,,,,5.00,,,,,,,false,false,12,2024-04-01,2025-03-31,0
2025-04-30,95040,2025-03-31,,1529218000000,-0.061,,,,,129148000000,-0.375,128543000000,-0.338,,98474000000,,273.70,273.69,0.150,0.030,0.084,,4360959000000,705865000000,0.162,1967.75,707535000000,186022000000,-358839000000,161182000000,286672000000,,0.099,,,,,,true,false,12,2024-04-01,2025-03-31,0
2025-04-30,95040,2024-03-31,,1628785000000,-0.039,,,,,206777000000,,194076000000,,,133501000000,,370.59,370.58,0.254,0.047,0.127,,4133265000000,613401000000,0.146,1679.11,604874000000,271393000000,-202022000000,-17126000000,298465000000,,0.094,,,,,,true,false,12,2023-04-01,2024-03-31,-1
2025-04-30,95040,2026-03-31,,1400000000000,-0.084,,,,,95000000000,-0.264,85000000000,-0.339,,65000000000,,180.80,,,,,,,,,,,,,,,,0.116,,,,,,true,true,12,2025-04-01,2026-03-31,1
2025-04-30,95040,2025-03-31,,1342283000000,-0.073,,,,,83975000000,-0.382,95280000000,-0.346,82944000000,,-0.260,230.36,,,,,,3961765000000,430364000000,0.109,1196.00,430364000000,,,,,27.00,,,,387154692,27589469,359790132,false,false,12,2024-04-01,2025-03-31,0
2025-04-30,95040,2024-03-31,,1448151000000,-0.036,,,,,135822000000,,145625000000,,112069000000,,,310.86,,,,,,3784085000000,361844000000,0.096,1003.72,361844000000,,,,,35.00,,,,387154692,26920110,360244616,false,false,12,2023-04-01,2024-03-31,-1
2025-04-30,95040,2026-03-31,,1300000000000,-0.032,,,,,74000000000,-0.119,73000000000,-0.234,55000000000,,-0.337,152.80,,,,,,,,,,,,,,,21.00,,,,,,,false,true,12,2025-04-01,2026-03-31,1
