filing_date,code,fiscal_year_end,quarterly_period,net_sales,net_sales_change,revenue,revenue_change,operating_revenue,operating_revenue_change,operating_profit,operating_profit_change,ordinary_profit,ordinary_profit_change,net_income,net_income_of_parent,net_income_change,eps,diluted_eps,roe,roa,operating_profit_to_net_sales,operating_profit_to_revenue,total_assets,net_assets,equity_ratio,bps,owner_equity,operating_cash_flow,investing_cash_flow,financing_cash_flow,cash,dividend_per_share,payout_ratio,commemorative_dividend,extra_dividend,number_of_shares,number_of_treqsury_shares,avg_number_of_shares,is_consolidated,is_forecast,duration,period_start,period_end,period_pos
2015-07-28,95050,2016-03-31,1,,,,,127242000000,0.027,9735000000,-0.239,7424000000,-0.289,,2900000000,,13.89,,,,,,1440209000000,342903000000,0.232,,334178000000,,,,,,,,,,,,true,false,3,2015-04-01,2015-06-30,0
2015-07-28,95050,2015-03-31,1,,,,,123839000000,0.073,12799000000,2.207,10444000000,6.162,,6986000000,,33.46,,,,,,,,,,,,,,,,,,,,,,true,false,3,2014-04-01,2014-06-30,-1
2015-07-28,95050,2016-03-31,1,,,,,265000000000,0.006,,,,,,,,,,,,,,,,,,,,,,,,,,,,,,true,true,6,2015-04-01,2015-09-30,0
2015-07-28,95050,2016-03-31,1,,,,,550000000000,0.032,,,,,,,,,,,,,,,,,,,,,,,,,,,,,,true,true,12,2015-04-01,2016-03-31,0
2015-07-28,95050,2015-03-31,1,,,,,,,,,,,,,,,,,,,,1479451000000,344209000000,0.227,,335692000000,,,,,,,,,,,,true,false,12,2014-04-01,2015-03-31,-1
2015-07-28,95050,2015-03-31,1,,,,,,,,,,,,,,,,,,,,,,,,,,,,,50.00,,,,210333694,1518275,,false,false,12,2014-04-01,2015-03-31,-1
2015-07-28,95050,2016-03-31,1,,,,,,,,,,,,,,,,,,,,,,,,,,,,,,,,,210333694,1520102,208814492,false,false,3,2015-04-01,2015-06-30,0
2015-07-28,95050,2015-03-31,1,,,,,,,,,,,,,,,,,,,,,,,,,,,,,,,,,,,208823489,false,false,3,2014-04-01,2014-06-30,-1
2015-10-29,95050,2016-03-31,2,,,,,267670000000,0.016,25240000000,-0.072,20445000000,0.143,,11350000000,,54.36,,,,,,1469877000000,348531000000,0.231,,339583000000,,,,,,,,,,,,true,false,6,2015-04-01,2015-09-30,0
2015-10-29,95050,2015-03-31,2,,,,,263404000000,0.048,27212000000,0.212,17891000000,0.037,,10130000000,,48.51,,,,,,,,,,,,,,,,,,,,,,true,false,6,2014-04-01,2014-09-30,-1
2015-10-29,95050,2016-03-31,2,,,,,550000000000,0.032,,,,,,,,,,,,,,,,,,,,,,,,,,,,,,true,true,12,2015-04-01,2016-03-31,0
2015-10-29,95050,2015-03-31,2,,,,,,,,,,,,,,,,,,,,1479451000000,344209000000,0.227,,335692000000,,,,,,,,,,,,true,false,12,2014-04-01,2015-03-31,-1
2015-10-29,95050,2015-03-31,2,,,,,,,,,,,,,,,,,,,,,,,,,,,,,50.00,,,,210333694,1518275,,false,false,12,2014-04-01,2015-03-31,-1
2015-10-29,95050,2016-03-31,2,,,,,,,,,,,,,,,,,,,,,,,,,,,,,25.00,,,,,,,false,false,12,2015-04-01,2016-03-31,0
2015-10-29,95050,2016-03-31,2,,,,,,,,,,,,,,,,,,,,,,,,,,,,,,,,,210333694,1524111,208812807,false,false,6,2015-04-01,2015-09-30,0
2015-10-29,95050,2015-03-31,2,,,,,,,,,,,,,,,,,,,,,,,,,,,,,,,,,,,208822276,false,false,6,2014-04-01,2014-09-30,-1
2016-01-28,95050,2016-03-31,3,,,,,397791000000,0.023,33243000000,0.062,26190000000,0.363,,13789000000,,66.04,,,,,,1464596000000,344986000000,0.229,,335593000000,,,,,,,,,,,,true,false,9,2015-04-01,2015-12-31,0
2016-01-28,95050,2015-03-31,3,,,,,388860000000,0.047,31314000000,0.507,19217000000,0.465,,10003000000,,47.90,,,,,,,,,,,,,,,,,,,,,,true,false,9,2014-04-01,2014-12-31,-1
2016-01-28,95050,2016-03-31,3,,,,,545000000000,0.023,34000000000,-0.149,25000000000,0.119,,11000000000,,52.68,,,,,,,,,,,,,,,,,,,,,,true,true,12,2015-04-01,2016-03-31,0
2016-01-28,95050,2015-03-31,3,,,,,,,,,,,,,,,,,,,,1479451000000,344209000000,0.227,,335692000000,,,,,,,,,,,,true,false,12,2014-04-01,2015-03-31,-1
2016-01-28,95050,2015-03-31,3,,,,,,,,,,,,,,,,,,,,,,,,,,,,,50.00,,,,210333694,1518275,,false,false,12,2014-04-01,2015-03-31,-1
2016-01-28,95050,2016-03-31,3,,,,,,,,,,,,,,,,,,,,,,,,,,,,,25.00,,,,,,,false,false,12,2015-04-01,2016-03-31,0
2016-01-28,95050,2016-03-31,3,,,,,,,,,,,,,,,,,,,,,,,,,,,,,,,,,210333694,1527440,208811332,false,false,9,2015-04-01,2015-12-31,0
2016-01-28,95050,2015-03-31,3,,,,,,,,,,,,,,,,,,,,,,,,,,,,,,,,,,,208821241,false,false,9,2014-04-01,2014-12-31,-1
2016-01-28,95050,2016-03-31,,,,,,545000000000,-0.009,34000000000,,25000000000,,,11000000000,,52.68,,,,,,,,,,,,,,,,,,,,,,true,true,12,2015-04-01,2016-03-31,0
2016-01-28,95050,2015-03-31,,,,,,532760000000,,39959000000,,22331000000,,,8990000000,,43.05,,,,,,,,,,,,,,,,,,,,,,true,false,12,2014-04-01,2015-03-31,-1
2016-01-28,95050,2016-03-31,,,,,,495000000000,-0.010,26000000000,,17000000000,,8000000000,,,38.31,,,,,,,,,,,,,,,,,,,,,,false,true,12,2015-04-01,2016-03-31,0
2016-01-28,95050,2015-03-31,,,,,,513008000000,,35260000000,,18100000000,,6657000000,,,31.88,,,,,,,,,,,,,,,,,,,,,,false,false,12,2014-04-01,2015-03-31,-1
2016-04-27,95050,2016-03-31,,,,,,544568000000,0.022,38124000000,-0.046,28041000000,0.256,,12891000000,,61.74,,0.039,0.019,,,1509393000000,334003000000,0.215,1552.48,324164000000,69792000000,-85006000000,33962000000,193128000000,,0.810,,,,,,true,false,12,2015-04-01,2016-03-31,0
2016-04-27,95050,2015-03-31,,,,,,532760000000,0.045,39959000000,1.012,22331000000,1.256,,8990000000,,43.05,,0.027,0.015,,,1479451000000,344209000000,0.227,1607.60,335692000000,113132000000,-104048000000,-19368000000,174379000000,,1.161,,,,,,true,false,12,2014-04-01,2015-03-31,-1
2016-04-27,95050,2017-03-31,,,,,,265000000000,-0.010,,,,,,,,,,,,,,,,,,,,,,,,,,,,,,true,true,6,2016-04-01,2016-09-30,1
2016-04-27,95050,2017-03-31,,,,,,540000000000,-0.008,,,,,,,,,,,,,,,,,,,,,,,,,,,,,,true,true,12,2016-04-01,2017-03-31,1
2016-04-27,95050,2016-03-31,,,,,,494180000000,-0.037,28788000000,-0.184,18992000000,0.049,8723000000,,0.310,41.78,,,,,,1458977000000,297163000000,0.204,1423.17,297163000000,,,,,50.00,,,,210333694,1528996,208809894,false,false,12,2015-04-01,2016-03-31,0
2016-04-27,95050,2015-03-31,,,,,,513008000000,0.035,35260000000,1.245,18100000000,1.463,6657000000,,3.103,31.88,,,,,,1419487000000,302809000000,0.213,1450.13,302809000000,,,,,50.00,,,,210333694,1518275,208820122,false,false,12,2014-04-01,2015-03-31,-1
2016-04-27,95050,2017-03-31,,,,,,240000000000,-0.021,,,,,,,,,,,,,,,,,,,,,,,,,,,,,,false,true,6,2016-04-01,2016-09-30,1
2016-04-27,95050,2017-03-31,,,,,,490000000000,-0.008,,,,,,,,,,,,,,,,,,,,,,,,,,,,,,false,true,12,2016-04-01,2017-03-31,1
2016-07-28,95050,2017-03-31,1,,,,,124237000000,-0.024,4447000000,-0.543,2352000000,-0.683,,1602000000,,7.67,,,,,,1494227000000,328964000000,0.213,,318986000000,,,,,,,,,,,,true,false,3,2016-04-01,2016-06-30,0
2016-07-28,95050,2016-03-31,1,,,,,127242000000,0.027,9735000000,-0.239,7424000000,-0.289,,2900000000,,13.89,,,,,,,,,,,,,,,,,,,,,,true,false,3,2015-04-01,2015-06-30,-1
2016-07-28,95050,2017-03-31,1,,,,,265000000000,-0.010,,,,,,,,,,,,,,,,,,,,,,,,,,,,,,true,true,6,2016-04-01,2016-09-30,0
2016-07-28,95050,2017-03-31,1,,,,,540000000000,-0.008,,,,,,,,,,,,,,,,,,,,,,,,,,,,,,true,true,12,2016-04-01,2017-03-31,0
2016-07-28,95050,2016-03-31,1,,,,,,,,,,,,,,,,,,,,1509393000000,334003000000,0.215,,324164000000,,,,,,,,,,,,true,false,12,2015-04-01,2016-03-31,-1
2016-07-28,95050,2016-03-31,1,,,,,,,,,,,,,,,,,,,,,,,,,,,,,50.00,,,,210333694,1528996,,false,false,12,2015-04-01,2016-03-31,-1
2016-07-28,95050,2017-03-31,1,,,,,,,,,,,,,,,,,,,,,,,,,,,,,,,,,210333694,1529725,208804344,false,false,3,2016-04-01,2016-06-30,0
2016-07-28,95050,2016-03-31,1,,,,,,,,,,,,,,,,,,,,,,,,,,,,,,,,,,,208814492,false,false,3,2015-04-01,2015-06-30,-1
2016-10-27,95050,2017-03-31,2,,,,,262434000000,-0.020,10884000000,-0.569,6412000000,-0.686,,4190000000,,20.07,,,,,,1484707000000,333498000000,0.218,,323210000000,,,,,,,,,,,,true,false,6,2016-04-01,2016-09-30,0
2016-10-27,95050,2016-03-31,2,,,,,267670000000,0.016,25240000000,-0.072,20445000000,0.143,,11350000000,,54.36,,,,,,,,,,,,,,,,,,,,,,true,false,6,2015-04-01,2015-09-30,-1
2016-10-27,95050,2017-03-31,2,,,,,540000000000,-0.008,,,,,,,,,,,,,,,,,,,,,,,,,,,,,,true,true,12,2016-04-01,2017-03-31,0
2016-10-27,95050,2016-03-31,2,,,,,,,,,,,,,,,,,,,,1509393000000,334003000000,0.215,,324164000000,,,,,,,,,,,,true,false,12,2015-04-01,2016-03-31,-1
2016-10-27,95050,2016-03-31,2,,,,,,,,,,,,,,,,,,,,,,,,,,,,,50.00,,,,210333694,1528996,,false,false,12,2015-04-01,2016-03-31,-1
2016-10-27,95050,2017-03-31,2,,,,,,,,,,,,,,,,,,,,,,,,,,,,,25.00,,,,,,,false,false,12,2016-04-01,2017-03-31,0
2016-10-27,95050,2017-03-31,2,,,,,,,,,,,,,,,,,,,,,,,,,,,,,,,,,210333694,1531414,208803735,false,false,6,2016-04-01,2016-09-30,0
2016-10-27,95050,2016-03-31,2,,,,,,,,,,,,,,,,,,,,,,,,,,,,,,,,,,,208812807,false,false,6,2015-04-01,2015-09-30,-1
2017-01-30,95050,2017-03-31,3,,,,,390626000000,-0.018,8010000000,-0.759,1324000000,-0.949,,-438000000,,-2.10,,,,,,1500008000000,328043000000,0.212,,317308000000,,,,,,,,,,,,true,false,9,2016-04-01,2016-12-31,0
2017-01-30,95050,2016-03-31,3,,,,,397791000000,0.023,33243000000,0.062,26190000000,0.363,,13789000000,,66.04,,,,,,,,,,,,,,,,,,,,,,true,false,9,2015-04-01,2015-12-31,-1
2017-01-30,95050,2017-03-31,3,,,,,545000000000,0.001,10000000000,-0.738,2000000000,-0.929,,-1000000000,,-4.79,,,,,,,,,,,,,,,,,,,,,,true,true,12,2016-04-01,2017-03-31,0
2017-01-30,95050,2016-03-31,3,,,,,,,,,,,,,,,,,,,,1509393000000,334003000000,0.215,,324164000000,,,,,,,,,,,,true,false,12,2015-04-01,2016-03-31,-1
2017-01-30,95050,2016-03-31,3,,,,,,,,,,,,,,,,,,,,,,,,,,,,,50.00,,,,210333694,1528996,,false,false,12,2015-04-01,2016-03-31,-1
2017-01-30,95050,2017-03-31,3,,,,,,,,,,,,,,,,,,,,,,,,,,,,,25.00,,,,,,,false,false,12,2016-04-01,2017-03-31,0
2017-01-30,95050,2017-03-31,3,,,,,,,,,,,,,,,,,,,,,,,,,,,,,35.00,,,,,,,false,true,12,2016-04-01,2017-03-31,0
2017-01-30,95050,2017-03-31,3,,,,,,,,,,,,,,,,,,,,,,,,,,,,,,,,,210333694,1533490,208802939,false,false,9,2016-04-01,2016-12-31,0
2017-01-30,95050,2016-03-31,3,,,,,,,,,,,,,,,,,,,,,,,,,,,,,,,,,,,208811332,false,false,9,2015-04-01,2015-12-31,-1
2017-01-30,95050,2017-03-31,,,,,,545000000000,0.009,10000000000,,2000000000,,,-1000000000,,-4.79,,,,,,,,,,,,,,,,,,,,,,true,true,12,2016-04-01,2017-03-31,0
2017-01-30,95050,2016-03-31,,,,,,544568000000,,38124000000,,28041000000,,,12891000000,,61.74,,,,,,,,,,,,,,,,,,,,,,true,false,12,2015-04-01,2016-03-31,-1
2017-01-30,95050,2017-03-31,,,,,,495000000000,0.010,2000000000,,-3000000000,,-2000000000,,,-9.58,,,,,,,,,,,,,,,35.00,,,,,,,false,true,12,2016-04-01,2017-03-31,0
2017-01-30,95050,2016-03-31,,,,,,494180000000,,28788000000,,18992000000,,8723000000,,,41.78,,,,,,,,,,,,,,,50.00,,,,,,,false,false,12,2015-04-01,2016-03-31,-1
2017-01-30,95050,2017-03-31,,,,,,,,,,,,,,,,,,,,,,,,,,,,,,25.00,,,,,,,false,false,12,2016-04-01,2017-03-31,0
2017-04-26,95050,2017-03-31,,,,,,542572000000,-0.004,10539000000,-0.724,2012000000,-0.928,,-622000000,,-2.98,,-0.002,0.001,,,1518076000000,327614000000,0.208,1515.08,316345000000,63547000000,-104252000000,21322000000,173746000000,,,,,,,,true,false,12,2016-04-01,2017-03-31,0
2017-04-26,95050,2016-03-31,,,,,,544568000000,0.022,38124000000,-0.046,28041000000,0.256,,12891000000,,61.74,,0.039,0.019,,,1509393000000,334003000000,0.215,1552.48,324164000000,69792000000,-85006000000,33962000000,193128000000,,0.810,,,,,,true,false,12,2015-04-01,2016-03-31,-1
2017-04-26,95050,2018-03-31,,,,,,580000000000,0.069,,,,,,,,,,,,,,,,,,,,,,,,,,,,,,true,true,12,2017-04-01,2018-03-31,1
2017-04-26,95050,2017-03-31,,,,,,497617000000,0.007,2568000000,-0.911,-3256000000,,-1848000000,,,-8.85,,,,,,1460682000000,286698000000,0.196,1373.09,286698000000,,,,,35.00,,,,210333694,1535989,208801840,false,false,12,2016-04-01,2017-03-31,0
2017-04-26,95050,2016-03-31,,,,,,494180000000,-0.037,28788000000,-0.184,18992000000,0.049,8723000000,,0.310,41.78,,,,,,1458977000000,297163000000,0.204,1423.17,297163000000,,,,,50.00,,,,210333694,1528996,208809894,false,false,12,2015-04-01,2016-03-31,-1
2017-04-26,95050,2018-03-31,,,,,,535000000000,0.075,,,,,,,,,,,,,,,,,,,,,,,,,,,,,,false,true,12,2017-04-01,2018-03-31,1
2017-07-28,95050,2018-03-31,1,,,,,133069000000,0.071,5286000000,0.189,3254000000,0.383,,1937000000,,9.28,,,,,,1526503000000,327998000000,0.207,,316718000000,,,,,,,,,,,,true,false,3,2017-04-01,2017-06-30,0
2017-07-28,95050,2017-03-31,1,,,,,124237000000,-0.024,4447000000,-0.543,2352000000,-0.683,,1602000000,,7.67,,,,,,,,,,,,,,,,,,,,,,true,false,3,2016-04-01,2016-06-30,-1
2017-07-28,95050,2018-03-31,1,,,,,580000000000,0.069,,,,,,,,,,,,,,,,,,,,,,,,,,,,,,true,true,12,2017-04-01,2018-03-31,0
2017-07-28,95050,2017-03-31,1,,,,,,,,,,,,,,,,,,,,1518076000000,327614000000,0.208,,316345000000,,,,,,,,,,,,true,false,12,2016-04-01,2017-03-31,-1
2017-07-28,95050,2017-03-31,1,,,,,,,,,,,,,,,,,,,,,,,,,,,,,35.00,,,,210333694,1535989,,false,false,12,2016-04-01,2017-03-31,-1
2017-07-28,95050,2018-03-31,1,,,,,,,,,,,,,,,,,,,,,,,,,,,,,,,,,210333694,1536935,208797254,false,false,3,2017-04-01,2017-06-30,0
2017-07-28,95050,2017-03-31,1,,,,,,,,,,,,,,,,,,,,,,,,,,,,,,,,,,,208804344,false,false,3,2016-04-01,2016-06-30,-1
2017-09-25,95050,2018-03-31,,,,,,284000000000,,7000000000,,2000000000,,,500000000,,2.39,,,,,,,,,,,,,,,,,,,,,,true,true,6,2017-04-01,2017-09-30,0
2017-09-25,95050,2017-03-31,,,,,,262434000000,,10884000000,,6412000000,,,4190000000,,20.07,,,,,,,,,,,,,,,,,,,,,,true,false,6,2016-04-01,2016-09-30,-1
2017-09-25,95050,2018-03-31,,,,,,264000000000,,4000000000,,0,,0,,,0.00,,,,,,,,,,,,,,,,,,,,,,false,true,6,2017-04-01,2017-09-30,0
2017-09-25,95050,2017-03-31,,,,,,241986000000,,7279000000,,4381000000,,3911000000,,,18.73,,,,,,,,,,,,,,,,,,,,,,false,false,6,2016-04-01,2016-09-30,-1
2017-09-25,95050,2018-03-31,,,,,,,,,,,,,,,,,,,,,,,,,,,,,,0.00,,,,,,,false,true,12,2017-04-01,2018-03-31,0
2017-09-25,95050,2017-03-31,,,,,,,,,,,,,,,,,,,,,,,,,,,,,,35.00,,,,,,,false,false,12,2016-04-01,2017-03-31,-1
2017-10-30,95050,2018-03-31,2,,,,,286286000000,0.091,7926000000,-0.272,2569000000,-0.599,,984000000,,4.71,,,,,,1562773000000,328080000000,0.203,,316513000000,,,,,,,,,,,,true,false,6,2017-04-01,2017-09-30,0
2017-10-30,95050,2017-03-31,2,,,,,262434000000,-0.020,10884000000,-0.569,6412000000,-0.686,,4190000000,,20.07,,,,,,,,,,,,,,,,,,,,,,true,false,6,2016-04-01,2016-09-30,-1
2017-10-30,95050,2018-03-31,2,,,,,585000000000,0.078,9000000000,-0.146,0,-1.000,,-3000000000,,-14.37,,,,,,,,,,,,,,,,,,,,,,true,true,12,2017-04-01,2018-03-31,0
2017-10-30,95050,2017-03-31,2,,,,,,,,,,,,,,,,,,,,1518076000000,327614000000,0.208,,316345000000,,,,,,,,,,,,true,false,12,2016-04-01,2017-03-31,-1
2017-10-30,95050,2017-03-31,2,,,,,,,,,,,,,,,,,,,,,,,,,,,,,35.00,,,,210333694,1535989,,false,false,12,2016-04-01,2017-03-31,-1
2017-10-30,95050,2018-03-31,2,,,,,,,,,,,,,,,,,,,,,,,,,,,,,0.00,,,,,,,false,false,12,2017-04-01,2018-03-31,0
2017-10-30,95050,2018-03-31,2,,,,,,,,,,,,,,,,,,,,,,,,,,,,,0.00,,,,,,,false,true,12,2017-04-01,2018-03-31,0
2017-10-30,95050,2018-03-31,2,,,,,,,,,,,,,,,,,,,,,,,,,,,,,,,,,210333694,1539745,208796329,false,false,6,2017-04-01,2017-09-30,0
2017-10-30,95050,2017-03-31,2,,,,,,,,,,,,,,,,,,,,,,,,,,,,,,,,,,,208803735,false,false,6,2016-04-01,2016-09-30,-1
2017-10-30,95050,2018-03-31,,,,,,585000000000,0.009,9000000000,,0,,,-3000000000,,-14.37,,,,,,,,,,,,,,,,,,,,,,true,true,12,2017-04-01,2018-03-31,0
2017-10-30,95050,2017-03-31,,,,,,542572000000,,10539000000,,2012000000,,,-622000000,,-2.98,,,,,,,,,,,,,,,,,,,,,,true,false,12,2016-04-01,2017-03-31,-1
2017-10-30,95050,2018-03-31,,,,,,540000000000,0.009,0,,-8000000000,,-6000000000,,,-28.74,,,,,,,,,,,,,,,0.00,,,,,,,false,true,12,2017-04-01,2018-03-31,0
2017-10-30,95050,2017-03-31,,,,,,497617000000,,2568000000,,-3256000000,,-1848000000,,,-8.85,,,,,,,,,,,,,,,35.00,,,,,,,false,false,12,2016-04-01,2017-03-31,-1
2017-10-30,95050,2018-03-31,,,,,,,,,,,,,,,,,,,,,,,,,,,,,,0.00,,,,,,,false,false,12,2017-04-01,2018-03-31,0
2018-01-31,95050,2018-03-31,3,,,,,428873000000,0.098,9890000000,0.235,1844000000,0.392,,-156000000,,-0.75,,,,,,1556325000000,327906000000,0.203,,316013000000,,,,,,,,,,,,true,false,9,2017-04-01,2017-12-31,0
2018-01-31,95050,2017-03-31,3,,,,,390626000000,-0.018,8010000000,-0.759,1324000000,-0.949,,-438000000,,-2.10,,,,,,,,,,,,,,,,,,,,,,true,false,9,2016-04-01,2016-12-31,-1
2018-01-31,95050,2018-03-31,3,,,,,585000000000,0.078,9000000000,-0.146,0,-1.000,,-3000000000,,-14.37,,,,,,,,,,,,,,,,,,,,,,true,true,12,2017-04-01,2018-03-31,0
2018-01-31,95050,2017-03-31,3,,,,,,,,,,,,,,,,,,,,1518076000000,327614000000,0.208,,316345000000,,,,,,,,,,,,true,false,12,2016-04-01,2017-03-31,-1
2018-01-31,95050,2017-03-31,3,,,,,,,,,,,,,,,,,,,,,,,,,,,,,35.00,,,,210333694,1535989,,false,false,12,2016-04-01,2017-03-31,-1
2018-01-31,95050,2018-03-31,3,,,,,,,,,,,,,,,,,,,,,,,,,,,,,0.00,,,,,,,false,false,12,2017-04-01,2018-03-31,0
2018-01-31,95050,2018-03-31,3,,,,,,,,,,,,,,,,,,,,,,,,,,,,,0.00,,,,,,,false,true,12,2017-04-01,2018-03-31,0
2018-01-31,95050,2018-03-31,3,,,,,,,,,,,,,,,,,,,,,,,,,,,,,,,,,210333694,1543840,208794943,false,false,9,2017-04-01,2017-12-31,0
2018-01-31,95050,2017-03-31,3,,,,,,,,,,,,,,,,,,,,,,,,,,,,,,,,,,,208802939,false,false,9,2016-04-01,2016-12-31,-1
2018-04-25,95050,2018-03-31,,,,,,596283000000,0.099,14826000000,0.407,2671000000,0.328,,-485000000,,-2.33,,-0.002,0.002,,,1588757000000,327645000000,0.198,1509.29,315120000000,82277000000,-91259000000,35401000000,200166000000,,,,,,,,true,false,12,2017-04-01,2018-03-31,0
2018-04-25,95050,2017-03-31,,,,,,542572000000,-0.004,10539000000,-0.724,2012000000,-0.928,,-622000000,,-2.98,,-0.002,0.001,,,1518076000000,327614000000,0.208,1515.08,316345000000,63547000000,-104252000000,21322000000,173746000000,,,,,,,,true,false,12,2016-04-01,2017-03-31,-1
2018-04-25,95050,2019-03-31,,,,,,630000000000,0.057,,,,,,,,,,,,,,,,,,,,,,,,,,,,,,true,true,12,2018-04-01,2019-03-31,1
2018-04-25,95050,2018-03-31,,,,,,549148000000,0.104,5375000000,1.093,-5630000000,,-4195000000,,,-20.09,,,,,,1526576000000,280500000000,0.184,1343.47,280500000000,,,,,0.00,,,,210333694,1545812,208793469,false,false,12,2017-04-01,2018-03-31,0
2018-04-25,95050,2017-03-31,,,,,,497617000000,0.007,2568000000,-0.911,-3256000000,,-1848000000,,,-8.85,,,,,,1460682000000,286698000000,0.196,1373.09,286698000000,,,,,35.00,,,,210333694,1535989,208801840,false,false,12,2016-04-01,2017-03-31,-1
2018-04-25,95050,2019-03-31,,,,,,585000000000,0.065,,,,,,,,,,,,,,,,,,,,,,,0.00,,,,,,,false,true,12,2018-04-01,2019-03-31,1
2018-07-26,95050,2019-03-31,1,,,,,141156000000,0.061,11550000000,1.185,9327000000,1.867,,6564000000,,31.44,,,,,,1571416000000,334362000000,0.205,,321967000000,,,,,,,,,,,,true,false,3,2018-04-01,2018-06-30,0
2018-07-26,95050,2018-03-31,1,,,,,133069000000,0.071,5286000000,0.189,3254000000,0.383,,1937000000,,9.28,,,,,,,,,,,,,,,,,,,,,,true,false,3,2017-04-01,2017-06-30,-1
2018-07-26,95050,2019-03-31,1,,,,,630000000000,0.057,,,,,,,,,,,,,,,,,,,,,,,,,,,,,,true,true,12,2018-04-01,2019-03-31,0
2018-07-26,95050,2018-03-31,1,,,,,,,,,,,,,,,,,,,,1588757000000,327645000000,0.198,,315120000000,,,,,,,,,,,,true,false,12,2017-04-01,2018-03-31,-1
2018-07-26,95050,2018-03-31,1,,,,,,,,,,,,,,,,,,,,,,,,,,,,,0.00,,,,210333694,1545812,,false,false,12,2017-04-01,2018-03-31,-1
2018-07-26,95050,2019-03-31,1,,,,,,,,,,,,,,,,,,,,,,,,,,,,,0.00,,,,,,,false,true,12,2018-04-01,2019-03-31,0
2018-07-26,95050,2019-03-31,1,,,,,,,,,,,,,,,,,,,,,,,,,,,,,,,,,210333694,1547175,208787098,false,false,3,2018-04-01,2018-06-30,0
2018-07-26,95050,2018-03-31,1,,,,,,,,,,,,,,,,,,,,,,,,,,,,,,,,,,,208797254,false,false,3,2017-04-01,2017-06-30,-1
2018-10-31,95050,2019-03-31,2,,,,,307245000000,0.073,18982000000,1.395,14863000000,4.784,,9912000000,,47.48,,,,,,1583866000000,338716000000,0.206,,326075000000,,,,,,,,,,,,true,false,6,2018-04-01,2018-09-30,0
2018-10-31,95050,2018-03-31,2,,,,,286286000000,0.091,7926000000,-0.272,2569000000,-0.599,,984000000,,4.71,,,,,,,,,,,,,,,,,,,,,,true,false,6,2017-04-01,2017-09-30,-1
2018-10-31,95050,2019-03-31,2,,,,,630000000000,0.057,,,,,,,,,,,,,,,,,,,,,,,,,,,,,,true,true,12,2018-04-01,2019-03-31,0
2018-10-31,95050,2018-03-31,2,,,,,,,,,,,,,,,,,,,,1588757000000,327645000000,0.198,,315120000000,,,,,,,,,,,,true,false,12,2017-04-01,2018-03-31,-1
2018-10-31,95050,2018-03-31,2,,,,,,,,,,,,,,,,,,,,,,,,,,,,,0.00,,,,210333694,1545812,,false,false,12,2017-04-01,2018-03-31,-1
2018-10-31,95050,2019-03-31,2,,,,,,,,,,,,,,,,,,,,,,,,,,,,,0.00,,,,,,,false,false,12,2018-04-01,2019-03-31,0
2018-10-31,95050,2019-03-31,2,,,,,,,,,,,,,,,,,,,,,,,,,,,,,0.00,,,,,,,false,true,12,2018-04-01,2019-03-31,0
2018-10-31,95050,2019-03-31,2,,,,,,,,,,,,,,,,,,,,,,,,,,,,,,,,,210333694,1548674,208786429,false,false,6,2018-04-01,2018-09-30,0
2018-10-31,95050,2018-03-31,2,,,,,,,,,,,,,,,,,,,,,,,,,,,,,,,,,,,208796329,false,false,6,2017-04-01,2017-09-30,-1
2019-01-31,95050,2019-03-31,3,,,,,452834000000,0.056,10233000000,0.035,4772000000,1.588,,2068000000,,9.91,,,,,,1544782000000,327990000000,0.204,,315149000000,,,,,,,,,,,,true,false,9,2018-04-01,2018-12-31,0
2019-01-31,95050,2018-03-31,3,,,,,428873000000,0.098,9890000000,0.235,1844000000,0.392,,-156000000,,-0.75,,,,,,,,,,,,,,,,,,,,,,true,false,9,2017-04-01,2017-12-31,-1
2019-01-31,95050,2019-03-31,3,,,,,625000000000,0.048,12000000000,-0.191,4000000000,0.498,,1000000000,,4.79,,,,,,,,,,,,,,,,,,,,,,true,true,12,2018-04-01,2019-03-31,0
2019-01-31,95050,2018-03-31,3,,,,,,,,,,,,,,,,,,,,1588757000000,327645000000,0.198,,315120000000,,,,,,,,,,,,true,false,12,2017-04-01,2018-03-31,-1
2019-01-31,95050,2018-03-31,3,,,,,,,,,,,,,,,,,,,,,,,,,,,,,0.00,,,,210333694,1545812,,false,false,12,2017-04-01,2018-03-31,-1
2019-01-31,95050,2019-03-31,3,,,,,,,,,,,,,,,,,,,,,,,,,,,,,0.00,,,,,,,false,false,12,2018-04-01,2019-03-31,0
2019-01-31,95050,2019-03-31,3,,,,,,,,,,,,,,,,,,,,,,,,,,,,,0.00,,,,,,,false,true,12,2018-04-01,2019-03-31,0
2019-01-31,95050,2019-03-31,3,,,,,,,,,,,,,,,,,,,,,,,,,,,,,,,,,210333694,1550329,208785668,false,false,9,2018-04-01,2018-12-31,0
2019-01-31,95050,2018-03-31,3,,,,,,,,,,,,,,,,,,,,,,,,,,,,,,,,,,,208794943,false,false,9,2017-04-01,2017-12-31,-1
2019-04-25,95050,2019-03-31,,,,,,622930000000,0.045,12824000000,-0.135,6656000000,1.492,,2520000000,,12.07,,0.008,0.004,,,1573127000000,326950000000,0.199,1501.40,313464000000,54018000000,-101338000000,-9912000000,142934000000,,,,,,,,true,false,12,2018-04-01,2019-03-31,0
2019-04-25,95050,2018-03-31,,,,,,596283000000,0.099,14826000000,0.407,2671000000,0.328,,-485000000,,-2.33,,-0.002,0.002,,,1588757000000,327645000000,0.198,1509.29,315120000000,82277000000,-91259000000,35401000000,200166000000,,,,,,,,true,false,12,2017-04-01,2018-03-31,-1
2019-04-25,95050,2020-03-31,,,,,,630000000000,0.011,,,,,,,,,,,,,,,,,,,,,,,,,,,,,,true,true,12,2019-04-01,2020-03-31,1
2019-04-25,95050,2019-03-31,,,,,,575576000000,0.048,4522000000,-0.159,2447000000,,2411000000,,,11.55,,,,,,1508900000000,280243000000,0.186,1342.28,280243000000,,,,,0.00,,,,210333694,1551678,208784938,false,false,12,2018-04-01,2019-03-31,0
2019-04-25,95050,2018-03-31,,,,,,549148000000,0.104,5375000000,1.093,-5630000000,,-4195000000,,,-20.09,,,,,,1526576000000,280500000000,0.184,1343.47,280500000000,,,,,0.00,,,,210333694,1545812,208793469,false,false,12,2017-04-01,2018-03-31,-1
2019-04-25,95050,2020-03-31,,,,,,580000000000,0.008,,,,,,,,,,,,,,,,,,,,,,,,,,,,,,false,true,12,2019-04-01,2020-03-31,1
2019-07-31,95050,2020-03-31,1,,,,,148277000000,0.050,7138000000,-0.382,5648000000,-0.395,,4007000000,,19.19,,,,,,1538204000000,330416000000,0.206,,317062000000,,,,,,,,,,,,true,false,3,2019-04-01,2019-06-30,0
2019-07-31,95050,2019-03-31,1,,,,,141156000000,0.061,11550000000,1.185,9327000000,1.867,,6564000000,,31.44,,,,,,,,,,,,,,,,,,,,,,true,false,3,2018-04-01,2018-06-30,-1
2019-07-31,95050,2020-03-31,1,,,,,620000000000,-0.005,26000000000,1.027,20000000000,2.005,,12000000000,,57.48,,,,,,,,,,,,,,,,,,,,,,true,true,12,2019-04-01,2020-03-31,0
2019-07-31,95050,2019-03-31,1,,,,,,,,,,,,,,,,,,,,1573127000000,326950000000,0.199,,313464000000,,,,,,,,,,,,true,false,12,2018-04-01,2019-03-31,-1
2019-07-31,95050,2019-03-31,1,,,,,,,,,,,,,,,,,,,,,,,,,,,,,0.00,,,,210333694,1551678,,false,false,12,2018-04-01,2019-03-31,-1
2019-07-31,95050,2020-03-31,1,,,,,,,,,,,,,,,,,,,,,,,,,,,,,0.00,,,,,,,false,true,12,2019-04-01,2020-03-31,0
2019-07-31,95050,2020-03-31,1,,,,,,,,,,,,,,,,,,,,,,,,,,,,,,,,,210333694,1553082,208781177,false,false,3,2019-04-01,2019-06-30,0
2019-07-31,95050,2019-03-31,1,,,,,,,,,,,,,,,,,,,,,,,,,,,,,,,,,,,208787098,false,false,3,2018-04-01,2018-06-30,-1
2019-10-31,95050,2020-03-31,2,,,,,310495000000,0.011,19489000000,0.027,16261000000,0.094,,10742000000,,51.45,,,,,,1530657000000,337465000000,0.212,,323797000000,,,,,,,,,,,,true,false,6,2019-04-01,2019-09-30,0
2019-10-31,95050,2019-03-31,2,,,,,307245000000,0.073,18982000000,1.395,14863000000,4.784,,9912000000,,47.48,,,,,,,,,,,,,,,,,,,,,,true,false,6,2018-04-01,2018-09-30,-1
2019-10-31,95050,2020-03-31,2,,,,,620000000000,-0.005,26000000000,1.027,20000000000,2.005,,12000000000,,57.48,,,,,,,,,,,,,,,,,,,,,,true,true,12,2019-04-01,2020-03-31,0
2019-10-31,95050,2019-03-31,2,,,,,,,,,,,,,,,,,,,,1573127000000,326950000000,0.199,,313464000000,,,,,,,,,,,,true,false,12,2018-04-01,2019-03-31,-1
2019-10-31,95050,2019-03-31,2,,,,,,,,,,,,,,,,,,,,,,,,,,,,,0.00,,,,210333694,1551678,,false,false,12,2018-04-01,2019-03-31,-1
2019-10-31,95050,2020-03-31,2,,,,,,,,,,,,,,,,,,,,,,,,,,,,,0.00,,,,,,,false,false,12,2019-04-01,2020-03-31,0
2019-10-31,95050,2020-03-31,2,,,,,,,,,,,,,,,,,,,,,,,,,,,,,,,,,210333694,1554770,208780412,false,false,6,2019-04-01,2019-09-30,0
2019-10-31,95050,2019-03-31,2,,,,,,,,,,,,,,,,,,,,,,,,,,,,,,,,,,,208786429,false,false,6,2018-04-01,2018-09-30,-1
2020-01-31,95050,2020-03-31,3,,,,,458295000000,0.012,26986000000,1.637,22321000000,3.677,,14565000000,,69.77,,,,,,1565578000000,341912000000,0.209,,327879000000,,,,,,,,,,,,true,false,9,2019-04-01,2019-12-31,0
2020-01-31,95050,2019-03-31,3,,,,,452834000000,0.056,10233000000,0.035,4772000000,1.588,,2068000000,,9.91,,,,,,,,,,,,,,,,,,,,,,true,false,9,2018-04-01,2018-12-31,-1
2020-01-31,95050,2020-03-31,3,,,,,620000000000,-0.005,26000000000,1.027,20000000000,2.005,,12000000000,,57.48,,,,,,,,,,,,,,,,,,,,,,true,true,12,2019-04-01,2020-03-31,0
2020-01-31,95050,2019-03-31,3,,,,,,,,,,,,,,,,,,,,1573127000000,326950000000,0.199,,313464000000,,,,,,,,,,,,true,false,12,2018-04-01,2019-03-31,-1
2020-01-31,95050,2019-03-31,3,,,,,,,,,,,,,,,,,,,,,,,,,,,,,0.00,,,,210333694,1551678,,false,false,12,2018-04-01,2019-03-31,-1
2020-01-31,95050,2020-03-31,3,,,,,,,,,,,,,,,,,,,,,,,,,,,,,0.00,,,,,,,false,false,12,2019-04-01,2020-03-31,0
2020-01-31,95050,2020-03-31,3,,,,,,,,,,,,,,,,,,,,,,,,,,,,,10.00,,,,,,,false,true,12,2019-04-01,2020-03-31,0
2020-01-31,95050,2020-03-31,3,,,,,,,,,,,,,,,,,,,,,,,,,,,,,,,,,210333694,1556453,208779665,false,false,9,2019-04-01,2019-12-31,0
2020-01-31,95050,2019-03-31,3,,,,,,,,,,,,,,,,,,,,,,,,,,,,,,,,,,,208785668,false,false,9,2018-04-01,2018-12-31,-1
2020-04-30,95050,2020-03-31,,,,,,628039000000,0.008,29461000000,1.297,23236000000,2.491,,13433000000,,64.34,,0.042,0.015,,,1592933000000,336456000000,0.202,1542.20,321975000000,101475000000,-75141000000,-6285000000,163019000000,,0.155,,,,,,true,false,12,2019-04-01,2020-03-31,0
2020-04-30,95050,2019-03-31,,,,,,622930000000,0.045,12824000000,-0.135,6656000000,1.492,,2520000000,,12.07,,0.008,0.004,,,1573127000000,326950000000,0.199,1501.40,313464000000,54018000000,-101338000000,-9912000000,142934000000,,,,,,,,true,false,12,2018-04-01,2019-03-31,-1
2020-04-30,95050,2020-03-31,,,,,,573868000000,-0.003,20214000000,3.470,15707000000,5.418,10294000000,,3.269,49.31,,,,,,1529530000000,286945000000,0.188,1374.42,286945000000,,,,,10.00,,,,210333694,1557821,208778900,false,false,12,2019-04-01,2020-03-31,0
2020-04-30,95050,2019-03-31,,,,,,575576000000,0.048,4522000000,-0.159,2447000000,,2411000000,,,11.55,,,,,,1508900000000,280243000000,0.186,1342.28,280243000000,,,,,0.00,,,,210333694,1551678,208784938,false,false,12,2018-04-01,2019-03-31,-1
2020-04-30,95050,2021-03-31,,,,,,,,,,,,,,,,,,,,,,,,,,,,,,10.00,,,,,,,false,true,12,2020-04-01,2021-03-31,1
2020-07-29,95050,2021-03-31,1,,,,,147311000000,-0.007,16595000000,1.325,15401000000,1.727,,11227000000,,53.78,,,,,,1553065000000,350038000000,0.215,,334335000000,,,,,,,,,,,,true,false,3,2020-04-01,2020-06-30,0
2020-07-29,95050,2020-03-31,1,,,,,148277000000,0.050,7138000000,-0.382,5648000000,-0.395,,4007000000,,19.19,,,,,,,,,,,,,,,,,,,,,,true,false,3,2019-04-01,2019-06-30,-1
2020-07-29,95050,2020-03-31,1,,,,,,,,,,,,,,,,,,,,1592933000000,336456000000,0.202,,321975000000,,,,,,,,,,,,true,false,12,2019-04-01,2020-03-31,-1
2020-07-29,95050,2020-03-31,1,,,,,,,,,,,,,,,,,,,,,,,,,,,,,10.00,,,,210333694,1557821,,false,false,12,2019-04-01,2020-03-31,-1
2020-07-29,95050,2021-03-31,1,,,,,,,,,,,,,,,,,,,,,,,,,,,,,10.00,,,,,,,false,true,12,2020-04-01,2021-03-31,0
2020-07-29,95050,2021-03-31,1,,,,,,,,,,,,,,,,,,,,,,,,,,,,,,,,,210333694,1561365,208773448,false,false,3,2020-04-01,2020-06-30,0
2020-07-29,95050,2020-03-31,1,,,,,,,,,,,,,,,,,,,,,,,,,,,,,,,,,,,208781177,false,false,3,2019-04-01,2019-06-30,-1
2020-10-29,95050,2021-03-31,2,,,,,307494000000,-0.010,28151000000,0.444,25121000000,0.545,,17218000000,,82.48,,,,,,1590022000000,358732000000,0.215,,342610000000,,,,,,,,,,,,true,false,6,2020-04-01,2020-09-30,0
2020-10-29,95050,2020-03-31,2,,,,,310495000000,0.011,19489000000,0.027,16261000000,0.094,,10742000000,,51.45,,,,,,,,,,,,,,,,,,,,,,true,false,6,2019-04-01,2019-09-30,-1
2020-10-29,95050,2020-03-31,2,,,,,,,,,,,,,,,,,,,,1592933000000,336456000000,0.202,,321975000000,,,,,,,,,,,,true,false,12,2019-04-01,2020-03-31,-1
2020-10-29,95050,2020-03-31,2,,,,,,,,,,,,,,,,,,,,,,,,,,,,,10.00,,,,210333694,1557821,,false,false,12,2019-04-01,2020-03-31,-1
2020-10-29,95050,2021-03-31,2,,,,,,,,,,,,,,,,,,,,,,,,,,,,,5.00,,,,,,,false,false,12,2020-04-01,2021-03-31,0
2020-10-29,95050,2021-03-31,2,,,,,,,,,,,,,,,,,,,,,,,,,,,,,10.00,,,,,,,false,true,12,2020-04-01,2021-03-31,0
2020-10-29,95050,2021-03-31,2,,,,,,,,,,,,,,,,,,,,,,,,,,,,,,,,,210333694,1560442,208773253,false,false,6,2020-04-01,2020-09-30,0
2020-10-29,95050,2020-03-31,2,,,,,,,,,,,,,,,,,,,,,,,,,,,,,,,,,,,208780412,false,false,6,2019-04-01,2019-09-30,-1
2021-01-28,95050,2021-03-31,3,,,,,448262000000,-0.022,20588000000,-0.237,16315000000,-0.269,,10448000000,,50.05,,,,,,1571497000000,352331000000,0.214,,336061000000,,,,,,,,,,,,true,false,9,2020-04-01,2020-12-31,0
2021-01-28,95050,2020-03-31,3,,,,,458295000000,0.012,26986000000,1.637,22321000000,3.677,,14565000000,,69.77,,,,,,,,,,,,,,,,,,,,,,true,false,9,2019-04-01,2019-12-31,-1
2021-01-28,95050,2021-03-31,3,,,,,620000000000,-0.013,10000000000,-0.661,5000000000,-0.785,,2000000000,,9.58,,,,,,,,,,,,,,,,,,,,,,true,true,12,2020-04-01,2021-03-31,0
2021-01-28,95050,2020-03-31,3,,,,,,,,,,,,,,,,,,,,1592933000000,336456000000,0.202,,321975000000,,,,,,,,,,,,true,false,12,2019-04-01,2020-03-31,-1
2021-01-28,95050,2020-03-31,3,,,,,,,,,,,,,,,,,,,,,,,,,,,,,10.00,,,,210333694,1557821,,false,false,12,2019-04-01,2020-03-31,-1
2021-01-28,95050,2021-03-31,3,,,,,,,,,,,,,,,,,,,,,,,,,,,,,5.00,,,,,,,false,false,12,2020-04-01,2021-03-31,0
2021-01-28,95050,2021-03-31,3,,,,,,,,,,,,,,,,,,,,,,,,,,,,,10.00,,,,,,,false,true,12,2020-04-01,2021-03-31,0
2021-01-28,95050,2021-03-31,3,,,,,,,,,,,,,,,,,,,,,,,,,,,,,,,,,210333694,1563015,208772770,false,false,9,2020-04-01,2020-12-31,0
2021-01-28,95050,2020-03-31,3,,,,,,,,,,,,,,,,,,,,,,,,,,,,,,,,,,,208779665,false,false,9,2019-04-01,2019-12-31,-1
2021-03-24,95050,2021-03-31,,,,,,630000000000,0.016,17000000000,0.700,12000000000,1.400,,6000000000,,28.74,,,,,,,,,,,,,,,,,,,,,,true,true,12,2020-04-01,2021-03-31,0
2021-03-24,95050,2020-03-31,,,,,,628039000000,,29461000000,,23236000000,,,13433000000,,64.34,,,,,,,,,,,,,,,,,,,,,,true,false,12,2019-04-01,2020-03-31,-1
2021-03-24,95050,2021-03-31,,,,,,,,,,,,,,,,,,,,,,,,,,,,,,15.00,,,,,,,false,true,12,2020-04-01,2021-03-31,0
2021-03-24,95050,2021-03-31,,,,,,,,,,,,,,,,,,,,,,,,,,,,,,5.00,,,,,,,false,false,12,2020-04-01,2021-03-31,0
2021-03-24,95050,2020-03-31,,,,,,,,,,,,,,,,,,,,,,,,,,,,,,10.00,,,,,,,false,false,12,2019-04-01,2020-03-31,-1
2021-04-28,95050,2021-03-31,,,,,,639445000000,0.018,17828000000,-0.395,12354000000,-0.468,,6834000000,,32.73,,0.021,0.008,,,1595626000000,355740000000,0.212,1622.02,338625000000,56639000000,-84913000000,-3300000000,132310000000,,0.458,,,,,,true,false,12,2020-04-01,2021-03-31,0
2021-04-28,95050,2020-03-31,,,,,,628039000000,0.008,29461000000,1.297,23236000000,2.491,,13433000000,,64.34,,0.042,0.015,,,1592933000000,336456000000,0.202,1542.20,321975000000,101475000000,-75141000000,-6285000000,163019000000,,0.155,,,,,,true,false,12,2019-04-01,2020-03-31,-1
2021-04-28,95050,2022-03-31,,,,,,520000000000,-0.187,17000000000,-0.046,10000000000,-0.191,,5000000000,,23.95,,,,,,,,,,,,,,,,0.626,,,,,,true,true,12,2021-04-01,2022-03-31,1
2021-04-28,95050,2021-03-31,,,,,,577106000000,0.006,-6463000000,,-8371000000,,-5094000000,,,-24.40,,,,,,1506958000000,284130000000,0.189,1360.99,284130000000,,,,,15.00,,,,210333694,1565626,208771900,false,false,12,2020-04-01,2021-03-31,0
2021-04-28,95050,2020-03-31,,,,,,573868000000,-0.003,20214000000,3.470,15707000000,5.418,10294000000,,3.269,49.31,,,,,,1529530000000,286945000000,0.188,1374.42,286945000000,,,,,10.00,,,,210333694,1557821,208778900,false,false,12,2019-04-01,2020-03-31,-1
2021-04-28,95050,2022-03-31,,,,,,,,,,,,,,,,,,,,,,,,,,,,,,15.00,,,,,,,false,true,12,2021-04-01,2022-03-31,1
2021-07-29,95050,2022-03-31,1,,,,,122321000000,-0.170,6454000000,-0.611,5343000000,-0.653,,3883000000,,18.60,,,,,,1617511000000,358716000000,0.211,,341795000000,,,,,,,,,,,,true,false,3,2021-04-01,2021-06-30,0
2021-07-29,95050,2021-03-31,1,,,,,147311000000,-0.007,16595000000,1.325,15401000000,1.727,,11227000000,,53.78,,,,,,,,,,,,,,,,,,,,,,true,false,3,2020-04-01,2020-06-30,-1
2021-07-29,95050,2022-03-31,1,,,,,520000000000,-0.187,17000000000,-0.046,10000000000,-0.191,,5000000000,,23.95,,,,,,,,,,,,,,,,,,,,,,true,true,12,2021-04-01,2022-03-31,0
2021-07-29,95050,2021-03-31,1,,,,,,,,,,,,,,,,,,,,1595626000000,355740000000,0.212,,338625000000,,,,,,,,,,,,true,false,12,2020-04-01,2021-03-31,-1
2021-07-29,95050,2021-03-31,1,,,,,,,,,,,,,,,,,,,,,,,,,,,,,15.00,,,,210333694,1565626,,false,false,12,2020-04-01,2021-03-31,-1
2021-07-29,95050,2022-03-31,1,,,,,,,,,,,,,,,,,,,,,,,,,,,,,15.00,,,,,,,false,true,12,2021-04-01,2022-03-31,0
2021-07-29,95050,2022-03-31,1,,,,,,,,,,,,,,,,,,,,,,,,,,,,,,,,,210333694,1566710,208767489,false,false,3,2021-04-01,2021-06-30,0
2021-07-29,95050,2021-03-31,1,,,,,,,,,,,,,,,,,,,,,,,,,,,,,,,,,,,208773448,false,false,3,2020-04-01,2020-06-30,-1
2021-10-28,9505,2022-03-31,2,,,,,271636000000,-0.117,11492000000,-0.592,9177000000,-0.635,,5608000000,,26.86,,,,,,1641779000000,363664000000,0.211,,346477000000,,,,,,,,,,,,true,false,6,2021-04-01,2021-09-30,0
2021-10-28,9505,2021-03-31,2,,,,,307494000000,-0.010,28151000000,0.444,25121000000,0.545,,17218000000,,82.48,,,,,,,,,,,,,,,,,,,,,,true,false,6,2020-04-01,2020-09-30,-1
2021-10-28,9505,2022-03-31,2,,,,,580000000000,-0.093,10000000000,-0.439,5000000000,-0.595,,3000000000,,14.37,,,,,,,,,,,,,,,,,,,,,,true,true,12,2021-04-01,2022-03-31,0
2021-10-28,9505,2021-03-31,2,,,,,,,,,,,,,,,,,,,,1595626000000,355740000000,0.212,,338625000000,,,,,,,,,,,,true,false,12,2020-04-01,2021-03-31,-1
2021-10-28,9505,2021-03-31,2,,,,,,,,,,,,,,,,,,,,,,,,,,,,,15.00,,,,210333694,1565626,,false,false,12,2020-04-01,2021-03-31,-1
2021-10-28,9505,2022-03-31,2,,,,,,,,,,,,,,,,,,,,,,,,,,,,,7.50,,,,,,,false,false,12,2021-04-01,2022-03-31,0
2021-10-28,9505,2022-03-31,2,,,,,,,,,,,,,,,,,,,,,,,,,,,,,15.00,,,,,,,false,true,12,2021-04-01,2022-03-31,0
2021-10-28,9505,2022-03-31,2,,,,,,,,,,,,,,,,,,,,,,,,,,,,,,,,,210333694,1568918,208766686,false,false,6,2021-04-01,2021-09-30,0
2021-10-28,9505,2021-03-31,2,,,,,,,,,,,,,,,,,,,,,,,,,,,,,,,,,,,208773253,false,false,6,2020-04-01,2020-09-30,-1
2022-01-31,9505,2022-03-31,3,,,,,420802000000,-0.061,-3929000000,,-4851000000,,,-6078000000,,-29.12,,,,,,1654852000000,345103000000,0.198,,326936000000,,,,,,,,,,,,true,false,9,2021-04-01,2021-12-31,0
2022-01-31,9505,2021-03-31,3,,,,,448262000000,-0.022,20588000000,-0.237,16315000000,-0.269,,10448000000,,50.05,,,,,,,,,,,,,,,,,,,,,,true,false,9,2020-04-01,2020-12-31,-1
2022-01-31,9505,2022-03-31,3,,,,,600000000000,-0.062,3000000000,-0.832,0,-1.000,,-3000000000,,-14.37,,,,,,,,,,,,,,,,,,,,,,true,true,12,2021-04-01,2022-03-31,0
2022-01-31,9505,2021-03-31,3,,,,,,,,,,,,,,,,,,,,1595626000000,355740000000,0.212,,338625000000,,,,,,,,,,,,true,false,12,2020-04-01,2021-03-31,-1
2022-01-31,9505,2021-03-31,3,,,,,,,,,,,,,,,,,,,,,,,,,,,,,15.00,,,,210333694,1565626,,false,false,12,2020-04-01,2021-03-31,-1
2022-01-31,9505,2022-03-31,3,,,,,,,,,,,,,,,,,,,,,,,,,,,,,7.50,,,,,,,false,false,12,2021-04-01,2022-03-31,0
2022-01-31,9505,2022-03-31,3,,,,,,,,,,,,,,,,,,,,,,,,,,,,,15.00,,,,,,,false,true,12,2021-04-01,2022-03-31,0
2022-01-31,9505,2022-03-31,3,,,,,,,,,,,,,,,,,,,,,,,,,,,,,,,,,210333694,1570729,208765731,false,false,9,2021-04-01,2021-12-31,0
2022-01-31,9505,2021-03-31,3,,,,,,,,,,,,,,,,,,,,,,,,,,,,,,,,,,,208772770,false,false,9,2020-04-01,2020-12-31,-1
2022-03-28,95050,2022-03-31,,,,,,610000000000,0.017,-20000000000,,-20000000000,,,-7000000000,,-33.53,,,,,,,,,,,,,,,,,,,,,,true,true,12,2021-04-01,2022-03-31,0
2022-03-28,95050,2021-03-31,,,,,,639445000000,,17828000000,,12354000000,,,6834000000,,32.73,,,,,,,,,,,,,,,,,,,,,,true,false,12,2020-04-01,2021-03-31,-1
2022-03-28,95050,2022-03-31,,,,,,,,,,,,,,,,,,,,,,,,,,,,,,10.00,,,,,,,false,true,12,2021-04-01,2022-03-31,0
2022-03-28,95050,2022-03-31,,,,,,,,,,,,,,,,,,,,,,,,,,,,,,7.50,,,,,,,false,false,12,2021-04-01,2022-03-31,0
2022-03-28,95050,2021-03-31,,,,,,,,,,,,,,,,,,,,,,,,,,,,,,15.00,,,,,,,false,false,12,2020-04-01,2021-03-31,-1
2022-04-27,9505,2022-03-31,,,,,,613756000000,-0.040,-16390000000,,-17616000000,,,-6805000000,,-32.60,,-0.021,-0.011,,,1656664000000,342726000000,0.196,1556.14,324861000000,30950000000,-111044000000,52785000000,105002000000,,,,,,,,true,false,12,2021-04-01,2022-03-31,0
2022-04-27,9505,2021-03-31,,,,,,639445000000,0.018,17828000000,-0.395,12354000000,-0.468,,6834000000,,32.73,,0.021,0.008,,,1595626000000,355740000000,0.212,1622.02,338625000000,56639000000,-84913000000,-3300000000,132310000000,,0.458,,,,,,true,false,12,2020-04-01,2021-03-31,-1
2022-04-27,9505,2022-03-31,,,,,,554565000000,-0.039,-36327000000,,-31739000000,,-12828000000,,,-61.45,,,,,,1564187000000,266684000000,0.170,1277.46,266684000000,,,,,10.00,,,,210333694,1572347,208764795,false,false,12,2021-04-01,2022-03-31,0
2022-04-27,9505,2021-03-31,,,,,,577106000000,0.006,-6463000000,,-8371000000,,-5094000000,,,-24.40,,,,,,1506958000000,284130000000,0.189,1360.99,284130000000,,,,,15.00,,,,210333694,1565626,208771900,false,false,12,2020-04-01,2021-03-31,-1
2022-07-29,9505,2023-03-31,1,,,,,163560000000,0.337,-12213000000,,-12395000000,,,-9286000000,,-44.49,,,,,,1717721000000,340576000000,0.188,,322417000000,,,,,,,,,,,,true,false,3,2022-04-01,2022-06-30,0
2022-07-29,9505,2022-03-31,1,,,,,122321000000,-0.170,6454000000,-0.611,5343000000,-0.653,,3883000000,,18.60,,,,,,,,,,,,,,,,,,,,,,true,false,3,2021-04-01,2021-06-30,-1
2022-07-29,9505,2022-03-31,1,,,,,,,,,,,,,,,,,,,,1660038000000,343280000000,0.196,,324903000000,,,,,,,,,,,,true,false,12,2021-04-01,2022-03-31,-1
2022-07-29,9505,2022-03-31,1,,,,,,,,,,,,,,,,,,,,,,,,,,,,,10.00,,,,210333694,1572347,,false,false,12,2021-04-01,2022-03-31,-1
2022-07-29,9505,2023-03-31,1,,,,,,,,,,,,,,,,,,,,,,,,,,,,,0.00,,,,,,,false,true,12,2022-04-01,2023-03-31,0
2022-07-29,9505,2023-03-31,1,,,,,,,,,,,,,,,,,,,,,,,,,,,,,,,,,210333694,1580757,208753663,false,false,3,2022-04-01,2022-06-30,0
2022-07-29,9505,2022-03-31,1,,,,,,,,,,,,,,,,,,,,,,,,,,,,,,,,,,,208767489,false,false,3,2021-04-01,2021-06-30,-1
2022-10-27,9505,2023-03-31,2,,,,,374932000000,0.380,-37182000000,,-37700000000,,,-38169000000,,-182.85,,,,,,1786344000000,313301000000,0.165,,294993000000,,,,,,,,,,,,true,false,6,2022-04-01,2022-09-30,0
2022-10-27,9505,2022-03-31,2,,,,,271636000000,-0.117,11492000000,-0.592,9177000000,-0.635,,5608000000,,26.86,,,,,,,,,,,,,,,,,,,,,,true,false,6,2021-04-01,2021-09-30,-1
2022-10-27,9505,2023-03-31,2,,,,,850000000000,0.385,-100000000000,,-100000000000,,,-90000000000,,-431.14,,,,,,,,,,,,,,,,,,,,,,true,true,12,2022-04-01,2023-03-31,0
2022-10-27,9505,2022-03-31,2,,,,,,,,,,,,,,,,,,,,1660038000000,343280000000,0.196,,324903000000,,,,,,,,,,,,true,false,12,2021-04-01,2022-03-31,-1
2022-10-27,9505,2022-03-31,2,,,,,,,,,,,,,,,,,,,,,,,,,,,,,10.00,,,,210333694,1572347,,false,false,12,2021-04-01,2022-03-31,-1
2022-10-27,9505,2023-03-31,2,,,,,,,,,,,,,,,,,,,,,,,,,,,,,0.00,,,,,,,false,false,12,2022-04-01,2023-03-31,0
2022-10-27,9505,2023-03-31,2,,,,,,,,,,,,,,,,,,,,,,,,,,,,,0.00,,,,,,,false,true,12,2022-04-01,2023-03-31,0
2022-10-27,9505,2023-03-31,2,,,,,,,,,,,,,,,,,,,,,,,,,,,,,,,,,210333694,1582702,208752886,false,false,6,2022-04-01,2022-09-30,0
2022-10-27,9505,2022-03-31,2,,,,,,,,,,,,,,,,,,,,,,,,,,,,,,,,,,,208766686,false,false,6,2021-04-01,2021-09-30,-1
2023-01-30,9505,2023-03-31,3,,,,,580184000000,0.379,-67250000000,,-74970000000,,,-75754000000,,-362.89,,,,,,1853517000000,266842000000,0.134,,248442000000,,,,,,,,,,,,true,false,9,2022-04-01,2022-12-31,0
2023-01-30,9505,2022-03-31,3,,,,,420802000000,-0.061,-3929000000,,-4851000000,,,-6078000000,,-29.12,,,,,,,,,,,,,,,,,,,,,,true,false,9,2021-04-01,2021-12-31,-1
2023-01-30,9505,2023-03-31,3,,,,,850000000000,0.385,-100000000000,,-100000000000,,,-90000000000,,-431.14,,,,,,,,,,,,,,,,,,,,,,true,true,12,2022-04-01,2023-03-31,0
2023-01-30,9505,2022-03-31,3,,,,,,,,,,,,,,,,,,,,1660038000000,343280000000,0.196,,324903000000,,,,,,,,,,,,true,false,12,2021-04-01,2022-03-31,-1
2023-01-30,9505,2022-03-31,3,,,,,,,,,,,,,,,,,,,,,,,,,,,,,10.00,,,,210333694,1572347,,false,false,12,2021-04-01,2022-03-31,-1
2023-01-30,9505,2023-03-31,3,,,,,,,,,,,,,,,,,,,,,,,,,,,,,0.00,,,,,,,false,false,12,2022-04-01,2023-03-31,0
2023-01-30,9505,2023-03-31,3,,,,,,,,,,,,,,,,,,,,,,,,,,,,,0.00,,,,,,,false,true,12,2022-04-01,2023-03-31,0
2023-01-30,9505,2023-03-31,3,,,,,,,,,,,,,,,,,,,,,,,,,,,,,,,,,210333694,1584050,208752045,false,false,9,2022-04-01,2022-12-31,0
2023-01-30,9505,2022-03-31,3,,,,,,,,,,,,,,,,,,,,,,,,,,,,,,,,,,,208765731,false,false,9,2021-04-01,2021-12-31,-1
2023-04-27,9505,2023-03-31,,,,,,817601000000,0.332,-73791000000,,-93737000000,,,-88446000000,,-423.69,,-0.317,-0.054,,,1805318000000,252285000000,0.129,1118.51,233486000000,-97045000000,-88845000000,245752000000,164863000000,,,,,,,,true,false,12,2022-04-01,2023-03-31,0
2023-04-27,9505,2022-03-31,,,,,,613756000000,-0.040,-16415000000,,-17641000000,,,-6762000000,,-32.39,,-0.020,-0.011,,,1660038000000,343280000000,0.196,1556.34,324903000000,30950000000,-111044000000,52785000000,105002000000,,,,,,,,true,false,12,2021-04-01,2022-03-31,-1
2023-04-27,9505,2023-03-31,,,,,,756346000000,0.364,-83169000000,,-92916000000,,-81942000000,,,-392.52,,,,,,1716651000000,182109000000,0.106,872.36,182109000000,,,,,0.00,,,,210333694,1585421,208751292,false,false,12,2022-04-01,2023-03-31,0
2023-04-27,9505,2022-03-31,,,,,,554565000000,-0.039,-36327000000,,-31739000000,,-12828000000,,,-61.45,,,,,,1564187000000,266684000000,0.170,1277.46,266684000000,,,,,10.00,,,,210333694,1572347,208764795,false,false,12,2021-04-01,2022-03-31,-1
2023-04-27,9505,2024-03-31,,,,,,,,,,,,,,,,,,,,,,,,,,,,,,0.00,,,,,,,false,true,12,2023-04-01,2024-03-31,1
2023-06-02,95050,2024-03-31,,,,,,910000000000,,30000000000,,25000000000,,,20000000000,,95.80,,,,,,,,,,,,,,,,,,,,,,true,true,12,2023-04-01,2024-03-31,0
2023-06-02,95050,2023-03-31,,,,,,817601000000,,-73791000000,,-93737000000,,,-88446000000,,-423.69,,,,,,,,,,,,,,,,,,,,,,true,false,12,2022-04-01,2023-03-31,-1
2023-07-28,9505,2024-03-31,1,,,,,192987000000,0.180,41859000000,,40999000000,,,30413000000,,145.70,,,,,,1793877000000,288124000000,0.150,,269688000000,,,,,,,,,,,,true,false,3,2023-04-01,2023-06-30,0
2023-07-28,9505,2023-03-31,1,,,,,163560000000,0.337,-12213000000,,-12395000000,,,-9286000000,,-44.49,,,,,,,,,,,,,,,,,,,,,,true,false,3,2022-04-01,2022-06-30,-1
2023-07-28,9505,2024-03-31,1,,,,,840000000000,0.027,30000000000,,25000000000,,,20000000000,,95.80,,,,,,,,,,,,,,,,,,,,,,true,true,12,2023-04-01,2024-03-31,0
2023-07-28,9505,2023-03-31,1,,,,,,,,,,,,,,,,,,,,1805318000000,252285000000,0.129,,233486000000,,,,,,,,,,,,true,false,12,2022-04-01,2023-03-31,-1
2023-07-28,9505,2023-03-31,1,,,,,,,,,,,,,,,,,,,,,,,,,,,,,0.00,,,,210333694,1585421,,false,false,12,2022-04-01,2023-03-31,-1
2023-07-28,9505,2024-03-31,1,,,,,,,,,,,,,,,,,,,,,,,,,,,,,0.00,,,,,,,false,true,12,2023-04-01,2024-03-31,0
2023-07-28,9505,2024-03-31,1,,,,,,,,,,,,,,,,,,,,,,,,,,,,,,,,,210333694,1587176,208747325,false,false,3,2023-04-01,2023-06-30,0
2023-07-28,9505,2023-03-31,1,,,,,,,,,,,,,,,,,,,,,,,,,,,,,,,,,,,208753663,false,false,3,2022-04-01,2022-06-30,-1
2023-10-31,9505,2024-03-31,2,,,,,407921000000,0.088,75012000000,,70003000000,,,51188000000,,245.22,,,,,,1808335000000,311408000000,0.162,,292780000000,,,,,,,,,,,,true,false,6,2023-04-01,2023-09-30,0
2023-10-31,9505,2023-03-31,2,,,,,374932000000,0.380,-37182000000,,-37700000000,,,-38169000000,,-182.85,,,,,,,,,,,,,,,,,,,,,,true,false,6,2022-04-01,2022-09-30,-1
2023-10-31,9505,2024-03-31,2,,,,,840000000000,0.027,45000000000,,40000000000,,,30000000000,,143.72,,,,,,,,,,,,,,,,,,,,,,true,true,12,2023-04-01,2024-03-31,0
2023-10-31,9505,2023-03-31,2,,,,,,,,,,,,,,,,,,,,1805318000000,252285000000,0.129,,233486000000,,,,,,,,,,,,true,false,12,2022-04-01,2023-03-31,-1
2023-10-31,9505,2023-03-31,2,,,,,,,,,,,,,,,,,,,,,,,,,,,,,0.00,,,,210333694,1585421,,false,false,12,2022-04-01,2023-03-31,-1
2023-10-31,9505,2024-03-31,2,,,,,,,,,,,,,,,,,,,,,,,,,,,,,0.00,,,,,,,false,false,12,2023-04-01,2024-03-31,0
2023-10-31,9505,2024-03-31,2,,,,,,,,,,,,,,,,,,,,,,,,,,,,,7.50,,,,,,,false,true,12,2023-04-01,2024-03-31,0
2023-10-31,9505,2024-03-31,2,,,,,,,,,,,,,,,,,,,,,,,,,,,,,,,,,210333694,1589207,208746339,false,false,6,2023-04-01,2023-09-30,0
2023-10-31,9505,2023-03-31,2,,,,,,,,,,,,,,,,,,,,,,,,,,,,,,,,,,,208752886,false,false,6,2022-04-01,2022-09-30,-1
2024-01-31,9505,2024-03-31,3,,,,,593704000000,0.023,90509000000,,85146000000,,,60349000000,,289.10,,,,,,1801059000000,319657000000,0.167,,300994000000,,,,,,,,,,,,true,false,9,2023-04-01,2023-12-31,0
2024-01-31,9505,2023-03-31,3,,,,,580184000000,0.379,-67250000000,,-74970000000,,,-75754000000,,-362.89,,,,,,,,,,,,,,,,,,,,,,true,false,9,2022-04-01,2022-12-31,-1
2024-01-31,9505,2024-03-31,3,,,,,805000000000,-0.015,75000000000,,70000000000,,,,,,,,,,,,,,,,,,,,,,,,,,,true,true,12,2023-04-01,2024-03-31,0
2024-01-31,9505,2023-03-31,3,,,,,,,,,,,,,,,,,,,,1805318000000,252285000000,0.129,,233486000000,,,,,,,,,,,,true,false,12,2022-04-01,2023-03-31,-1
2024-01-31,9505,2023-03-31,3,,,,,,,,,,,,,,,,,,,,,,,,,,,,,0.00,,,,210333694,1585421,,false,false,12,2022-04-01,2023-03-31,-1
2024-01-31,9505,2024-03-31,3,,,,,,,,,,,,,,,,,,,,,,,,,,,,,0.00,,,,,,,false,false,12,2023-04-01,2024-03-31,0
2024-01-31,9505,2024-03-31,3,,,,,,,,,,,,,,,,,,,,,,,,,,,,,7.50,,,,,,,false,true,12,2023-04-01,2024-03-31,0
2024-01-31,9505,2024-03-31,3,,,,,,,,,,,,,,,,,,,,,,,,,,,,,,,,,210333694,1591222,208745404,false,false,9,2023-04-01,2023-12-31,0
2024-01-31,9505,2023-03-31,3,,,,,,,,,,,,,,,,,,,,,,,,,,,,,,,,,,,208752045,false,false,9,2022-04-01,2022-12-31,-1
2024-03-26,95050,2024-03-31,,,,,,805000000000,0.000,100000000000,0.333,95000000000,0.357,,,,,,,,,,,,,,,,,,,,,,,,,,true,true,12,2023-04-01,2024-03-31,0
2024-03-26,95050,2023-03-31,,,,,,817601000000,,-73791000000,,-93737000000,,,-88446000000,,-423.69,,,,,,,,,,,,,,,,,,,,,,true,false,12,2022-04-01,2023-03-31,-1
2024-04-30,9505,2024-03-31,,,,,,808238000000,-0.011,114911000000,,107931000000,,,56811000000,,272.16,,0.210,0.059,,,1855435000000,327453000000,0.166,1474.99,307890000000,223328000000,-69472000000,-93732000000,225014000000,,0.028,,,,,,true,false,12,2023-04-01,2024-03-31,0
2024-04-30,9505,2023-03-31,,,,,,817601000000,0.332,-73791000000,,-93737000000,,,-88446000000,,-423.69,,-0.317,-0.054,,,1805318000000,252285000000,0.129,1118.51,233486000000,-97045000000,-88845000000,245752000000,164863000000,,,,,,,,true,false,12,2022-04-01,2023-03-31,-1
2024-04-30,9505,2025-03-31,,,,,,795000000000,-0.016,50000000000,-0.565,45000000000,-0.583,,35000000000,,167.67,,,,,,,,,,,,,,,,0.089,,,,,,true,true,12,2024-04-01,2025-03-31,1
2024-04-30,9505,2024-03-31,,,,,,738836000000,-0.023,79736000000,,79893000000,,47993000000,,,229.91,,,,,,1721709000000,242102000000,0.141,1159.78,242102000000,,,,,7.50,,,,210333694,1592591,208744535,false,false,12,2023-04-01,2024-03-31,0
2024-04-30,9505,2023-03-31,,,,,,756346000000,0.364,-83169000000,,-92916000000,,-81942000000,,,-392.52,,,,,,1716651000000,182109000000,0.106,872.36,182109000000,,,,,0.00,,,,210333694,1585421,208751292,false,false,12,2022-04-01,2023-03-31,-1
2024-04-30,9505,2025-03-31,,,,,,,,,,,,,,,,,,,,,,,,,,,,,,15.00,,,,,,,false,true,12,2024-04-01,2025-03-31,1
2024-07-30,9505,2025-03-31,1,,,,,187636000000,-0.028,35994000000,-0.140,35216000000,-0.141,,26421000000,,126.57,,,,,,1804350000000,353560000000,0.185,,334626000000,,,,,,,,,,,,true,false,3,2024-04-01,2024-06-30,0
2024-07-30,9505,2024-03-31,1,,,,,192987000000,0.180,41859000000,,40999000000,,,30413000000,,145.70,,,,,,,,,,,,,,,,,,,,,,true,false,3,2023-04-01,2023-06-30,-1
2024-07-30,9505,2025-03-31,1,,,,,795000000000,-0.016,50000000000,-0.565,45000000000,-0.583,,35000000000,,167.67,,,,,,,,,,,,,,,,,,,,,,true,true,12,2024-04-01,2025-03-31,0
2024-07-30,9505,2024-03-31,1,,,,,,,,,,,,,,,,,,,,1855435000000,327453000000,0.166,,307890000000,,,,,,,,,,,,true,false,12,2023-04-01,2024-03-31,-1
2024-07-30,9505,2024-03-31,1,,,,,,,,,,,,,,,,,,,,,,,,,,,,,7.50,,,,210333694,1592591,,false,false,12,2023-04-01,2024-03-31,-1
2024-07-30,9505,2025-03-31,1,,,,,,,,,,,,,,,,,,,,,,,,,,,,,15.00,,,,,,,false,true,12,2024-04-01,2025-03-31,0
2024-07-30,9505,2025-03-31,1,,,,,,,,,,,,,,,,,,,,,,,,,,,,,,,,,210333694,1543233,208752971,false,false,3,2024-04-01,2024-06-30,0
2024-07-30,9505,2024-03-31,1,,,,,,,,,,,,,,,,,,,,,,,,,,,,,,,,,,,208747325,false,false,3,2023-04-01,2023-06-30,-1
2024-10-30,9505,2025-03-31,2,,,,,420312000000,0.030,62340000000,-0.169,60165000000,-0.141,,44207000000,,211.73,,,,,,1801373000000,366718000000,0.193,,347539000000,,,,,,,,,,,,true,false,6,2024-04-01,2024-09-30,0
2024-10-30,9505,2024-03-31,2,,,,,407921000000,0.088,75012000000,,70003000000,,,51188000000,,245.22,,,,,,,,,,,,,,,,,,,,,,true,false,6,2023-04-01,2023-09-30,-1
2024-10-30,9505,2025-03-31,2,,,,,855000000000,0.058,65000000000,-0.434,60000000000,-0.444,,45000000000,,215.52,,,,,,,,,,,,,,,,,,,,,,true,true,12,2024-04-01,2025-03-31,0
2024-10-30,9505,2024-03-31,2,,,,,,,,,,,,,,,,,,,,1855435000000,327453000000,0.166,,307890000000,,,,,,,,,,,,true,false,12,2023-04-01,2024-03-31,-1
2024-10-30,9505,2024-03-31,2,,,,,,,,,,,,,,,,,,,,,,,,,,,,,7.50,,,,210333694,1592591,,false,false,12,2023-04-01,2024-03-31,-1
2024-10-30,9505,2025-03-31,2,,,,,,,,,,,,,,,,,,,,,,,,,,,,,7.50,,,,,,,false,false,12,2024-04-01,2025-03-31,0
2024-10-30,9505,2025-03-31,2,,,,,,,,,,,,,,,,,,,,,,,,,,,,,17.50,,,,,,,false,true,12,2024-04-01,2025-03-31,0
2024-10-30,9505,2025-03-31,2,,,,,,,,,,,,,,,,,,,,,,,,,,,,,,,,,210333694,1480909,208796136,false,false,6,2024-04-01,2024-09-30,0
2024-10-30,9505,2024-03-31,2,,,,,,,,,,,,,,,,,,,,,,,,,,,,,,,,,,,208746339,false,false,6,2023-04-01,2023-09-30,-1
2025-01-30,9505,2025-03-31,3,,,,,626757000000,0.056,78460000000,-0.133,73589000000,-0.136,,54112000000,,259.14,,,,,,1835596000000,379338000000,0.196,,359852000000,,,,,,,,,,,,true,false,9,2024-04-01,2024-12-31,0
2025-01-30,9505,2024-03-31,3,,,,,593704000000,0.023,90509000000,,85146000000,,,60349000000,,289.10,,,,,,,,,,,,,,,,,,,,,,true,false,9,2023-04-01,2023-12-31,-1
2025-01-30,9505,2025-03-31,3,,,,,855000000000,0.058,65000000000,-0.434,60000000000,-0.444,,45000000000,,215.52,,,,,,,,,,,,,,,,,,,,,,true,true,12,2024-04-01,2025-03-31,0
2025-01-30,9505,2024-03-31,3,,,,,,,,,,,,,,,,,,,,1855435000000,327453000000,0.166,,307890000000,,,,,,,,,,,,true,false,12,2023-04-01,2024-03-31,-1
2025-01-30,9505,2024-03-31,3,,,,,,,,,,,,,,,,,,,,,,,,,,,,,7.50,,,,210333694,1592591,,false,false,12,2023-04-01,2024-03-31,-1
2025-01-30,9505,2025-03-31,3,,,,,,,,,,,,,,,,,,,,,,,,,,,,,7.50,,,,,,,false,false,12,2024-04-01,2025-03-31,0
2025-01-30,9505,2025-03-31,3,,,,,,,,,,,,,,,,,,,,,,,,,,,,,17.50,,,,,,,false,true,12,2024-04-01,2025-03-31,0
2025-01-30,9505,2025-03-31,3,,,,,,,,,,,,,,,,,,,,,,,,,,,,,,,,,210333694,1483114,208812627,false,false,9,2024-04-01,2024-12-31,0
2025-01-30,9505,2024-03-31,3,,,,,,,,,,,,,,,,,,,,,,,,,,,,,,,,,,,208745404,false,false,9,2023-04-01,2023-12-31,-1
2025-02-27,95050,2025-03-31,,,,,,860000000000,0.006,90000000000,0.385,85000000000,0.417,,65000000000,,311.28,,,,,,,,,,,,,,,,,,,,,,true,true,12,2024-04-01,2025-03-31,0
2025-02-27,95050,2024-03-31,,,,,,808238000000,,114911000000,,107931000000,,,56811000000,,272.16,,,,,,,,,,,,,,,,,,,,,,true,false,12,2023-04-01,2024-03-31,-1
2025-02-27,95050,2025-03-31,,,,,,,,,,,,,,,,,,,,,,,,,,,,,,20.00,,,,,,,false,true,12,2024-04-01,2025-03-31,0
2025-02-27,95050,2025-03-31,,,,,,,,,,,,,,,,,,,,,,,,,,,,,,7.50,,,,,,,false,false,12,2024-04-01,2025-03-31,0
2025-02-27,95050,2024-03-31,,,,,,,,,,,,,,,,,,,,,,,,,,,,,,7.50,,,,,,,false,false,12,2023-04-01,2024-03-31,-1
2025-04-28,9505,2025-03-31,,,,,,858275000000,0.062,101034000000,-0.121,91363000000,-0.154,,65148000000,,311.98,,0.189,0.049,,,1859830000000,400847000000,0.205,1822.98,380725000000,152289000000,-234065000000,-48867000000,94372000000,,0.064,,,,,,true,false,12,2024-04-01,2025-03-31,0
2025-04-28,9505,2024-03-31,,,,,,808238000000,-0.011,114911000000,,107931000000,,,56811000000,,272.16,,0.210,0.059,,,1855435000000,327453000000,0.166,1474.99,307890000000,223328000000,-69472000000,-93732000000,225014000000,,0.028,,,,,,true,false,12,2023-04-01,2024-03-31,-1
2025-04-28,9505,2026-03-31,,,,,,780000000000,-0.091,50000000000,-0.505,45000000000,-0.507,,30000000000,,143.66,,,,,,,,,,,,,,,,0.139,,,,,,true,true,12,2025-04-01,2026-03-31,1
2025-04-28,9505,2025-03-31,,,,,,773641000000,0.047,63083000000,-0.209,60309000000,-0.245,43503000000,,-0.094,208.32,,,,,,1707327000000,286182000000,0.168,1370.24,286182000000,,,,,20.00,,,,210333694,1485248,208821084,false,false,12,2024-04-01,2025-03-31,0
2025-04-28,9505,2024-03-31,,,,,,738836000000,-0.023,79736000000,,79893000000,,47993000000,,,229.91,,,,,,1721709000000,242102000000,0.141,1159.78,242102000000,,,,,7.50,,,,210333694,1592591,208744535,false,false,12,2023-04-01,2024-03-31,-1
2025-04-28,9505,2026-03-31,,,,,,,,,,,,,,,,,,,,,,,,,,,,,,20.00,,,,,,,false,true,12,2025-04-01,2026-03-31,1
