filing_date,code,fiscal_year_end,quarterly_period,net_sales,net_sales_change,revenue,revenue_change,operating_revenue,operating_revenue_change,operating_profit,operating_profit_change,ordinary_profit,ordinary_profit_change,net_income,net_income_of_parent,net_income_change,eps,diluted_eps,roe,roa,operating_profit_to_net_sales,operating_profit_to_revenue,total_assets,net_assets,equity_ratio,bps,owner_equity,operating_cash_flow,investing_cash_flow,financing_cash_flow,cash,dividend_per_share,payout_ratio,commemorative_dividend,extra_dividend,number_of_shares,number_of_treqsury_shares,avg_number_of_shares,is_consolidated,is_forecast,duration,period_start,period_end,period_pos
2015-07-30,95060,2016-03-31,1,509837000000,0.022,,,,,78376000000,0.182,71230000000,0.253,,48518000000,,97.26,97.10,,,,,4052522000000,695481000000,0.159,,645378000000,,,,,,,,,,,,true,false,3,2015-04-01,2015-06-30,0
2015-07-30,95060,2015-03-31,1,498649000000,0.153,,,,,66288000000,,56834000000,,,37713000000,,75.62,75.51,,,,,,,,,,,,,,,,,,,,,true,false,3,2014-04-01,2014-06-30,-1
2015-07-30,95060,2016-03-31,1,2100000000000,-0.038,,,,,,,,,,,,,,,,,,,,,,,,,,,,,,,,,,true,true,12,2015-04-01,2016-03-31,0
2015-07-30,95060,2015-03-31,1,,,,,,,,,,,,,,,,,,,,4131217000000,651216000000,0.146,,601800000000,,,,,,,,,,,,true,false,12,2014-04-01,2015-03-31,-1
2015-07-30,95060,2015-03-31,1,,,,,,,,,,,,,,,,,,,,,,,,,,,,,15.00,,,,502882585,4032979,,false,false,12,2014-04-01,2015-03-31,-1
2015-07-30,95060,2016-03-31,1,,,,,,,,,,,,,,,,,,,,,,,,,,,,,,,,,502882585,4038002,498846397,false,false,3,2015-04-01,2015-06-30,0
2015-07-30,95060,2015-03-31,1,,,,,,,,,,,,,,,,,,,,,,,,,,,,,,,,,,,498722563,false,false,3,2014-04-01,2014-06-30,-1
2015-10-28,95060,2016-03-31,2,1026148000000,-0.013,,,,,110479000000,0.009,92812000000,0.059,,62932000000,,126.11,125.94,,,,,4045752000000,705750000000,0.162,,654270000000,,,,,,,,,,,,true,false,6,2015-04-01,2015-09-30,0
2015-10-28,95060,2015-03-31,2,1039483000000,0.132,,,,,109486000000,7.567,87623000000,,,67369000000,,135.06,134.87,,,,,,,,,,,,,,,,,,,,,true,false,6,2014-04-01,2014-09-30,-1
2015-10-28,95060,2016-03-31,2,2110000000000,-0.033,,,,,148000000000,-0.128,115000000000,-0.014,,75000000000,,150.25,,,,,,,,,,,,,,,,,,,,,,true,true,12,2015-04-01,2016-03-31,0
2015-10-28,95060,2015-03-31,2,,,,,,,,,,,,,,,,,,,,4131217000000,651216000000,0.146,,601800000000,,,,,,,,,,,,true,false,12,2014-04-01,2015-03-31,-1
2015-10-28,95060,2015-03-31,2,,,,,,,,,,,,,,,,,,,,,,,,,,,,,15.00,,,,502882585,4032979,,false,false,12,2014-04-01,2015-03-31,-1
2015-10-28,95060,2016-03-31,2,,,,,,,,,,,,,,,,,,,,,,,,,,,,,10.00,,,,,,,false,false,12,2015-04-01,2016-03-31,0
2015-10-28,95060,2016-03-31,2,,,,,,,,,,,,,,,,,,,,,,,,,,,,,,,,,502882585,3712309,499009307,false,false,6,2015-04-01,2015-09-30,0
2015-10-28,95060,2015-03-31,2,,,,,,,,,,,,,,,,,,,,,,,,,,,,,,,,,,,498796103,false,false,6,2014-04-01,2014-09-30,-1
2015-10-28,95060,2016-03-31,,2110000000000,0.005,,,,,148000000000,,115000000000,,,75000000000,,150.25,,,,,,,,,,,,,,,,,,,,,,true,true,12,2015-04-01,2016-03-31,0
2015-10-28,95060,2015-03-31,,2182075000000,,,,,,169739000000,,116646000000,,,76493000000,,153.35,,,,,,,,,,,,,,,,,,,,,,true,false,12,2014-04-01,2015-03-31,-1
2015-10-28,95060,2016-03-31,,1900000000000,0.000,,,,,126000000000,,90000000000,,63000000000,,,126.21,,,,,,,,,,,,,,,,,,,,,,false,true,12,2015-04-01,2016-03-31,0
2015-10-28,95060,2015-03-31,,1951651000000,,,,,,140549000000,,89208000000,,62462000000,,,125.22,,,,,,,,,,,,,,,,,,,,,,false,false,12,2014-04-01,2015-03-31,-1
2016-01-28,95060,2016-03-31,3,1522237000000,-0.027,,,,,141495000000,0.073,117834000000,0.229,,79114000000,,158.53,157.44,,,,,4099271000000,716100000000,0.162,,663014000000,,,,,,,,,,,,true,false,9,2015-04-01,2015-12-31,0
2016-01-28,95060,2015-03-31,3,1564376000000,0.097,,,,,131843000000,2.385,95913000000,9.117,,70711000000,,141.76,141.54,,,,,,,,,,,,,,,,,,,,,true,false,9,2014-04-01,2014-12-31,-1
2016-01-28,95060,2016-03-31,3,2080000000000,-0.047,,,,,174000000000,0.025,140000000000,0.200,,88000000000,,176.30,,,,,,,,,,,,,,,,,,,,,,true,true,12,2015-04-01,2016-03-31,0
2016-01-28,95060,2015-03-31,3,,,,,,,,,,,,,,,,,,,,4131217000000,651216000000,0.146,,601800000000,,,,,,,,,,,,true,false,12,2014-04-01,2015-03-31,-1
2016-01-28,95060,2015-03-31,3,,,,,,,,,,,,,,,,,,,,,,,,,,,,,15.00,,,,502882585,4032979,,false,false,12,2014-04-01,2015-03-31,-1
2016-01-28,95060,2016-03-31,3,,,,,,,,,,,,,,,,,,,,,,,,,,,,,10.00,,,,,,,false,false,12,2015-04-01,2016-03-31,0
2016-01-28,95060,2016-03-31,3,,,,,,,,,,,,,,,,,,,,,,,,,,,,,25.00,,,,,,,false,true,12,2015-04-01,2016-03-31,0
2016-01-28,95060,2016-03-31,3,,,,,,,,,,,,,,,,,,,,,,,,,,,,,,,,,502882585,3721289,499061254,false,false,9,2015-04-01,2015-12-31,0
2016-01-28,95060,2015-03-31,3,,,,,,,,,,,,,,,,,,,,,,,,,,,,,,,,,,,498817989,false,false,9,2014-04-01,2014-12-31,-1
,95060,2016-03-31,,,,,,,,,,,,,,,,,,,,,,,,,,,,,,25.00,,,,,,,false,true,12,2015-04-01,2016-03-31,0
,95060,2016-03-31,,,,,,,,,,,,,,,,,,,,,,,,,,,,,,10.00,,,,,,,false,false,12,2015-04-01,2016-03-31,0
,95060,2015-03-31,,,,,,,,,,,,,,,,,,,,,,,,,,,,,,15.00,,,,,,,false,false,12,2014-04-01,2015-03-31,-1
2016-04-26,95060,2016-03-31,,2095587000000,-0.040,,,,,189759000000,0.118,152616000000,0.308,,97325000000,,195.01,191.46,0.158,0.037,0.091,,4152436000000,684393000000,0.152,1261.40,629637000000,371873000000,-250521000000,-104131000000,262476000000,,0.128,,,,,,true,false,12,2015-04-01,2016-03-31,0
2016-04-26,95060,2015-03-31,,2182075000000,0.070,,,,,169739000000,0.982,116646000000,1.987,,76493000000,,153.35,153.11,0.136,0.028,0.078,,4131217000000,651216000000,0.146,1206.38,601800000000,374212000000,-247732000000,-211278000000,244570000000,,0.098,,,,,,true,false,12,2014-04-01,2015-03-31,-1
2016-04-26,95060,2017-03-31,,1950000000000,-0.069,,,,,,,,,,,,,,,,,,,,,,,,,,,,,,,,,,true,true,12,2016-04-01,2017-03-31,1
2016-04-26,95060,2016-03-31,,1868862000000,-0.042,,,,,156699000000,0.115,119924000000,0.344,79946000000,,0.280,160.19,157.26,,,,,3841884000000,565770000000,0.147,1131.98,565033000000,,,,,25.00,,,,502882585,3726505,499085344,false,false,12,2015-04-01,2016-03-31,0
2016-04-26,95060,2015-03-31,,1951651000000,0.065,,,,,140549000000,0.671,89208000000,1.307,62462000000,,0.733,125.22,125.02,,,,,3850311000000,500398000000,0.130,1001.48,499589000000,,,,,15.00,,,,502882585,4032979,498826579,false,false,12,2014-04-01,2015-03-31,-1
2016-04-26,95060,2017-03-31,,1760000000000,-0.058,,,,,,,,,,,,,,,,,,,,,,,,,,,,,,,,,,false,true,12,2016-04-01,2017-03-31,1
2016-07-28,95060,2017-03-31,1,455839000000,-0.106,,,,,57698000000,-0.264,50247000000,-0.295,,34432000000,,68.98,65.48,,,,,4061181000000,711255000000,0.162,,656325000000,,,,,,,,,,,,true,false,3,2016-04-01,2016-06-30,0
2016-07-28,95060,2016-03-31,1,509837000000,0.022,,,,,78376000000,0.182,71230000000,0.253,,48518000000,,97.26,97.10,,,,,,,,,,,,,,,,,,,,,true,false,3,2015-04-01,2015-06-30,-1
2016-07-28,95060,2017-03-31,1,1950000000000,-0.069,,,,,,,,,,,,,,,,,,,,,,,,,,,,,,,,,,true,true,12,2016-04-01,2017-03-31,0
2016-07-28,95060,2016-03-31,1,,,,,,,,,,,,,,,,,,,,4152436000000,684393000000,0.152,,629637000000,,,,,,,,,,,,true,false,12,2015-04-01,2016-03-31,-1
2016-07-28,95060,2016-03-31,1,,,,,,,,,,,,,,,,,,,,,,,,,,,,,25.00,,,,502882585,3726505,,false,false,12,2015-04-01,2016-03-31,-1
2016-07-28,95060,2017-03-31,1,,,,,,,,,,,,,,,,,,,,,,,,,,,,,,,,,502882585,3729691,499153944,false,false,3,2016-04-01,2016-06-30,0
2016-07-28,95060,2016-03-31,1,,,,,,,,,,,,,,,,,,,,,,,,,,,,,,,,,,,498846397,false,false,3,2015-04-01,2015-06-30,-1
2016-10-27,95060,2017-03-31,2,939828000000,-0.084,,,,,88624000000,-0.198,71317000000,-0.232,,47331000000,,94.82,89.97,,,,,4136908000000,729567000000,0.163,,672795000000,,,,,,,,,,,,true,false,6,2016-04-01,2016-09-30,0
2016-10-27,95060,2016-03-31,2,1026148000000,-0.013,,,,,110479000000,0.009,92812000000,0.059,,62932000000,,126.11,125.94,,,,,,,,,,,,,,,,,,,,,true,false,6,2015-04-01,2015-09-30,-1
2016-10-27,95060,2017-03-31,2,1920000000000,-0.084,,,,,128000000000,-0.325,100000000000,-0.345,,67000000000,,134.21,,,,,,,,,,,,,,,,,,,,,,true,true,12,2016-04-01,2017-03-31,0
2016-10-27,95060,2016-03-31,2,,,,,,,,,,,,,,,,,,,,4152436000000,684393000000,0.152,,629637000000,,,,,,,,,,,,true,false,12,2015-04-01,2016-03-31,-1
2016-10-27,95060,2016-03-31,2,,,,,,,,,,,,,,,,,,,,,,,,,,,,,25.00,,,,502882585,3726505,,false,false,12,2015-04-01,2016-03-31,-1
2016-10-27,95060,2017-03-31,2,,,,,,,,,,,,,,,,,,,,,,,,,,,,,15.00,,,,,,,false,false,12,2016-04-01,2017-03-31,0
2016-10-27,95060,2017-03-31,2,,,,,,,,,,,,,,,,,,,,,,,,,,,,,,,,,502882585,3652496,499193039,false,false,6,2016-04-01,2016-09-30,0
2016-10-27,95060,2016-03-31,2,,,,,,,,,,,,,,,,,,,,,,,,,,,,,,,,,,,499009307,false,false,6,2015-04-01,2015-09-30,-1
2016-10-27,95060,2017-03-31,,1920000000000,-0.015,,,,,128000000000,,100000000000,,,67000000000,,134.21,,,,,,,,,,,,,,,,,,,,,,true,true,12,2016-04-01,2017-03-31,0
2016-10-27,95060,2016-03-31,,2095587000000,,,,,,189759000000,,152616000000,,,97325000000,,195.01,,,,,,,,,,,,,,,,,,,,,,true,false,12,2015-04-01,2016-03-31,-1
2016-10-27,95060,2017-03-31,,1730000000000,-0.017,,,,,103000000000,,80000000000,,58000000000,,,116.18,,,,,,,,,,,,,,,,,,,,,,false,true,12,2016-04-01,2017-03-31,0
2016-10-27,95060,2016-03-31,,1868862000000,,,,,,156699000000,,119924000000,,79946000000,,,160.19,,,,,,,,,,,,,,,,,,,,,,false,false,12,2015-04-01,2016-03-31,-1
2017-01-31,95060,2017-03-31,3,1401782000000,-0.079,,,,,104649000000,-0.260,82116000000,-0.303,,53326000000,,106.82,101.31,,,,,4067809000000,738074000000,0.167,,679752000000,,,,,,,,,,,,true,false,9,2016-04-01,2016-12-31,0
2017-01-31,95060,2016-03-31,3,1522237000000,-0.027,,,,,141495000000,0.073,117834000000,0.229,,79114000000,,158.53,157.44,,,,,,,,,,,,,,,,,,,,,true,false,9,2015-04-01,2015-12-31,-1
2017-01-31,95060,2017-03-31,3,1920000000000,-0.084,,,,,132000000000,-0.304,105000000000,-0.312,,70000000000,,140.22,,,,,,,,,,,,,,,,,,,,,,true,true,12,2016-04-01,2017-03-31,0
2017-01-31,95060,2016-03-31,3,,,,,,,,,,,,,,,,,,,,4152436000000,684393000000,0.152,,629637000000,,,,,,,,,,,,true,false,12,2015-04-01,2016-03-31,-1
2017-01-31,95060,2016-03-31,3,,,,,,,,,,,,,,,,,,,,,,,,,,,,,25.00,,,,502882585,3726505,,false,false,12,2015-04-01,2016-03-31,-1
2017-01-31,95060,2017-03-31,3,,,,,,,,,,,,,,,,,,,,,,,,,,,,,15.00,,,,,,,false,false,12,2016-04-01,2017-03-31,0
2017-01-31,95060,2017-03-31,3,,,,,,,,,,,,,,,,,,,,,,,,,,,,,35.00,,,,,,,false,true,12,2016-04-01,2017-03-31,0
2017-01-31,95060,2017-03-31,3,,,,,,,,,,,,,,,,,,,,,,,,,,,,,,,,,502882585,3658347,499204247,false,false,9,2016-04-01,2016-12-31,0
2017-01-31,95060,2016-03-31,3,,,,,,,,,,,,,,,,,,,,,,,,,,,,,,,,,,,499061254,false,false,9,2015-04-01,2015-12-31,-1
,95060,2017-03-31,,,,,,,,,,,,,,,,,,,,,,,,,,,,,,35.00,,,,,,,false,true,12,2016-04-01,2017-03-31,0
,95060,2017-03-31,,,,,,,,,,,,,,,,,,,,,,,,,,,,,,15.00,,,,,,,false,false,12,2016-04-01,2017-03-31,0
,95060,2016-03-31,,,,,,,,,,,,,,,,,,,,,,,,,,,,,,25.00,,,,,,,false,false,12,2015-04-01,2016-03-31,-1
2017-04-27,95060,2017-03-31,,1949584000000,-0.070,,,,,130422000000,-0.313,104704000000,-0.314,,69931000000,,140.10,132.86,0.106,0.025,0.067,,4145928000000,755624000000,0.168,1392.24,694680000000,278147000000,-256341000000,-55925000000,228262000000,,0.250,,,,,,true,false,12,2016-04-01,2017-03-31,0
2017-04-27,95060,2016-03-31,,2095587000000,-0.040,,,,,189759000000,0.118,152616000000,0.308,,97325000000,,195.01,191.46,0.158,0.037,0.091,,4152436000000,684393000000,0.152,1261.40,629637000000,371873000000,-250521000000,-104131000000,262476000000,,0.128,,,,,,true,false,12,2015-04-01,2016-03-31,-1
2017-04-27,95060,2018-03-31,,2070000000000,0.062,,,,,112000000000,-0.141,90000000000,-0.140,,60000000000,,120.25,,,,,,,,,,,,,,,,0.333,,,,,,true,true,12,2017-04-01,2018-03-31,1
2017-04-27,95060,2017-03-31,,1738662000000,-0.070,,,,,100113000000,-0.361,80483000000,-0.329,59910000000,,-0.251,120.02,113.79,,,,,3838843000000,613847000000,0.160,1228.47,612967000000,,,,,35.00,,,,502882585,3914835,499166462,false,false,12,2016-04-01,2017-03-31,0
2017-04-27,95060,2016-03-31,,1868862000000,-0.042,,,,,156699000000,0.115,119924000000,0.344,79946000000,,0.280,160.19,157.26,,,,,3841884000000,565770000000,0.147,1131.98,565033000000,,,,,25.00,,,,502882585,3726505,499085344,false,false,12,2015-04-01,2016-03-31,-1
2017-04-27,95060,2018-03-31,,1880000000000,0.081,,,,,89000000000,-0.111,70000000000,-0.130,50000000000,,-0.165,100.21,,,,,,,,,,,,,,,40.00,,,,,,,false,true,12,2017-04-01,2018-03-31,1
2017-07-27,95060,2018-03-31,1,470605000000,0.032,,,,,34834000000,-0.396,29734000000,-0.408,,19805000000,,39.69,37.63,,,,,4063764000000,769678000000,0.174,,708733000000,,,,,,,,,,,,true,false,3,2017-04-01,2017-06-30,0
2017-07-27,95060,2017-03-31,1,455839000000,-0.106,,,,,57698000000,-0.264,50247000000,-0.295,,34432000000,,68.98,65.48,,,,,,,,,,,,,,,,,,,,,true,false,3,2016-04-01,2016-06-30,-1
2017-07-27,95060,2018-03-31,1,2070000000000,0.062,,,,,112000000000,-0.141,90000000000,-0.140,,60000000000,,120.25,,,,,,,,,,,,,,,,,,,,,,true,true,12,2017-04-01,2018-03-31,0
2017-07-27,95060,2017-03-31,1,,,,,,,,,,,,,,,,,,,,4145928000000,755624000000,0.168,,694680000000,,,,,,,,,,,,true,false,12,2016-04-01,2017-03-31,-1
2017-07-27,95060,2017-03-31,1,,,,,,,,,,,,,,,,,,,,,,,,,,,,,35.00,,,,502882585,3914835,,false,false,12,2016-04-01,2017-03-31,-1
2017-07-27,95060,2018-03-31,1,,,,,,,,,,,,,,,,,,,,,,,,,,,,,40.00,,,,,,,false,true,12,2017-04-01,2018-03-31,0
2017-07-27,95060,2018-03-31,1,,,,,,,,,,,,,,,,,,,,,,,,,,,,,,,,,502882585,3919318,498964793,false,false,3,2017-04-01,2017-06-30,0
2017-07-27,95060,2017-03-31,1,,,,,,,,,,,,,,,,,,,,,,,,,,,,,,,,,,,499153944,false,false,3,2016-04-01,2016-06-30,-1
2017-10-26,95060,2018-03-31,2,981208000000,0.044,,,,,61564000000,-0.305,52983000000,-0.257,,34595000000,,69.33,65.71,,,,,4114095000000,790004000000,0.177,,727681000000,,,,,,,,,,,,true,false,6,2017-04-01,2017-09-30,0
2017-10-26,95060,2017-03-31,2,939828000000,-0.084,,,,,88624000000,-0.198,71317000000,-0.232,,47331000000,,94.82,89.97,,,,,,,,,,,,,,,,,,,,,true,false,6,2016-04-01,2016-09-30,-1
2017-10-26,95060,2018-03-31,2,2070000000000,0.062,,,,,112000000000,-0.141,90000000000,-0.140,,60000000000,,120.22,,,,,,,,,,,,,,,,,,,,,,true,true,12,2017-04-01,2018-03-31,0
2017-10-26,95060,2017-03-31,2,,,,,,,,,,,,,,,,,,,,4145928000000,755624000000,0.168,,694680000000,,,,,,,,,,,,true,false,12,2016-04-01,2017-03-31,-1
2017-10-26,95060,2017-03-31,2,,,,,,,,,,,,,,,,,,,,,,,,,,,,,35.00,,,,502882585,3914835,,false,false,12,2016-04-01,2017-03-31,-1
2017-10-26,95060,2018-03-31,2,,,,,,,,,,,,,,,,,,,,,,,,,,,,,20.00,,,,,,,false,false,12,2017-04-01,2018-03-31,0
2017-10-26,95060,2018-03-31,2,,,,,,,,,,,,,,,,,,,,,,,,,,,,,40.00,,,,,,,false,true,12,2017-04-01,2018-03-31,0
2017-10-26,95060,2018-03-31,2,,,,,,,,,,,,,,,,,,,,,,,,,,,,,,,,,502882585,3793410,499028041,false,false,6,2017-04-01,2017-09-30,0
2017-10-26,95060,2017-03-31,2,,,,,,,,,,,,,,,,,,,,,,,,,,,,,,,,,,,499193039,false,false,6,2016-04-01,2016-09-30,-1
2018-01-30,95060,2018-03-31,3,1479934000000,0.056,,,,,79730000000,-0.238,67157000000,-0.182,,42834000000,,85.83,81.32,,,,,4119601000000,792802000000,0.177,,729661000000,,,,,,,,,,,,true,false,9,2017-04-01,2017-12-31,0
2018-01-30,95060,2017-03-31,3,1401782000000,-0.079,,,,,104649000000,-0.260,82116000000,-0.303,,53326000000,,106.82,101.31,,,,,,,,,,,,,,,,,,,,,true,false,9,2016-04-01,2016-12-31,-1
2018-01-30,95060,2018-03-31,3,2070000000000,0.062,,,,,112000000000,-0.141,90000000000,-0.140,,60000000000,,120.22,,,,,,,,,,,,,,,,,,,,,,true,true,12,2017-04-01,2018-03-31,0
2018-01-30,95060,2017-03-31,3,,,,,,,,,,,,,,,,,,,,4145928000000,755624000000,0.168,,694680000000,,,,,,,,,,,,true,false,12,2016-04-01,2017-03-31,-1
2018-01-30,95060,2017-03-31,3,,,,,,,,,,,,,,,,,,,,,,,,,,,,,35.00,,,,502882585,3914835,,false,false,12,2016-04-01,2017-03-31,-1
2018-01-30,95060,2018-03-31,3,,,,,,,,,,,,,,,,,,,,,,,,,,,,,20.00,,,,,,,false,false,12,2017-04-01,2018-03-31,0
2018-01-30,95060,2018-03-31,3,,,,,,,,,,,,,,,,,,,,,,,,,,,,,40.00,,,,,,,false,true,12,2017-04-01,2018-03-31,0
2018-01-30,95060,2018-03-31,3,,,,,,,,,,,,,,,,,,,,,,,,,,,,,,,,,502882585,3799489,499047193,false,false,9,2017-04-01,2017-12-31,0
2018-01-30,95060,2017-03-31,3,,,,,,,,,,,,,,,,,,,,,,,,,,,,,,,,,,,499204247,false,false,9,2016-04-01,2016-12-31,-1
2018-04-26,95060,2018-03-31,,2071380000000,0.062,,,,,107665000000,-0.174,88433000000,-0.155,,47216000000,,94.61,89.60,0.066,0.021,0.052,,4222163000000,798705000000,0.173,1463.42,730361000000,324019000000,-273915000000,-36280000000,242171000000,,0.423,,,,,,true,false,12,2017-04-01,2018-03-31,0
2018-04-26,95060,2017-03-31,,1949584000000,-0.070,,,,,130422000000,-0.313,104704000000,-0.314,,69931000000,,140.10,132.86,0.106,0.025,0.067,,4145928000000,755624000000,0.168,1392.24,694680000000,278147000000,-256341000000,-55925000000,228262000000,,0.250,,,,,,true,false,12,2016-04-01,2017-03-31,-1
2018-04-26,95060,2019-03-31,,2140000000000,0.033,,,,,98000000000,-0.090,80000000000,-0.095,,50000000000,,100.18,,,,,,,,,,,,,,,,0.399,,,,,,true,true,12,2018-04-01,2019-03-31,1
2018-04-26,95060,2018-03-31,,1869361000000,0.075,,,,,82399000000,-0.177,67551000000,-0.161,41820000000,,-0.302,83.80,79.33,,,,,3906474000000,636845000000,0.163,1274.13,635888000000,,,,,40.00,,,,502882585,3804644,499055152,false,false,12,2017-04-01,2018-03-31,0
2018-04-26,95060,2017-03-31,,1738662000000,-0.070,,,,,100113000000,-0.361,80483000000,-0.329,59910000000,,-0.251,120.02,113.79,,,,,3838843000000,613847000000,0.160,1228.47,612967000000,,,,,35.00,,,,502882585,3914835,499166462,false,false,12,2016-04-01,2017-03-31,-1
2018-04-26,95060,2019-03-31,,1940000000000,0.038,,,,,74000000000,-0.102,60000000000,-0.112,43000000000,,0.028,86.16,,,,,,,,,,,,,,,40.00,,,,,,,false,true,12,2018-04-01,2019-03-31,1
2018-07-25,95060,2019-03-31,1,488009000000,0.037,,,,,33937000000,-0.026,32376000000,0.089,,22504000000,,45.09,42.72,,,,,4136873000000,814434000000,0.180,,746649000000,,,,,,,,,,,,true,false,3,2018-04-01,2018-06-30,0
2018-07-25,95060,2018-03-31,1,470605000000,0.032,,,,,34834000000,-0.396,29734000000,-0.408,,19805000000,,39.69,37.63,,,,,,,,,,,,,,,,,,,,,true,false,3,2017-04-01,2017-06-30,-1
2018-07-25,95060,2019-03-31,1,2140000000000,0.033,,,,,98000000000,-0.090,80000000000,-0.095,,50000000000,,100.19,,,,,,,,,,,,,,,,,,,,,,true,true,12,2018-04-01,2019-03-31,0
2018-07-25,95060,2018-03-31,1,,,,,,,,,,,,,,,,,,,,4222163000000,798705000000,0.173,,730361000000,,,,,,,,,,,,true,false,12,2017-04-01,2018-03-31,-1
2018-07-25,95060,2018-03-31,1,,,,,,,,,,,,,,,,,,,,,,,,,,,,,40.00,,,,502882585,3804644,,false,false,12,2017-04-01,2018-03-31,-1
2018-07-25,95060,2019-03-31,1,,,,,,,,,,,,,,,,,,,,,,,,,,,,,40.00,,,,,,,false,true,12,2018-04-01,2019-03-31,0
2018-07-25,95060,2019-03-31,1,,,,,,,,,,,,,,,,,,,,,,,,,,,,,,,,,502882585,3808702,499075694,false,false,3,2018-04-01,2018-06-30,0
2018-07-25,95060,2018-03-31,1,,,,,,,,,,,,,,,,,,,,,,,,,,,,,,,,,,,498964793,false,false,3,2017-04-01,2017-06-30,-1
2018-10-25,95060,2019-03-31,2,1035108000000,0.055,,,,,43678000000,-0.291,37539000000,-0.291,,30312000000,,60.73,57.50,,,,,4177251000000,829382000000,0.182,,760579000000,,,,,,,,,,,,true,false,6,2018-04-01,2018-09-30,0
2018-10-25,95060,2018-03-31,2,981208000000,0.044,,,,,61564000000,-0.305,52983000000,-0.257,,34595000000,,69.33,65.71,,,,,,,,,,,,,,,,,,,,,true,false,6,2017-04-01,2017-09-30,-1
2018-10-25,95060,2019-03-31,2,2240000000000,0.081,,,,,78000000000,-0.276,62000000000,-0.299,,43000000000,,86.13,,,,,,,,,,,,,,,,,,,,,,true,true,12,2018-04-01,2019-03-31,0
2018-10-25,95060,2018-03-31,2,,,,,,,,,,,,,,,,,,,,4222163000000,798705000000,0.173,,730361000000,,,,,,,,,,,,true,false,12,2017-04-01,2018-03-31,-1
2018-10-25,95060,2018-03-31,2,,,,,,,,,,,,,,,,,,,,,,,,,,,,,40.00,,,,502882585,3804644,,false,false,12,2017-04-01,2018-03-31,-1
2018-10-25,95060,2019-03-31,2,,,,,,,,,,,,,,,,,,,,,,,,,,,,,20.00,,,,,,,false,false,12,2018-04-01,2019-03-31,0
2018-10-25,95060,2019-03-31,2,,,,,,,,,,,,,,,,,,,,,,,,,,,,,40.00,,,,,,,false,true,12,2018-04-01,2019-03-31,0
2018-10-25,95060,2019-03-31,2,,,,,,,,,,,,,,,,,,,,,,,,,,,,,,,,,502882585,3632883,499163726,false,false,6,2018-04-01,2018-09-30,0
2018-10-25,95060,2018-03-31,2,,,,,,,,,,,,,,,,,,,,,,,,,,,,,,,,,,,499028041,false,false,6,2017-04-01,2017-09-30,-1
2019-01-30,95060,2019-03-31,3,1582453000000,0.069,,,,,41356000000,-0.481,31112000000,-0.537,,23820000000,,47.72,45.01,,,,,4189131000000,811386000000,0.177,,741996000000,,,,,,,,,,,,true,false,9,2018-04-01,2018-12-31,0
2019-01-30,95060,2018-03-31,3,1479934000000,0.056,,,,,79730000000,-0.238,67157000000,-0.182,,42834000000,,85.83,81.32,,,,,,,,,,,,,,,,,,,,,true,false,9,2017-04-01,2017-12-31,-1
2019-01-30,95060,2019-03-31,3,2240000000000,0.081,,,,,78000000000,-0.276,62000000000,-0.299,,43000000000,,86.13,,,,,,,,,,,,,,,,,,,,,,true,true,12,2018-04-01,2019-03-31,0
2019-01-30,95060,2018-03-31,3,,,,,,,,,,,,,,,,,,,,4222163000000,798705000000,0.173,,730361000000,,,,,,,,,,,,true,false,12,2017-04-01,2018-03-31,-1
2019-01-30,95060,2018-03-31,3,,,,,,,,,,,,,,,,,,,,,,,,,,,,,40.00,,,,502882585,3804644,,false,false,12,2017-04-01,2018-03-31,-1
2019-01-30,95060,2019-03-31,3,,,,,,,,,,,,,,,,,,,,,,,,,,,,,20.00,,,,,,,false,false,12,2018-04-01,2019-03-31,0
2019-01-30,95060,2019-03-31,3,,,,,,,,,,,,,,,,,,,,,,,,,,,,,40.00,,,,,,,false,true,12,2018-04-01,2019-03-31,0
2019-01-30,95060,2019-03-31,3,,,,,,,,,,,,,,,,,,,,,,,,,,,,,,,,,502882585,3638177,499191059,false,false,9,2018-04-01,2018-12-31,0
2019-01-30,95060,2018-03-31,3,,,,,,,,,,,,,,,,,,,,,,,,,,,,,,,,,,,499047193,false,false,9,2017-04-01,2017-12-31,-1
2019-04-25,95060,2019-03-31,,2244314000000,0.083,,,,,83633000000,-0.223,65743000000,-0.257,,46483000000,,93.12,87.61,0.062,0.016,0.037,,4258633000000,833711000000,0.179,1526.66,762167000000,262804000000,-250570000000,-69307000000,184942000000,,0.430,,,,,,true,false,12,2018-04-01,2019-03-31,0
2019-04-25,95060,2018-03-31,,2071380000000,0.062,,,,,107665000000,-0.174,88433000000,-0.155,,47216000000,,94.61,89.60,0.066,0.021,0.052,,4222163000000,798705000000,0.173,1463.42,730361000000,324019000000,-273915000000,-36280000000,242171000000,,0.423,,,,,,true,false,12,2017-04-01,2018-03-31,-1
2019-04-25,95060,2020-03-31,,2390000000000,0.065,,,,,90000000000,0.076,73000000000,0.110,,45000000000,,90.14,,,,,,,,,,,,,,,,0.444,,,,,,true,true,12,2019-04-01,2020-03-31,1
2019-04-25,95060,2019-03-31,,2025559000000,0.084,,,,,60284000000,-0.268,46821000000,-0.307,40320000000,,-0.036,80.77,75.97,,,,,3923541000000,654178000000,0.166,1308.32,653164000000,,,,,40.00,,,,502882585,3643599,499203497,false,false,12,2018-04-01,2019-03-31,0
2019-04-25,95060,2018-03-31,,1869361000000,0.075,,,,,82399000000,-0.177,67551000000,-0.161,41820000000,,-0.302,83.80,79.33,,,,,3906474000000,636845000000,0.163,1274.13,635888000000,,,,,40.00,,,,502882585,3804644,499055152,false,false,12,2017-04-01,2018-03-31,-1
2019-04-25,95060,2020-03-31,,2170000000000,0.071,,,,,69000000000,0.145,55000000000,0.175,39000000000,,-0.033,78.12,,,,,,,,,,,,,,,40.00,,,,,,,false,true,12,2019-04-01,2020-03-31,1
2019-07-31,95060,2020-03-31,1,529769000000,0.086,,,,,39107000000,0.152,35196000000,0.087,,24818000000,,49.71,46.22,,,,,4197892000000,846909000000,0.185,,776584000000,,,,,,,,,,,,true,false,3,2019-04-01,2019-06-30,0
2019-07-31,95060,2019-03-31,1,488009000000,0.037,,,,,33937000000,-0.026,32376000000,0.089,,22504000000,,45.09,42.72,,,,,,,,,,,,,,,,,,,,,true,false,3,2018-04-01,2018-06-30,-1
2019-07-31,95060,2020-03-31,1,2390000000000,0.065,,,,,90000000000,0.076,73000000000,0.110,,45000000000,,90.14,,,,,,,,,,,,,,,,,,,,,,true,true,12,2019-04-01,2020-03-31,0
2019-07-31,95060,2019-03-31,1,,,,,,,,,,,,,,,,,,,,4258633000000,833711000000,0.179,,762167000000,,,,,,,,,,,,true,false,12,2018-04-01,2019-03-31,-1
2019-07-31,95060,2019-03-31,1,,,,,,,,,,,,,,,,,,,,,,,,,,,,,40.00,,,,502882585,3643599,,false,false,12,2018-04-01,2019-03-31,-1
2019-07-31,95060,2020-03-31,1,,,,,,,,,,,,,,,,,,,,,,,,,,,,,40.00,,,,,,,false,true,12,2019-04-01,2020-03-31,0
2019-07-31,95060,2020-03-31,1,,,,,,,,,,,,,,,,,,,,,,,,,,,,,,,,,502882585,3647813,499236155,false,false,3,2019-04-01,2019-06-30,0
2019-07-31,95060,2019-03-31,1,,,,,,,,,,,,,,,,,,,,,,,,,,,,,,,,,,,499074997,false,false,3,2018-04-01,2018-06-30,-1
2019-10-31,95060,2020-03-31,2,1119980000000,0.082,,,,,73430000000,0.681,64550000000,0.720,,44657000000,,89.44,83.14,,,,,4232611000000,868305000000,0.188,,797089000000,,,,,,,,,,,,true,false,6,2019-04-01,2019-09-30,0
2019-10-31,95060,2019-03-31,2,1035108000000,0.055,,,,,43678000000,-0.291,37539000000,-0.291,,30312000000,,60.73,57.50,,,,,,,,,,,,,,,,,,,,,true,false,6,2018-04-01,2018-09-30,-1
2019-10-31,95060,2020-03-31,2,2390000000000,0.065,,,,,90000000000,0.076,73000000000,0.110,,45000000000,,90.12,,,,,,,,,,,,,,,,,,,,,,true,true,12,2019-04-01,2020-03-31,0
2019-10-31,95060,2019-03-31,2,,,,,,,,,,,,,,,,,,,,4258633000000,833711000000,0.179,,762167000000,,,,,,,,,,,,true,false,12,2018-04-01,2019-03-31,-1
2019-10-31,95060,2019-03-31,2,,,,,,,,,,,,,,,,,,,,,,,,,,,,,40.00,,,,502882585,3643599,,false,false,12,2018-04-01,2019-03-31,-1
2019-10-31,95060,2020-03-31,2,,,,,,,,,,,,,,,,,,,,,,,,,,,,,20.00,,,,,,,false,false,12,2019-04-01,2020-03-31,0
2019-10-31,95060,2020-03-31,2,,,,,,,,,,,,,,,,,,,,,,,,,,,,,40.00,,,,,,,false,true,12,2019-04-01,2020-03-31,0
2019-10-31,95060,2020-03-31,2,,,,,,,,,,,,,,,,,,,,,,,,,,,,,,,,,502882585,3525368,499297329,false,false,6,2019-04-01,2019-09-30,0
2019-10-31,95060,2019-03-31,2,,,,,,,,,,,,,,,,,,,,,,,,,,,,,,,,,,,499163377,false,false,6,2018-04-01,2018-09-30,-1
2020-01-29,95060,2020-03-31,3,1642652000000,0.038,,,,,91935000000,1.223,78017000000,1.508,,49424000000,,98.98,91.98,,,,,4258012000000,865031000000,0.186,,793990000000,,,,,,,,,,,,true,false,9,2019-04-01,2019-12-31,0
2020-01-29,95060,2019-03-31,3,1582453000000,0.069,,,,,41356000000,-0.481,31112000000,-0.537,,23820000000,,47.72,45.01,,,,,,,,,,,,,,,,,,,,,true,false,9,2018-04-01,2018-12-31,-1
2020-01-29,95060,2020-03-31,3,2390000000000,0.065,,,,,90000000000,0.076,73000000000,0.110,,45000000000,,90.12,,,,,,,,,,,,,,,,,,,,,,true,true,12,2019-04-01,2020-03-31,0
2020-01-29,95060,2019-03-31,3,,,,,,,,,,,,,,,,,,,,4258633000000,833711000000,0.179,,762167000000,,,,,,,,,,,,true,false,12,2018-04-01,2019-03-31,-1
2020-01-29,95060,2019-03-31,3,,,,,,,,,,,,,,,,,,,,,,,,,,,,,40.00,,,,502882585,3643599,,false,false,12,2018-04-01,2019-03-31,-1
2020-01-29,95060,2020-03-31,3,,,,,,,,,,,,,,,,,,,,,,,,,,,,,20.00,,,,,,,false,false,12,2019-04-01,2020-03-31,0
2020-01-29,95060,2020-03-31,3,,,,,,,,,,,,,,,,,,,,,,,,,,,,,40.00,,,,,,,false,true,12,2019-04-01,2020-03-31,0
2020-01-29,95060,2020-03-31,3,,,,,,,,,,,,,,,,,,,,,,,,,,,,,,,,,502882585,3529721,499316385,false,false,9,2019-04-01,2019-12-31,0
2020-01-29,95060,2019-03-31,3,,,,,,,,,,,,,,,,,,,,,,,,,,,,,,,,,,,499191059,false,false,9,2018-04-01,2018-12-31,-1
2020-04-30,95060,2020-03-31,,2246369000000,0.001,,,,,116350000000,0.391,99966000000,0.521,,63074000000,,126.32,117.38,0.081,0.023,0.052,,4323099000000,864177000000,0.183,1584.30,791121000000,371525000000,-310627000000,6719000000,252322000000,,0.317,,,,,,true,false,12,2019-04-01,2020-03-31,0
2020-04-30,95060,2019-03-31,,2244314000000,0.083,,,,,83633000000,-0.223,65743000000,-0.257,,46483000000,,93.12,87.61,0.062,0.016,0.037,,4258633000000,833711000000,0.179,1526.66,762167000000,262804000000,-250570000000,-69307000000,184942000000,,0.430,,,,,,true,false,12,2018-04-01,2019-03-31,-1
2020-04-30,95060,2019-03-31,,,,,,,,,,,,,,,,,,,,,,,,,,,,,,40.00,,,,502882585,3643599,499203497,false,false,12,2018-04-01,2019-03-31,-1
2020-04-30,95060,2020-03-31,,,,,,,,,,,,,,,,,,,,,,,,,,,,,,40.00,,,,502882585,3532836,499324884,false,false,12,2019-04-01,2020-03-31,0
2020-07-30,95060,2021-03-31,1,519284000000,-0.020,,,,,41763000000,0.068,39190000000,0.113,,27930000000,,55.91,51.92,,,,,4310764000000,883155000000,0.188,,811121000000,,,,,,,,,,,,true,false,3,2020-04-01,2020-06-30,0
2020-07-30,95060,2020-03-31,1,529769000000,0.086,,,,,39107000000,0.152,35196000000,0.087,,24818000000,,49.71,46.22,,,,,,,,,,,,,,,,,,,,,true,false,3,2019-04-01,2019-06-30,-1
2020-07-30,95060,2020-03-31,1,,,,,,,,,,,,,,,,,,,,4323099000000,864177000000,0.183,,791121000000,,,,,,,,,,,,true,false,12,2019-04-01,2020-03-31,-1
2020-07-30,95060,2020-03-31,1,,,,,,,,,,,,,,,,,,,,,,,,,,,,,40.00,,,,502882585,3532836,,false,false,12,2019-04-01,2020-03-31,-1
2020-07-30,95060,2021-03-31,1,,,,,,,,,,,,,,,,,,,,,,,,,,,,,,,,,502882585,3337548,499545537,false,false,3,2020-04-01,2020-06-30,0
2020-07-30,95060,2020-03-31,1,,,,,,,,,,,,,,,,,,,,,,,,,,,,,,,,,,,499236155,false,false,3,2019-04-01,2019-06-30,-1
2020-10-28,95060,2021-03-31,2,1038078000000,-0.073,,,,,89395000000,0.217,80560000000,0.248,,56104000000,,112.30,104.31,,,,,4460030000000,912651000000,0.189,,841134000000,,,,,,,,,,,,true,false,6,2020-04-01,2020-09-30,0
2020-10-28,95060,2020-03-31,2,1119980000000,0.082,,,,,73430000000,0.681,64550000000,0.720,,44657000000,,89.44,83.14,,,,,,,,,,,,,,,,,,,,,true,false,6,2019-04-01,2019-09-30,-1
2020-10-28,95060,2021-03-31,2,2080000000000,-0.074,,,,,72000000000,-0.381,55000000000,-0.450,,33000000000,,66.06,,,,,,,,,,,,,,,,,,,,,,true,true,12,2020-04-01,2021-03-31,0
2020-10-28,95060,2020-03-31,2,,,,,,,,,,,,,,,,,,,,4323099000000,864177000000,0.183,,791121000000,,,,,,,,,,,,true,false,12,2019-04-01,2020-03-31,-1
2020-10-28,95060,2020-03-31,2,,,,,,,,,,,,,,,,,,,,,,,,,,,,,40.00,,,,502882585,3532836,,false,false,12,2019-04-01,2020-03-31,-1
2020-10-28,95060,2021-03-31,2,,,,,,,,,,,,,,,,,,,,,,,,,,,,,20.00,,,,,,,false,false,12,2020-04-01,2021-03-31,0
2020-10-28,95060,2021-03-31,2,,,,,,,,,,,,,,,,,,,,,,,,,,,,,40.00,,,,,,,false,true,12,2020-04-01,2021-03-31,0
2020-10-28,95060,2021-03-31,2,,,,,,,,,,,,,,,,,,,,,,,,,,,,,,,,,502882585,3315816,499575907,false,false,6,2020-04-01,2020-09-30,0
2020-10-28,95060,2020-03-31,2,,,,,,,,,,,,,,,,,,,,,,,,,,,,,,,,,,,499297329,false,false,6,2019-04-01,2019-09-30,-1
2021-01-27,95060,2021-03-31,3,1541467000000,-0.062,,,,,87841000000,-0.045,75723000000,-0.029,,50617000000,,101.32,94.81,,,,,4393416000000,899549000000,0.188,,827471000000,,,,,,,,,,,,true,false,9,2020-04-01,2020-12-31,0
2021-01-27,95060,2020-03-31,3,1642652000000,0.038,,,,,91935000000,1.223,78017000000,1.508,,49424000000,,98.98,91.98,,,,,,,,,,,,,,,,,,,,,true,false,9,2019-04-01,2019-12-31,-1
2021-01-27,95060,2021-03-31,3,2080000000000,-0.074,,,,,72000000000,-0.381,55000000000,-0.450,,33000000000,,66.06,,,,,,,,,,,,,,,,,,,,,,true,true,12,2020-04-01,2021-03-31,0
2021-01-27,95060,2020-03-31,3,,,,,,,,,,,,,,,,,,,,4323099000000,864177000000,0.183,,791121000000,,,,,,,,,,,,true,false,12,2019-04-01,2020-03-31,-1
2021-01-27,95060,2020-03-31,3,,,,,,,,,,,,,,,,,,,,,,,,,,,,,40.00,,,,502882585,3532836,,false,false,12,2019-04-01,2020-03-31,-1
2021-01-27,95060,2021-03-31,3,,,,,,,,,,,,,,,,,,,,,,,,,,,,,20.00,,,,,,,false,false,12,2020-04-01,2021-03-31,0
2021-01-27,95060,2021-03-31,3,,,,,,,,,,,,,,,,,,,,,,,,,,,,,40.00,,,,,,,false,true,12,2020-04-01,2021-03-31,0
2021-01-27,95060,2021-03-31,3,,,,,,,,,,,,,,,,,,,,,,,,,,,,,,,,,502882585,3336050,499567371,false,false,9,2020-04-01,2020-12-31,0
2021-01-27,95060,2020-03-31,3,,,,,,,,,,,,,,,,,,,,,,,,,,,,,,,,,,,499316385,false,false,9,2019-04-01,2019-12-31,-1
2021-04-28,95060,2021-03-31,,2286803000000,0.018,,,,,87919000000,-0.244,67522000000,-0.325,,29380000000,,58.81,55.88,0.036,0.015,0.038,,4471081000000,901534000000,0.185,1654.46,826466000000,217617000000,-254961000000,-5774000000,209593000000,,0.680,,,,,,true,false,12,2020-04-01,2021-03-31,0
2021-04-28,95060,2020-03-31,,2246369000000,0.001,,,,,116350000000,0.391,99966000000,0.521,,63074000000,,126.32,117.38,0.081,0.023,0.052,,4323099000000,864177000000,0.183,1584.30,791121000000,371525000000,-310627000000,6719000000,252322000000,,0.317,,,,,,true,false,12,2019-04-01,2020-03-31,-1
2021-04-28,95060,2022-03-31,,1770000000000,,,,,,,,,,,,,,,,,,,,,,,,,,,,,,,,,,,true,true,12,2021-04-01,2022-03-31,1
2021-04-28,95060,2020-03-31,,,,,,,,,,,,,,,,,,,,,,,,,,,,,,40.00,,,,502882585,3532836,499324884,false,false,12,2019-04-01,2020-03-31,-1
2021-04-28,95060,2021-03-31,,,,,,,,,,,,,,,,,,,,,,,,,,,,,,40.00,,,,502882585,3343189,499561004,false,false,12,2020-04-01,2021-03-31,0
2021-07-30,95060,2022-03-31,1,400590000000,-0.229,,,,,22877000000,-0.452,18546000000,-0.527,,9848000000,,19.71,,,,,,4517707000000,901137000000,0.183,,826604000000,,,,,,,,,,,,true,false,3,2021-04-01,2021-06-30,0
2021-07-30,95060,2021-03-31,1,519284000000,-0.020,,,,,41763000000,0.068,39190000000,0.113,,27930000000,,55.91,51.92,,,,,,,,,,,,,,,,,,,,,true,false,3,2020-04-01,2020-06-30,-1
2021-07-30,95060,2022-03-31,1,1810000000000,,,,,,52000000000,-0.409,35000000000,-0.482,23000000000,,-0.217,46.03,,,,,,,,,,,,,,,,,,,,,,true,true,12,2021-04-01,2022-03-31,0
2021-07-30,95060,2021-03-31,1,,,,,,,,,,,,,,,,,,,,4471081000000,901534000000,0.185,,826466000000,,,,,,,,,,,,true,false,12,2020-04-01,2021-03-31,-1
2021-07-30,95060,2021-03-31,1,,,,,,,,,,,,,,,,,,,,,,,,,,,,,40.00,,,,502882585,3343189,,false,false,12,2020-04-01,2021-03-31,-1
2021-07-30,95060,2022-03-31,1,,,,,,,,,,,,,,,,,,,,,,,,,,,,,40.00,,,,,,,false,true,12,2021-04-01,2022-03-31,0
2021-07-30,95060,2022-03-31,1,,,,,,,,,,,,,,,,,,,,,,,,,,,,,,,,,502882585,3200835,499593699,false,false,3,2021-04-01,2021-06-30,0
2021-07-30,95060,2021-03-31,1,,,,,,,,,,,,,,,,,,,,,,,,,,,,,,,,,,,499545537,false,false,3,2020-04-01,2020-06-30,-1
2021-10-28,95060,2022-03-31,2,873131000000,-0.159,,,,,49050000000,-0.451,39944000000,-0.504,,34203000000,,68.45,,,,,,4525791000000,924603000000,0.188,,849133000000,,,,,,,,,,,,true,false,6,2021-04-01,2021-09-30,0
2021-10-28,95060,2021-03-31,2,1038078000000,-0.073,,,,,89395000000,0.217,80560000000,0.248,,56104000000,,112.30,104.31,,,,,,,,,,,,,,,,,,,,,true,false,6,2020-04-01,2020-09-30,-1
2021-10-28,95060,2022-03-31,2,1810000000000,,,,,,52000000000,-0.409,35000000000,-0.482,,23000000000,,46.03,,,,,,,,,,,,,,,,,,,,,,true,true,12,2021-04-01,2022-03-31,0
2021-10-28,95060,2021-03-31,2,,,,,,,,,,,,,,,,,,,,4471081000000,901534000000,0.185,,826466000000,,,,,,,,,,,,true,false,12,2020-04-01,2021-03-31,-1
2021-10-28,95060,2021-03-31,2,,,,,,,,,,,,,,,,,,,,,,,,,,,,,40.00,,,,502882585,3343189,,false,false,12,2020-04-01,2021-03-31,-1
2021-10-28,95060,2022-03-31,2,,,,,,,,,,,,,,,,,,,,,,,,,,,,,20.00,,,,,,,false,false,12,2021-04-01,2022-03-31,0
2021-10-28,95060,2022-03-31,2,,,,,,,,,,,,,,,,,,,,,,,,,,,,,40.00,,,,,,,false,true,12,2021-04-01,2022-03-31,0
2021-10-28,95060,2022-03-31,2,,,,,,,,,,,,,,,,,,,,,,,,,,,,,,,,,502882585,3081048,499698413,false,false,6,2021-04-01,2021-09-30,0
2021-10-28,95060,2021-03-31,2,,,,,,,,,,,,,,,,,,,,,,,,,,,,,,,,,,,499575907,false,false,6,2020-04-01,2020-09-30,-1
2022-01-31,95060,2022-03-31,3,1398955000000,-0.092,,,,,23330000000,-0.734,10391000000,-0.863,,2417000000,,4.84,,,,,,4622604000000,886458000000,0.175,,809175000000,,,,,,,,,,,,true,false,9,2021-04-01,2021-12-31,0
2022-01-31,95060,2021-03-31,3,1541467000000,-0.062,,,,,87841000000,-0.045,75723000000,-0.029,,50617000000,,101.32,94.81,,,,,,,,,,,,,,,,,,,,,true,false,9,2020-04-01,2020-12-31,-1
2022-01-31,95060,2022-03-31,3,1980000000000,,,,,,-28000000000,,-50000000000,,,-45000000000,,-90.04,,,,,,,,,,,,,,,,,,,,,,true,true,12,2021-04-01,2022-03-31,0
2022-01-31,95060,2021-03-31,3,,,,,,,,,,,,,,,,,,,,4471081000000,901534000000,0.185,,826466000000,,,,,,,,,,,,true,false,12,2020-04-01,2021-03-31,-1
2022-01-31,95060,2021-03-31,3,,,,,,,,,,,,,,,,,,,,,,,,,,,,,40.00,,,,502882585,3343189,,false,false,12,2020-04-01,2021-03-31,-1
2022-01-31,95060,2022-03-31,3,,,,,,,,,,,,,,,,,,,,,,,,,,,,,20.00,,,,,,,false,false,12,2021-04-01,2022-03-31,0
2022-01-31,95060,2022-03-31,3,,,,,,,,,,,,,,,,,,,,,,,,,,,,,,,,,502882585,3085682,499731788,false,false,9,2021-04-01,2021-12-31,0
2022-01-31,95060,2021-03-31,3,,,,,,,,,,,,,,,,,,,,,,,,,,,,,,,,,,,499567371,false,false,9,2020-04-01,2020-12-31,-1
,95060,2022-03-31,,,,,,,,,,,,,,,,,,,,,,,,,,,,,,35.00,,,,,,,false,true,12,2021-04-01,2022-03-31,0
,95060,2022-03-31,,,,,,,,,,,,,,,,,,,,,,,,,,,,,,20.00,,,,,,,false,false,12,2021-04-01,2022-03-31,0
,95060,2021-03-31,,,,,,,,,,,,,,,,,,,,,,,,,,,,,,40.00,,,,,,,false,false,12,2020-04-01,2021-03-31,-1
2022-04-28,95060,2022-03-31,,2104448000000,-0.080,,,,,-28737000000,,-49205000000,,,-108362000000,,-216.84,,-0.142,-0.011,-0.014,,4725651000000,778980000000,0.148,1399.90,699659000000,97188000000,-322163000000,293243000000,278420000000,,,,,,,,true,false,12,2021-04-01,2022-03-31,0
2022-04-28,95060,2021-03-31,,2286803000000,0.018,,,,,87919000000,-0.244,67522000000,-0.325,,29380000000,,58.81,55.88,0.036,0.015,0.038,,4471081000000,901534000000,0.185,1654.46,826466000000,217617000000,-254961000000,-5774000000,209593000000,,0.680,,,,,,true,false,12,2020-04-01,2021-03-31,-1
2022-04-28,95060,2021-03-31,,,,,,,,,,,,,,,,,,,,,,,,,,,,,,40.00,,,,502882585,3343189,499561004,false,false,12,2020-04-01,2021-03-31,-1
2022-04-28,95060,2022-03-31,,,,,,,,,,,,,,,,,,,,,,,,,,,,,,35.00,,,,502882585,3090182,499747268,false,false,12,2021-04-01,2022-03-31,0
2022-07-29,95060,2023-03-31,1,558290000000,0.394,,,,,-26451000000,,-28628000000,,,-31242000000,,-62.50,,,,,,4731409000000,751696000000,0.142,,672872000000,,,,,,,,,,,,true,false,3,2022-04-01,2022-06-30,0
2022-07-29,95060,2022-03-31,1,400590000000,-0.229,,,,,22877000000,-0.452,18546000000,-0.527,,9848000000,,19.71,,,,,,,,,,,,,,,,,,,,,,true,false,3,2021-04-01,2021-06-30,-1
2022-07-29,95060,2023-03-31,1,2740000000000,0.302,,,,,-180000000000,,-200000000000,,,-180000000000,,-360.01,,,,,,,,,,,,,,,,,,,,,,true,true,12,2022-04-01,2023-03-31,0
2022-07-29,95060,2022-03-31,1,,,,,,,,,,,,,,,,,,,,4725651000000,778980000000,0.148,,699659000000,,,,,,,,,,,,true,false,12,2021-04-01,2022-03-31,-1
2022-07-29,95060,2022-03-31,1,,,,,,,,,,,,,,,,,,,,,,,,,,,,,35.00,,,,502882585,3090182,,false,false,12,2021-04-01,2022-03-31,-1
2022-07-29,95060,2023-03-31,1,,,,,,,,,,,,,,,,,,,,,,,,,,,,,0.00,,,,,,,false,true,12,2022-04-01,2023-03-31,0
2022-07-29,95060,2023-03-31,1,,,,,,,,,,,,,,,,,,,,,,,,,,,,,,,,,502882585,2895929,499882941,false,false,3,2022-04-01,2022-06-30,0
2022-07-29,95060,2022-03-31,1,,,,,,,,,,,,,,,,,,,,,,,,,,,,,,,,,,,499593699,false,false,3,2021-04-01,2021-06-30,-1
2022-10-28,95060,2023-03-31,2,1339715000000,0.534,,,,,-126270000000,,-131913000000,,,-136359000000,,-272.75,,,,,,4896223000000,656400000000,0.118,,576424000000,,,,,,,,,,,,true,false,6,2022-04-01,2022-09-30,0
2022-10-28,95060,2022-03-31,2,873131000000,-0.159,,,,,49050000000,-0.451,39944000000,-0.504,,34203000000,,68.45,,,,,,,,,,,,,,,,,,,,,,true,false,6,2021-04-01,2021-09-30,-1
2022-10-28,95060,2023-03-31,2,2740000000000,0.302,,,,,-180000000000,,-200000000000,,,-180000000000,,-360.01,,,,,,,,,,,,,,,,,,,,,,true,true,12,2022-04-01,2023-03-31,0
2022-10-28,95060,2022-03-31,2,,,,,,,,,,,,,,,,,,,,4725651000000,778980000000,0.148,,699659000000,,,,,,,,,,,,true,false,12,2021-04-01,2022-03-31,-1
2022-10-28,95060,2022-03-31,2,,,,,,,,,,,,,,,,,,,,,,,,,,,,,35.00,,,,502882585,3090182,,false,false,12,2021-04-01,2022-03-31,-1
2022-10-28,95060,2023-03-31,2,,,,,,,,,,,,,,,,,,,,,,,,,,,,,0.00,,,,,,,false,false,12,2022-04-01,2023-03-31,0
2022-10-28,95060,2023-03-31,2,,,,,,,,,,,,,,,,,,,,,,,,,,,,,0.00,,,,,,,false,true,12,2022-04-01,2023-03-31,0
2022-10-28,95060,2023-03-31,2,,,,,,,,,,,,,,,,,,,,,,,,,,,,,,,,,502882585,2865771,499941491,false,false,6,2022-04-01,2022-09-30,0
2022-10-28,95060,2022-03-31,2,,,,,,,,,,,,,,,,,,,,,,,,,,,,,,,,,,,499698413,false,false,6,2021-04-01,2021-09-30,-1
2023-01-31,95060,2023-03-31,3,2132440000000,0.524,,,,,-213493000000,,-223146000000,,,-230393000000,,-460.82,,,,,,5117414000000,546012000000,0.091,,465287000000,,,,,,,,,,,,true,false,9,2022-04-01,2022-12-31,0
2023-01-31,95060,2022-03-31,3,1398955000000,-0.092,,,,,23330000000,-0.734,10391000000,-0.863,,2417000000,,4.84,,,,,,,,,,,,,,,,,,,,,,true,false,9,2021-04-01,2021-12-31,-1
2023-01-31,95060,2023-03-31,3,3080000000000,0.464,,,,,-220000000000,,-240000000000,,,-220000000000,,-439.99,,,,,,,,,,,,,,,,,,,,,,true,true,12,2022-04-01,2023-03-31,0
2023-01-31,95060,2022-03-31,3,,,,,,,,,,,,,,,,,,,,4725651000000,778980000000,0.148,,699659000000,,,,,,,,,,,,true,false,12,2021-04-01,2022-03-31,-1
2023-01-31,95060,2022-03-31,3,,,,,,,,,,,,,,,,,,,,,,,,,,,,,35.00,,,,502882585,3090182,,false,false,12,2021-04-01,2022-03-31,-1
2023-01-31,95060,2023-03-31,3,,,,,,,,,,,,,,,,,,,,,,,,,,,,,0.00,,,,,,,false,false,12,2022-04-01,2023-03-31,0
2023-01-31,95060,2023-03-31,3,,,,,,,,,,,,,,,,,,,,,,,,,,,,,0.00,,,,,,,false,true,12,2022-04-01,2023-03-31,0
2023-01-31,95060,2023-03-31,3,,,,,,,,,,,,,,,,,,,,,,,,,,,,,,,,,502882585,2867822,499966169,false,false,9,2022-04-01,2022-12-31,0
2023-01-31,95060,2022-03-31,3,,,,,,,,,,,,,,,,,,,,,,,,,,,,,,,,,,,499731788,false,false,9,2021-04-01,2021-12-31,-1
2023-04-28,95060,2023-03-31,,3007204000000,0.429,,,,,-180054000000,,-199277000000,,,-127562000000,,-255.14,,-0.204,-0.040,-0.060,,5211914000000,631099000000,0.105,1097.95,548987000000,-93776000000,-275797000000,598465000000,507896000000,,,,,,,,true,false,12,2022-04-01,2023-03-31,0
2023-04-28,95060,2022-03-31,,2104448000000,-0.080,,,,,-28737000000,,-49205000000,,,-108362000000,,-216.84,,-0.142,-0.011,-0.014,,4725651000000,778980000000,0.148,1399.90,699659000000,97188000000,-322163000000,293243000000,278420000000,,,,,,,,true,false,12,2021-04-01,2022-03-31,-1
2023-04-28,95060,2022-03-31,,,,,,,,,,,,,,,,,,,,,,,,,,,,,,35.00,,,,502882585,3090182,499747268,false,false,12,2021-04-01,2022-03-31,-1
2023-04-28,95060,2023-03-31,,,,,,,,,,,,,,,,,,,,,,,,,,,,,,0.00,,,,502882585,2870378,499977930,false,false,12,2022-04-01,2023-03-31,0
2023-07-31,95060,2024-03-31,1,633576000000,0.135,,,,,116802000000,,113071000000,,,79168000000,,158.33,,,,,,5121870000000,718313000000,0.124,,636250000000,,,,,,,,,,,,true,false,3,2023-04-01,2023-06-30,0
2023-07-31,95060,2023-03-31,1,558290000000,0.394,,,,,-26451000000,,-28628000000,,,-31242000000,,-62.50,,,,,,,,,,,,,,,,,,,,,,true,false,3,2022-04-01,2022-06-30,-1
2023-07-31,95060,2024-03-31,1,3020000000000,0.004,,,,,220000000000,,200000000000,,,140000000000,,279.97,,,,,,,,,,,,,,,,,,,,,,true,true,12,2023-04-01,2024-03-31,0
2023-07-31,95060,2023-03-31,1,,,,,,,,,,,,,,,,,,,,5211914000000,631099000000,0.105,,548987000000,,,,,,,,,,,,true,false,12,2022-04-01,2023-03-31,-1
2023-07-31,95060,2023-03-31,1,,,,,,,,,,,,,,,,,,,,,,,,,,,,,0.00,,,,502882585,2870378,,false,false,12,2022-04-01,2023-03-31,-1
2023-07-31,95060,2024-03-31,1,,,,,,,,,,,,,,,,,,,,,,,,,,,,,15.00,,,,,,,false,true,12,2023-04-01,2024-03-31,0
2023-07-31,95060,2024-03-31,1,,,,,,,,,,,,,,,,,,,,,,,,,,,,,,,,,502882585,2825658,500030134,false,false,3,2023-04-01,2023-06-30,0
2023-07-31,95060,2023-03-31,1,,,,,,,,,,,,,,,,,,,,,,,,,,,,,,,,,,,499882941,false,false,3,2022-04-01,2022-06-30,-1
2023-10-31,95060,2024-03-31,2,1387835000000,0.036,,,,,227541000000,,219166000000,,,155394000000,,310.75,,,,,,5316249000000,795284000000,0.135,,715751000000,,,,,,,,,,,,true,false,6,2023-04-01,2023-09-30,0
2023-10-31,95060,2023-03-31,2,1339715000000,0.534,,,,,-126270000000,,-131913000000,,,-136359000000,,-272.75,,,,,,,,,,,,,,,,,,,,,,true,false,6,2022-04-01,2022-09-30,-1
2023-10-31,95060,2024-03-31,2,3020000000000,0.004,,,,,220000000000,,200000000000,,,140000000000,,279.97,,,,,,,,,,,,,,,,,,,,,,true,true,12,2023-04-01,2024-03-31,0
2023-10-31,95060,2023-03-31,2,,,,,,,,,,,,,,,,,,,,5211914000000,631099000000,0.105,,548987000000,,,,,,,,,,,,true,false,12,2022-04-01,2023-03-31,-1
2023-10-31,95060,2023-03-31,2,,,,,,,,,,,,,,,,,,,,,,,,,,,,,0.00,,,,502882585,2870378,,false,false,12,2022-04-01,2023-03-31,-1
2023-10-31,95060,2024-03-31,2,,,,,,,,,,,,,,,,,,,,,,,,,,,,,5.00,,,,,,,false,false,12,2023-04-01,2024-03-31,0
2023-10-31,95060,2024-03-31,2,,,,,,,,,,,,,,,,,,,,,,,,,,,,,15.00,,,,,,,false,true,12,2023-04-01,2024-03-31,0
2023-10-31,95060,2024-03-31,2,,,,,,,,,,,,,,,,,,,,,,,,,,,,,,,,,502882585,2781173,500061252,false,false,6,2023-04-01,2023-09-30,0
2023-10-31,95060,2023-03-31,2,,,,,,,,,,,,,,,,,,,,,,,,,,,,,,,,,,,499941491,false,false,6,2022-04-01,2022-09-30,-1
2024-01-31,95060,2024-03-31,3,2056315000000,-0.036,,,,,292418000000,,278893000000,,,196304000000,,392.55,,,,,,5304778000000,830280000000,0.141,,750229000000,,,,,,,,,,,,true,false,9,2023-04-01,2023-12-31,0
2024-01-31,95060,2023-03-31,3,2132440000000,0.524,,,,,-213493000000,,-223146000000,,,-230393000000,,-460.82,,,,,,,,,,,,,,,,,,,,,,true,false,9,2022-04-01,2022-12-31,-1
2024-01-31,95060,2024-03-31,3,2830000000000,-0.059,,,,,310000000000,,280000000000,,,200000000000,,399.92,,,,,,,,,,,,,,,,,,,,,,true,true,12,2023-04-01,2024-03-31,0
2024-01-31,95060,2023-03-31,3,,,,,,,,,,,,,,,,,,,,5211914000000,631099000000,0.105,,548987000000,,,,,,,,,,,,true,false,12,2022-04-01,2023-03-31,-1
2024-01-31,95060,2023-03-31,3,,,,,,,,,,,,,,,,,,,,,,,,,,,,,0.00,,,,502882585,2870378,,false,false,12,2022-04-01,2023-03-31,-1
2024-01-31,95060,2024-03-31,3,,,,,,,,,,,,,,,,,,,,,,,,,,,,,5.00,,,,,,,false,false,12,2023-04-01,2024-03-31,0
2024-01-31,95060,2024-03-31,3,,,,,,,,,,,,,,,,,,,,,,,,,,,,,15.00,,,,,,,false,true,12,2023-04-01,2024-03-31,0
2024-01-31,95060,2024-03-31,3,,,,,,,,,,,,,,,,,,,,,,,,,,,,,,,,,502882585,2785933,500073669,false,false,9,2023-04-01,2023-12-31,0
2024-01-31,95060,2023-03-31,3,,,,,,,,,,,,,,,,,,,,,,,,,,,,,,,,,,,499966169,false,false,9,2022-04-01,2022-12-31,-1
2024-04-30,95060,2024-03-31,,2817813000000,-0.063,,,,,322263000000,,291940000000,,,226102000000,,452.13,,0.328,0.055,0.114,,5388723000000,911078000000,0.154,1655.09,827695000000,450160000000,-333550000000,-96050000000,529354000000,,0.033,,,,,,true,false,12,2023-04-01,2024-03-31,0
2024-04-30,95060,2023-03-31,,3007204000000,0.429,,,,,-180054000000,,-199277000000,,,-127562000000,,-255.14,,-0.204,-0.040,-0.060,,5211914000000,631099000000,0.105,1097.95,548987000000,-93776000000,-275797000000,598465000000,507896000000,,,,,,,,true,false,12,2022-04-01,2023-03-31,-1
2024-04-30,95060,2025-03-31,,2830000000000,0.004,,,,,220000000000,-0.317,190000000000,-0.349,,130000000000,,259.95,,,,,,,,,,,,,,,,0.115,,,,,,true,true,12,2024-04-01,2025-03-31,1
2024-04-30,95060,2023-03-31,,,,,,,,,,,,,,,,,,,,,,,,,,,,,,0.00,,,,502882585,2870378,499977930,false,false,12,2022-04-01,2023-03-31,-1
2024-04-30,95060,2024-03-31,,,,,,,,,,,,,,,,,,,,,,,,,,,,,,15.00,,,,502882585,2791392,500078523,false,false,12,2023-04-01,2024-03-31,0
2024-04-30,95060,2025-03-31,,,,,,,,,,,,,,,,,,,,,,,,,,,,,,30.00,,,,,,,false,true,12,2024-04-01,2025-03-31,1
2024-07-31,95060,2025-03-31,1,614563000000,-0.030,,,,,93957000000,-0.196,90135000000,-0.203,,60566000000,,121.11,,,,,,5270685000000,971850000000,0.169,,889351000000,,,,,,,,,,,,true,false,3,2024-04-01,2024-06-30,0
2024-07-31,95060,2024-03-31,1,633576000000,0.135,,,,,116802000000,,113071000000,,,79168000000,,158.33,,,,,,,,,,,,,,,,,,,,,,true,false,3,2023-04-01,2023-06-30,-1
2024-07-31,95060,2025-03-31,1,2830000000000,0.004,,,,,220000000000,-0.317,190000000000,-0.349,,130000000000,,259.95,,,,,,,,,,,,,,,,,,,,,,true,true,12,2024-04-01,2025-03-31,0
2024-07-31,95060,2024-03-31,1,,,,,,,,,,,,,,,,,,,,5388723000000,911078000000,0.154,,827695000000,,,,,,,,,,,,true,false,12,2023-04-01,2024-03-31,-1
2024-07-31,95060,2024-03-31,1,,,,,,,,,,,,,,,,,,,,,,,,,,,,,15.00,,,,502882585,2791392,,false,false,12,2023-04-01,2024-03-31,-1
2024-07-31,95060,2025-03-31,1,,,,,,,,,,,,,,,,,,,,,,,,,,,,,30.00,,,,,,,false,true,12,2024-04-01,2025-03-31,0
2024-07-31,95060,2025-03-31,1,,,,,,,,,,,,,,,,,,,,,,,,,,,,,,,,,502882585,2746422,500108678,false,false,3,2024-04-01,2024-06-30,0
2024-07-31,95060,2024-03-31,1,,,,,,,,,,,,,,,,,,,,,,,,,,,,,,,,,,,500030134,false,false,3,2023-04-01,2023-06-30,-1
2024-10-31,95060,2025-03-31,2,1311573000000,-0.055,,,,,168773000000,-0.258,153355000000,-0.300,,106030000000,,212.00,,,,,,5305002000000,1005790000000,0.174,,922167000000,,,,,,,,,,,,true,false,6,2024-04-01,2024-09-30,0
2024-10-31,95060,2024-03-31,2,1387835000000,0.036,,,,,227541000000,,219166000000,,,155394000000,,310.75,,,,,,,,,,,,,,,,,,,,,,true,false,6,2023-04-01,2023-09-30,-1
2024-10-31,95060,2025-03-31,2,2830000000000,0.004,,,,,220000000000,-0.317,190000000000,-0.349,,130000000000,,259.95,,,,,,,,,,,,,,,,,,,,,,true,true,12,2024-04-01,2025-03-31,0
2024-10-31,95060,2024-03-31,2,,,,,,,,,,,,,,,,,,,,5388723000000,911078000000,0.154,,827695000000,,,,,,,,,,,,true,false,12,2023-04-01,2024-03-31,-1
2024-10-31,95060,2024-03-31,2,,,,,,,,,,,,,,,,,,,,,,,,,,,,,15.00,,,,502882585,2791392,,false,false,12,2023-04-01,2024-03-31,-1
2024-10-31,95060,2025-03-31,2,,,,,,,,,,,,,,,,,,,,,,,,,,,,,15.00,,,,,,,false,false,12,2024-04-01,2025-03-31,0
2024-10-31,95060,2025-03-31,2,,,,,,,,,,,,,,,,,,,,,,,,,,,,,30.00,,,,,,,false,true,12,2024-04-01,2025-03-31,0
2024-10-31,95060,2025-03-31,2,,,,,,,,,,,,,,,,,,,,,,,,,,,,,,,,,502882585,2713601,500136659,false,false,6,2024-04-01,2024-09-30,0
2024-10-31,95060,2024-03-31,2,,,,,,,,,,,,,,,,,,,,,,,,,,,,,,,,,,,500061252,false,false,6,2023-04-01,2023-09-30,-1
2025-01-31,95060,2025-03-31,3,1920436000000,-0.066,,,,,200702000000,-0.314,183511000000,-0.342,,127916000000,,255.76,,,,,,5404572000000,966586000000,0.175,,943209000000,,,,,,,,,,,,true,false,9,2024-04-01,2024-12-31,0
2025-01-31,95060,2024-03-31,3,2056315000000,-0.036,,,,,292418000000,,278893000000,,,196304000000,,392.55,,,,,,,,,,,,,,,,,,,,,,true,false,9,2023-04-01,2023-12-31,-1
2025-01-31,95060,2025-03-31,3,2630000000000,-0.067,,,,,230000000000,-0.286,200000000000,-0.315,,140000000000,,279.91,,,,,,,,,,,,,,,,,,,,,,true,true,12,2024-04-01,2025-03-31,0
2025-01-31,95060,2024-03-31,3,,,,,,,,,,,,,,,,,,,,5388723000000,911078000000,0.154,,827695000000,,,,,,,,,,,,true,false,12,2023-04-01,2024-03-31,-1
2025-01-31,95060,2024-03-31,3,,,,,,,,,,,,,,,,,,,,,,,,,,,,,15.00,,,,502882585,2791392,,false,false,12,2023-04-01,2024-03-31,-1
2025-01-31,95060,2025-03-31,3,,,,,,,,,,,,,,,,,,,,,,,,,,,,,15.00,,,,,,,false,false,12,2024-04-01,2025-03-31,0
2025-01-31,95060,2025-03-31,3,,,,,,,,,,,,,,,,,,,,,,,,,,,,,35.00,,,,,,,false,true,12,2024-04-01,2025-03-31,0
2025-01-31,95060,2025-03-31,3,,,,,,,,,,,,,,,,,,,,,,,,,,,,,,,,,502882585,2718100,500146375,false,false,9,2024-04-01,2024-12-31,0
2025-01-31,95060,2024-03-31,3,,,,,,,,,,,,,,,,,,,,,,,,,,,,,,,,,,,500073669,false,false,9,2023-04-01,2023-12-31,-1
2025-04-30,95060,2025-03-31,,2644912000000,-0.061,,,,,280332000000,-0.130,256725000000,-0.121,,182807000000,,365.50,,0.202,0.048,0.106,,5398213000000,1008809000000,0.183,1969.74,985183000000,410330000000,-422617000000,34148000000,551131000000,,0.096,,,,,,true,false,12,2024-04-01,2025-03-31,0
2025-04-30,95060,2024-03-31,,2817813000000,-0.063,,,,,322263000000,,291940000000,,,226102000000,,452.13,,0.328,0.055,0.114,,5388723000000,911078000000,0.154,1655.09,827695000000,450160000000,-333550000000,-96050000000,529354000000,,0.033,,,,,,true,false,12,2023-04-01,2024-03-31,-1
2025-04-30,95060,2026-03-31,,2450000000000,-0.074,,,,,220000000000,-0.215,190000000000,-0.260,,135000000000,,269.91,,,,,,,,,,,,,,,,0.148,,,,,,true,true,12,2025-04-01,2026-03-31,1
2025-04-30,95060,2024-03-31,,,,,,,,,,,,,,,,,,,,,,,,,,,,,,15.00,,,,502882585,2791392,500078523,false,false,12,2023-04-01,2024-03-31,-1
2025-04-30,95060,2025-03-31,,,,,,,,,,,,,,,,,,,,,,,,,,,,,,35.00,,,,502882585,2722304,500150197,false,false,12,2024-04-01,2025-03-31,0
2025-04-30,95060,2026-03-31,,,,,,,,,,,,,,,,,,,,,,,,,,,,,,40.00,,,,,,,false,true,12,2025-04-01,2026-03-31,1
