filing_date,code,fiscal_year_end,quarterly_period,net_sales,net_sales_change,revenue,revenue_change,operating_revenue,operating_revenue_change,operating_profit,operating_profit_change,ordinary_profit,ordinary_profit_change,net_income,net_income_of_parent,net_income_change,eps,diluted_eps,roe,roa,operating_profit_to_net_sales,operating_profit_to_revenue,total_assets,net_assets,equity_ratio,bps,owner_equity,operating_cash_flow,investing_cash_flow,financing_cash_flow,cash,dividend_per_share,payout_ratio,commemorative_dividend,extra_dividend,number_of_shares,number_of_treqsury_shares,avg_number_of_shares,is_consolidated,is_forecast,duration,period_start,period_end,period_pos
2015-07-30,95070,2016-03-31,1,153539000000,0.020,,,,,4808000000,0.552,4392000000,1.023,,2371000000,,11.52,,,,,,1381464000000,299978000000,0.217,1455.30,299724000000,,,,,,,,,,,,true,false,3,2015-04-01,2015-06-30,0
2015-07-30,95070,2015-03-31,1,150539000000,0.150,,,,,3098000000,,2171000000,,,994000000,,4.83,,,,,,,,,,,,,,,,,,,,,,true,false,3,2014-04-01,2014-06-30,-1
2015-07-30,95070,2016-03-31,1,326000000000,0.022,,,,,11000000000,-0.499,9000000000,-0.544,,6000000000,,29.00,,,,,,,,,,,,,,,,,,,,,,true,true,6,2015-04-01,2015-09-30,0
2015-07-30,95070,2016-03-31,1,680000000000,0.024,,,,,,,,,,,,,,,,,,,,,,,,,,,,,,,,,,true,true,12,2015-04-01,2016-03-31,0
2015-07-30,95070,2015-03-31,1,,,,,,,,,,,,,,,,,,,,1401189000000,300897000000,0.215,1459.79,300651000000,,,,,,,,,,,,true,false,12,2014-04-01,2015-03-31,-1
2015-07-30,95070,2015-03-31,1,,,,,,,,,,,,,,,,,,,,,,,,,,,,,20.00,,,,223086202,17131003,,false,false,12,2014-04-01,2015-03-31,-1
2015-07-30,95070,2016-03-31,1,,,,,,,,,,,,,,,,,,,,,,,,,,,,,0.00,,,,,,,false,true,12,2015-04-01,2016-03-31,0
2015-07-30,95070,2016-03-31,1,,,,,,,,,,,,,,,,,,,,,,,,,,,,,,,,,223086202,17132987,205954233,false,false,3,2015-04-01,2015-06-30,0
2015-07-30,95070,2015-03-31,1,,,,,,,,,,,,,,,,,,,,,,,,,,,,,,,,,,,205963337,false,false,3,2014-04-01,2014-06-30,-1
2015-07-30,95070,2016-03-31,,326000000000,-0.012,,,,,11000000000,,9000000000,,,6000000000,,29.00,,,,,,,,,,,,,,,,,,,,,,true,true,6,2015-04-01,2015-09-30,0
2015-07-30,95070,2015-03-31,,319040000000,,,,,,21959000000,,19758000000,,,12386000000,,60.14,,,,,,,,,,,,,,,,,,,,,,true,false,6,2014-04-01,2014-09-30,-1
2015-10-29,95070,2016-03-31,2,323103000000,0.013,,,,,18641000000,-0.151,17532000000,-0.113,,10978000000,,53.30,,,,,,1388473000000,306615000000,0.221,1487.60,306370000000,,,,,,,,,,,,true,false,6,2015-04-01,2015-09-30,0
2015-10-29,95070,2015-03-31,2,319040000000,0.069,,,,,21959000000,,19758000000,,,12386000000,,60.14,,,,,,,,,,,,,,,,,,,,,,true,false,6,2014-04-01,2014-09-30,-1
2015-10-29,95070,2016-03-31,2,680000000000,0.024,,,,,,,,,,,,,,,,,,,,,,,,,,,,,,,,,,true,true,12,2015-04-01,2016-03-31,0
2015-10-29,95070,2015-03-31,2,,,,,,,,,,,,,,,,,,,,1401189000000,300897000000,0.215,1459.79,300651000000,,,,,,,,,,,,true,false,12,2014-04-01,2015-03-31,-1
2015-10-29,95070,2015-03-31,2,,,,,,,,,,,,,,,,,,,,,,,,,,,,,20.00,,,,223086202,17131003,,false,false,12,2014-04-01,2015-03-31,-1
2015-10-29,95070,2016-03-31,2,,,,,,,,,,,,,,,,,,,,,,,,,,,,,0.00,,,,,,,false,false,12,2015-04-01,2016-03-31,0
2015-10-29,95070,2016-03-31,2,,,,,,,,,,,,,,,,,,,,,,,,,,,,,,,,,223086202,17136823,205952555,false,false,6,2015-04-01,2015-09-30,0
2015-10-29,95070,2015-03-31,2,,,,,,,,,,,,,,,,,,,,,,,,,,,,,,,,,,,205962348,false,false,6,2014-04-01,2014-09-30,-1
2016-01-27,95070,2016-03-31,3,475956000000,-0.002,,,,,24688000000,-0.145,23260000000,-0.086,,14676000000,,71.26,,,,,,1392727000000,309200000000,0.222,1500.15,308948000000,,,,,,,,,,,,true,false,9,2015-04-01,2015-12-31,0
2016-01-27,95070,2015-03-31,3,476905000000,0.057,,,,,28865000000,,25451000000,,,15909000000,,77.24,,,,,,,,,,,,,,,,,,,,,,true,false,9,2014-04-01,2014-12-31,-1
2016-01-27,95070,2016-03-31,3,660000000000,-0.006,,,,,22500000000,-0.224,20000000000,-0.184,,12000000000,,58.00,,,,,,,,,,,,,,,,,,,,,,true,true,12,2015-04-01,2016-03-31,0
2016-01-27,95070,2015-03-31,3,,,,,,,,,,,,,,,,,,,,1401189000000,300897000000,0.215,1459.79,300651000000,,,,,,,,,,,,true,false,12,2014-04-01,2015-03-31,-1
2016-01-27,95070,2015-03-31,3,,,,,,,,,,,,,,,,,,,,,,,,,,,,,20.00,,,,223086202,17131003,,false,false,12,2014-04-01,2015-03-31,-1
2016-01-27,95070,2016-03-31,3,,,,,,,,,,,,,,,,,,,,,,,,,,,,,0.00,,,,,,,false,false,12,2015-04-01,2016-03-31,0
2016-01-27,95070,2016-03-31,3,,,,,,,,,,,,,,,,,,,,,,,,,,,,,20.00,,,,,,,false,true,12,2015-04-01,2016-03-31,0
2016-01-27,95070,2016-03-31,3,,,,,,,,,,,,,,,,,,,,,,,,,,,,,,,,,223086202,17141036,205950882,false,false,9,2015-04-01,2015-12-31,0
2016-01-27,95070,2015-03-31,3,,,,,,,,,,,,,,,,,,,,,,,,,,,,,,,,,,,205961242,false,false,9,2014-04-01,2014-12-31,-1
2016-01-27,95070,2016-03-31,,660000000000,-0.029,,,,,22500000000,,20000000000,,,12000000000,,58.00,,,,,,,,,,,,,,,,,,,,,,true,true,12,2015-04-01,2016-03-31,0
2016-01-27,95070,2015-03-31,,664286000000,,,,,,28993000000,,24503000000,,,10333000000,,50.17,,,,,,,,,,,,,,,,,,,,,,true,false,12,2014-04-01,2015-03-31,-1
2016-01-27,95070,2016-03-31,,590000000000,-0.033,,,,,13500000000,,12000000000,,6000000000,,,29.00,,,,,,,,,,,,,,,,,,,,,,false,true,12,2015-04-01,2016-03-31,0
2016-01-27,95070,2015-03-31,,594543000000,,,,,,21687000000,,19404000000,,9340000000,,,45.00,,,,,,,,,,,,,,,,,,,,,,false,false,12,2014-04-01,2015-03-31,-1
,95070,2016-03-31,,,,,,,,,,,,,,,,,,,,,,,,,,,,,,20.00,,,,,,,false,true,12,2015-04-01,2016-03-31,0
,95070,2016-03-31,,,,,,,,,,,,,,,,,,,,,,,,,,,,,,0.00,,,,,,,false,false,12,2015-04-01,2016-03-31,0
,95070,2015-03-31,,,,,,,,,,,,,,,,,,,,,,,,,,,,,,20.00,,,,,,,false,false,12,2014-04-01,2015-03-31,-1
2016-04-28,95070,2016-03-31,,654013000000,-0.015,,,,,24702000000,-0.148,21971000000,-0.103,,11147000000,,54.13,,0.038,0.016,0.038,,1401750000000,286177000000,0.204,1388.35,285922000000,91739000000,-88542000000,3699000000,37441000000,,0.369,,,,,,true,false,12,2015-04-01,2016-03-31,0
2016-04-28,95070,2015-03-31,,664286000000,0.044,,,,,28993000000,9.678,24503000000,,,10333000000,,50.17,,0.036,0.018,0.044,,1401189000000,300897000000,0.215,1459.79,300651000000,100164000000,-55164000000,-25650000000,30544000000,,0.399,,,,,,true,false,12,2014-04-01,2015-03-31,-1
2016-04-28,95070,2017-03-31,,320000000000,-0.010,,,,,,,,,,,,,,,,,,,,,,,,,,,,,,,,,,true,true,6,2016-04-01,2016-09-30,1
2016-04-28,95070,2017-03-31,,650000000000,-0.006,,,,,,,,,,,,,,,,,,,,,,,,,,,,,,,,,,true,true,12,2016-04-01,2017-03-31,1
2016-04-28,95070,2016-03-31,,588020000000,-0.011,,,,,14699000000,-0.322,13342000000,-0.312,6139000000,,-0.343,29.58,,,,,,1348660000000,272352000000,0.202,1312.08,272352000000,,,,,20.00,,,,223086202,17142432,205949313,false,false,12,2015-04-01,2016-03-31,0
2016-04-28,95070,2015-03-31,,594543000000,0.049,,,,,21687000000,,19404000000,,9340000000,,-0.666,45.00,,,,,,1338671000000,276576000000,0.207,1332.36,276576000000,,,,,20.00,,,,223086202,17131003,205960021,false,false,12,2014-04-01,2015-03-31,-1
2016-04-28,95070,2017-03-31,,580000000000,-0.014,,,,,,,,,,,,,,,,,,,,,,,,,,,,,,,,,,false,true,12,2016-04-01,2017-03-31,1
2016-07-28,95070,2017-03-31,1,151115000000,-0.016,,,,,-8408000000,,-9295000000,,,-8403000000,,-40.80,,,,,,1383472000000,272534000000,0.197,1322.07,272271000000,,,,,,,,,,,,true,false,3,2016-04-01,2016-06-30,0
2016-07-28,95070,2016-03-31,1,153539000000,0.020,,,,,4808000000,0.552,4392000000,1.023,,2371000000,,11.52,,,,,,,,,,,,,,,,,,,,,,true,false,3,2015-04-01,2015-06-30,-1
2016-07-28,95070,2017-03-31,1,320000000000,-0.010,,,,,,,,,,,,,,,,,,,,,,,,,,,,,,,,,,true,true,6,2016-04-01,2016-09-30,0
2016-07-28,95070,2017-03-31,1,650000000000,-0.006,,,,,,,,,,,,,,,,,,,,,,,,,,,,,,,,,,true,true,12,2016-04-01,2017-03-31,0
2016-07-28,95070,2016-03-31,1,,,,,,,,,,,,,,,,,,,,1401750000000,286177000000,0.204,1388.35,285922000000,,,,,,,,,,,,true,false,12,2015-04-01,2016-03-31,-1
2016-07-28,95070,2016-03-31,1,,,,,,,,,,,,,,,,,,,,,,,,,,,,,20.00,,,,223086202,17142432,,false,false,12,2015-04-01,2016-03-31,-1
2016-07-28,95070,2017-03-31,1,,,,,,,,,,,,,,,,,,,,,,,,,,,,,,,,,223086202,17143691,205943193,false,false,3,2016-04-01,2016-06-30,0
2016-07-28,95070,2016-03-31,1,,,,,,,,,,,,,,,,,,,,,,,,,,,,,,,,,,,205954233,false,false,3,2015-04-01,2015-06-30,-1
2016-09-30,95070,2017-03-31,,326000000000,0.019,,,,,3500000000,,1000000000,,,0,,0.00,,,,,,,,,,,,,,,,,,,,,,true,true,6,2016-04-01,2016-09-30,0
2016-09-30,95070,2016-03-31,,323103000000,,,,,,18641000000,,17532000000,,,10978000000,,53.30,,,,,,,,,,,,,,,,,,,,,,true,false,6,2015-04-01,2015-09-30,-1
2016-09-30,95070,2017-03-31,,670000000000,0.031,,,,,10500000000,,7000000000,,,4500000000,,22.00,,,,,,,,,,,,,,,,,,,,,,true,true,12,2016-04-01,2017-03-31,0
2016-09-30,95070,2016-03-31,,654013000000,,,,,,24702000000,,21971000000,,,11147000000,,54.13,,,,,,,,,,,,,,,,,,,,,,true,false,12,2015-04-01,2016-03-31,-1
2016-09-30,95070,2017-03-31,,600000000000,0.034,,,,,3000000000,,2000000000,,1500000000,,,7.00,,,,,,,,,,,,,,,,,,,,,,false,true,12,2016-04-01,2017-03-31,0
2016-09-30,95070,2016-03-31,,588020000000,,,,,,14699000000,,13342000000,,6139000000,,,29.58,,,,,,,,,,,,,,,,,,,,,,false,false,12,2015-04-01,2016-03-31,-1
,95070,2017-03-31,,,,,,,,,,,,,,,,,,,,,,,,,,,,,,20.00,,,,,,,false,true,12,2016-04-01,2017-03-31,0
,95070,2017-03-31,,,,,,,,,,,,,,,,,,,,,,,,,,,,,,0.00,,,,,,,false,false,12,2016-04-01,2017-03-31,0
,95070,2016-03-31,,,,,,,,,,,,,,,,,,,,,,,,,,,,,,20.00,,,,,,,false,false,12,2015-04-01,2016-03-31,-1
2016-10-27,95070,2017-03-31,2,330172000000,0.022,,,,,4922000000,-0.736,2691000000,-0.846,,1128000000,,5.48,,,,,,1375629000000,283645000000,0.206,1376.08,283390000000,,,,,,,,,,,,true,false,6,2016-04-01,2016-09-30,0
2016-10-27,95070,2016-03-31,2,323103000000,0.013,,,,,18641000000,-0.151,17532000000,-0.113,,10978000000,,53.30,,,,,,,,,,,,,,,,,,,,,,true,false,6,2015-04-01,2015-09-30,-1
2016-10-27,95070,2017-03-31,2,670000000000,0.024,,,,,10500000000,-0.575,7000000000,-0.681,,4500000000,,22.00,,,,,,,,,,,,,,,,,,,,,,true,true,12,2016-04-01,2017-03-31,0
2016-10-27,95070,2016-03-31,2,,,,,,,,,,,,,,,,,,,,1401750000000,286177000000,0.204,1388.35,285922000000,,,,,,,,,,,,true,false,12,2015-04-01,2016-03-31,-1
2016-10-27,95070,2016-03-31,2,,,,,,,,,,,,,,,,,,,,,,,,,,,,,20.00,,,,223086202,17142432,,false,false,12,2015-04-01,2016-03-31,-1
2016-10-27,95070,2017-03-31,2,,,,,,,,,,,,,,,,,,,,,,,,,,,,,0.00,,,,,,,false,false,12,2016-04-01,2017-03-31,0
2016-10-27,95070,2017-03-31,2,,,,,,,,,,,,,,,,,,,,,,,,,,,,,20.00,,,,,,,false,true,12,2016-04-01,2017-03-31,0
2016-10-27,95070,2017-03-31,2,,,,,,,,,,,,,,,,,,,,,,,,,,,,,,,,,223086202,17145226,205942438,false,false,6,2016-04-01,2016-09-30,0
2016-10-27,95070,2016-03-31,2,,,,,,,,,,,,,,,,,,,,,,,,,,,,,,,,,,,205952555,false,false,6,2015-04-01,2015-09-30,-1
2017-01-30,95070,2017-03-31,3,497017000000,0.044,,,,,14232000000,-0.424,10822000000,-0.535,,6937000000,,33.69,,,,,,1292122000000,296961000000,0.230,1440.71,296697000000,,,,,,,,,,,,true,false,9,2016-04-01,2016-12-31,0
2017-01-30,95070,2016-03-31,3,475956000000,-0.002,,,,,24688000000,-0.145,23260000000,-0.086,,14676000000,,71.26,,,,,,,,,,,,,,,,,,,,,,true,false,9,2015-04-01,2015-12-31,-1
2017-01-30,95070,2017-03-31,3,670000000000,0.024,,,,,10500000000,-0.575,7000000000,-0.681,,4500000000,,22.00,,,,,,,,,,,,,,,,,,,,,,true,true,12,2016-04-01,2017-03-31,0
2017-01-30,95070,2016-03-31,3,,,,,,,,,,,,,,,,,,,,1401750000000,286177000000,0.204,1388.35,285922000000,,,,,,,,,,,,true,false,12,2015-04-01,2016-03-31,-1
2017-01-30,95070,2016-03-31,3,,,,,,,,,,,,,,,,,,,,,,,,,,,,,20.00,,,,223086202,17142432,,false,false,12,2015-04-01,2016-03-31,-1
2017-01-30,95070,2017-03-31,3,,,,,,,,,,,,,,,,,,,,,,,,,,,,,0.00,,,,,,,false,false,12,2016-04-01,2017-03-31,0
2017-01-30,95070,2017-03-31,3,,,,,,,,,,,,,,,,,,,,,,,,,,,,,20.00,,,,,,,false,true,12,2016-04-01,2017-03-31,0
2017-01-30,95070,2017-03-31,3,,,,,,,,,,,,,,,,,,,,,,,,,,,,,,,,,223086202,17147560,205941526,false,false,9,2016-04-01,2016-12-31,0
2017-01-30,95070,2016-03-31,3,,,,,,,,,,,,,,,,,,,,,,,,,,,,,,,,,,,205950882,false,false,9,2015-04-01,2015-12-31,-1
2017-02-20,95070,2017-03-31,,680000000000,0.015,,,,,17500000000,0.667,13000000000,0.857,,9000000000,,44.00,,,,,,,,,,,,,,,,,,,,,,true,true,12,2016-04-01,2017-03-31,0
2017-02-20,95070,2016-03-31,,654013000000,,,,,,24702000000,,21971000000,,,11147000000,,54.13,,,,,,,,,,,,,,,,,,,,,,true,false,12,2015-04-01,2016-03-31,-1
2017-02-20,95070,2017-03-31,,610000000000,0.017,,,,,10000000000,2.333,8000000000,3.000,6000000000,,3.000,29.00,,,,,,,,,,,,,,,,,,,,,,false,true,12,2016-04-01,2017-03-31,0
2017-02-20,95070,2016-03-31,,588020000000,,,,,,14699000000,,13342000000,,6139000000,,,29.58,,,,,,,,,,,,,,,,,,,,,,false,false,12,2015-04-01,2016-03-31,-1
2017-04-27,95070,2017-03-31,,684537000000,0.047,,,,,20009000000,-0.190,15924000000,-0.275,,11349000000,,55.11,,0.039,0.012,0.029,,1301267000000,303879000000,0.233,1474.31,303615000000,81739000000,-60379000000,-16186000000,42518000000,,0.363,,,,,,true,false,12,2016-04-01,2017-03-31,0
2017-04-27,95070,2016-03-31,,654013000000,-0.015,,,,,24702000000,-0.148,21971000000,-0.103,,11147000000,,54.13,,0.038,0.016,0.038,,1401750000000,286177000000,0.204,1388.35,285922000000,91739000000,-88542000000,3699000000,37441000000,,0.369,,,,,,true,false,12,2015-04-01,2016-03-31,-1
2017-04-27,95070,2018-03-31,,710000000000,0.037,,,,,26500000000,0.324,25000000000,0.570,,17500000000,,85.00,,,,,,,,,,,,,,,,0.353,,,,,,true,true,12,2017-04-01,2018-03-31,1
2017-04-27,95070,2017-03-31,,613198000000,0.043,,,,,12060000000,-0.180,10432000000,-0.218,8227000000,,0.340,39.64,,,,,,1239942000000,275942000000,0.223,1329.41,275942000000,,,,,20.00,,,,223086202,17148762,205940670,false,false,12,2016-04-01,2017-03-31,0
2017-04-27,95070,2016-03-31,,588020000000,-0.011,,,,,14699000000,-0.322,13342000000,-0.312,6139000000,,-0.343,29.58,,,,,,1348660000000,272352000000,0.202,1312.08,272352000000,,,,,20.00,,,,223086202,17142432,205949313,false,false,12,2015-04-01,2016-03-31,-1
2017-04-27,95070,2018-03-31,,633000000000,0.032,,,,,21000000000,0.741,20500000000,0.965,14500000000,,0.762,70.00,,,,,,,,,,,,,,,30.00,,,,,,,false,true,12,2017-04-01,2018-03-31,1
2017-07-27,95070,2018-03-31,1,169852000000,0.124,,,,,9275000000,,9543000000,,,6490000000,,31.52,,,,,,1298246000000,306026000000,0.236,1484.71,305756000000,,,,,,,,,,,,true,false,3,2017-04-01,2017-06-30,0
2017-07-27,95070,2017-03-31,1,151115000000,-0.016,,,,,-8408000000,,-9295000000,,,-8403000000,,-40.80,,,,,,,,,,,,,,,,,,,,,,true,false,3,2016-04-01,2016-06-30,-1
2017-07-27,95070,2018-03-31,1,710000000000,0.037,,,,,26500000000,0.324,25000000000,0.570,,17500000000,,85.00,,,,,,,,,,,,,,,,,,,,,,true,true,12,2017-04-01,2018-03-31,0
2017-07-27,95070,2017-03-31,1,,,,,,,,,,,,,,,,,,,,1301267000000,303879000000,0.233,1474.31,303615000000,,,,,,,,,,,,true,false,12,2016-04-01,2017-03-31,-1
2017-07-27,95070,2017-03-31,1,,,,,,,,,,,,,,,,,,,,,,,,,,,,,20.00,,,,223086202,17148762,,false,false,12,2016-04-01,2017-03-31,-1
2017-07-27,95070,2018-03-31,1,,,,,,,,,,,,,,,,,,,,,,,,,,,,,30.00,,,,,,,false,true,12,2017-04-01,2018-03-31,0
2017-07-27,95070,2018-03-31,1,,,,,,,,,,,,,,,,,,,,,,,,,,,,,,,,,223086202,17150090,205936850,false,false,3,2017-04-01,2017-06-30,0
2017-07-27,95070,2017-03-31,1,,,,,,,,,,,,,,,,,,,,,,,,,,,,,,,,,,,205943193,false,false,3,2016-04-01,2016-06-30,-1
2017-10-26,95070,2018-03-31,2,362652000000,0.098,,,,,32012000000,5.503,31402000000,,,22633000000,,109.91,,,,,,1291752000000,321301000000,0.249,1558.91,321031000000,,,,,,,,,,,,true,false,6,2017-04-01,2017-09-30,0
2017-10-26,95070,2017-03-31,2,330172000000,0.022,,,,,4922000000,-0.736,2691000000,-0.846,,1128000000,,5.48,,,,,,,,,,,,,,,,,,,,,,true,false,6,2016-04-01,2016-09-30,-1
2017-10-26,95070,2018-03-31,2,710000000000,0.037,,,,,26500000000,0.324,25000000000,0.570,,17500000000,,85.00,,,,,,,,,,,,,,,,,,,,,,true,true,12,2017-04-01,2018-03-31,0
2017-10-26,95070,2017-03-31,2,,,,,,,,,,,,,,,,,,,,1301267000000,303879000000,0.233,1474.31,303615000000,,,,,,,,,,,,true,false,12,2016-04-01,2017-03-31,-1
2017-10-26,95070,2017-03-31,2,,,,,,,,,,,,,,,,,,,,,,,,,,,,,20.00,,,,223086202,17148762,,false,false,12,2016-04-01,2017-03-31,-1
2017-10-26,95070,2018-03-31,2,,,,,,,,,,,,,,,,,,,,,,,,,,,,,15.00,,,,,,,false,false,12,2017-04-01,2018-03-31,0
2017-10-26,95070,2018-03-31,2,,,,,,,,,,,,,,,,,,,,,,,,,,,,,30.00,,,,,,,false,true,12,2017-04-01,2018-03-31,0
2017-10-26,95070,2018-03-31,2,,,,,,,,,,,,,,,,,,,,,,,,,,,,,,,,,223086202,17152920,205935725,false,false,6,2017-04-01,2017-09-30,0
2017-10-26,95070,2017-03-31,2,,,,,,,,,,,,,,,,,,,,,,,,,,,,,,,,,,,205942438,false,false,6,2016-04-01,2016-09-30,-1
2018-01-30,95070,2018-03-31,3,534237000000,0.075,,,,,37365000000,1.625,36819000000,2.402,,26418000000,,128.29,,,,,,1306547000000,320793000000,0.245,1556.45,320518000000,,,,,,,,,,,,true,false,9,2017-04-01,2017-12-31,0
2018-01-30,95070,2017-03-31,3,497017000000,0.044,,,,,14232000000,-0.424,10822000000,-0.535,,6937000000,,33.69,,,,,,,,,,,,,,,,,,,,,,true,false,9,2016-04-01,2016-12-31,-1
2018-01-30,95070,2018-03-31,3,720000000000,0.052,,,,,26500000000,0.324,25000000000,0.570,,17500000000,,85.00,,,,,,,,,,,,,,,,,,,,,,true,true,12,2017-04-01,2018-03-31,0
2018-01-30,95070,2017-03-31,3,,,,,,,,,,,,,,,,,,,,1301267000000,303879000000,0.233,1474.31,303615000000,,,,,,,,,,,,true,false,12,2016-04-01,2017-03-31,-1
2018-01-30,95070,2017-03-31,3,,,,,,,,,,,,,,,,,,,,,,,,,,,,,20.00,,,,223086202,17148762,,false,false,12,2016-04-01,2017-03-31,-1
2018-01-30,95070,2018-03-31,3,,,,,,,,,,,,,,,,,,,,,,,,,,,,,15.00,,,,,,,false,false,12,2017-04-01,2018-03-31,0
2018-01-30,95070,2018-03-31,3,,,,,,,,,,,,,,,,,,,,,,,,,,,,,30.00,,,,,,,false,true,12,2017-04-01,2018-03-31,0
2018-01-30,95070,2018-03-31,3,,,,,,,,,,,,,,,,,,,,,,,,,,,,,,,,,223086202,17156300,205934397,false,false,9,2017-04-01,2017-12-31,0
2018-01-30,95070,2017-03-31,3,,,,,,,,,,,,,,,,,,,,,,,,,,,,,,,,,,,205941526,false,false,9,2016-04-01,2016-12-31,-1
2018-01-30,95070,2018-03-31,,720000000000,0.014,,,,,26500000000,,25000000000,,,17500000000,,85.00,,,,,,,,,,,,,,,,,,,,,,true,true,12,2017-04-01,2018-03-31,0
2018-01-30,95070,2017-03-31,,684537000000,,,,,,20009000000,,15924000000,,,11349000000,,55.11,,,,,,,,,,,,,,,,,,,,,,true,false,12,2016-04-01,2017-03-31,-1
2018-01-30,95070,2018-03-31,,640000000000,0.011,,,,,17500000000,-0.167,17000000000,-0.171,12000000000,,-0.172,58.00,,,,,,,,,,,,,,,,,,,,,,false,true,12,2017-04-01,2018-03-31,0
2018-01-30,95070,2017-03-31,,613198000000,,,,,,12060000000,,10432000000,,8227000000,,,39.64,,,,,,,,,,,,,,,,,,,,,,false,false,12,2016-04-01,2017-03-31,-1
2018-04-26,95070,2018-03-31,,731775000000,0.069,,,,,29265000000,0.463,28000000000,0.758,,19675000000,,95.55,,0.064,0.021,0.040,,1330226000000,312564000000,0.235,1516.51,312291000000,123512000000,-81955000000,-31757000000,52218000000,,0.314,,,,,,true,false,12,2017-04-01,2018-03-31,0
2018-04-26,95070,2017-03-31,,684537000000,0.047,,,,,20009000000,-0.190,15924000000,-0.275,,11349000000,,55.11,,0.039,0.012,0.029,,1301267000000,303879000000,0.233,1474.31,303615000000,81739000000,-60379000000,-16186000000,42518000000,,0.363,,,,,,true,false,12,2016-04-01,2017-03-31,-1
2018-04-26,95070,2018-03-31,,654368000000,0.067,,,,,19497000000,0.617,19602000000,0.879,14395000000,,0.750,69.35,,,,,,1259971000000,279922000000,0.222,1348.65,279922000000,,,,,30.00,,,,223086202,17159023,205932895,false,false,12,2017-04-01,2018-03-31,0
2018-04-26,95070,2017-03-31,,613198000000,0.043,,,,,12060000000,-0.180,10432000000,-0.218,8227000000,,0.340,39.64,,,,,,1239942000000,275942000000,0.223,1329.41,275942000000,,,,,20.00,,,,223086202,17148762,205940670,false,false,12,2016-04-01,2017-03-31,-1
2018-07-31,95070,2019-03-31,1,165734000000,-0.024,,,,,-4775000000,,-5027000000,,,-4576000000,,-22.22,,,,,,1337963000000,305543000000,0.227,1474.74,303686000000,,,,,,,,,,,,true,false,3,2018-04-01,2018-06-30,0
2018-07-31,95070,2018-03-31,1,169852000000,0.124,,,,,9275000000,,9543000000,,,6490000000,,31.52,,,,,,,,,,,,,,,,,,,,,,true,false,3,2017-04-01,2017-06-30,-1
2018-07-31,95070,2018-03-31,1,,,,,,,,,,,,,,,,,,,,1330226000000,312564000000,0.235,1516.51,312291000000,,,,,,,,,,,,true,false,12,2017-04-01,2018-03-31,-1
2018-07-31,95070,2018-03-31,1,,,,,,,,,,,,,,,,,,,,,,,,,,,,,30.00,,,,223086202,17159023,,false,false,12,2017-04-01,2018-03-31,-1
2018-07-31,95070,2019-03-31,1,,,,,,,,,,,,,,,,,,,,,,,,,,,,,,,,,223086202,17160488,205926546,false,false,3,2018-04-01,2018-06-30,0
2018-07-31,95070,2018-03-31,1,,,,,,,,,,,,,,,,,,,,,,,,,,,,,,,,,,,205936850,false,false,3,2017-04-01,2017-06-30,-1
,95070,2019-03-31,,,,,,,,,,,,,,,,,,,,,,,,,,,,,,15.00,,,,,,,false,true,12,2018-04-01,2019-03-31,0
,95070,2018-03-31,,,,,,,,,,,,,,,,,,,,,,,,,,,,,,30.00,,,,,,,false,false,12,2017-04-01,2018-03-31,-1
2018-10-31,95070,2019-03-31,2,358700000000,-0.011,,,,,11537000000,-0.640,12186000000,-0.612,,7798000000,,37.87,,,,,,1342704000000,318026000000,0.235,,316138000000,,,,,,,,,,,,true,false,6,2018-04-01,2018-09-30,0
2018-10-31,95070,2018-03-31,2,362652000000,0.098,,,,,32012000000,5.503,31402000000,,,22633000000,,109.91,,,,,,,,,,,,,,,,,,,,,,true,false,6,2017-04-01,2017-09-30,-1
2018-10-31,95070,2019-03-31,2,730000000000,-0.002,,,,,22500000000,-0.231,22000000000,-0.214,,15000000000,,73.00,,,,,,,,,,,,,,,,,,,,,,true,true,12,2018-04-01,2019-03-31,0
2018-10-31,95070,2018-03-31,2,,,,,,,,,,,,,,,,,,,,1330226000000,312564000000,0.235,,312291000000,,,,,,,,,,,,true,false,12,2017-04-01,2018-03-31,-1
2018-10-31,95070,2018-03-31,2,,,,,,,,,,,,,,,,,,,,,,,,,,,,,30.00,,,,223086202,17159023,,false,false,12,2017-04-01,2018-03-31,-1
2018-10-31,95070,2019-03-31,2,,,,,,,,,,,,,,,,,,,,,,,,,,,,,15.00,,,,,,,false,false,12,2018-04-01,2019-03-31,0
2018-10-31,95070,2019-03-31,2,,,,,,,,,,,,,,,,,,,,,,,,,,,,,30.00,,,,,,,false,true,12,2018-04-01,2019-03-31,0
2018-10-31,95070,2019-03-31,2,,,,,,,,,,,,,,,,,,,,,,,,,,,,,,,,,223086202,17163186,205925485,false,false,6,2018-04-01,2018-09-30,0
2018-10-31,95070,2018-03-31,2,,,,,,,,,,,,,,,,,,,,,,,,,,,,,,,,,,,205935725,false,false,6,2017-04-01,2017-09-30,-1
2018-10-31,95070,2019-03-31,,730000000000,,,,,,22500000000,,22000000000,,,15000000000,,73.00,,,,,,,,,,,,,,,,,,,,,,true,true,12,2018-04-01,2019-03-31,0
2018-10-31,95070,2018-03-31,,731775000000,,,,,,29265000000,,28000000000,,,19675000000,,95.55,,,,,,,,,,,,,,,,,,,,,,true,false,12,2017-04-01,2018-03-31,-1
2018-10-31,95070,2019-03-31,,648000000000,,,,,,11500000000,,13000000000,,9500000000,,,46.00,,,,,,,,,,,,,,,,,,,,,,false,true,12,2018-04-01,2019-03-31,0
2018-10-31,95070,2018-03-31,,654368000000,,,,,,19497000000,,19602000000,,14395000000,,,69.35,,,,,,,,,,,,,,,,,,,,,,false,false,12,2017-04-01,2018-03-31,-1
,95070,2019-03-31,,,,,,,,,,,,,,,,,,,,,,,,,,,,,,30.00,,,,,,,false,true,12,2018-04-01,2019-03-31,0
,95070,2019-03-31,,,,,,,,,,,,,,,,,,,,,,,,,,,,,,15.00,,,,,,,false,false,12,2018-04-01,2019-03-31,0
,95070,2018-03-31,,,,,,,,,,,,,,,,,,,,,,,,,,,,,,30.00,,,,,,,false,false,12,2017-04-01,2018-03-31,-1
2019-01-30,95070,2019-03-31,3,535181000000,0.002,,,,,17950000000,-0.520,17943000000,-0.513,,11825000000,,57.43,,,,,,1340495000000,316894000000,0.235,1529.57,314969000000,,,,,,,,,,,,true,false,9,2018-04-01,2018-12-31,0
2019-01-30,95070,2018-03-31,3,534237000000,0.075,,,,,37365000000,1.625,36819000000,2.402,,26418000000,,128.29,,,,,,,,,,,,,,,,,,,,,,true,false,9,2017-04-01,2017-12-31,-1
2019-01-30,95070,2019-03-31,3,730000000000,-0.002,,,,,22500000000,-0.231,22000000000,-0.214,,15000000000,,73.00,,,,,,,,,,,,,,,,,,,,,,true,true,12,2018-04-01,2019-03-31,0
2019-01-30,95070,2018-03-31,3,,,,,,,,,,,,,,,,,,,,1330226000000,312564000000,0.235,1516.51,312291000000,,,,,,,,,,,,true,false,12,2017-04-01,2018-03-31,-1
2019-01-30,95070,2018-03-31,3,,,,,,,,,,,,,,,,,,,,,,,,,,,,,30.00,,,,223086202,17159023,,false,false,12,2017-04-01,2018-03-31,-1
2019-01-30,95070,2019-03-31,3,,,,,,,,,,,,,,,,,,,,,,,,,,,,,15.00,,,,,,,false,false,12,2018-04-01,2019-03-31,0
2019-01-30,95070,2019-03-31,3,,,,,,,,,,,,,,,,,,,,,,,,,,,,,30.00,,,,,,,false,true,12,2018-04-01,2019-03-31,0
2019-01-30,95070,2019-03-31,3,,,,,,,,,,,,,,,,,,,,,,,,,,,,,,,,,223086202,17165675,205924264,false,false,9,2018-04-01,2018-12-31,0
2019-01-30,95070,2018-03-31,3,,,,,,,,,,,,,,,,,,,,,,,,,,,,,,,,,,,205934397,false,false,9,2017-04-01,2017-12-31,-1
2019-04-26,95070,2019-03-31,,737274000000,0.008,,,,,25729000000,-0.121,25128000000,-0.103,,16995000000,,82.53,,0.054,0.019,0.035,,1353941000000,321189000000,0.236,1550.27,319229000000,54507000000,-82400000000,14541000000,40681000000,,0.364,,,,,,true,false,12,2018-04-01,2019-03-31,0
2019-04-26,95070,2018-03-31,,731775000000,0.069,,,,,29265000000,0.463,28000000000,0.758,,19675000000,,95.55,,0.064,0.021,0.040,,1330226000000,312564000000,0.235,1516.51,312291000000,123512000000,-81955000000,-31757000000,52218000000,,0.314,,,,,,true,false,12,2017-04-01,2018-03-31,-1
2019-04-26,95070,2020-03-31,,734000000000,-0.004,,,,,25000000000,-0.028,24000000000,-0.045,,17000000000,,83.00,,,,,,,,,,,,,,,,,,,,,,true,true,12,2019-04-01,2020-03-31,1
2019-04-26,95070,2019-03-31,,654076000000,-0.000,,,,,14401000000,-0.261,15708000000,-0.199,11402000000,,-0.208,54.94,,,,,,1272903000000,283661000000,0.223,1366.73,283661000000,,,,,30.00,,,,223086202,17167543,205923093,false,false,12,2018-04-01,2019-03-31,0
2019-04-26,95070,2018-03-31,,654368000000,0.067,,,,,19497000000,0.617,19602000000,0.879,14395000000,,0.750,69.35,,,,,,1259971000000,279922000000,0.222,1348.65,279922000000,,,,,30.00,,,,223086202,17159023,205932895,false,false,12,2017-04-01,2018-03-31,-1
2019-04-26,95070,2020-03-31,,650000000000,-0.006,,,,,,,14000000000,-0.109,10500000000,,-0.079,51.00,,,,,,,,,,,,,,,30.00,,,,,,,false,true,12,2019-04-01,2020-03-31,1
2019-07-31,95070,2020-03-31,1,178956000000,0.080,,,,,11221000000,,10971000000,,,7636000000,,37.09,,,,,,1365689000000,324290000000,0.236,,322310000000,,,,,,,,,,,,true,false,3,2019-04-01,2019-06-30,0
2019-07-31,95070,2019-03-31,1,165734000000,-0.024,,,,,-4775000000,,-5027000000,,,-4576000000,,-22.22,,,,,,,,,,,,,,,,,,,,,,true,false,3,2018-04-01,2018-06-30,-1
2019-07-31,95070,2020-03-31,1,734000000000,-0.004,,,,,25000000000,-0.028,24000000000,-0.045,,17000000000,,83.00,,,,,,,,,,,,,,,,,,,,,,true,true,12,2019-04-01,2020-03-31,0
2019-07-31,95070,2019-03-31,1,,,,,,,,,,,,,,,,,,,,1353941000000,321189000000,0.236,,319229000000,,,,,,,,,,,,true,false,12,2018-04-01,2019-03-31,-1
2019-07-31,95070,2019-03-31,1,,,,,,,,,,,,,,,,,,,,,,,,,,,,,30.00,,,,223086202,17167543,,false,false,12,2018-04-01,2019-03-31,-1
2019-07-31,95070,2020-03-31,1,,,,,,,,,,,,,,,,,,,,,,,,,,,,,30.00,,,,,,,false,true,12,2019-04-01,2020-03-31,0
2019-07-31,95070,2020-03-31,1,,,,,,,,,,,,,,,,,,,,,,,,,,,,,,,,,223086202,17168958,205917883,false,false,3,2019-04-01,2019-06-30,0
2019-07-31,95070,2019-03-31,1,,,,,,,,,,,,,,,,,,,,,,,,,,,,,,,,,,,205926546,false,false,3,2018-04-01,2018-06-30,-1
2019-10-31,95070,2020-03-31,2,373234000000,0.041,,,,,33612000000,1.913,32404000000,1.659,,23304000000,,113.20,,,,,,1357448000000,339474000000,0.249,,337481000000,,,,,,,,,,,,true,false,6,2019-04-01,2019-09-30,0
2019-10-31,95070,2019-03-31,2,358700000000,-0.011,,,,,11537000000,-0.640,12186000000,-0.612,,7798000000,,37.87,,,,,,,,,,,,,,,,,,,,,,true,false,6,2018-04-01,2018-09-30,-1
2019-10-31,95070,2020-03-31,2,734000000000,-0.004,,,,,25000000000,-0.028,24000000000,-0.045,,17000000000,,83.00,,,,,,,,,,,,,,,,,,,,,,true,true,12,2019-04-01,2020-03-31,0
2019-10-31,95070,2019-03-31,2,,,,,,,,,,,,,,,,,,,,1353941000000,321189000000,0.236,,319229000000,,,,,,,,,,,,true,false,12,2018-04-01,2019-03-31,-1
2019-10-31,95070,2019-03-31,2,,,,,,,,,,,,,,,,,,,,,,,,,,,,,30.00,,,,223086202,17167543,,false,false,12,2018-04-01,2019-03-31,-1
2019-10-31,95070,2020-03-31,2,,,,,,,,,,,,,,,,,,,,,,,,,,,,,15.00,,,,,,,false,false,12,2019-04-01,2020-03-31,0
2019-10-31,95070,2020-03-31,2,,,,,,,,,,,,,,,,,,,,,,,,,,,,,30.00,,,,,,,false,true,12,2019-04-01,2020-03-31,0
2019-10-31,95070,2020-03-31,2,,,,,,,,,,,,,,,,,,,,,,,,,,,,,,,,,223086202,17361336,205862562,false,false,6,2019-04-01,2019-09-30,0
2019-10-31,95070,2019-03-31,2,,,,,,,,,,,,,,,,,,,,,,,,,,,,,,,,,,,205925485,false,false,6,2018-04-01,2018-09-30,-1
2020-01-30,95070,2020-03-31,3,543864000000,0.016,,,,,36029000000,1.007,33936000000,0.891,,24294000000,,118.04,,,,,,1362179000000,335698000000,0.245,,333708000000,,,,,,,,,,,,true,false,9,2019-04-01,2019-12-31,0
2020-01-30,95070,2019-03-31,3,535181000000,0.002,,,,,17950000000,-0.520,17943000000,-0.513,,11825000000,,57.43,,,,,,,,,,,,,,,,,,,,,,true,false,9,2018-04-01,2018-12-31,-1
2020-01-30,95070,2020-03-31,3,734000000000,-0.004,,,,,25000000000,-0.028,24000000000,-0.045,,17000000000,,83.00,,,,,,,,,,,,,,,,,,,,,,true,true,12,2019-04-01,2020-03-31,0
2020-01-30,95070,2019-03-31,3,,,,,,,,,,,,,,,,,,,,1353941000000,321189000000,0.236,,319229000000,,,,,,,,,,,,true,false,12,2018-04-01,2019-03-31,-1
2020-01-30,95070,2019-03-31,3,,,,,,,,,,,,,,,,,,,,,,,,,,,,,30.00,,,,223086202,17167543,,false,false,12,2018-04-01,2019-03-31,-1
2020-01-30,95070,2020-03-31,3,,,,,,,,,,,,,,,,,,,,,,,,,,,,,15.00,,,,,,,false,false,12,2019-04-01,2020-03-31,0
2020-01-30,95070,2020-03-31,3,,,,,,,,,,,,,,,,,,,,,,,,,,,,,30.00,,,,,,,false,true,12,2019-04-01,2020-03-31,0
2020-01-30,95070,2020-03-31,3,,,,,,,,,,,,,,,,,,,,,,,,,,,,,,,,,223086202,17363579,205820849,false,false,9,2019-04-01,2019-12-31,0
2020-01-30,95070,2019-03-31,3,,,,,,,,,,,,,,,,,,,,,,,,,,,,,,,,,,,205924264,false,false,9,2018-04-01,2018-12-31,-1
2020-04-28,95070,2020-03-31,,733187000000,-0.006,,,,,31288000000,0.216,27952000000,0.112,,18092000000,,87.92,,0.056,0.020,0.043,,1373640000000,326648000000,0.236,1577.57,324540000000,107313000000,-99946000000,6318000000,54289000000,,0.341,,,,,,true,false,12,2019-04-01,2020-03-31,0
2020-04-28,95070,2019-03-31,,737274000000,0.008,,,,,25729000000,-0.121,25128000000,-0.103,,16995000000,,82.53,,0.054,0.019,0.035,,1353941000000,321189000000,0.236,1550.27,319229000000,54507000000,-82400000000,14541000000,40681000000,,0.364,,,,,,true,false,12,2018-04-01,2019-03-31,-1
2020-04-28,95070,2019-03-31,,,,,,,,,,,,,,,,,,,,,,,,,,,,,,30.00,,,,223086202,17167543,205923093,false,false,12,2018-04-01,2019-03-31,-1
2020-04-28,95070,2020-03-31,,,,,,,,,,,,,,,,,,,,,,,,,,,,,,30.00,,,,223086202,17364063,205798005,false,false,12,2019-04-01,2020-03-31,0
2020-07-28,95070,2021-03-31,1,165495000000,-0.075,,,,,2028000000,-0.819,1476000000,-0.865,,846000000,,4.11,,,,,,1384100000000,324526000000,0.233,,322384000000,,,,,,,,,,,,true,false,3,2020-04-01,2020-06-30,0
2020-07-28,95070,2020-03-31,1,178956000000,0.080,,,,,11221000000,,10971000000,,,7636000000,,37.09,,,,,,,,,,,,,,,,,,,,,,true,false,3,2019-04-01,2019-06-30,-1
2020-07-28,95070,2020-03-31,1,,,,,,,,,,,,,,,,,,,,1373640000000,326648000000,0.236,,324540000000,,,,,,,,,,,,true,false,12,2019-04-01,2020-03-31,-1
2020-07-28,95070,2020-03-31,1,,,,,,,,,,,,,,,,,,,,,,,,,,,,,30.00,,,,223086202,17364063,,false,false,12,2019-04-01,2020-03-31,-1
2020-07-28,95070,2021-03-31,1,,,,,,,,,,,,,,,,,,,,,,,,,,,,,,,,,223086202,17360621,205724938,false,false,3,2020-04-01,2020-06-30,0
2020-07-28,95070,2020-03-31,1,,,,,,,,,,,,,,,,,,,,,,,,,,,,,,,,,,,205917883,false,false,3,2019-04-01,2019-06-30,-1
,95070,2021-03-31,,,,,,,,,,,,,,,,,,,,,,,,,,,,,,15.00,,,,,,,false,true,12,2020-04-01,2021-03-31,0
,95070,2020-03-31,,,,,,,,,,,,,,,,,,,,,,,,,,,,,,30.00,,,,,,,false,false,12,2019-04-01,2020-03-31,-1
2020-10-29,95070,2021-03-31,2,351083000000,-0.059,,,,,19208000000,-0.429,17531000000,-0.459,,11696000000,,56.86,,,,,,1412884000000,333957000000,0.235,,331775000000,,,,,,,,,,,,true,false,6,2020-04-01,2020-09-30,0
2020-10-29,95070,2020-03-31,2,373234000000,0.041,,,,,33612000000,1.913,32404000000,1.659,,23304000000,,113.20,,,,,,,,,,,,,,,,,,,,,,true,false,6,2019-04-01,2019-09-30,-1
2020-10-29,95070,2020-03-31,2,,,,,,,,,,,,,,,,,,,,1373640000000,326648000000,0.236,,324540000000,,,,,,,,,,,,true,false,12,2019-04-01,2020-03-31,-1
2020-10-29,95070,2020-03-31,2,,,,,,,,,,,,,,,,,,,,,,,,,,,,,30.00,,,,223086202,17364063,,false,false,12,2019-04-01,2020-03-31,-1
2020-10-29,95070,2021-03-31,2,,,,,,,,,,,,,,,,,,,,,,,,,,,,,15.00,,,,,,,false,false,12,2020-04-01,2021-03-31,0
2020-10-29,95070,2021-03-31,2,,,,,,,,,,,,,,,,,,,,,,,,,,,,,,,,,223086202,17360435,205725565,false,false,6,2020-04-01,2020-09-30,0
2020-10-29,95070,2020-03-31,2,,,,,,,,,,,,,,,,,,,,,,,,,,,,,,,,,,,205862562,false,false,6,2019-04-01,2019-09-30,-1
2020-11-24,95070,2021-03-31,,685000000000,,,,,,12000000000,,10000000000,,,7000000000,,34.00,,,,,,,,,,,,,,,,,,,,,,true,true,12,2020-04-01,2021-03-31,0
2020-11-24,95070,2020-03-31,,733187000000,,,,,,31288000000,,27952000000,,,18092000000,,87.92,,,,,,,,,,,,,,,,,,,,,,true,false,12,2019-04-01,2020-03-31,-1
,95070,2021-03-31,,,,,,,,,,,,,,,,,,,,,,,,,,,,,,30.00,,,,,,,false,true,12,2020-04-01,2021-03-31,0
,95070,2021-03-31,,,,,,,,,,,,,,,,,,,,,,,,,,,,,,15.00,,,,,,,false,false,12,2020-04-01,2021-03-31,0
,95070,2020-03-31,,,,,,,,,,,,,,,,,,,,,,,,,,,,,,30.00,,,,,,,false,false,12,2019-04-01,2020-03-31,-1
2020-11-24,95070,2021-03-31,,570000000000,,,,,,-10000000000,,-7500000000,,-5500000000,,,-27.00,,,,,,,,,,,,,,,,,,,,,,false,true,12,2020-04-01,2021-03-31,0
2020-11-24,95070,2020-03-31,,646373000000,,,,,,19707000000,,19468000000,,14520000000,,,70.00,,,,,,,,,,,,,,,,,,,,,,false,false,12,2019-04-01,2020-03-31,-1
2021-01-28,95070,2021-03-31,3,509782000000,-0.063,,,,,17891000000,-0.503,15033000000,-0.557,,9825000000,,47.76,,,,,,1396986000000,329571000000,0.234,,327342000000,,,,,,,,,,,,true,false,9,2020-04-01,2020-12-31,0
2021-01-28,95070,2020-03-31,3,543864000000,0.016,,,,,36029000000,1.007,33936000000,0.891,,24294000000,,118.04,,,,,,,,,,,,,,,,,,,,,,true,false,9,2019-04-01,2019-12-31,-1
2021-01-28,95070,2021-03-31,3,685000000000,-0.066,,,,,12000000000,-0.615,10000000000,-0.642,,7000000000,,34.00,,,,,,,,,,,,,,,,,,,,,,true,true,12,2020-04-01,2021-03-31,0
2021-01-28,95070,2020-03-31,3,,,,,,,,,,,,,,,,,,,,1373640000000,326648000000,0.236,,324540000000,,,,,,,,,,,,true,false,12,2019-04-01,2020-03-31,-1
2021-01-28,95070,2020-03-31,3,,,,,,,,,,,,,,,,,,,,,,,,,,,,,30.00,,,,223086202,17364063,,false,false,12,2019-04-01,2020-03-31,-1
2021-01-28,95070,2021-03-31,3,,,,,,,,,,,,,,,,,,,,,,,,,,,,,15.00,,,,,,,false,false,12,2020-04-01,2021-03-31,0
2021-01-28,95070,2021-03-31,3,,,,,,,,,,,,,,,,,,,,,,,,,,,,,30.00,,,,,,,false,true,12,2020-04-01,2021-03-31,0
2021-01-28,95070,2021-03-31,3,,,,,,,,,,,,,,,,,,,,,,,,,,,,,,,,,223086202,17361800,205725275,false,false,9,2020-04-01,2020-12-31,0
2021-01-28,95070,2020-03-31,3,,,,,,,,,,,,,,,,,,,,,,,,,,,,,,,,,,,205820849,false,false,9,2019-04-01,2019-12-31,-1
2021-02-25,95070,2021-03-31,,715000000000,0.044,,,,,4000000000,-0.667,3000000000,-0.700,,2000000000,,10.00,,,,,,,,,,,,,,,,,,,,,,true,true,12,2020-04-01,2021-03-31,0
2021-02-25,95070,2020-03-31,,733187000000,,,,,,31288000000,,27952000000,,,18092000000,,87.92,,,,,,,,,,,,,,,,,,,,,,true,false,12,2019-04-01,2020-03-31,-1
2021-02-25,95070,2021-03-31,,585000000000,0.026,,,,,-23000000000,,-20000000000,,-14000000000,,,-68.00,,,,,,,,,,,,,,,,,,,,,,false,true,12,2020-04-01,2021-03-31,0
2021-02-25,95070,2020-03-31,,646373000000,,,,,,19707000000,,19468000000,,14520000000,,,70.00,,,,,,,,,,,,,,,,,,,,,,false,false,12,2019-04-01,2020-03-31,-1
2021-04-28,95070,2021-03-31,,719231000000,-0.019,,,,,6456000000,-0.794,5188000000,-0.814,,2999000000,,14.58,,0.009,0.004,0.009,,1430424000000,327953000000,0.228,1583.09,325678000000,52293000000,-89331000000,48310000000,65444000000,,2.058,,,,,,true,false,12,2020-04-01,2021-03-31,0
2021-04-28,95070,2020-03-31,,733187000000,-0.006,,,,,31288000000,0.216,27952000000,0.112,,18092000000,,87.92,,0.056,0.020,0.043,,1373640000000,326648000000,0.236,1577.57,324540000000,107313000000,-99946000000,6318000000,54289000000,,0.341,,,,,,true,false,12,2019-04-01,2020-03-31,-1
2021-04-28,95070,2022-03-31,,550000000000,-0.235,,,,,18500000000,1.866,18000000000,2.470,,13000000000,,63.00,,,,,,,,,,,,,,,,,,,,,,true,true,12,2021-04-01,2022-03-31,1
2021-04-28,95070,2020-03-31,,,,,,,,,,,,,,,,,,,,,,,,,,,,,,30.00,,,,223086202,17364063,205798005,false,false,12,2019-04-01,2020-03-31,-1
2021-04-28,95070,2021-03-31,,,,,,,,,,,,,,,,,,,,,,,,,,,,,,30.00,,,,223086202,17363621,205724814,false,false,12,2020-04-01,2021-03-31,0
2021-04-28,95070,2022-03-31,,,,,,,,,,,,,,,,,,,,,,,,,,,,,,30.00,,,,,,,false,true,12,2021-04-01,2022-03-31,1
2021-07-30,95070,2022-03-31,1,117778000000,-0.288,,,,,-3463000000,,-3857000000,,,-2817000000,,-13.70,,,,,,1457727000000,323367000000,0.220,,321066000000,,,,,,,,,,,,true,false,3,2021-04-01,2021-06-30,0
2021-07-30,95070,2021-03-31,1,165495000000,-0.075,,,,,2028000000,-0.819,1476000000,-0.865,,846000000,,4.11,,,,,,,,,,,,,,,,,,,,,,true,false,3,2020-04-01,2020-06-30,-1
2021-07-30,95070,2022-03-31,1,550000000000,-0.235,,,,,18500000000,1.866,18000000000,2.470,,13000000000,,63.00,,,,,,,,,,,,,,,,,,,,,,true,true,12,2021-04-01,2022-03-31,0
2021-07-30,95070,2021-03-31,1,,,,,,,,,,,,,,,,,,,,1430424000000,327953000000,0.228,,325678000000,,,,,,,,,,,,true,false,12,2020-04-01,2021-03-31,-1
2021-07-30,95070,2021-03-31,1,,,,,,,,,,,,,,,,,,,,,,,,,,,,,30.00,,,,223086202,17363621,,false,false,12,2020-04-01,2021-03-31,-1
2021-07-30,95070,2022-03-31,1,,,,,,,,,,,,,,,,,,,,,,,,,,,,,30.00,,,,,,,false,true,12,2021-04-01,2022-03-31,0
2021-07-30,95070,2022-03-31,1,,,,,,,,,,,,,,,,,,,,,,,,,,,,,,,,,223086202,17364644,205721958,false,false,3,2021-04-01,2021-06-30,0
2021-07-30,95070,2021-03-31,1,,,,,,,,,,,,,,,,,,,,,,,,,,,,,,,,,,,205724938,false,false,3,2020-04-01,2020-06-30,-1
2021-10-29,95070,2022-03-31,2,270241000000,-0.230,,,,,1198000000,-0.938,1372000000,-0.922,,851000000,,4.14,,,,,,1464786000000,325449000000,0.221,,323108000000,,,,,,,,,,,,true,false,6,2021-04-01,2021-09-30,0
2021-10-29,95070,2021-03-31,2,351083000000,-0.059,,,,,19208000000,-0.429,17531000000,-0.459,,11696000000,,56.86,,,,,,,,,,,,,,,,,,,,,,true,false,6,2020-04-01,2020-09-30,-1
2021-10-29,95070,2022-03-31,2,580000000000,-0.194,,,,,6500000000,0.007,6000000000,0.157,,4500000000,,22.00,,,,,,,,,,,,,,,,,,,,,,true,true,12,2021-04-01,2022-03-31,0
2021-10-29,95070,2021-03-31,2,,,,,,,,,,,,,,,,,,,,1430424000000,327953000000,0.228,,325678000000,,,,,,,,,,,,true,false,12,2020-04-01,2021-03-31,-1
2021-10-29,95070,2021-03-31,2,,,,,,,,,,,,,,,,,,,,,,,,,,,,,30.00,,,,223086202,17363621,,false,false,12,2020-04-01,2021-03-31,-1
2021-10-29,95070,2022-03-31,2,,,,,,,,,,,,,,,,,,,,,,,,,,,,,15.00,,,,,,,false,false,12,2021-04-01,2022-03-31,0
2021-10-29,95070,2022-03-31,2,,,,,,,,,,,,,,,,,,,,,,,,,,,,,30.00,,,,,,,false,true,12,2021-04-01,2022-03-31,0
2021-10-29,95070,2022-03-31,2,,,,,,,,,,,,,,,,,,,,,,,,,,,,,,,,,223086202,17358436,205724704,false,false,6,2021-04-01,2021-09-30,0
2021-10-29,95070,2021-03-31,2,,,,,,,,,,,,,,,,,,,,,,,,,,,,,,,,,,,205725565,false,false,6,2020-04-01,2020-09-30,-1
2021-10-29,95070,2022-03-31,,580000000000,0.055,,,,,6500000000,-0.649,6000000000,-0.667,,4500000000,,22.00,,,,,,,,,,,,,,,,,,,,,,true,true,12,2021-04-01,2022-03-31,0
2021-10-29,95070,2021-03-31,,719231000000,,,,,,6456000000,,5188000000,,,2999000000,,14.58,,,,,,,,,,,,,,,,,,,,,,true,false,12,2020-04-01,2021-03-31,-1
2021-10-29,95070,2022-03-31,,472000000000,0.070,,,,,-21500000000,,-12000000000,,-5500000000,,,-27.00,,,,,,,,,,,,,,,,,,,,,,false,true,12,2021-04-01,2022-03-31,0
2021-10-29,95070,2021-03-31,,590109000000,,,,,,-20638000000,,-17638000000,,-12167000000,,,-58.68,,,,,,,,,,,,,,,,,,,,,,false,false,12,2020-04-01,2021-03-31,-1
2022-01-28,95070,2022-03-31,3,433019000000,-0.151,,,,,-14597000000,,-14254000000,,,-11462000000,,-55.72,,,,,,1500689000000,309866000000,0.205,,307490000000,,,,,,,,,,,,true,false,9,2021-04-01,2021-12-31,0
2022-01-28,95070,2021-03-31,3,509782000000,-0.063,,,,,17891000000,-0.503,15033000000,-0.557,,9825000000,,47.76,,,,,,,,,,,,,,,,,,,,,,true,false,9,2020-04-01,2020-12-31,-1
2022-01-28,95070,2022-03-31,3,610000000000,-0.152,,,,,-6500000000,,-7000000000,,,-6000000000,,-29.00,,,,,,,,,,,,,,,,,,,,,,true,true,12,2021-04-01,2022-03-31,0
2022-01-28,95070,2021-03-31,3,,,,,,,,,,,,,,,,,,,,1430424000000,327953000000,0.228,,325678000000,,,,,,,,,,,,true,false,12,2020-04-01,2021-03-31,-1
2022-01-28,95070,2021-03-31,3,,,,,,,,,,,,,,,,,,,,,,,,,,,,,30.00,,,,223086202,17363621,,false,false,12,2020-04-01,2021-03-31,-1
2022-01-28,95070,2022-03-31,3,,,,,,,,,,,,,,,,,,,,,,,,,,,,,15.00,,,,,,,false,false,12,2021-04-01,2022-03-31,0
2022-01-28,95070,2022-03-31,3,,,,,,,,,,,,,,,,,,,,,,,,,,,,,30.00,,,,,,,false,true,12,2021-04-01,2022-03-31,0
2022-01-28,95070,2022-03-31,3,,,,,,,,,,,,,,,,,,,,,,,,,,,,,,,,,223086202,17359947,205725311,false,false,9,2021-04-01,2021-12-31,0
2022-01-28,95070,2021-03-31,3,,,,,,,,,,,,,,,,,,,,,,,,,,,,,,,,,,,205725275,false,false,9,2020-04-01,2020-12-31,-1
2022-01-28,95070,2022-03-31,,498000000000,0.055,,,,,-34000000000,,-24000000000,,-14500000000,,,-70.00,,,,,,,,,,,,,,,,,,,,,,false,true,12,2021-04-01,2022-03-31,0
2022-01-28,95070,2021-03-31,,590109000000,,,,,,-20638000000,,-17638000000,,-12167000000,,,-58.68,,,,,,,,,,,,,,,,,,,,,,false,false,12,2020-04-01,2021-03-31,-1
2022-03-25,95070,2022-03-31,,610000000000,,,,,,-6500000000,,-7000000000,,,-1500000000,,-7.00,,,,,,,,,,,,,,,,,,,,,,true,true,12,2021-04-01,2022-03-31,0
2022-03-25,95070,2021-03-31,,719231000000,,,,,,6456000000,,5188000000,,,2999000000,,14.58,,,,,,,,,,,,,,,,,,,,,,true,false,12,2020-04-01,2021-03-31,-1
2022-03-25,95070,2022-03-31,,498000000000,,,,,,-34000000000,,-24000000000,,-10000000000,,,-48.00,,,,,,,,,,,,,,,,,,,,,,false,true,12,2021-04-01,2022-03-31,0
2022-03-25,95070,2021-03-31,,590109000000,,,,,,-20638000000,,-17638000000,,-12167000000,,,-58.68,,,,,,,,,,,,,,,,,,,,,,false,false,12,2020-04-01,2021-03-31,-1
2022-04-27,95070,2022-03-31,,641948000000,-0.107,,,,,-13517000000,,-12114000000,,,-6262000000,,-30.44,,-0.020,-0.008,-0.021,,1500744000000,315297000000,0.208,1520.93,312892000000,49841000000,-125102000000,82261000000,72928000000,,,,,,,,true,false,12,2021-04-01,2022-03-31,0
2022-04-27,95070,2021-03-31,,719231000000,-0.019,,,,,6456000000,-0.794,5188000000,-0.814,,2999000000,,14.58,,0.009,0.004,0.009,,1430424000000,327953000000,0.228,1583.09,325678000000,52293000000,-89331000000,48310000000,65444000000,,2.058,,,,,,true,false,12,2020-04-01,2021-03-31,-1
2022-04-27,95070,2021-03-31,,,,,,,,,,,,,,,,,,,,,,,,,,,,,,30.00,,,,223086202,17363621,205724814,false,false,12,2020-04-01,2021-03-31,-1
2022-04-27,95070,2022-03-31,,,,,,,,,,,,,,,,,,,,,,,,,,,,,,30.00,,,,223086202,17361631,205725236,false,false,12,2021-04-01,2022-03-31,0
2022-07-29,95070,2023-03-31,1,166678000000,0.415,,,,,2839000000,,4910000000,,,2249000000,,10.93,,,,,,1598617000000,321624000000,0.200,,319195000000,,,,,,,,,,,,true,false,3,2022-04-01,2022-06-30,0
2022-07-29,95070,2022-03-31,1,117778000000,-0.288,,,,,-3463000000,,-3857000000,,,-2817000000,,-13.70,,,,,,,,,,,,,,,,,,,,,,true,false,3,2021-04-01,2021-06-30,-1
2022-07-29,95070,2022-03-31,1,,,,,,,,,,,,,,,,,,,,1500744000000,315297000000,0.208,,312892000000,,,,,,,,,,,,true,false,12,2021-04-01,2022-03-31,-1
2022-07-29,95070,2022-03-31,1,,,,,,,,,,,,,,,,,,,,,,,,,,,,,30.00,,,,223086202,17361631,,false,false,12,2021-04-01,2022-03-31,-1
2022-07-29,95070,2023-03-31,1,,,,,,,,,,,,,,,,,,,,,,,,,,,,,,,,,223086202,17363242,205723679,false,false,3,2022-04-01,2022-06-30,0
2022-07-29,95070,2022-03-31,1,,,,,,,,,,,,,,,,,,,,,,,,,,,,,,,,,,,205721958,false,false,3,2021-04-01,2021-06-30,-1
2022-10-28,95070,2023-03-31,2,402122000000,0.488,,,,,10559000000,7.810,17364000000,11.656,,8988000000,,43.69,,,,,,1579822000000,335355000000,0.211,,332885000000,,,,,,,,,,,,true,false,6,2022-04-01,2022-09-30,0
2022-10-28,95070,2022-03-31,2,270241000000,-0.230,,,,,1198000000,-0.938,1372000000,-0.922,,851000000,,4.14,,,,,,,,,,,,,,,,,,,,,,true,false,6,2021-04-01,2021-09-30,-1
2022-10-28,95070,2023-03-31,2,855000000000,0.332,,,,,-45000000000,,-30000000000,,,-25000000000,,-121.00,,,,,,,,,,,,,,,,,,,,,,true,true,12,2022-04-01,2023-03-31,0
2022-10-28,95070,2022-03-31,2,,,,,,,,,,,,,,,,,,,,1500744000000,315297000000,0.208,,312892000000,,,,,,,,,,,,true,false,12,2021-04-01,2022-03-31,-1
2022-10-28,95070,2022-03-31,2,,,,,,,,,,,,,,,,,,,,,,,,,,,,,30.00,,,,223086202,17361631,,false,false,12,2021-04-01,2022-03-31,-1
2022-10-28,95070,2023-03-31,2,,,,,,,,,,,,,,,,,,,,,,,,,,,,,0.00,,,,,,,false,false,12,2022-04-01,2023-03-31,0
2022-10-28,95070,2023-03-31,2,,,,,,,,,,,,,,,,,,,,,,,,,,,,,,,,,207528202,1784618,205732451,false,false,6,2022-04-01,2022-09-30,0
2022-10-28,95070,2022-03-31,2,,,,,,,,,,,,,,,,,,,,,,,,,,,,,,,,,,,205724704,false,false,6,2021-04-01,2021-09-30,-1
2023-01-31,95070,2023-03-31,3,604662000000,0.396,,,,,-802000000,,7780000000,,,1892000000,,9.20,,,,,,1597838000000,326776000000,0.203,,324307000000,,,,,,,,,,,,true,false,9,2022-04-01,2022-12-31,0
2023-01-31,95070,2022-03-31,3,433019000000,-0.151,,,,,-14597000000,,-14254000000,,,-11462000000,,-55.72,,,,,,,,,,,,,,,,,,,,,,true,false,9,2021-04-01,2021-12-31,-1
2023-01-31,95070,2023-03-31,3,855000000000,0.332,,,,,-45000000000,,-30000000000,,,-25000000000,,-121.00,,,,,,,,,,,,,,,,,,,,,,true,true,12,2022-04-01,2023-03-31,0
2023-01-31,95070,2022-03-31,3,,,,,,,,,,,,,,,,,,,,1500744000000,315297000000,0.208,,312892000000,,,,,,,,,,,,true,false,12,2021-04-01,2022-03-31,-1
2023-01-31,95070,2022-03-31,3,,,,,,,,,,,,,,,,,,,,,,,,,,,,,30.00,,,,223086202,17361631,,false,false,12,2021-04-01,2022-03-31,-1
2023-01-31,95070,2023-03-31,3,,,,,,,,,,,,,,,,,,,,,,,,,,,,,0.00,,,,,,,false,false,12,2022-04-01,2023-03-31,0
2023-01-31,95070,2023-03-31,3,,,,,,,,,,,,,,,,,,,,,,,,,,,,,,,,,207528202,1878889,205716924,false,false,9,2022-04-01,2022-12-31,0
2023-01-31,95070,2022-03-31,3,,,,,,,,,,,,,,,,,,,,,,,,,,,,,,,,,,,205725311,false,false,9,2021-04-01,2021-12-31,-1
2023-04-12,95070,2023-03-31,,830000000000,-0.029,,,,,-18000000000,,-27000000000,,,-27000000000,,-131.00,,,,,,,,,,,,,,,,,,,,,,true,true,12,2022-04-01,2023-03-31,0
2023-04-12,95070,2022-03-31,,641948000000,,,,,,-13517000000,,-12114000000,,,-6262000000,,-30.44,,,,,,,,,,,,,,,,,,,,,,true,false,12,2021-04-01,2022-03-31,-1
2023-04-12,95070,2023-03-31,,705000000000,-0.014,,,,,-47000000000,,-40000000000,,-32000000000,,,-154.00,,,,,,,,,,,,,,,,,,,,,,false,true,12,2022-04-01,2023-03-31,0
2023-04-12,95070,2022-03-31,,524028000000,,,,,,-40187000000,,-29047000000,,-13048000000,,,-62.93,,,,,,,,,,,,,,,,,,,,,,false,false,12,2021-04-01,2022-03-31,-1
2023-04-27,95070,2023-03-31,,833203000000,0.298,,,,,-12287000000,,-22517000000,,,-22993000000,,-111.78,,-0.076,-0.014,-0.015,,1612542000000,298190000000,0.183,1437.73,295666000000,36086000000,-91600000000,84829000000,105904000000,,,,,,,,true,false,12,2022-04-01,2023-03-31,0
2023-04-27,95070,2022-03-31,,641948000000,-0.107,,,,,-13517000000,,-12114000000,,,-6262000000,,-30.44,,-0.020,-0.008,-0.021,,1500744000000,315297000000,0.208,1520.93,312892000000,49841000000,-125102000000,82261000000,72928000000,,,,,,,,true,false,12,2021-04-01,2022-03-31,-1
2023-04-27,95070,2022-03-31,,,,,,,,,,,,,,,,,,,,,,,,,,,,,,30.00,,,,223086202,17361631,205725236,false,false,12,2021-04-01,2022-03-31,-1
2023-04-27,95070,2023-03-31,,,,,,,,,,,,,,,,,,,,,,,,,,,,,,0.00,,,,207528202,1880571,205701120,false,false,12,2022-04-01,2023-03-31,0
2023-04-27,95070,2023-03-31,,833203000000,0.298,,,,,-12285000000,,-22515000000,,,-22871000000,,-111.19,,-0.075,-0.014,-0.015,,1612025000000,298312000000,0.183,1438.32,295788000000,36086000000,-91600000000,84829000000,105904000000,,,,,,,,true,false,12,2022-04-01,2023-03-31,0
2023-04-27,95070,2022-03-31,,641948000000,-0.107,,,,,-13517000000,,-12114000000,,,-6262000000,,-30.44,,-0.020,-0.008,-0.021,,1500744000000,315297000000,0.208,1520.93,312892000000,49841000000,-125102000000,82261000000,72928000000,,,,,,,,true,false,12,2021-04-01,2022-03-31,-1
2023-04-27,95070,2022-03-31,,,,,,,,,,,,,,,,,,,,,,,,,,,,,,30.00,,,,223086202,17361631,205725236,false,false,12,2021-04-01,2022-03-31,-1
2023-04-27,95070,2023-03-31,,,,,,,,,,,,,,,,,,,,,,,,,,,,,,0.00,,,,207528202,1880571,205701120,false,false,12,2022-04-01,2023-03-31,0
2023-05-30,95070,2024-03-31,,875000000000,,,,,,35000000000,,38000000000,,,28500000000,,138.00,,,,,,,,,,,,,,,,,,,,,,true,true,12,2023-04-01,2024-03-31,0
2023-05-30,95070,2023-03-31,,833203000000,,,,,,-12285000000,,-22515000000,,,-22871000000,,-111.19,,,,,,,,,,,,,,,,,,,,,,true,false,12,2022-04-01,2023-03-31,-1
2023-05-30,95070,2024-03-31,,755000000000,,,,,,6500000000,,13000000000,,11000000000,,,53.00,,,,,,,,,,,,,,,30.00,,,,,,,false,true,12,2023-04-01,2024-03-31,0
2023-05-30,95070,2023-03-31,,723608000000,,,,,,-36448000000,,-30300000000,,-23493000000,,,-113.32,,,,,,,,,,,,,,,0.00,,,,,,,false,false,12,2022-04-01,2023-03-31,-1
2023-07-27,95070,2024-03-31,1,181086000000,0.086,,,,,16660000000,4.868,15498000000,2.156,,11804000000,,57.40,,,,,,1585062000000,310159000000,0.194,,307617000000,,,,,,,,,,,,true,false,3,2023-04-01,2023-06-30,0
2023-07-27,95070,2023-03-31,1,166678000000,0.415,,,,,2839000000,,4910000000,,,2249000000,,10.93,,,,,,,,,,,,,,,,,,,,,,true,false,3,2022-04-01,2022-06-30,-1
2023-07-27,95070,2024-03-31,1,875000000000,0.050,,,,,35000000000,,38000000000,,,28500000000,,138.00,,,,,,,,,,,,,,,,,,,,,,true,true,12,2023-04-01,2024-03-31,0
2023-07-27,95070,2023-03-31,1,,,,,,,,,,,,,,,,,,,,1612025000000,298312000000,0.183,,295788000000,,,,,,,,,,,,true,false,12,2022-04-01,2023-03-31,-1
2023-07-27,95070,2023-03-31,1,,,,,,,,,,,,,,,,,,,,,,,,,,,,,0.00,,,,207528202,1880571,,false,false,12,2022-04-01,2023-03-31,-1
2023-07-27,95070,2024-03-31,1,,,,,,,,,,,,,,,,,,,,,,,,,,,,,30.00,,,,,,,false,true,12,2023-04-01,2024-03-31,0
2023-07-27,95070,2024-03-31,1,,,,,,,,,,,,,,,,,,,,,,,,,,,,,,,,,207528202,1881632,205647091,false,false,3,2023-04-01,2023-06-30,0
2023-07-27,95070,2023-03-31,1,,,,,,,,,,,,,,,,,,,,,,,,,,,,,,,,,,,205723679,false,false,3,2022-04-01,2022-06-30,-1
2023-10-02,95070,2024-03-31,,755000000000,,,,,,6500000000,,21500000000,0.654,17000000000,,0.545,82.00,,,,,,,,,,,,,,,,,,,,,,false,true,12,2023-04-01,2024-03-31,0
2023-10-02,95070,2023-03-31,,723608000000,,,,,,-36448000000,,-30300000000,,-23493000000,,,-113.32,,,,,,,,,,,,,,,,,,,,,,false,false,12,2022-04-01,2023-03-31,-1
2023-10-31,95070,2024-03-31,2,400857000000,-0.003,,,,,65450000000,5.198,64611000000,2.721,,48771000000,,237.15,,,,,,1597069000000,351730000000,0.219,,349141000000,,,,,,,,,,,,true,false,6,2023-04-01,2023-09-30,0
2023-10-31,95070,2023-03-31,2,402122000000,0.488,,,,,10559000000,7.810,17364000000,11.656,,8988000000,,43.69,,,,,,,,,,,,,,,,,,,,,,true,false,6,2022-04-01,2022-09-30,-1
2023-10-31,95070,2024-03-31,2,832000000000,-0.001,,,,,56500000000,,58000000000,,,41000000000,,199.00,,,,,,,,,,,,,,,,,,,,,,true,true,12,2023-04-01,2024-03-31,0
2023-10-31,95070,2023-03-31,2,,,,,,,,,,,,,,,,,,,,1612025000000,298312000000,0.183,,295788000000,,,,,,,,,,,,true,false,12,2022-04-01,2023-03-31,-1
2023-10-31,95070,2023-03-31,2,,,,,,,,,,,,,,,,,,,,,,,,,,,,,0.00,,,,207528202,1880571,,false,false,12,2022-04-01,2023-03-31,-1
2023-10-31,95070,2024-03-31,2,,,,,,,,,,,,,,,,,,,,,,,,,,,,,15.00,,,,,,,false,false,12,2023-04-01,2024-03-31,0
2023-10-31,95070,2024-03-31,2,,,,,,,,,,,,,,,,,,,,,,,,,,,,,30.00,,,,,,,false,true,12,2023-04-01,2024-03-31,0
2023-10-31,95070,2024-03-31,2,,,,,,,,,,,,,,,,,,,,,,,,,,,,,,,,,207528202,1859635,205656654,false,false,6,2023-04-01,2023-09-30,0
2023-10-31,95070,2023-03-31,2,,,,,,,,,,,,,,,,,,,,,,,,,,,,,,,,,,,205732451,false,false,6,2022-04-01,2022-09-30,-1
2023-10-31,95070,2024-03-31,,726000000000,-0.038,,,,,28000000000,3.308,41500000000,0.930,32000000000,,0.882,154.00,,,,,,,,,,,,,,,,,,,,,,false,true,12,2023-04-01,2024-03-31,0
2023-10-31,95070,2023-03-31,,723608000000,,,,,,-36448000000,,-30300000000,,-23493000000,,,-113.32,,,,,,,,,,,,,,,,,,,,,,false,false,12,2022-04-01,2023-03-31,-1
2024-01-30,95070,2024-03-31,3,578126000000,-0.044,,,,,78575000000,,78410000000,9.078,,56284000000,,273.68,,,,,,1604717000000,358976000000,0.222,,356330000000,,,,,,,,,,,,true,false,9,2023-04-01,2023-12-31,0
2024-01-30,95070,2023-03-31,3,604662000000,0.396,,,,,-802000000,,7780000000,,,1892000000,,9.20,,,,,,,,,,,,,,,,,,,,,,true,false,9,2022-04-01,2022-12-31,-1
2024-01-30,95070,2024-03-31,3,832000000000,-0.001,,,,,56500000000,,58000000000,,,41000000000,,199.00,,,,,,,,,,,,,,,,,,,,,,true,true,12,2023-04-01,2024-03-31,0
2024-01-30,95070,2023-03-31,3,,,,,,,,,,,,,,,,,,,,1612025000000,298312000000,0.183,,295788000000,,,,,,,,,,,,true,false,12,2022-04-01,2023-03-31,-1
2024-01-30,95070,2023-03-31,3,,,,,,,,,,,,,,,,,,,,,,,,,,,,,0.00,,,,207528202,1880571,,false,false,12,2022-04-01,2023-03-31,-1
2024-01-30,95070,2024-03-31,3,,,,,,,,,,,,,,,,,,,,,,,,,,,,,15.00,,,,,,,false,false,12,2023-04-01,2024-03-31,0
2024-01-30,95070,2024-03-31,3,,,,,,,,,,,,,,,,,,,,,,,,,,,,,30.00,,,,,,,false,true,12,2023-04-01,2024-03-31,0
2024-01-30,95070,2024-03-31,3,,,,,,,,,,,,,,,,,,,,,,,,,,,,,,,,,207528202,1861764,205659837,false,false,9,2023-04-01,2023-12-31,0
2024-01-30,95070,2023-03-31,3,,,,,,,,,,,,,,,,,,,,,,,,,,,,,,,,,,,205716924,false,false,9,2022-04-01,2022-12-31,-1
2024-04-26,95070,2024-03-31,,787403000000,-0.055,,,,,78526000000,,80096000000,,,60515000000,,294.25,,0.184,0.049,0.100,,1629054000000,363168000000,0.221,1752.83,360491000000,143676000000,-97317000000,-34182000000,118296000000,,0.102,,,,,,true,false,12,2023-04-01,2024-03-31,0
2024-04-26,95070,2023-03-31,,833203000000,0.298,,,,,-12285000000,,-22515000000,,,-22871000000,,-111.19,,-0.075,-0.014,-0.015,,1612025000000,298312000000,0.183,1438.32,295788000000,36086000000,-91600000000,84829000000,105904000000,,,,,,,,true,false,12,2022-04-01,2023-03-31,-1
2024-04-26,95070,2025-03-31,,852000000000,0.082,,,,,44000000000,-0.440,48000000000,-0.401,,36000000000,,175.00,,,,,,,,,,,,,,,,,,,,,,true,true,12,2024-04-01,2025-03-31,1
2024-04-26,95070,2024-03-31,,684681000000,-0.054,,,,,39198000000,,51515000000,,42886000000,,,206.89,,,,,,1481428000000,261639000000,0.177,1262.19,261639000000,,,,,30.00,,,,207528202,1865729,205660849,false,false,12,2023-04-01,2024-03-31,0
2024-04-26,95070,2023-03-31,,723608000000,0.381,,,,,-36448000000,,-30300000000,,-23493000000,,,-113.32,,,,,,1479896000000,222447000000,0.150,1073.20,222447000000,,,,,0.00,,,,207528202,1880571,205701120,false,false,12,2022-04-01,2023-03-31,-1
2024-04-26,95070,2025-03-31,,732000000000,0.069,,,,,13000000000,-0.668,25500000000,-0.505,21000000000,,-0.510,101.00,,,,,,,,,,,,,,,40.00,,,,,,,false,true,12,2024-04-01,2025-03-31,1
2024-07-30,95070,2025-03-31,1,186854000000,0.032,,,,,30762000000,0.846,31764000000,1.049,,24028000000,,116.83,,,,,,1620668000000,389897000000,0.239,,387197000000,,,,,,,,,,,,true,false,3,2024-04-01,2024-06-30,0
2024-07-30,95070,2024-03-31,1,181086000000,0.086,,,,,16660000000,4.868,15498000000,2.156,,11804000000,,57.40,,,,,,,,,,,,,,,,,,,,,,true,false,3,2023-04-01,2023-06-30,-1
2024-07-30,95070,2025-03-31,1,852000000000,0.082,,,,,44000000000,-0.440,48000000000,-0.401,,36000000000,,175.00,,,,,,,,,,,,,,,,,,,,,,true,true,12,2024-04-01,2025-03-31,0
2024-07-30,95070,2024-03-31,1,,,,,,,,,,,,,,,,,,,,1629054000000,363168000000,0.221,,360491000000,,,,,,,,,,,,true,false,12,2023-04-01,2024-03-31,-1
2024-07-30,95070,2024-03-31,1,,,,,,,,,,,,,,,,,,,,,,,,,,,,,30.00,,,,207528202,1865729,,false,false,12,2023-04-01,2024-03-31,-1
2024-07-30,95070,2025-03-31,1,,,,,,,,,,,,,,,,,,,,,,,,,,,,,40.00,,,,,,,false,true,12,2024-04-01,2025-03-31,0
2024-07-30,95070,2025-03-31,1,,,,,,,,,,,,,,,,,,,,,,,,,,,,,,,,,207528202,1867503,205661519,false,false,3,2024-04-01,2024-06-30,0
2024-07-30,95070,2024-03-31,1,,,,,,,,,,,,,,,,,,,,,,,,,,,,,,,,,,,205647091,false,false,3,2023-04-01,2023-06-30,-1
2024-08-09,95070,2025-03-31,1,186854000000,0.032,,,,,30762000000,0.846,31764000000,1.049,,24028000000,,116.83,,,,,,1620668000000,389897000000,0.239,,387197000000,,,,,,,,,,,,true,false,3,2024-04-01,2024-06-30,0
2024-08-09,95070,2024-03-31,1,181086000000,0.086,,,,,16660000000,4.868,15498000000,2.156,,11804000000,,57.40,,,,,,,,,,,,,,,,,,,,,,true,false,3,2023-04-01,2023-06-30,-1
2024-08-09,95070,2025-03-31,1,852000000000,0.082,,,,,44000000000,-0.440,48000000000,-0.401,,36000000000,,175.00,,,,,,,,,,,,,,,,,,,,,,true,true,12,2024-04-01,2025-03-31,0
2024-08-09,95070,2024-03-31,1,,,,,,,,,,,,,,,,,,,,1629054000000,363168000000,0.221,,360491000000,,,,,,,,,,,,true,false,12,2023-04-01,2024-03-31,-1
2024-08-09,95070,2024-03-31,1,,,,,,,,,,,,,,,,,,,,,,,,,,,,,30.00,,,,207528202,1865729,,false,false,12,2023-04-01,2024-03-31,-1
2024-08-09,95070,2025-03-31,1,,,,,,,,,,,,,,,,,,,,,,,,,,,,,40.00,,,,,,,false,true,12,2024-04-01,2025-03-31,0
2024-08-09,95070,2025-03-31,1,,,,,,,,,,,,,,,,,,,,,,,,,,,,,,,,,207528202,1867503,205661519,false,false,3,2024-04-01,2024-06-30,0
2024-08-09,95070,2024-03-31,1,,,,,,,,,,,,,,,,,,,,,,,,,,,,,,,,,,,205647091,false,false,3,2023-04-01,2023-06-30,-1
2024-10-29,95070,2025-03-31,2,418380000000,0.044,,,,,53581000000,-0.181,55902000000,-0.135,,41303000000,,200.82,,,,,,1650983000000,408385000000,0.246,,405634000000,,,,,,,,,,,,true,false,6,2024-04-01,2024-09-30,0
2024-10-29,95070,2024-03-31,2,400857000000,-0.003,,,,,65450000000,5.198,64611000000,2.721,,48771000000,,237.15,,,,,,,,,,,,,,,,,,,,,,true,false,6,2023-04-01,2023-09-30,-1
2024-10-29,95070,2025-03-31,2,838000000000,0.064,,,,,70000000000,-0.109,74000000000,-0.076,,54500000000,,265.00,,,,,,,,,,,,,,,,,,,,,,true,true,12,2024-04-01,2025-03-31,0
2024-10-29,95070,2024-03-31,2,,,,,,,,,,,,,,,,,,,,1629054000000,363168000000,0.221,,360491000000,,,,,,,,,,,,true,false,12,2023-04-01,2024-03-31,-1
2024-10-29,95070,2024-03-31,2,,,,,,,,,,,,,,,,,,,,,,,,,,,,,30.00,,,,207528202,1865729,,false,false,12,2023-04-01,2024-03-31,-1
2024-10-29,95070,2025-03-31,2,,,,,,,,,,,,,,,,,,,,,,,,,,,,,20.00,,,,,,,false,false,12,2024-04-01,2025-03-31,0
2024-10-29,95070,2025-03-31,2,,,,,,,,,,,,,,,,,,,,,,,,,,,,,40.00,,,,,,,false,true,12,2024-04-01,2025-03-31,0
2024-10-29,95070,2025-03-31,2,,,,,,,,,,,,,,,,,,,,,,,,,,,,,,,,,207528202,1848803,205669410,false,false,6,2024-04-01,2024-09-30,0
2024-10-29,95070,2024-03-31,2,,,,,,,,,,,,,,,,,,,,,,,,,,,,,,,,,,,205656654,false,false,6,2023-04-01,2023-09-30,-1
2024-10-29,95070,2025-03-31,,712000000000,-0.027,,,,,28000000000,1.154,41000000000,0.608,32500000000,,0.548,157.00,,,,,,,,,,,,,,,,,,,,,,false,true,12,2024-04-01,2025-03-31,0
2024-10-29,95070,2024-03-31,,684681000000,,,,,,39198000000,,51515000000,,42886000000,,,206.89,,,,,,,,,,,,,,,,,,,,,,false,false,12,2023-04-01,2024-03-31,-1
2025-01-29,95070,2025-03-31,3,617990000000,0.069,,,,,65335000000,-0.168,67395000000,-0.140,,49555000000,,240.94,,,,,,1631864000000,402239000000,0.245,,399452000000,,,,,,,,,,,,true,false,9,2024-04-01,2024-12-31,0
2025-01-29,95070,2024-03-31,3,578126000000,-0.044,,,,,78575000000,,78410000000,9.078,,56284000000,,273.68,,,,,,,,,,,,,,,,,,,,,,true,false,9,2023-04-01,2023-12-31,-1
2025-01-29,95070,2025-03-31,3,838000000000,0.064,,,,,70000000000,-0.109,74000000000,-0.076,,54500000000,,265.00,,,,,,,,,,,,,,,,,,,,,,true,true,12,2024-04-01,2025-03-31,0
2025-01-29,95070,2024-03-31,3,,,,,,,,,,,,,,,,,,,,1629054000000,363168000000,0.221,,360491000000,,,,,,,,,,,,true,false,12,2023-04-01,2024-03-31,-1
2025-01-29,95070,2024-03-31,3,,,,,,,,,,,,,,,,,,,,,,,,,,,,,30.00,,,,207528202,1865729,,false,false,12,2023-04-01,2024-03-31,-1
2025-01-29,95070,2025-03-31,3,,,,,,,,,,,,,,,,,,,,,,,,,,,,,20.00,,,,,,,false,false,12,2024-04-01,2025-03-31,0
2025-01-29,95070,2025-03-31,3,,,,,,,,,,,,,,,,,,,,,,,,,,,,,40.00,,,,,,,false,true,12,2024-04-01,2025-03-31,0
2025-01-29,95070,2025-03-31,3,,,,,,,,,,,,,,,,,,,,,,,,,,,,,,,,,207528202,1850260,205672146,false,false,9,2024-04-01,2024-12-31,0
2025-01-29,95070,2024-03-31,3,,,,,,,,,,,,,,,,,,,,,,,,,,,,,,,,,,,205659837,false,false,9,2023-04-01,2023-12-31,-1
2025-02-07,95070,2025-03-31,3,617990000000,0.069,,,,,65335000000,-0.168,67395000000,-0.140,,49555000000,,240.94,,,,,,1631864000000,402239000000,0.245,,399452000000,,,,,,,,,,,,true,false,9,2024-04-01,2024-12-31,0
2025-02-07,95070,2024-03-31,3,578126000000,-0.044,,,,,78575000000,,78410000000,9.078,,56284000000,,273.68,,,,,,,,,,,,,,,,,,,,,,true,false,9,2023-04-01,2023-12-31,-1
2025-02-07,95070,2025-03-31,3,838000000000,0.064,,,,,70000000000,-0.109,74000000000,-0.076,,54500000000,,265.00,,,,,,,,,,,,,,,,,,,,,,true,true,12,2024-04-01,2025-03-31,0
2025-02-07,95070,2024-03-31,3,,,,,,,,,,,,,,,,,,,,1629054000000,363168000000,0.221,,360491000000,,,,,,,,,,,,true,false,12,2023-04-01,2024-03-31,-1
2025-02-07,95070,2024-03-31,3,,,,,,,,,,,,,,,,,,,,,,,,,,,,,30.00,,,,207528202,1865729,,false,false,12,2023-04-01,2024-03-31,-1
2025-02-07,95070,2025-03-31,3,,,,,,,,,,,,,,,,,,,,,,,,,,,,,20.00,,,,,,,false,false,12,2024-04-01,2025-03-31,0
2025-02-07,95070,2025-03-31,3,,,,,,,,,,,,,,,,,,,,,,,,,,,,,40.00,,,,,,,false,true,12,2024-04-01,2025-03-31,0
2025-02-07,95070,2025-03-31,3,,,,,,,,,,,,,,,,,,,,,,,,,,,,,,,,,207528202,1850260,205672146,false,false,9,2024-04-01,2024-12-31,0
2025-02-07,95070,2024-03-31,3,,,,,,,,,,,,,,,,,,,,,,,,,,,,,,,,,,,205659837,false,false,9,2023-04-01,2023-12-31,-1
2025-04-30,95070,2025-03-31,,851399000000,0.081,,,,,89073000000,0.134,91611000000,0.144,,68324000000,,332.20,,0.171,0.055,0.105,,1687484000000,440843000000,0.260,2129.65,438017000000,129821000000,-92945000000,-25325000000,130142000000,,0.120,,,,,,true,false,12,2024-04-01,2025-03-31,0
2025-04-30,95070,2024-03-31,,787403000000,-0.055,,,,,78526000000,,80096000000,,,60515000000,,294.25,,0.184,0.049,0.100,,1629054000000,363168000000,0.221,1752.83,360491000000,143676000000,-97317000000,-34182000000,118296000000,,0.102,,,,,,true,false,12,2023-04-01,2024-03-31,-1
2025-04-30,95070,2026-03-31,,800000000000,-0.060,,,,,53500000000,-0.399,53000000000,-0.421,,41000000000,,199.00,,,,,,,,,,,,,,,,,,,,,,true,true,12,2025-04-01,2026-03-31,1
2025-04-30,95070,2025-03-31,,723860000000,0.057,,,,,42939000000,0.095,54309000000,0.054,43411000000,,0.012,209.41,,,,,,1499195000000,295601000000,0.197,1425.94,295601000000,,,,,40.00,,,,207528202,1852199,205673193,false,false,12,2024-04-01,2025-03-31,0
2025-04-30,95070,2024-03-31,,684681000000,-0.054,,,,,39198000000,,51515000000,,42886000000,,,206.89,,,,,,1481428000000,261639000000,0.177,1262.19,261639000000,,,,,30.00,,,,207528202,1865729,205660849,false,false,12,2023-04-01,2024-03-31,-1
2025-04-30,95070,2026-03-31,,675000000000,-0.068,,,,,38000000000,-0.115,44500000000,-0.181,35500000000,,-0.182,171.00,,,,,,,,,,,,,,,50.00,,,,,,,false,true,12,2025-04-01,2026-03-31,1
2025-07-31,95070,2026-03-31,1,175644000000,-0.060,,,,,22642000000,-0.264,22656000000,-0.287,,15285000000,,74.32,,,,,,1644030000000,445345000000,0.269,,442488000000,,,,,,,,,,,,true,false,3,2025-04-01,2025-06-30,0
2025-07-31,95070,2025-03-31,1,186854000000,0.032,,,,,30762000000,0.846,31764000000,1.049,,24028000000,,116.83,,,,,,,,,,,,,,,,,,,,,,true,false,3,2024-04-01,2024-06-30,-1
2025-07-31,95070,2026-03-31,1,800000000000,-0.060,,,,,53500000000,-0.399,53000000000,-0.421,,41000000000,,199.00,,,,,,,,,,,,,,,,,,,,,,true,true,12,2025-04-01,2026-03-31,0
2025-07-31,95070,2025-03-31,1,,,,,,,,,,,,,,,,,,,,1687484000000,440843000000,0.260,,438017000000,,,,,,,,,,,,true,false,12,2024-04-01,2025-03-31,-1
2025-07-31,95070,2025-03-31,1,,,,,,,,,,,,,,,,,,,,,,,,,,,,,40.00,,,,207528202,1852199,,false,false,12,2024-04-01,2025-03-31,-1
2025-07-31,95070,2026-03-31,1,,,,,,,,,,,,,,,,,,,,,,,,,,,,,50.00,,,,,,,false,true,12,2025-04-01,2026-03-31,0
2025-07-31,95070,2026-03-31,1,,,,,,,,,,,,,,,,,,,,,,,,,,,,,,,,,207528202,1853197,205675524,false,false,3,2025-04-01,2025-06-30,0
2025-07-31,95070,2025-03-31,1,,,,,,,,,,,,,,,,,,,,,,,,,,,,,,,,,,,205661519,false,false,3,2024-04-01,2024-06-30,-1
2025-08-07,95070,2026-03-31,1,175644000000,-0.060,,,,,22642000000,-0.264,22656000000,-0.287,,15285000000,,74.32,,,,,,1644030000000,445345000000,0.269,,442488000000,,,,,,,,,,,,true,false,3,2025-04-01,2025-06-30,0
2025-08-07,95070,2025-03-31,1,186854000000,0.032,,,,,30762000000,0.846,31764000000,1.049,,24028000000,,116.83,,,,,,,,,,,,,,,,,,,,,,true,false,3,2024-04-01,2024-06-30,-1
2025-08-07,95070,2026-03-31,1,800000000000,-0.060,,,,,53500000000,-0.399,53000000000,-0.421,,41000000000,,199.00,,,,,,,,,,,,,,,,,,,,,,true,true,12,2025-04-01,2026-03-31,0
2025-08-07,95070,2025-03-31,1,,,,,,,,,,,,,,,,,,,,1687484000000,440843000000,0.260,,438017000000,,,,,,,,,,,,true,false,12,2024-04-01,2025-03-31,-1
2025-08-07,95070,2025-03-31,1,,,,,,,,,,,,,,,,,,,,,,,,,,,,,40.00,,,,207528202,1852199,,false,false,12,2024-04-01,2025-03-31,-1
2025-08-07,95070,2026-03-31,1,,,,,,,,,,,,,,,,,,,,,,,,,,,,,50.00,,,,,,,false,true,12,2025-04-01,2026-03-31,0
2025-08-07,95070,2026-03-31,1,,,,,,,,,,,,,,,,,,,,,,,,,,,,,,,,,207528202,1853197,205675524,false,false,3,2025-04-01,2025-06-30,0
2025-08-07,95070,2025-03-31,1,,,,,,,,,,,,,,,,,,,,,,,,,,,,,,,,,,,205661519,false,false,3,2024-04-01,2024-06-30,-1
