filing_date,code,fiscal_year_end,quarterly_period,net_sales,net_sales_change,revenue,revenue_change,operating_revenue,operating_revenue_change,operating_profit,operating_profit_change,ordinary_profit,ordinary_profit_change,net_income,net_income_of_parent,net_income_change,eps,diluted_eps,roe,roa,operating_profit_to_net_sales,operating_profit_to_revenue,total_assets,net_assets,equity_ratio,bps,owner_equity,operating_cash_flow,investing_cash_flow,financing_cash_flow,cash,dividend_per_share,payout_ratio,commemorative_dividend,extra_dividend,number_of_shares,number_of_treqsury_shares,avg_number_of_shares,is_consolidated,is_forecast,duration,period_start,period_end,period_pos
2015-07-30,95090,2016-03-31,1,171326000000,0.061,,,,,12782000000,,9252000000,,,8079000000,,39.31,,,,,,1782851000000,197750000000,0.105,,187623000000,,,,,,,,,,,,true,false,3,2015-04-01,2015-06-30,0
2015-07-30,95090,2015-03-31,1,161432000000,0.137,,,,,-713000000,,-4256000000,,,15020000000,,73.07,,,,,,,,,,,,,,,,,,,,,,true,false,3,2014-04-01,2014-06-30,-1
2015-07-30,95090,2016-03-31,1,756000000000,0.091,,,,,,,,,,,,,,,,,,,,,,,,,,,,,,,,,,true,true,12,2015-04-01,2016-03-31,0
2015-07-30,95090,2015-03-31,1,,,,,,,,,,,,,,,,,,,,1815675000000,188392000000,0.098,,178047000000,,,,,,,,,,,,true,false,12,2014-04-01,2015-03-31,-1
2015-07-30,95090,2015-03-31,1,,,,,,,,,,,,,,,,,,,,,,,,,,,,,0.00,,,,215291912,9741779,,false,false,12,2014-04-01,2015-03-31,-1
2015-07-30,95090,2016-03-31,1,,,,,,,,,,,,,,,,,,,,,,,,,,,,,,,,,215291912,9744217,205548511,false,false,3,2015-04-01,2015-06-30,0
2015-07-30,95090,2015-03-31,1,,,,,,,,,,,,,,,,,,,,,,,,,,,,,,,,,,,205560058,false,false,3,2014-04-01,2014-06-30,-1
2015-10-30,95090,2016-03-31,2,340815000000,0.068,,,,,24362000000,8.166,17049000000,,,15937000000,,77.54,,,,,,1792229000000,203133000000,0.108,,192937000000,,,,,,,,,,,,true,false,6,2015-04-01,2015-09-30,0
2015-10-30,95090,2015-03-31,2,319084000000,0.100,,,,,2658000000,,-4913000000,,,13648000000,,66.40,,,,,,,,,,,,,,,,,,,,,,true,false,6,2014-04-01,2014-09-30,-1
2015-10-30,95090,2016-03-31,2,732000000000,0.056,,,,,,,,,,,,,,,,,,,,,,,,,,,,,,,,,,true,true,12,2015-04-01,2016-03-31,0
2015-10-30,95090,2015-03-31,2,,,,,,,,,,,,,,,,,,,,1815675000000,188392000000,0.098,,178047000000,,,,,,,,,,,,true,false,12,2014-04-01,2015-03-31,-1
2015-10-30,95090,2015-03-31,2,,,,,,,,,,,,,,,,,,,,,,,,,,,,,0.00,,,,215291912,9741779,,false,false,12,2014-04-01,2015-03-31,-1
2015-10-30,95090,2016-03-31,2,,,,,,,,,,,,,,,,,,,,,,,,,,,,,0.00,,,,,,,false,false,12,2015-04-01,2016-03-31,0
2015-10-30,95090,2016-03-31,2,,,,,,,,,,,,,,,,,,,,,,,,,,,,,,,,,215291912,9749333,205545997,false,false,6,2015-04-01,2015-09-30,0
2015-10-30,95090,2015-03-31,2,,,,,,,,,,,,,,,,,,,,,,,,,,,,,,,,,,,205558415,false,false,6,2014-04-01,2014-09-30,-1
2016-01-29,95090,2016-03-31,3,520804000000,0.064,,,,,33173000000,,22463000000,,,19500000000,,94.87,,,,,,1820694000000,205729000000,0.107,,195254000000,,,,,,,,,,,,true,false,9,2015-04-01,2015-12-31,0
2016-01-29,95090,2015-03-31,3,489283000000,0.100,,,,,-9496000000,,-20596000000,,,-1832000000,,-8.91,,,,,,,,,,,,,,,,,,,,,,true,false,9,2014-04-01,2014-12-31,-1
2016-01-29,95090,2016-03-31,3,726000000000,0.048,,,,,40000000000,7.421,25000000000,,,22000000000,,107.03,,,,,,,,,,,,,,,,,,,,,,true,true,12,2015-04-01,2016-03-31,0
2016-01-29,95090,2015-03-31,3,,,,,,,,,,,,,,,,,,,,1815675000000,188392000000,0.098,,178047000000,,,,,,,,,,,,true,false,12,2014-04-01,2015-03-31,-1
2016-01-29,95090,2015-03-31,3,,,,,,,,,,,,,,,,,,,,,,,,,,,,,0.00,,,,215291912,9741779,,false,false,12,2014-04-01,2015-03-31,-1
2016-01-29,95090,2016-03-31,3,,,,,,,,,,,,,,,,,,,,,,,,,,,,,0.00,,,,,,,false,false,12,2015-04-01,2016-03-31,0
2016-01-29,95090,2016-03-31,3,,,,,,,,,,,,,,,,,,,,,,,,,,,,,,,,,215291912,9753305,205544172,false,false,9,2015-04-01,2015-12-31,0
2016-01-29,95090,2015-03-31,3,,,,,,,,,,,,,,,,,,,,,,,,,,,,,,,,,,,205556998,false,false,9,2014-04-01,2014-12-31,-1
2016-01-29,95090,2016-03-31,,726000000000,-0.008,,,,,40000000000,,25000000000,,,22000000000,,107.03,,,,,,,,,,,,,,,,,,,,,,true,true,12,2015-04-01,2016-03-31,0
2016-01-29,95090,2015-03-31,,692925000000,,,,,,4750000000,,-9343000000,,,2938000000,,14.30,,,,,,,,,,,,,,,,,,,,,,true,false,12,2014-04-01,2015-03-31,-1
2016-01-29,95090,2016-03-31,,697000000000,-0.009,,,,,35000000000,,20000000000,,19000000000,,,92.44,,,,,,,,,,,,,,,,,,,,,,false,true,12,2015-04-01,2016-03-31,0
2016-01-29,95090,2015-03-31,,663929000000,,,,,,4517000000,,-8758000000,,4230000000,,,20.58,,,,,,,,,,,,,,,,,,,,,,false,false,12,2014-04-01,2015-03-31,-1
2016-04-27,95090,2016-03-31,,724111000000,0.045,,,,,43100000000,8.074,28062000000,,,21276000000,,94.49,,0.117,0.015,0.060,,1826141000000,197222000000,0.102,644.67,186374000000,115972000000,-149013000000,-10169000000,108805000000,,0.053,,,,,,true,false,12,2015-04-01,2016-03-31,0
2016-04-27,95090,2015-03-31,,692925000000,0.099,,,,,4750000000,,-9343000000,,,2938000000,,14.30,,0.019,-0.005,0.007,,1815675000000,188392000000,0.098,613.70,178047000000,94331000000,-114154000000,50763000000,152016000000,,,,,,,,true,false,12,2014-04-01,2015-03-31,-1
2016-04-27,95090,2017-03-31,,713000000000,-0.015,,,,,,,,,,,,,,,,,,,,,,,,,,,,,,,,,,true,true,12,2016-04-01,2017-03-31,1
2016-04-27,95090,2016-03-31,,695719000000,0.048,,,,,36162000000,7.006,21238000000,,17099000000,,3.042,74.17,,,,,,1765091000000,160864000000,0.091,520.55,160864000000,,,,,5.00,,,,215291912,9755611,205542344,false,false,12,2015-04-01,2016-03-31,0
2016-04-27,95090,2015-03-31,,663929000000,0.098,,,,,4517000000,,-8758000000,,4230000000,,,20.58,,,,,,1749602000000,147501000000,0.084,465.10,147501000000,,,,,0.00,,,,215291912,9741779,205555533,false,false,12,2014-04-01,2015-03-31,-1
2016-04-27,95090,2017-03-31,,685000000000,-0.015,,,,,,,,,,,,,,,,,,,,,,,,,,,,,,,,,,false,true,12,2016-04-01,2017-03-31,1
2016-07-29,95090,2017-03-31,1,169685000000,-0.010,,,,,18608000000,0.456,15779000000,0.705,,14977000000,,70.70,,,,,,1807199000000,203455000000,0.107,,192817000000,,,,,,,,,,,,true,false,3,2016-04-01,2016-06-30,0
2016-07-29,95090,2016-03-31,1,171326000000,0.061,,,,,12782000000,,9252000000,,,8079000000,,39.31,,,,,,,,,,,,,,,,,,,,,,true,false,3,2015-04-01,2015-06-30,-1
2016-07-29,95090,2017-03-31,1,713000000000,-0.015,,,,,,,,,,,,,,,,,,,,,,,,,,,,,,,,,,true,true,12,2016-04-01,2017-03-31,0
2016-07-29,95090,2016-03-31,1,,,,,,,,,,,,,,,,,,,,1826141000000,197222000000,0.102,,186374000000,,,,,,,,,,,,true,false,12,2015-04-01,2016-03-31,-1
2016-07-29,95090,2016-03-31,1,,,,,,,,,,,,,,,,,,,,,,,,,,,,,5.00,,,,215291912,9755611,,false,false,12,2015-04-01,2016-03-31,-1
2016-07-29,95090,2017-03-31,1,,,,,,,,,,,,,,,,,,,,,,,,,,,,,,,,,215291912,9756389,205535824,false,false,3,2016-04-01,2016-06-30,0
2016-07-29,95090,2016-03-31,1,,,,,,,,,,,,,,,,,,,,,,,,,,,,,,,,,,,205548511,false,false,3,2015-04-01,2015-06-30,-1
2016-10-28,95090,2017-03-31,2,334379000000,-0.019,,,,,22603000000,-0.072,15754000000,-0.076,,13345000000,,60.57,,,,,,1799762000000,203095000000,0.107,,192427000000,,,,,,,,,,,,true,false,6,2016-04-01,2016-09-30,0
2016-10-28,95090,2016-03-31,2,340815000000,0.068,,,,,24362000000,8.166,17049000000,,,15937000000,,77.54,,,,,,,,,,,,,,,,,,,,,,true,false,6,2015-04-01,2015-09-30,-1
2016-10-28,95090,2017-03-31,2,707000000000,-0.024,,,,,,,,,,,,,,,,,,,,,,,,,,,,,,,,,,true,true,12,2016-04-01,2017-03-31,0
2016-10-28,95090,2016-03-31,2,,,,,,,,,,,,,,,,,,,,1826141000000,197222000000,0.102,,186374000000,,,,,,,,,,,,true,false,12,2015-04-01,2016-03-31,-1
2016-10-28,95090,2016-03-31,2,,,,,,,,,,,,,,,,,,,,,,,,,,,,,5.00,,,,215291912,9755611,,false,false,12,2015-04-01,2016-03-31,-1
2016-10-28,95090,2017-03-31,2,,,,,,,,,,,,,,,,,,,,,,,,,,,,,0.00,,,,,,,false,false,12,2016-04-01,2017-03-31,0
2016-10-28,95090,2017-03-31,2,,,,,,,,,,,,,,,,,,,,,,,,,,,,,,,,,215291912,9759033,205534885,false,false,6,2016-04-01,2016-09-30,0
2016-10-28,95090,2016-03-31,2,,,,,,,,,,,,,,,,,,,,,,,,,,,,,,,,,,,205545997,false,false,6,2015-04-01,2015-09-30,-1
2017-01-31,95090,2017-03-31,3,505710000000,-0.029,,,,,20288000000,-0.388,8965000000,-0.601,,4533000000,,15.51,,,,,,1802025000000,196929000000,0.103,,186062000000,,,,,,,,,,,,true,false,9,2016-04-01,2016-12-31,0
2017-01-31,95090,2016-03-31,3,520804000000,0.064,,,,,33173000000,,22463000000,,,19500000000,,94.87,,,,,,,,,,,,,,,,,,,,,,true,false,9,2015-04-01,2015-12-31,-1
2017-01-31,95090,2017-03-31,3,707000000000,-0.024,,,,,26000000000,-0.397,12000000000,-0.572,,7000000000,,25.37,,,,,,,,,,,,,,,,,,,,,,true,true,12,2016-04-01,2017-03-31,0
2017-01-31,95090,2016-03-31,3,,,,,,,,,,,,,,,,,,,,1826141000000,197222000000,0.102,,186374000000,,,,,,,,,,,,true,false,12,2015-04-01,2016-03-31,-1
2017-01-31,95090,2016-03-31,3,,,,,,,,,,,,,,,,,,,,,,,,,,,,,5.00,,,,215291912,9755611,,false,false,12,2015-04-01,2016-03-31,-1
2017-01-31,95090,2017-03-31,3,,,,,,,,,,,,,,,,,,,,,,,,,,,,,0.00,,,,,,,false,false,12,2016-04-01,2017-03-31,0
2017-01-31,95090,2017-03-31,3,,,,,,,,,,,,,,,,,,,,,,,,,,,,,,,,,215291912,9761139,205533867,false,false,9,2016-04-01,2016-12-31,0
2017-01-31,95090,2016-03-31,3,,,,,,,,,,,,,,,,,,,,,,,,,,,,,,,,,,,205544172,false,false,9,2015-04-01,2015-12-31,-1
2017-01-31,95090,2017-03-31,,707000000000,,,,,,26000000000,,12000000000,,,7000000000,,25.37,,,,,,,,,,,,,,,,,,,,,,true,true,12,2016-04-01,2017-03-31,0
2017-01-31,95090,2016-03-31,,724111000000,,,,,,43100000000,,28062000000,,,21276000000,,94.49,,,,,,,,,,,,,,,,,,,,,,true,false,12,2015-04-01,2016-03-31,-1
2017-01-31,95090,2017-03-31,,679000000000,,,,,,21000000000,,7000000000,,4000000000,,,10.77,,,,,,,,,,,,,,,,,,,,,,false,true,12,2016-04-01,2017-03-31,0
2017-01-31,95090,2016-03-31,,695719000000,,,,,,36162000000,,21238000000,,17099000000,,,74.17,,,,,,,,,,,,,,,,,,,,,,false,false,12,2015-04-01,2016-03-31,-1
,95090,2017-03-31,,,,,,,,,,,,,,,,,,,,,,,,,,,,,,5.00,,,,,,,false,true,12,2016-04-01,2017-03-31,0
,95090,2017-03-31,,,,,,,,,,,,,,,,,,,,,,,,,,,,,,0.00,,,,,,,false,false,12,2016-04-01,2017-03-31,0
,95090,2016-03-31,,,,,,,,,,,,,,,,,,,,,,,,,,,,,,5.00,,,,,,,false,false,12,2015-04-01,2016-03-31,-1
2017-04-27,95090,2017-03-31,,702776000000,-0.029,,,,,27443000000,-0.363,12603000000,-0.551,,8793000000,,34.09,,0.047,0.007,0.039,,1829539000000,200022000000,0.103,681.53,188859000000,67081000000,-145216000000,57357000000,88027000000,,0.147,,,,,,true,false,12,2016-04-01,2017-03-31,0
2017-04-27,95090,2016-03-31,,724111000000,0.045,,,,,43100000000,8.074,28062000000,,,21276000000,,94.49,,0.117,0.015,0.060,,1826141000000,197222000000,0.102,644.67,186374000000,115972000000,-149013000000,-10169000000,108805000000,,0.053,,,,,,true,false,12,2015-04-01,2016-03-31,-1
2017-04-27,95090,2018-03-31,,755000000000,0.074,,,,,,,,,,,,,,,,,,,,,,,,,,,,,,,,,,true,true,12,2017-04-01,2018-03-31,1
2017-04-27,95090,2017-03-31,,677141000000,-0.027,,,,,20258000000,-0.440,5838000000,-0.725,5150000000,,-0.699,16.37,,,,,,1768980000000,160890000000,0.091,545.45,160890000000,,,,,5.00,,,,215291912,9763908,205532640,false,false,12,2016-04-01,2017-03-31,0
2017-04-27,95090,2016-03-31,,695719000000,0.048,,,,,36162000000,7.006,21238000000,,17099000000,,3.042,74.17,,,,,,1765091000000,160864000000,0.091,520.55,160864000000,,,,,5.00,,,,215291912,9755611,205542344,false,false,12,2015-04-01,2016-03-31,-1
2017-04-27,95090,2018-03-31,,725000000000,0.071,,,,,,,,,,,,,,,,,,,,,,,,,,,,,,,,,,false,true,12,2017-04-01,2018-03-31,1
2017-07-28,95090,2018-03-31,1,173058000000,0.020,,,,,6973000000,-0.625,3482000000,-0.779,,2659000000,,10.77,,,,,,1870643000000,199139000000,0.101,,188136000000,,,,,,,,,,,,true,false,3,2017-04-01,2017-06-30,0
2017-07-28,95090,2017-03-31,1,169685000000,-0.010,,,,,18608000000,0.456,15779000000,0.705,,12945000000,,60.82,,,,,,,,,,,,,,,,,,,,,,true,false,3,2016-04-01,2016-06-30,-1
2017-07-28,95090,2018-03-31,1,755000000000,0.074,,,,,,,,,,,,,,,,,,,,,,,,,,,,,,,,,,true,true,12,2017-04-01,2018-03-31,0
2017-07-28,95090,2017-03-31,1,,,,,,,,,,,,,,,,,,,,1829539000000,200022000000,0.103,,188859000000,,,,,,,,,,,,true,false,12,2016-04-01,2017-03-31,-1
2017-07-28,95090,2017-03-31,1,,,,,,,,,,,,,,,,,,,,,,,,,,,,,5.00,,,,215291912,9763908,,false,false,12,2016-04-01,2017-03-31,-1
2017-07-28,95090,2018-03-31,1,,,,,,,,,,,,,,,,,,,,,,,,,,,,,,,,,215291912,9765272,205527158,false,false,3,2017-04-01,2017-06-30,0
2017-07-28,95090,2017-03-31,1,,,,,,,,,,,,,,,,,,,,,,,,,,,,,,,,,,,205535824,false,false,3,2016-04-01,2016-06-30,-1
2017-10-31,95090,2018-03-31,2,343844000000,0.028,,,,,13304000000,-0.411,6044000000,-0.616,,5445000000,,22.14,,,,,,1876330000000,201367000000,0.101,,190211000000,,,,,,,,,,,,true,false,6,2017-04-01,2017-09-30,0
2017-10-31,95090,2017-03-31,2,334379000000,-0.019,,,,,22603000000,-0.072,15754000000,-0.076,,11826000000,,53.18,,,,,,,,,,,,,,,,,,,,,,true,false,6,2016-04-01,2016-09-30,-1
2017-10-31,95090,2018-03-31,2,728000000000,0.036,,,,,,,,,,,,,,,,,,,,,,,,,,,,,,,,,,true,true,12,2017-04-01,2018-03-31,0
2017-10-31,95090,2017-03-31,2,,,,,,,,,,,,,,,,,,,,1829539000000,200022000000,0.103,,188859000000,,,,,,,,,,,,true,false,12,2016-04-01,2017-03-31,-1
2017-10-31,95090,2017-03-31,2,,,,,,,,,,,,,,,,,,,,,,,,,,,,,5.00,,,,215291912,9763908,,false,false,12,2016-04-01,2017-03-31,-1
2017-10-31,95090,2018-03-31,2,,,,,,,,,,,,,,,,,,,,,,,,,,,,,0.00,,,,,,,false,false,12,2017-04-01,2018-03-31,0
2017-10-31,95090,2018-03-31,2,,,,,,,,,,,,,,,,,,,,,,,,,,,,,,,,,215291912,9768928,205525623,false,false,6,2017-04-01,2017-09-30,0
2017-10-31,95090,2017-03-31,2,,,,,,,,,,,,,,,,,,,,,,,,,,,,,,,,,,,205534885,false,false,6,2016-04-01,2016-09-30,-1
2018-01-31,95090,2018-03-31,3,520526000000,0.029,,,,,14911000000,-0.265,4310000000,-0.519,,3590000000,,10.92,,,,,,1903837000000,200230000000,0.099,,188856000000,,,,,,,,,,,,true,false,9,2017-04-01,2017-12-31,0
2018-01-31,95090,2017-03-31,3,505710000000,-0.029,,,,,20288000000,-0.388,8965000000,-0.601,,4533000000,,15.51,,,,,,,,,,,,,,,,,,,,,,true,false,9,2016-04-01,2016-12-31,-1
2018-01-31,95090,2018-03-31,3,728000000000,0.036,,,,,28000000000,0.020,14000000000,0.111,,12000000000,,49.70,,,,,,,,,,,,,,,,,,,,,,true,true,12,2017-04-01,2018-03-31,0
2018-01-31,95090,2017-03-31,3,,,,,,,,,,,,,,,,,,,,1829539000000,200022000000,0.103,,188859000000,,,,,,,,,,,,true,false,12,2016-04-01,2017-03-31,-1
2018-01-31,95090,2017-03-31,3,,,,,,,,,,,,,,,,,,,,,,,,,,,,,5.00,,,,215291912,9763908,,false,false,12,2016-04-01,2017-03-31,-1
2018-01-31,95090,2018-03-31,3,,,,,,,,,,,,,,,,,,,,,,,,,,,,,0.00,,,,,,,false,false,12,2017-04-01,2018-03-31,0
2018-01-31,95090,2018-03-31,3,,,,,,,,,,,,,,,,,,,,,,,,,,,,,5.00,,,,,,,false,true,12,2017-04-01,2018-03-31,0
2018-01-31,95090,2018-03-31,3,,,,,,,,,,,,,,,,,,,,,,,,,,,,,,,,,215291912,9771679,205524268,false,false,9,2017-04-01,2017-12-31,0
2018-01-31,95090,2017-03-31,3,,,,,,,,,,,,,,,,,,,,,,,,,,,,,,,,,,,205533867,false,false,9,2016-04-01,2016-12-31,-1
2018-01-31,95090,2018-03-31,,728000000000,0.000,,,,,28000000000,,14000000000,,,12000000000,,49.70,,,,,,,,,,,,,,,,,,,,,,true,true,12,2017-04-01,2018-03-31,0
2018-01-31,95090,2017-03-31,,702776000000,,,,,,27443000000,,12603000000,,,8793000000,,34.09,,,,,,,,,,,,,,,,,,,,,,true,false,12,2016-04-01,2017-03-31,-1
2018-01-31,95090,2018-03-31,,698000000000,0.000,,,,,22000000000,,8000000000,,9000000000,,,35.10,,,,,,,,,,,,,,,5.00,,,,,,,false,true,12,2017-04-01,2018-03-31,0
2018-01-31,95090,2017-03-31,,677141000000,,,,,,20258000000,,5838000000,,5150000000,,,16.37,,,,,,,,,,,,,,,5.00,,,,,,,false,false,12,2016-04-01,2017-03-31,-1
2018-01-31,95090,2018-03-31,,,,,,,,,,,,,,,,,,,,,,,,,,,,,,0.00,,,,,,,false,false,12,2017-04-01,2018-03-31,0
2018-04-27,95090,2018-03-31,,733050000000,0.043,,,,,33726000000,0.229,19421000000,0.541,,16549000000,,71.84,,0.085,0.010,0.046,,1915908000000,212991000000,0.105,742.64,201412000000,107054000000,-145355000000,66360000000,116087000000,,0.070,,,,,,true,false,12,2017-04-01,2018-03-31,0
2018-04-27,95090,2017-03-31,,702776000000,-0.029,,,,,27443000000,-0.363,12603000000,-0.551,,8793000000,,34.09,,0.047,0.007,0.039,,1829539000000,200022000000,0.103,681.53,188859000000,67081000000,-145216000000,57357000000,88027000000,,0.147,,,,,,true,false,12,2016-04-01,2017-03-31,-1
2018-04-27,95090,2019-03-31,,750000000000,0.023,,,,,,,,,,,,,,,,,,,,,,,,,,,,,,,,,,true,true,12,2018-04-01,2019-03-31,1
2018-04-27,95090,2018-03-31,,703189000000,0.038,,,,,27349000000,0.350,13202000000,1.261,13110000000,,1.546,55.10,,,,,,1854251000000,170215000000,0.092,590.85,170215000000,,,,,5.00,,,,215291912,9774070,205522846,false,false,12,2017-04-01,2018-03-31,0
2018-04-27,95090,2017-03-31,,677141000000,-0.027,,,,,20258000000,-0.440,5838000000,-0.725,5150000000,,-0.699,16.37,,,,,,1768980000000,160890000000,0.091,545.45,160890000000,,,,,5.00,,,,215291912,9763908,205532640,false,false,12,2016-04-01,2017-03-31,-1
2018-04-27,95090,2019-03-31,,718000000000,0.021,,,,,,,,,,,,,,,,,,,,,,,,,,,,,,,,,,false,true,12,2018-04-01,2019-03-31,1
2018-04-27,95090,2018-03-31,,733050000000,0.007,,,,,33726000000,0.205,19421000000,0.387,,16549000000,,71.84,,,,,,,,,,,,,,,,,,,,,,true,true,12,2017-04-01,2018-03-31,0
2018-04-27,95090,2017-03-31,,702776000000,,,,,,27443000000,,12603000000,,,8793000000,,34.09,,,,,,,,,,,,,,,,,,,,,,true,false,12,2016-04-01,2017-03-31,-1
2018-04-27,95090,2018-03-31,,703189000000,0.007,,,,,27349000000,0.243,13202000000,0.650,13110000000,,0.457,55.10,,,,,,,,,,,,,,,,,,,,,,false,true,12,2017-04-01,2018-03-31,0
2018-04-27,95090,2017-03-31,,677141000000,,,,,,20258000000,,5838000000,,5150000000,,,16.37,,,,,,,,,,,,,,,,,,,,,,false,false,12,2016-04-01,2017-03-31,-1
2018-07-31,95090,2019-03-31,1,177650000000,0.027,,,,,15055000000,1.159,12327000000,2.540,,9407000000,,43.61,,,,,,1884522000000,219514000000,0.110,,208095000000,,,,,,,,,,,,true,false,3,2018-04-01,2018-06-30,0
2018-07-31,95090,2018-03-31,1,173058000000,0.020,,,,,6973000000,-0.625,3482000000,-0.779,,2659000000,,10.77,,,,,,,,,,,,,,,,,,,,,,true,false,3,2017-04-01,2017-06-30,-1
2018-07-31,95090,2019-03-31,1,755000000000,0.030,,,,,,,,,,,,,,,,,,,,,,,,,,,,,,,,,,true,true,12,2018-04-01,2019-03-31,0
2018-07-31,95090,2018-03-31,1,,,,,,,,,,,,,,,,,,,,1915904000000,212991000000,0.105,,201412000000,,,,,,,,,,,,true,false,12,2017-04-01,2018-03-31,-1
2018-07-31,95090,2018-03-31,1,,,,,,,,,,,,,,,,,,,,,,,,,,,,,5.00,,,,215291912,9774070,,false,false,12,2017-04-01,2018-03-31,-1
2018-07-31,95090,2019-03-31,1,,,,,,,,,,,,,,,,,,,,,,,,,,,,,,,,,215291912,9775468,205516779,false,false,3,2018-04-01,2018-06-30,0
2018-07-31,95090,2018-03-31,1,,,,,,,,,,,,,,,,,,,,,,,,,,,,,,,,,,,205527158,false,false,3,2017-04-01,2017-06-30,-1
2018-10-31,95090,2019-03-31,2,351115000000,0.021,,,,,23863000000,0.794,17876000000,1.958,,9858000000,,44.53,,,,,,1898727000000,219782000000,0.110,,208408000000,,,,,,,,,,,,true,false,6,2018-04-01,2018-09-30,0
2018-10-31,95090,2018-03-31,2,343844000000,0.028,,,,,13304000000,-0.411,6044000000,-0.616,,5445000000,,22.14,,,,,,,,,,,,,,,,,,,,,,true,false,6,2017-04-01,2017-09-30,-1
2018-10-31,95090,2019-03-31,2,759000000000,0.035,,,,,,,,,,,,,,,,,,,,,,,,,,,,,,,,,,true,true,12,2018-04-01,2019-03-31,0
2018-10-31,95090,2018-03-31,2,,,,,,,,,,,,,,,,,,,,1915904000000,212991000000,0.105,,201412000000,,,,,,,,,,,,true,false,12,2017-04-01,2018-03-31,-1
2018-10-31,95090,2018-03-31,2,,,,,,,,,,,,,,,,,,,,,,,,,,,,,5.00,,,,215291912,9774070,,false,false,12,2017-04-01,2018-03-31,-1
2018-10-31,95090,2019-03-31,2,,,,,,,,,,,,,,,,,,,,,,,,,,,,,0.00,,,,,,,false,false,12,2018-04-01,2019-03-31,0
2018-10-31,95090,2019-03-31,2,,,,,,,,,,,,,,,,,,,,,,,,,,,,,,,,,215291912,9778293,205515566,false,false,6,2018-04-01,2018-09-30,0
2018-10-31,95090,2018-03-31,2,,,,,,,,,,,,,,,,,,,,,,,,,,,,,,,,,,,205525623,false,false,6,2017-04-01,2017-09-30,-1
2019-01-31,95090,2019-03-31,3,530700000000,0.020,,,,,29481000000,0.977,20782000000,3.822,,12158000000,,53.99,,,,,,1953825000000,220099000000,0.107,,208452000000,,,,,,,,,,,,true,false,9,2018-04-01,2018-12-31,0
2019-01-31,95090,2018-03-31,3,520526000000,0.029,,,,,14911000000,-0.265,4310000000,-0.519,,3590000000,,10.92,,,,,,,,,,,,,,,,,,,,,,true,false,9,2017-04-01,2017-12-31,-1
2019-01-31,95090,2019-03-31,3,754000000000,0.029,,,,,40000000000,0.186,28000000000,0.442,,18000000000,,80.72,,,,,,,,,,,,,,,,,,,,,,true,true,12,2018-04-01,2019-03-31,0
2019-01-31,95090,2018-03-31,3,,,,,,,,,,,,,,,,,,,,1915904000000,212991000000,0.105,,201412000000,,,,,,,,,,,,true,false,12,2017-04-01,2018-03-31,-1
2019-01-31,95090,2018-03-31,3,,,,,,,,,,,,,,,,,,,,,,,,,,,,,5.00,,,,215291912,9774070,,false,false,12,2017-04-01,2018-03-31,-1
2019-01-31,95090,2019-03-31,3,,,,,,,,,,,,,,,,,,,,,,,,,,,,,0.00,,,,,,,false,false,12,2018-04-01,2019-03-31,0
2019-01-31,95090,2019-03-31,3,,,,,,,,,,,,,,,,,,,,,,,,,,,,,10.00,,,,,,,false,true,12,2018-04-01,2019-03-31,0
2019-01-31,95090,2019-03-31,3,,,,,,,,,,,,,,,,,,,,,,,,,,,,,,,,,215291912,9780040,205514557,false,false,9,2018-04-01,2018-12-31,0
2019-01-31,95090,2018-03-31,3,,,,,,,,,,,,,,,,,,,,,,,,,,,,,,,,,,,205524268,false,false,9,2017-04-01,2017-12-31,-1
2019-01-31,95090,2019-03-31,,754000000000,-0.007,,,,,40000000000,,28000000000,,,18000000000,,80.72,,,,,,,,,,,,,,,,,,,,,,true,true,12,2018-04-01,2019-03-31,0
2019-01-31,95090,2018-03-31,,733050000000,,,,,,33726000000,,19421000000,,,16549000000,,71.84,,,,,,,,,,,,,,,,,,,,,,true,false,12,2017-04-01,2018-03-31,-1
2019-01-31,95090,2019-03-31,,722000000000,-0.007,,,,,35000000000,,24000000000,,16000000000,,,70.99,,,,,,,,,,,,,,,10.00,,,,,,,false,true,12,2018-04-01,2019-03-31,0
2019-01-31,95090,2018-03-31,,703189000000,,,,,,27349000000,,13202000000,,13110000000,,,55.10,,,,,,,,,,,,,,,5.00,,,,,,,false,false,12,2017-04-01,2018-03-31,-1
2019-01-31,95090,2019-03-31,,,,,,,,,,,,,,,,,,,,,,,,,,,,,,0.00,,,,,,,false,false,12,2018-04-01,2019-03-31,0
2019-04-25,95090,2019-03-31,,752238000000,0.026,,,,,42217000000,0.252,30181000000,0.554,,22357000000,,101.93,,0.107,0.016,0.056,,1954981000000,228417000000,0.111,819.83,216892000000,113808000000,-126932000000,-31238000000,71725000000,,0.098,,,,,,true,false,12,2018-04-01,2019-03-31,0
2019-04-25,95090,2018-03-31,,733050000000,0.043,,,,,33726000000,0.229,19421000000,0.541,,16549000000,,71.84,,0.085,0.010,0.046,,1915904000000,212991000000,0.105,742.64,201412000000,107054000000,-145355000000,66360000000,116087000000,,0.070,,,,,,true,false,12,2017-04-01,2018-03-31,-1
2019-04-25,95090,2020-03-31,,770000000000,0.024,,,,,45000000000,0.066,34000000000,0.127,,28000000000,,129.39,,,,,,,,,,,,,,,,0.077,,,,,,true,true,12,2019-04-01,2020-03-31,1
2019-04-25,95090,2019-03-31,,721278000000,0.026,,,,,37048000000,0.355,26285000000,0.991,20233000000,,0.543,91.59,,,,,,1886795000000,185101000000,0.098,665.13,185101000000,,,,,10.00,,,,215291912,9782389,205513510,false,false,12,2018-04-01,2019-03-31,0
2019-04-25,95090,2018-03-31,,703189000000,0.038,,,,,27349000000,0.350,13202000000,1.261,13110000000,,1.546,55.10,,,,,,1854251000000,170215000000,0.092,590.85,170215000000,,,,,5.00,,,,215291912,9774070,205522846,false,false,12,2017-04-01,2018-03-31,-1
2019-04-25,95090,2020-03-31,,736000000000,0.020,,,,,40000000000,0.080,30000000000,0.141,26000000000,,0.285,119.65,,,,,,,,,,,,,,,10.00,,,,,,,false,true,12,2019-04-01,2020-03-31,1
2019-07-31,95090,2020-03-31,1,178577000000,0.005,,,,,4119000000,-0.726,1673000000,-0.864,,1397000000,,5.09,,,,,,1945785000000,226373000000,0.110,,214524000000,,,,,,,,,,,,true,false,3,2019-04-01,2019-06-30,0
2019-07-31,95090,2019-03-31,1,177650000000,0.027,,,,,15055000000,1.159,12327000000,2.540,,9407000000,,43.61,,,,,,,,,,,,,,,,,,,,,,true,false,3,2018-04-01,2018-06-30,-1
2019-07-31,95090,2020-03-31,1,770000000000,0.024,,,,,45000000000,0.066,34000000000,0.127,,28000000000,,129.39,,,,,,,,,,,,,,,,,,,,,,true,true,12,2019-04-01,2020-03-31,0
2019-07-31,95090,2019-03-31,1,,,,,,,,,,,,,,,,,,,,1954981000000,228417000000,0.111,,216892000000,,,,,,,,,,,,true,false,12,2018-04-01,2019-03-31,-1
2019-07-31,95090,2019-03-31,1,,,,,,,,,,,,,,,,,,,,,,,,,,,,,10.00,,,,215291912,9782389,,false,false,12,2018-04-01,2019-03-31,-1
2019-07-31,95090,2020-03-31,1,,,,,,,,,,,,,,,,,,,,,,,,,,,,,10.00,,,,,,,false,true,12,2019-04-01,2020-03-31,0
2019-07-31,95090,2020-03-31,1,,,,,,,,,,,,,,,,,,,,,,,,,,,,,,,,,215291912,9783216,205508970,false,false,3,2019-04-01,2019-06-30,0
2019-07-31,95090,2019-03-31,1,,,,,,,,,,,,,,,,,,,,,,,,,,,,,,,,,,,205516779,false,false,3,2018-04-01,2018-06-30,-1
2019-10-30,95090,2020-03-31,2,349447000000,-0.005,,,,,14520000000,-0.392,9096000000,-0.491,,7931000000,,35.16,,,,,,1947400000000,233275000000,0.114,,221321000000,,,,,,,,,,,,true,false,6,2019-04-01,2019-09-30,0
2019-10-30,95090,2019-03-31,2,351115000000,0.021,,,,,23863000000,0.794,17876000000,1.958,,9858000000,,44.53,,,,,,,,,,,,,,,,,,,,,,true,false,6,2018-04-01,2018-09-30,-1
2019-10-30,95090,2020-03-31,2,755000000000,0.004,,,,,42000000000,-0.005,30000000000,-0.006,,25000000000,,114.79,,,,,,,,,,,,,,,,,,,,,,true,true,12,2019-04-01,2020-03-31,0
2019-10-30,95090,2019-03-31,2,,,,,,,,,,,,,,,,,,,,1954981000000,228417000000,0.111,,216892000000,,,,,,,,,,,,true,false,12,2018-04-01,2019-03-31,-1
2019-10-30,95090,2019-03-31,2,,,,,,,,,,,,,,,,,,,,,,,,,,,,,10.00,,,,215291912,9782389,,false,false,12,2018-04-01,2019-03-31,-1
2019-10-30,95090,2020-03-31,2,,,,,,,,,,,,,,,,,,,,,,,,,,,,,5.00,,,,,,,false,false,12,2019-04-01,2020-03-31,0
2019-10-30,95090,2020-03-31,2,,,,,,,,,,,,,,,,,,,,,,,,,,,,,10.00,,,,,,,false,true,12,2019-04-01,2020-03-31,0
2019-10-30,95090,2020-03-31,2,,,,,,,,,,,,,,,,,,,,,,,,,,,,,,,,,215291912,9785434,205507992,false,false,6,2019-04-01,2019-09-30,0
2019-10-30,95090,2019-03-31,2,,,,,,,,,,,,,,,,,,,,,,,,,,,,,,,,,,,205515566,false,false,6,2018-04-01,2018-09-30,-1
2020-01-31,95090,2020-03-31,3,525167000000,-0.010,,,,,16033000000,-0.456,7924000000,-0.619,,5902000000,,23.55,,,,,,1978472000000,230979000000,0.110,,218570000000,,,,,,,,,,,,true,false,9,2019-04-01,2019-12-31,0
2020-01-31,95090,2019-03-31,3,530700000000,0.020,,,,,29481000000,0.977,20782000000,3.822,,12158000000,,53.99,,,,,,,,,,,,,,,,,,,,,,true,false,9,2018-04-01,2018-12-31,-1
2020-01-31,95090,2020-03-31,3,755000000000,0.004,,,,,42000000000,-0.005,30000000000,-0.006,,25000000000,,114.79,,,,,,,,,,,,,,,,,,,,,,true,true,12,2019-04-01,2020-03-31,0
2020-01-31,95090,2019-03-31,3,,,,,,,,,,,,,,,,,,,,1954981000000,228417000000,0.111,,216892000000,,,,,,,,,,,,true,false,12,2018-04-01,2019-03-31,-1
2020-01-31,95090,2019-03-31,3,,,,,,,,,,,,,,,,,,,,,,,,,,,,,10.00,,,,215291912,9782389,,false,false,12,2018-04-01,2019-03-31,-1
2020-01-31,95090,2020-03-31,3,,,,,,,,,,,,,,,,,,,,,,,,,,,,,5.00,,,,,,,false,false,12,2019-04-01,2020-03-31,0
2020-01-31,95090,2020-03-31,3,,,,,,,,,,,,,,,,,,,,,,,,,,,,,10.00,,,,,,,false,true,12,2019-04-01,2020-03-31,0
2020-01-31,95090,2020-03-31,3,,,,,,,,,,,,,,,,,,,,,,,,,,,,,,,,,215291912,9787158,205507122,false,false,9,2019-04-01,2019-12-31,0
2020-01-31,95090,2019-03-31,3,,,,,,,,,,,,,,,,,,,,,,,,,,,,,,,,,,,205514557,false,false,9,2018-04-01,2018-12-31,-1
2020-04-30,95090,2020-03-31,,748468000000,-0.005,,,,,42415000000,0.005,32640000000,0.081,,26720000000,,123.16,,0.118,0.017,0.057,,1959060000000,247381000000,0.120,911.01,234919000000,102686000000,-126745000000,9823000000,57490000000,,0.081,,,,,,true,false,12,2019-04-01,2020-03-31,0
2020-04-30,95090,2019-03-31,,752238000000,0.026,,,,,42217000000,0.252,30181000000,0.554,,22357000000,,101.93,,0.107,0.016,0.056,,1954981000000,228417000000,0.111,819.83,216892000000,113808000000,-126932000000,-31238000000,71725000000,,0.098,,,,,,true,false,12,2018-04-01,2019-03-31,-1
2020-04-30,95090,2020-03-31,,714457000000,-0.009,,,,,36449000000,-0.016,27617000000,0.051,23997000000,,0.186,109.91,,,,,,1890825000000,201702000000,0.107,749.37,201702000000,,,,,10.00,,,,215291912,9789504,205506117,false,false,12,2019-04-01,2020-03-31,0
2020-04-30,95090,2019-03-31,,721278000000,0.026,,,,,37048000000,0.355,26285000000,0.991,20233000000,,0.543,91.59,,,,,,1886795000000,185101000000,0.098,665.13,185101000000,,,,,10.00,,,,215291912,9782389,205513510,false,false,12,2018-04-01,2019-03-31,-1
2020-04-30,95090,2021-03-31,,,,,,,,,,,,,,,,,,,,,,,,,,,,,,10.00,,,,,,,false,true,12,2020-04-01,2021-03-31,1
2020-07-30,95090,2021-03-31,1,173845000000,-0.026,,,,,24513000000,4.951,21782000000,,,18573000000,,88.67,,,,,,1980902000000,264719000000,0.127,,252484000000,,,,,,,,,,,,true,false,3,2020-04-01,2020-06-30,0
2020-07-30,95090,2020-03-31,1,178577000000,0.005,,,,,4119000000,-0.726,1673000000,-0.864,,1397000000,,5.09,,,,,,,,,,,,,,,,,,,,,,true,false,3,2019-04-01,2019-06-30,-1
2020-07-30,95090,2020-03-31,1,,,,,,,,,,,,,,,,,,,,1959060000000,247381000000,0.120,,234919000000,,,,,,,,,,,,true,false,12,2019-04-01,2020-03-31,-1
2020-07-30,95090,2020-03-31,1,,,,,,,,,,,,,,,,,,,,,,,,,,,,,10.00,,,,215291912,9789504,,false,false,12,2019-04-01,2020-03-31,-1
2020-07-30,95090,2021-03-31,1,,,,,,,,,,,,,,,,,,,,,,,,,,,,,10.00,,,,,,,false,true,12,2020-04-01,2021-03-31,0
2020-07-30,95090,2021-03-31,1,,,,,,,,,,,,,,,,,,,,,,,,,,,,,,,,,215291912,9789959,205502113,false,false,3,2020-04-01,2020-06-30,0
2020-07-30,95090,2020-03-31,1,,,,,,,,,,,,,,,,,,,,,,,,,,,,,,,,,,,205508970,false,false,3,2019-04-01,2019-06-30,-1
2020-10-28,95090,2021-03-31,2,339597000000,-0.028,,,,,33511000000,1.308,27937000000,2.071,,24146000000,,114.07,,,,,,1985425000000,271332000000,0.130,,259084000000,,,,,,,,,,,,true,false,6,2020-04-01,2020-09-30,0
2020-10-28,95090,2020-03-31,2,349447000000,-0.005,,,,,14520000000,-0.392,9096000000,-0.491,,7931000000,,35.16,,,,,,,,,,,,,,,,,,,,,,true,false,6,2019-04-01,2019-09-30,-1
2020-10-28,95090,2021-03-31,2,702000000000,-0.062,,,,,29000000000,-0.316,20000000000,-0.387,,17000000000,,75.86,,,,,,,,,,,,,,,,,,,,,,true,true,12,2020-04-01,2021-03-31,0
2020-10-28,95090,2020-03-31,2,,,,,,,,,,,,,,,,,,,,1959060000000,247381000000,0.120,,234919000000,,,,,,,,,,,,true,false,12,2019-04-01,2020-03-31,-1
2020-10-28,95090,2020-03-31,2,,,,,,,,,,,,,,,,,,,,,,,,,,,,,10.00,,,,215291912,9789504,,false,false,12,2019-04-01,2020-03-31,-1
2020-10-28,95090,2021-03-31,2,,,,,,,,,,,,,,,,,,,,,,,,,,,,,5.00,,,,,,,false,false,12,2020-04-01,2021-03-31,0
2020-10-28,95090,2021-03-31,2,,,,,,,,,,,,,,,,,,,,,,,,,,,,,10.00,,,,,,,false,true,12,2020-04-01,2021-03-31,0
2020-10-28,95090,2021-03-31,2,,,,,,,,,,,,,,,,,,,,,,,,,,,,,,,,,215291912,9791987,205501417,false,false,6,2020-04-01,2020-09-30,0
2020-10-28,95090,2020-03-31,2,,,,,,,,,,,,,,,,,,,,,,,,,,,,,,,,,,,205507992,false,false,6,2019-04-01,2019-09-30,-1
2020-10-28,95090,2021-03-31,,702000000000,,,,,,29000000000,,20000000000,,,17000000000,,75.86,,,,,,,,,,,,,,,,,,,,,,true,true,12,2020-04-01,2021-03-31,0
2020-10-28,95090,2020-03-31,,748468000000,,,,,,42415000000,,32640000000,,,26720000000,,123.16,,,,,,,,,,,,,,,,,,,,,,true,false,12,2019-04-01,2020-03-31,-1
2021-01-28,95090,2021-03-31,3,510599000000,-0.028,,,,,28780000000,0.795,21034000000,1.654,,17727000000,,81.09,,,,,,1995373000000,264075000000,0.126,,251615000000,,,,,,,,,,,,true,false,9,2020-04-01,2020-12-31,0
2021-01-28,95090,2020-03-31,3,525167000000,-0.010,,,,,16033000000,-0.456,7924000000,-0.619,,5902000000,,23.55,,,,,,,,,,,,,,,,,,,,,,true,false,9,2019-04-01,2019-12-31,-1
2021-01-28,95090,2021-03-31,3,719000000000,-0.039,,,,,39000000000,-0.081,30000000000,-0.081,,26000000000,,119.66,,,,,,,,,,,,,,,,,,,,,,true,true,12,2020-04-01,2021-03-31,0
2021-01-28,95090,2020-03-31,3,,,,,,,,,,,,,,,,,,,,1959060000000,247381000000,0.120,,234919000000,,,,,,,,,,,,true,false,12,2019-04-01,2020-03-31,-1
2021-01-28,95090,2020-03-31,3,,,,,,,,,,,,,,,,,,,,,,,,,,,,,10.00,,,,215291912,9789504,,false,false,12,2019-04-01,2020-03-31,-1
2021-01-28,95090,2021-03-31,3,,,,,,,,,,,,,,,,,,,,,,,,,,,,,5.00,,,,,,,false,false,12,2020-04-01,2021-03-31,0
2021-01-28,95090,2021-03-31,3,,,,,,,,,,,,,,,,,,,,,,,,,,,,,10.00,,,,,,,false,true,12,2020-04-01,2021-03-31,0
2021-01-28,95090,2021-03-31,3,,,,,,,,,,,,,,,,,,,,,,,,,,,,,,,,,215291912,9793521,205500674,false,false,9,2020-04-01,2020-12-31,0
2021-01-28,95090,2020-03-31,3,,,,,,,,,,,,,,,,,,,,,,,,,,,,,,,,,,,205507122,false,false,9,2019-04-01,2019-12-31,-1
2021-01-28,95090,2021-03-31,,719000000000,0.024,,,,,39000000000,0.345,30000000000,0.500,,26000000000,,119.66,,,,,,,,,,,,,,,,,,,,,,true,true,12,2020-04-01,2021-03-31,0
2021-01-28,95090,2020-03-31,,748468000000,,,,,,42415000000,,32640000000,,,26720000000,,123.16,,,,,,,,,,,,,,,,,,,,,,true,false,12,2019-04-01,2020-03-31,-1
2021-04-26,95090,2021-03-31,,741000000000,0.031,,,,,53000000000,0.359,41000000000,0.367,,36000000000,,168.33,,,,,,,,,,,,,,,,,,,,,,true,true,12,2020-04-01,2021-03-31,0
2021-04-26,95090,2020-03-31,,748468000000,,,,,,42415000000,,32640000000,,,26720000000,,123.16,,,,,,,,,,,,,,,,,,,,,,true,false,12,2019-04-01,2020-03-31,-1
2021-04-28,95090,2021-03-31,,740790000000,-0.010,,,,,53775000000,0.268,41150000000,0.261,,36155000000,,169.09,,0.141,0.021,0.073,,2001650000000,289733000000,0.138,1117.26,277102000000,136547000000,-85607000000,-24662000000,83767000000,,0.118,,,,,,true,false,12,2020-04-01,2021-03-31,0
2021-04-28,95090,2020-03-31,,748468000000,-0.005,,,,,42415000000,0.005,32640000000,0.081,,26720000000,,123.16,,0.118,0.017,0.057,,1959060000000,247381000000,0.120,911.01,234919000000,102686000000,-126745000000,9823000000,57490000000,,0.081,,,,,,true,false,12,2019-04-01,2020-03-31,-1
2021-04-28,95090,2022-03-31,,575000000000,-0.017,,,,,33000000000,-0.386,23000000000,-0.441,,20000000000,,90.54,,,,,,,,,,,,,,,,0.221,,,,,,true,true,12,2021-04-01,2022-03-31,1
2021-04-28,95090,2021-03-31,,669515000000,-0.063,,,,,43864000000,0.203,36226000000,0.312,32638000000,,0.360,151.97,,,,,,1854859000000,233771000000,0.126,906.23,233771000000,,,,,20.00,,,,215291912,9971642,205485117,false,false,12,2020-04-01,2021-03-31,0
2021-04-28,95090,2020-03-31,,714457000000,-0.009,,,,,36449000000,-0.016,27617000000,0.051,23997000000,,0.186,109.91,,,,,,1890825000000,201702000000,0.107,749.37,201702000000,,,,,10.00,,,,215291912,9789504,205506117,false,false,12,2019-04-01,2020-03-31,-1
2021-04-28,95090,2022-03-31,,,,,,,,,,,,,,,,,,,,,,,,,,,,,,20.00,,,,,,,false,true,12,2021-04-01,2022-03-31,1
2021-07-30,95090,2022-03-31,1,128137000000,-0.021,,,,,16715000000,-0.318,13707000000,-0.371,,9656000000,,45.32,,,,,,2007687000000,293682000000,0.140,,281168000000,,,,,,,,,,,,true,false,3,2021-04-01,2021-06-30,0
2021-07-30,95090,2021-03-31,1,130881000000,-0.072,,,,,24513000000,4.951,21782000000,,,18573000000,,88.67,,,,,,,,,,,,,,,,,,,,,,true,false,3,2020-04-01,2020-06-30,-1
2021-07-30,95090,2022-03-31,1,600000000000,0.025,,,,,33000000000,-0.386,23000000000,-0.441,,20000000000,,90.54,,,,,,,,,,,,,,,,,,,,,,true,true,12,2021-04-01,2022-03-31,0
2021-07-30,95090,2021-03-31,1,,,,,,,,,,,,,,,,,,,,2001650000000,289733000000,0.138,,277102000000,,,,,,,,,,,,true,false,12,2020-04-01,2021-03-31,-1
2021-07-30,95090,2021-03-31,1,,,,,,,,,,,,,,,,,,,,,,,,,,,,,20.00,,,,215291912,9971642,,false,false,12,2020-04-01,2021-03-31,-1
2021-07-30,95090,2022-03-31,1,,,,,,,,,,,,,,,,,,,,,,,,,,,,,20.00,,,,,,,false,true,12,2021-04-01,2022-03-31,0
2021-07-30,95090,2022-03-31,1,,,,,,,,,,,,,,,,,,,,,,,,,,,,,,,,,215291912,9972834,205319374,false,false,3,2021-04-01,2021-06-30,0
2021-07-30,95090,2021-03-31,1,,,,,,,,,,,,,,,,,,,,,,,,,,,,,,,,,,,205502113,false,false,3,2020-04-01,2020-06-30,-1
2021-10-28,95090,2022-03-31,2,273469000000,0.063,,,,,27118000000,-0.191,22703000000,-0.187,,17481000000,,81.71,,,,,,2002776000000,302161000000,0.145,,289484000000,,,,,,,,,,,,true,false,6,2021-04-01,2021-09-30,0
2021-10-28,95090,2021-03-31,2,257284000000,-0.082,,,,,33511000000,1.308,27937000000,2.071,,24146000000,,114.07,,,,,,,,,,,,,,,,,,,,,,true,false,6,2020-04-01,2020-09-30,-1
2021-10-28,95090,2022-03-31,2,633000000000,0.082,,,,,20000000000,-0.628,11000000000,-0.733,,9000000000,,36.97,,,,,,,,,,,,,,,,,,,,,,true,true,12,2021-04-01,2022-03-31,0
2021-10-28,95090,2021-03-31,2,,,,,,,,,,,,,,,,,,,,2001650000000,289733000000,0.138,,277102000000,,,,,,,,,,,,true,false,12,2020-04-01,2021-03-31,-1
2021-10-28,95090,2021-03-31,2,,,,,,,,,,,,,,,,,,,,,,,,,,,,,20.00,,,,215291912,9971642,,false,false,12,2020-04-01,2021-03-31,-1
2021-10-28,95090,2022-03-31,2,,,,,,,,,,,,,,,,,,,,,,,,,,,,,10.00,,,,,,,false,false,12,2021-04-01,2022-03-31,0
2021-10-28,95090,2022-03-31,2,,,,,,,,,,,,,,,,,,,,,,,,,,,,,20.00,,,,,,,false,true,12,2021-04-01,2022-03-31,0
2021-10-28,95090,2022-03-31,2,,,,,,,,,,,,,,,,,,,,,,,,,,,,,,,,,215291912,9975325,205318360,false,false,6,2021-04-01,2021-09-30,0
2021-10-28,95090,2021-03-31,2,,,,,,,,,,,,,,,,,,,,,,,,,,,,,,,,,,,205501417,false,false,6,2020-04-01,2020-09-30,-1
2021-10-28,95090,2022-03-31,,633000000000,0.055,,,,,20000000000,-0.394,11000000000,-0.522,,9000000000,,36.97,,,,,,,,,,,,,,,,,,,,,,true,true,12,2021-04-01,2022-03-31,0
2021-10-28,95090,2021-03-31,,585203000000,,,,,,53775000000,,41150000000,,,36155000000,,169.09,,,,,,,,,,,,,,,,,,,,,,true,false,12,2020-04-01,2021-03-31,-1
2022-01-27,95090,2022-03-31,3,441204000000,0.131,,,,,18857000000,-0.345,13090000000,-0.378,,8756000000,,37.48,,,,,,2010454000000,290867000000,0.138,,278008000000,,,,,,,,,,,,true,false,9,2021-04-01,2021-12-31,0
2022-01-27,95090,2021-03-31,3,390043000000,-0.076,,,,,28780000000,0.795,21034000000,1.654,,17727000000,,81.09,,,,,,,,,,,,,,,,,,,,,,true,false,9,2020-04-01,2020-12-31,-1
2022-01-27,95090,2022-03-31,3,649000000000,0.109,,,,,20000000000,-0.628,11000000000,-0.733,,7000000000,,27.23,,,,,,,,,,,,,,,,,,,,,,true,true,12,2021-04-01,2022-03-31,0
2022-01-27,95090,2021-03-31,3,,,,,,,,,,,,,,,,,,,,2001650000000,289733000000,0.138,,277102000000,,,,,,,,,,,,true,false,12,2020-04-01,2021-03-31,-1
2022-01-27,95090,2021-03-31,3,,,,,,,,,,,,,,,,,,,,,,,,,,,,,20.00,,,,215291912,9971642,,false,false,12,2020-04-01,2021-03-31,-1
2022-01-27,95090,2022-03-31,3,,,,,,,,,,,,,,,,,,,,,,,,,,,,,10.00,,,,,,,false,false,12,2021-04-01,2022-03-31,0
2022-01-27,95090,2022-03-31,3,,,,,,,,,,,,,,,,,,,,,,,,,,,,,20.00,,,,,,,false,true,12,2021-04-01,2022-03-31,0
2022-01-27,95090,2022-03-31,3,,,,,,,,,,,,,,,,,,,,,,,,,,,,,,,,,215291912,9976817,205317459,false,false,9,2021-04-01,2021-12-31,0
2022-01-27,95090,2021-03-31,3,,,,,,,,,,,,,,,,,,,,,,,,,,,,,,,,,,,205500674,false,false,9,2020-04-01,2020-12-31,-1
2022-04-28,95090,2022-03-31,,663414000000,0.134,,,,,24970000000,-0.536,13830000000,-0.664,,6864000000,,26.57,,0.025,0.007,0.038,,1992879000000,285717000000,0.137,1095.61,272647000000,102337000000,-77720000000,-19489000000,88894000000,,0.753,,,,,,true,false,12,2021-04-01,2022-03-31,0
2022-04-28,95090,2021-03-31,,585203000000,-0.031,,,,,53775000000,0.268,41150000000,0.261,,36155000000,,169.09,,0.141,0.021,0.092,,2001650000000,289733000000,0.138,1117.26,277102000000,136547000000,-85607000000,-24662000000,83767000000,,0.118,,,,,,true,false,12,2020-04-01,2021-03-31,-1
2022-04-28,95090,2022-03-31,,597934000000,0.110,,,,,18840000000,-0.570,12000000000,-0.669,9458000000,,-0.710,39.20,,,,,,1849970000000,231514000000,0.125,895.26,231514000000,,,,,20.00,,,,215291912,9978385,205316610,false,false,12,2021-04-01,2022-03-31,0
2022-04-28,95090,2021-03-31,,538672000000,-0.054,,,,,43864000000,0.203,36226000000,0.312,32638000000,,0.360,151.97,,,,,,1854859000000,233771000000,0.126,906.23,233771000000,,,,,20.00,,,,215291912,9971642,205485117,false,false,12,2020-04-01,2021-03-31,-1
2022-04-28,95090,2023-03-31,,,,,,,,,,,,,,,,,,,,,,,,,,,,,,20.00,,,,,,,false,true,12,2022-04-01,2023-03-31,1
2022-07-29,95090,2023-03-31,1,176029000000,0.374,,,,,13067000000,-0.218,12749000000,-0.070,,10438000000,,49.13,,,,,,2029047000000,292912000000,0.138,,280033000000,,,,,,,,,,,,true,false,3,2022-04-01,2022-06-30,0
2022-07-29,95090,2022-03-31,1,128137000000,-0.021,,,,,16715000000,-0.318,13707000000,-0.371,,9656000000,,45.32,,,,,,,,,,,,,,,,,,,,,,true,false,3,2021-04-01,2021-06-30,-1
2022-07-29,95090,2022-03-31,1,,,,,,,,,,,,,,,,,,,,1992879000000,285717000000,0.137,,272647000000,,,,,,,,,,,,true,false,12,2021-04-01,2022-03-31,-1
2022-07-29,95090,2022-03-31,1,,,,,,,,,,,,,,,,,,,,,,,,,,,,,20.00,,,,215291912,9978385,,false,false,12,2021-04-01,2022-03-31,-1
2022-07-29,95090,2023-03-31,1,,,,,,,,,,,,,,,,,,,,,,,,,,,,,20.00,,,,,,,false,true,12,2022-04-01,2023-03-31,0
2022-07-29,95090,2023-03-31,1,,,,,,,,,,,,,,,,,,,,,,,,,,,,,,,,,215291912,9979513,205312708,false,false,3,2022-04-01,2022-06-30,0
2022-07-29,95090,2022-03-31,1,,,,,,,,,,,,,,,,,,,,,,,,,,,,,,,,,,,205319374,false,false,3,2021-04-01,2021-06-30,-1
2022-09-22,95090,2023-03-31,,970000000000,,,,,,-64000000000,,-70000000000,,,-71000000000,,-352.68,,,,,,,,,,,,,,,,,,,,,,true,true,12,2022-04-01,2023-03-31,0
2022-09-22,95090,2022-03-31,,663414000000,,,,,,24970000000,,13830000000,,,6864000000,,26.57,,,,,,,,,,,,,,,,,,,,,,true,false,12,2021-04-01,2022-03-31,-1
2022-09-22,95090,2023-03-31,,,,,,,,,,,,,,,,,,,,,,,,,,,,,,20.00,,,,,,,false,true,12,2022-04-01,2023-03-31,0
2022-09-22,95090,2023-03-31,,,,,,,,,,,,,,,,,,,,,,,,,,,,,,0.00,,,,,,,false,false,12,2022-04-01,2023-03-31,0
2022-09-22,95090,2022-03-31,,,,,,,,,,,,,,,,,,,,,,,,,,,,,,20.00,,,,,,,false,false,12,2021-04-01,2022-03-31,-1
2022-10-26,95090,2023-03-31,2,386853000000,0.415,,,,,-985000000,,-1070000000,,,-1612000000,,-11.29,,,,,,2075698000000,281369000000,0.129,,268395000000,,,,,,,,,,,,true,false,6,2022-04-01,2022-09-30,0
2022-10-26,95090,2022-03-31,2,273469000000,0.063,,,,,27118000000,-0.191,22703000000,-0.187,,17481000000,,81.71,,,,,,,,,,,,,,,,,,,,,,true,false,6,2021-04-01,2021-09-30,-1
2022-10-26,95090,2023-03-31,2,970000000000,0.462,,,,,-64000000000,,-70000000000,,,-71000000000,,-352.68,,,,,,,,,,,,,,,,,,,,,,true,true,12,2022-04-01,2023-03-31,0
2022-10-26,95090,2022-03-31,2,,,,,,,,,,,,,,,,,,,,1992879000000,285717000000,0.137,,272647000000,,,,,,,,,,,,true,false,12,2021-04-01,2022-03-31,-1
2022-10-26,95090,2022-03-31,2,,,,,,,,,,,,,,,,,,,,,,,,,,,,,20.00,,,,215291912,9978385,,false,false,12,2021-04-01,2022-03-31,-1
2022-10-26,95090,2023-03-31,2,,,,,,,,,,,,,,,,,,,,,,,,,,,,,0.00,,,,,,,false,false,12,2022-04-01,2023-03-31,0
2022-10-26,95090,2023-03-31,2,,,,,,,,,,,,,,,,,,,,,,,,,,,,,,,,,215291912,9979393,205312864,false,false,6,2022-04-01,2022-09-30,0
2022-10-26,95090,2022-03-31,2,,,,,,,,,,,,,,,,,,,,,,,,,,,,,,,,,,,205318360,false,false,6,2021-04-01,2021-09-30,-1
2023-01-26,95090,2023-03-31,3,623847000000,0.414,,,,,-26847000000,,-31590000000,,,-21005000000,,-107.49,,,,,,2125920000000,262333000000,0.117,,249244000000,,,,,,,,,,,,true,false,9,2022-04-01,2022-12-31,0
2023-01-26,95090,2022-03-31,3,441204000000,0.131,,,,,18857000000,-0.345,13090000000,-0.378,,8756000000,,37.48,,,,,,,,,,,,,,,,,,,,,,true,false,9,2021-04-01,2021-12-31,-1
2023-01-26,95090,2023-03-31,3,921000000000,0.388,,,,,-51000000000,,-62000000000,,,-53000000000,,-265.01,,,,,,,,,,,,,,,,,,,,,,true,true,12,2022-04-01,2023-03-31,0
2023-01-26,95090,2022-03-31,3,,,,,,,,,,,,,,,,,,,,1992879000000,285717000000,0.137,,272647000000,,,,,,,,,,,,true,false,12,2021-04-01,2022-03-31,-1
2023-01-26,95090,2022-03-31,3,,,,,,,,,,,,,,,,,,,,,,,,,,,,,20.00,,,,215291912,9978385,,false,false,12,2021-04-01,2022-03-31,-1
2023-01-26,95090,2023-03-31,3,,,,,,,,,,,,,,,,,,,,,,,,,,,,,0.00,,,,,,,false,false,12,2022-04-01,2023-03-31,0
2023-01-26,95090,2023-03-31,3,,,,,,,,,,,,,,,,,,,,,,,,,,,,,0.00,,,,,,,false,true,12,2022-04-01,2023-03-31,0
2023-01-26,95090,2023-03-31,3,,,,,,,,,,,,,,,,,,,,,,,,,,,,,,,,,215291912,9980575,205312491,false,false,9,2022-04-01,2022-12-31,0
2023-01-26,95090,2022-03-31,3,,,,,,,,,,,,,,,,,,,,,,,,,,,,,,,,,,,205317459,false,false,9,2021-04-01,2021-12-31,-1
2023-03-23,95090,2023-03-31,,897000000000,-0.026,,,,,-24000000000,,-32000000000,,,-25000000000,,-128.63,,,,,,,,,,,,,,,,,,,,,,true,true,12,2022-04-01,2023-03-31,0
2023-03-23,95090,2022-03-31,,663414000000,,,,,,24970000000,,13830000000,,,6864000000,,26.57,,,,,,,,,,,,,,,,,,,,,,true,false,12,2021-04-01,2022-03-31,-1
2023-04-27,95090,2023-03-31,,888874000000,0.340,,,,,-22530000000,,-29251000000,,,-22193000000,,-114.96,,-0.086,-0.014,-0.025,,2093339000000,258106000000,0.117,956.63,244815000000,-574000000,-85248000000,86795000000,89867000000,,,,,,,,true,false,12,2022-04-01,2023-03-31,0
2023-04-27,95090,2022-03-31,,663414000000,0.134,,,,,24970000000,-0.536,13830000000,-0.664,,6864000000,,26.57,,0.025,0.007,0.038,,1992879000000,285717000000,0.137,1095.61,272647000000,102337000000,-77720000000,-19489000000,88894000000,,0.753,,,,,,true,false,12,2021-04-01,2022-03-31,-1
2023-04-27,95090,2023-03-31,,779676000000,0.304,,,,,-30381000000,,-34471000000,,-24900000000,,,-128.15,,,,,,1957545000000,202738000000,0.104,751.68,202738000000,,,,,0.00,,,,215291912,9981780,205312005,false,false,12,2022-04-01,2023-03-31,0
2023-04-27,95090,2022-03-31,,597934000000,0.110,,,,,18840000000,-0.570,12000000000,-0.669,9458000000,,-0.710,39.20,,,,,,1849970000000,231514000000,0.125,895.26,231514000000,,,,,20.00,,,,215291912,9978385,205316610,false,false,12,2021-04-01,2022-03-31,-1
2023-07-28,95090,2024-03-31,1,227791000000,0.294,,,,,49426000000,2.783,47549000000,2.730,,34605000000,,166.79,,,,,,2116141000000,293543000000,0.133,,280398000000,,,,,,,,,,,,true,false,3,2023-04-01,2023-06-30,0
2023-07-28,95090,2023-03-31,1,176029000000,0.374,,,,,13067000000,-0.218,12749000000,-0.070,,10438000000,,49.13,,,,,,,,,,,,,,,,,,,,,,true,false,3,2022-04-01,2022-06-30,-1
2023-07-28,95090,2024-03-31,1,977000000000,0.099,,,,,45000000000,,32000000000,,,27000000000,,124.44,,,,,,,,,,,,,,,,,,,,,,true,true,12,2023-04-01,2024-03-31,0
2023-07-28,95090,2023-03-31,1,,,,,,,,,,,,,,,,,,,,2093339000000,258106000000,0.117,,244815000000,,,,,,,,,,,,true,false,12,2022-04-01,2023-03-31,-1
2023-07-28,95090,2023-03-31,1,,,,,,,,,,,,,,,,,,,,,,,,,,,,,0.00,,,,215291912,9981780,,false,false,12,2022-04-01,2023-03-31,-1
2023-07-28,95090,2024-03-31,1,,,,,,,,,,,,,,,,,,,,,,,,,,,,,,,,,215291912,9983022,205309391,false,false,3,2023-04-01,2023-06-30,0
2023-07-28,95090,2023-03-31,1,,,,,,,,,,,,,,,,,,,,,,,,,,,,,,,,,,,205312708,false,false,3,2022-04-01,2022-06-30,-1
,95090,2024-03-31,,,,,,,,,,,,,,,,,,,,,,,,,,,,,,10.00,,,,,,,false,true,12,2023-04-01,2024-03-31,0
,95090,2023-03-31,,,,,,,,,,,,,,,,,,,,,,,,,,,,,,0.00,,,,,,,false,false,12,2022-04-01,2023-03-31,-1
2023-10-26,95090,2024-03-31,2,458579000000,0.185,,,,,74966000000,,70323000000,,,51037000000,,245.01,,,,,,2129956000000,312242000000,0.140,,299115000000,,,,,,,,,,,,true,false,6,2023-04-01,2023-09-30,0
2023-10-26,95090,2023-03-31,2,386853000000,0.415,,,,,-985000000,,-1070000000,,,-1612000000,,-11.29,,,,,,,,,,,,,,,,,,,,,,true,false,6,2022-04-01,2022-09-30,-1
2023-10-26,95090,2024-03-31,2,960000000000,0.080,,,,,49000000000,,36000000000,,,31000000000,,143.98,,,,,,,,,,,,,,,,,,,,,,true,true,12,2023-04-01,2024-03-31,0
2023-10-26,95090,2023-03-31,2,,,,,,,,,,,,,,,,,,,,2093339000000,258106000000,0.117,,244815000000,,,,,,,,,,,,true,false,12,2022-04-01,2023-03-31,-1
2023-10-26,95090,2023-03-31,2,,,,,,,,,,,,,,,,,,,,,,,,,,,,,0.00,,,,215291912,9981780,,false,false,12,2022-04-01,2023-03-31,-1
2023-10-26,95090,2024-03-31,2,,,,,,,,,,,,,,,,,,,,,,,,,,,,,5.00,,,,,,,false,false,12,2023-04-01,2024-03-31,0
2023-10-26,95090,2024-03-31,2,,,,,,,,,,,,,,,,,,,,,,,,,,,,,10.00,,,,,,,false,true,12,2023-04-01,2024-03-31,0
2023-10-26,95090,2024-03-31,2,,,,,,,,,,,,,,,,,,,,,,,,,,,,,,,,,215291912,9979796,205311036,false,false,6,2023-04-01,2023-09-30,0
2023-10-26,95090,2023-03-31,2,,,,,,,,,,,,,,,,,,,,,,,,,,,,,,,,,,,205312864,false,false,6,2022-04-01,2022-09-30,-1
2024-01-31,95090,2024-03-31,3,685581000000,0.099,,,,,81030000000,,73793000000,,,53661000000,,256.06,,,,,,2114195000000,312768000000,0.142,,299313000000,,,,,,,,,,,,true,false,9,2023-04-01,2023-12-31,0
2024-01-31,95090,2023-03-31,3,623847000000,0.414,,,,,-26847000000,,-31590000000,,,-21005000000,,-107.49,,,,,,,,,,,,,,,,,,,,,,true,false,9,2022-04-01,2022-12-31,-1
2024-01-31,95090,2024-03-31,3,953000000000,0.072,,,,,77000000000,,64000000000,,,55000000000,,260.88,,,,,,,,,,,,,,,,,,,,,,true,true,12,2023-04-01,2024-03-31,0
2024-01-31,95090,2023-03-31,3,,,,,,,,,,,,,,,,,,,,2093339000000,258106000000,0.117,,244815000000,,,,,,,,,,,,true,false,12,2022-04-01,2023-03-31,-1
2024-01-31,95090,2023-03-31,3,,,,,,,,,,,,,,,,,,,,,,,,,,,,,0.00,,,,215291912,9981780,,false,false,12,2022-04-01,2023-03-31,-1
2024-01-31,95090,2024-03-31,3,,,,,,,,,,,,,,,,,,,,,,,,,,,,,5.00,,,,,,,false,false,12,2023-04-01,2024-03-31,0
2024-01-31,95090,2024-03-31,3,,,,,,,,,,,,,,,,,,,,,,,,,,,,,10.00,,,,,,,false,true,12,2023-04-01,2024-03-31,0
2024-01-31,95090,2024-03-31,3,,,,,,,,,,,,,,,,,,,,,,,,,,,,,,,,,215291912,9981998,205310980,false,false,9,2023-04-01,2023-12-31,0
2024-01-31,95090,2023-03-31,3,,,,,,,,,,,,,,,,,,,,,,,,,,,,,,,,,,,205312491,false,false,9,2022-04-01,2022-12-31,-1
2024-03-22,95090,2024-03-31,,948000000000,-0.005,,,,,101000000000,0.312,88000000000,0.375,,66000000000,,314.46,,,,,,,,,,,,,,,,,,,,,,true,true,12,2023-04-01,2024-03-31,0
2024-03-22,95090,2023-03-31,,888874000000,,,,,,-22530000000,,-29251000000,,,-22193000000,,-114.96,,,,,,,,,,,,,,,,,,,,,,true,false,12,2022-04-01,2023-03-31,-1
2024-03-22,95090,2024-03-31,,,,,,,,,,,,,,,,,,,,,,,,,,,,,,20.00,,,,,,,false,true,12,2023-04-01,2024-03-31,0
2024-03-22,95090,2024-03-31,,,,,,,,,,,,,,,,,,,,,,,,,,,,,,5.00,,,,,,,false,false,12,2023-04-01,2024-03-31,0
2024-03-22,95090,2023-03-31,,,,,,,,,,,,,,,,,,,,,,,,,,,,,,0.00,,,,,,,false,false,12,2022-04-01,2023-03-31,-1
2024-04-26,95090,2024-03-31,,953784000000,0.073,,,,,101155000000,,87315000000,,,66201000000,,315.44,,0.235,0.041,0.106,,2141691000000,333528000000,0.149,1323.28,319383000000,176135000000,-80841000000,-74654000000,110709000000,,0.063,,,,,,true,false,12,2023-04-01,2024-03-31,0
2024-04-26,95090,2023-03-31,,888874000000,0.340,,,,,-22530000000,,-29251000000,,,-22193000000,,-114.96,,-0.086,-0.014,-0.025,,2093339000000,258106000000,0.117,956.63,244815000000,-574000000,-85248000000,86795000000,89867000000,,,,,,,,true,false,12,2022-04-01,2023-03-31,-1
2024-04-26,95090,2025-03-31,,876000000000,-0.082,,,,,50000000000,-0.506,37000000000,-0.576,,43000000000,,202.57,,,,,,,,,,,,,,,,0.099,,,,,,true,true,12,2024-04-01,2025-03-31,1
2024-04-26,95090,2024-03-31,,861640000000,0.105,,,,,75859000000,,69061000000,,54120000000,,,256.60,,,,,,1957695000000,258898000000,0.132,1028.67,258898000000,,,,,20.00,,,,215291912,9984721,205310228,false,false,12,2023-04-01,2024-03-31,0
2024-04-26,95090,2023-03-31,,779676000000,0.304,,,,,-30381000000,,-34471000000,,-24900000000,,,-128.15,,,,,,1957545000000,202738000000,0.104,751.68,202738000000,,,,,0.00,,,,215291912,9981780,205312005,false,false,12,2022-04-01,2023-03-31,-1
2024-04-26,95090,2025-03-31,,,,,,,,,,,,,,,,,,,,,,,,,,,,,,20.00,,,,,,,false,true,12,2024-04-01,2025-03-31,1
2024-07-31,95090,2025-03-31,1,202569000000,-0.111,,,,,34676000000,-0.298,33172000000,-0.302,,31245000000,,150.48,,,,,,2108768000000,362231000000,0.165,,348175000000,,,,,,,,,,,,true,false,3,2024-04-01,2024-06-30,0
2024-07-31,95090,2024-03-31,1,227791000000,0.294,,,,,49426000000,2.783,47549000000,2.730,,34605000000,,166.79,,,,,,,,,,,,,,,,,,,,,,true,false,3,2023-04-01,2023-06-30,-1
2024-07-31,95090,2025-03-31,1,906000000000,-0.050,,,,,50000000000,-0.506,37000000000,-0.576,,43000000000,,202.58,,,,,,,,,,,,,,,,,,,,,,true,true,12,2024-04-01,2025-03-31,0
2024-07-31,95090,2024-03-31,1,,,,,,,,,,,,,,,,,,,,2141691000000,333528000000,0.149,,319383000000,,,,,,,,,,,,true,false,12,2023-04-01,2024-03-31,-1
2024-07-31,95090,2024-03-31,1,,,,,,,,,,,,,,,,,,,,,,,,,,,,,20.00,,,,215291912,9984721,,false,false,12,2023-04-01,2024-03-31,-1
2024-07-31,95090,2025-03-31,1,,,,,,,,,,,,,,,,,,,,,,,,,,,,,20.00,,,,,,,false,true,12,2024-04-01,2025-03-31,0
2024-07-31,95090,2025-03-31,1,,,,,,,,,,,,,,,,,,,,,,,,,,,,,,,,,215291912,9987102,205305590,false,false,3,2024-04-01,2024-06-30,0
2024-07-31,95090,2024-03-31,1,,,,,,,,,,,,,,,,,,,,,,,,,,,,,,,,,,,205309391,false,false,3,2023-04-01,2023-06-30,-1
2024-08-09,95090,2025-03-31,1,202569000000,-0.111,,,,,34676000000,-0.298,33172000000,-0.302,,31245000000,,150.48,,,,,,2108768000000,362231000000,0.165,,348175000000,,,,,,,,,,,,true,false,3,2024-04-01,2024-06-30,0
2024-08-09,95090,2024-03-31,1,227791000000,0.294,,,,,49426000000,2.783,47549000000,2.730,,34605000000,,166.79,,,,,,,,,,,,,,,,,,,,,,true,false,3,2023-04-01,2023-06-30,-1
2024-08-09,95090,2025-03-31,1,906000000000,-0.050,,,,,50000000000,-0.506,37000000000,-0.576,,43000000000,,202.58,,,,,,,,,,,,,,,,,,,,,,true,true,12,2024-04-01,2025-03-31,0
2024-08-09,95090,2024-03-31,1,,,,,,,,,,,,,,,,,,,,2141691000000,333528000000,0.149,,319383000000,,,,,,,,,,,,true,false,12,2023-04-01,2024-03-31,-1
2024-08-09,95090,2024-03-31,1,,,,,,,,,,,,,,,,,,,,,,,,,,,,,20.00,,,,215291912,9984721,,false,false,12,2023-04-01,2024-03-31,-1
2024-08-09,95090,2025-03-31,1,,,,,,,,,,,,,,,,,,,,,,,,,,,,,20.00,,,,,,,false,true,12,2024-04-01,2025-03-31,0
2024-08-09,95090,2025-03-31,1,,,,,,,,,,,,,,,,,,,,,,,,,,,,,,,,,215291912,9987102,205305590,false,false,3,2024-04-01,2024-06-30,0
2024-08-09,95090,2024-03-31,1,,,,,,,,,,,,,,,,,,,,,,,,,,,,,,,,,,,205309391,false,false,3,2023-04-01,2023-06-30,-1
2024-10-31,95090,2025-03-31,2,416710000000,-0.091,,,,,56168000000,-0.251,50787000000,-0.278,,50682000000,,243.41,,,,,,2133810000000,381191000000,0.172,,367126000000,,,,,,,,,,,,true,false,6,2024-04-01,2024-09-30,0
2024-10-31,95090,2024-03-31,2,458579000000,0.185,,,,,74966000000,,70323000000,,,51037000000,,245.01,,,,,,,,,,,,,,,,,,,,,,true,false,6,2023-04-01,2023-09-30,-1
2024-10-31,95090,2025-03-31,2,902000000000,-0.054,,,,,50000000000,-0.506,37000000000,-0.576,,43000000000,,202.56,,,,,,,,,,,,,,,,,,,,,,true,true,12,2024-04-01,2025-03-31,0
2024-10-31,95090,2024-03-31,2,,,,,,,,,,,,,,,,,,,,2141691000000,333528000000,0.149,,319383000000,,,,,,,,,,,,true,false,12,2023-04-01,2024-03-31,-1
2024-10-31,95090,2024-03-31,2,,,,,,,,,,,,,,,,,,,,,,,,,,,,,20.00,,,,215291912,9984721,,false,false,12,2023-04-01,2024-03-31,-1
2024-10-31,95090,2025-03-31,2,,,,,,,,,,,,,,,,,,,,,,,,,,,,,10.00,,,,,,,false,false,12,2024-04-01,2025-03-31,0
2024-10-31,95090,2025-03-31,2,,,,,,,,,,,,,,,,,,,,,,,,,,,,,20.00,,,,,,,false,true,12,2024-04-01,2025-03-31,0
2024-10-31,95090,2025-03-31,2,,,,,,,,,,,,,,,,,,,,,,,,,,,,,,,,,215291912,9959316,205319379,false,false,6,2024-04-01,2024-09-30,0
2024-10-31,95090,2024-03-31,2,,,,,,,,,,,,,,,,,,,,,,,,,,,,,,,,,,,205311036,false,false,6,2023-04-01,2023-09-30,-1
2025-01-31,95090,2025-03-31,3,646403000000,-0.057,,,,,64495000000,-0.204,56804000000,-0.230,,54665000000,,261.07,,,,,,2190798000000,384745000000,0.169,,370130000000,,,,,,,,,,,,true,false,9,2024-04-01,2024-12-31,0
2025-01-31,95090,2024-03-31,3,685581000000,0.099,,,,,81030000000,,73793000000,,,53661000000,,256.06,,,,,,,,,,,,,,,,,,,,,,true,false,9,2023-04-01,2023-12-31,-1
2025-01-31,95090,2025-03-31,3,907000000000,-0.049,,,,,56000000000,-0.446,43000000000,-0.508,,47000000000,,222.04,,,,,,,,,,,,,,,,,,,,,,true,true,12,2024-04-01,2025-03-31,0
2025-01-31,95090,2024-03-31,3,,,,,,,,,,,,,,,,,,,,2141691000000,333528000000,0.149,,319383000000,,,,,,,,,,,,true,false,12,2023-04-01,2024-03-31,-1
2025-01-31,95090,2024-03-31,3,,,,,,,,,,,,,,,,,,,,,,,,,,,,,20.00,,,,215291912,9984721,,false,false,12,2023-04-01,2024-03-31,-1
2025-01-31,95090,2025-03-31,3,,,,,,,,,,,,,,,,,,,,,,,,,,,,,10.00,,,,,,,false,false,12,2024-04-01,2025-03-31,0
2025-01-31,95090,2025-03-31,3,,,,,,,,,,,,,,,,,,,,,,,,,,,,,20.00,,,,,,,false,true,12,2024-04-01,2025-03-31,0
2025-01-31,95090,2025-03-31,3,,,,,,,,,,,,,,,,,,,,,,,,,,,,,,,,,215291912,9961276,205323414,false,false,9,2024-04-01,2024-12-31,0
2025-01-31,95090,2024-03-31,3,,,,,,,,,,,,,,,,,,,,,,,,,,,,,,,,,,,205310980,false,false,9,2023-04-01,2023-12-31,-1
2025-02-07,95090,2025-03-31,3,646403000000,-0.057,,,,,64495000000,-0.204,56804000000,-0.230,,54665000000,,261.07,,,,,,2190798000000,384745000000,0.169,,370130000000,,,,,,,,,,,,true,false,9,2024-04-01,2024-12-31,0
2025-02-07,95090,2024-03-31,3,685581000000,0.099,,,,,81030000000,,73793000000,,,53661000000,,256.06,,,,,,,,,,,,,,,,,,,,,,true,false,9,2023-04-01,2023-12-31,-1
2025-02-07,95090,2025-03-31,3,907000000000,-0.049,,,,,56000000000,-0.446,43000000000,-0.508,,47000000000,,222.04,,,,,,,,,,,,,,,,,,,,,,true,true,12,2024-04-01,2025-03-31,0
2025-02-07,95090,2024-03-31,3,,,,,,,,,,,,,,,,,,,,2141691000000,333528000000,0.149,,319383000000,,,,,,,,,,,,true,false,12,2023-04-01,2024-03-31,-1
2025-02-07,95090,2024-03-31,3,,,,,,,,,,,,,,,,,,,,,,,,,,,,,20.00,,,,215291912,9984721,,false,false,12,2023-04-01,2024-03-31,-1
2025-02-07,95090,2025-03-31,3,,,,,,,,,,,,,,,,,,,,,,,,,,,,,10.00,,,,,,,false,false,12,2024-04-01,2025-03-31,0
2025-02-07,95090,2025-03-31,3,,,,,,,,,,,,,,,,,,,,,,,,,,,,,20.00,,,,,,,false,true,12,2024-04-01,2025-03-31,0
2025-02-07,95090,2025-03-31,3,,,,,,,,,,,,,,,,,,,,,,,,,,,,,,,,,215291912,9961276,205323414,false,false,9,2024-04-01,2024-12-31,0
2025-02-07,95090,2024-03-31,3,,,,,,,,,,,,,,,,,,,,,,,,,,,,,,,,,,,205310980,false,false,9,2023-04-01,2023-12-31,-1
2025-04-24,95090,2025-03-31,,902000000000,-0.006,,,,,76000000000,0.357,64000000000,0.488,,64000000000,,304.83,,,,,,,,,,,,,,,,,,,,,,true,true,12,2024-04-01,2025-03-31,0
2025-04-24,95090,2024-03-31,,953784000000,,,,,,101155000000,,87315000000,,,66201000000,,315.44,,,,,,,,,,,,,,,,,,,,,,true,false,12,2023-04-01,2024-03-31,-1
2025-04-30,95090,2025-03-31,,902053000000,-0.054,,,,,75838000000,-0.250,64051000000,-0.266,,64218000000,,305.90,,0.181,0.029,0.084,,2244003000000,407336000000,0.175,1676.47,391931000000,125588000000,-90702000000,10726000000,156322000000,,0.065,,,,,,true,false,12,2024-04-01,2025-03-31,0
2025-04-30,95090,2024-03-31,,953784000000,0.073,,,,,101155000000,,87315000000,,,66201000000,,315.44,,0.235,0.041,0.106,,2141691000000,333528000000,0.149,1323.28,319383000000,176135000000,-80841000000,-74654000000,110709000000,,0.063,,,,,,true,false,12,2023-04-01,2024-03-31,-1
2025-04-30,95090,2026-03-31,,898000000000,-0.004,,,,,54000000000,-0.288,40000000000,-0.375,,26000000000,,119.76,,,,,,,,,,,,,,,,0.251,,,,,,true,true,12,2025-04-01,2026-03-31,1
2025-04-30,95090,2025-03-31,,788051000000,-0.085,,,,,58776000000,-0.225,53689000000,-0.223,58722000000,,0.085,279.13,,,,,,2045437000000,315047000000,0.154,1302.03,315047000000,,,,,20.00,,,,215291912,9963625,205324835,false,false,12,2024-04-01,2025-03-31,0
2025-04-30,95090,2024-03-31,,861640000000,0.105,,,,,75859000000,,69061000000,,54120000000,,,256.60,,,,,,1957695000000,258898000000,0.132,1028.67,258898000000,,,,,20.00,,,,215291912,9984721,205310228,false,false,12,2023-04-01,2024-03-31,-1
2025-04-30,95090,2026-03-31,,,,,,,,,,,,,,,,,,,,,,,,,,,,,,30.00,,,,,,,false,true,12,2025-04-01,2026-03-31,1
