filing_date,code,fiscal_year_end,quarterly_period,net_sales,net_sales_change,revenue,revenue_change,operating_revenue,operating_revenue_change,operating_profit,operating_profit_change,ordinary_profit,ordinary_profit_change,net_income,net_income_of_parent,net_income_change,eps,diluted_eps,roe,roa,operating_profit_to_net_sales,operating_profit_to_revenue,total_assets,net_assets,equity_ratio,bps,owner_equity,operating_cash_flow,investing_cash_flow,financing_cash_flow,cash,dividend_per_share,payout_ratio,commemorative_dividend,extra_dividend,number_of_shares,number_of_treqsury_shares,avg_number_of_shares,is_consolidated,is_forecast,duration,period_start,period_end,period_pos
2015-07-31,95110,2016-03-31,1,41807000000,-0.002,,,,,-484000000,,-828000000,,,-769000000,,-29.36,,,,,,417423000000,146954000000,0.350,,145991000000,,,,,,,,,,,,true,false,3,2015-04-01,2015-06-30,0
2015-07-31,95110,2015-03-31,1,41893000000,0.055,,,,,-1414000000,,-1809000000,,,-1461000000,,-55.78,,,,,,,,,,,,,,,,,,,,,,true,false,3,2014-04-01,2014-06-30,-1
2015-07-31,95110,2016-03-31,1,18500000000,0.003,,,,,7400000000,-0.219,5400000000,-0.293,,3900000000,,148.85,,,,,,,,,,,,,,,,,,,,,,true,true,12,2015-04-01,2016-03-31,0
2015-07-31,95110,2015-03-31,1,,,,,,,,,,,,,,,,,,,,421824000000,147973000000,0.349,,147008000000,,,,,,,,,,,,true,false,12,2014-04-01,2015-03-31,-1
2015-07-31,95110,2015-03-31,1,,,,,,,,,,,,,,,,,,,,,,,,,,,,,60.00,,,,26287084,82555,,false,false,12,2014-04-01,2015-03-31,-1
2015-07-31,95110,2016-03-31,1,,,,,,,,,,,,,,,,,,,,,,,,,,,,,60.00,,,,,,,false,true,12,2015-04-01,2016-03-31,0
2015-07-31,95110,2016-03-31,1,,,,,,,,,,,,,,,,,,,,,,,,,,,,,,,,,26287084,86296,26203511,false,false,3,2015-04-01,2015-06-30,0
2015-07-31,95110,2015-03-31,1,,,,,,,,,,,,,,,,,,,,,,,,,,,,,,,,,,,26205676,false,false,3,2014-04-01,2014-06-30,-1
2015-07-31,95110,2016-03-31,1,41807000000,-0.002,,,,,-484000000,,-828000000,,,-769000000,,-29.36,,,,,,417423000000,146954000000,0.350,,145991000000,,,,,,,,,,,,true,false,3,2015-04-01,2015-06-30,0
2015-07-31,95110,2015-03-31,1,41893000000,0.055,,,,,-1414000000,,-1809000000,,,-1461000000,,-55.78,,,,,,,,,,,,,,,,,,,,,,true,false,3,2014-04-01,2014-06-30,-1
2015-07-31,95110,2016-03-31,1,185500000000,0.003,,,,,7400000000,-0.219,5400000000,-0.293,,3900000000,,148.85,,,,,,,,,,,,,,,,,,,,,,true,true,12,2015-04-01,2016-03-31,0
2015-07-31,95110,2015-03-31,1,,,,,,,,,,,,,,,,,,,,421824000000,147973000000,0.349,,147008000000,,,,,,,,,,,,true,false,12,2014-04-01,2015-03-31,-1
2015-07-31,95110,2015-03-31,1,,,,,,,,,,,,,,,,,,,,,,,,,,,,,60.00,,,,26287084,82555,,false,false,12,2014-04-01,2015-03-31,-1
2015-07-31,95110,2016-03-31,1,,,,,,,,,,,,,,,,,,,,,,,,,,,,,60.00,,,,,,,false,true,12,2015-04-01,2016-03-31,0
2015-07-31,95110,2016-03-31,1,,,,,,,,,,,,,,,,,,,,,,,,,,,,,,,,,26287084,86296,26203511,false,false,3,2015-04-01,2015-06-30,0
2015-07-31,95110,2015-03-31,1,,,,,,,,,,,,,,,,,,,,,,,,,,,,,,,,,,,26205676,false,false,3,2014-04-01,2014-06-30,-1
2015-10-30,95110,2016-03-31,2,96679000000,-0.015,,,,,6774000000,-0.146,5858000000,-0.160,,4587000000,,175.06,,,,,,415131000000,151891000000,0.364,,150926000000,,,,,,,,,,,,true,false,6,2015-04-01,2015-09-30,0
2015-10-30,95110,2015-03-31,2,98131000000,0.038,,,,,7928000000,-0.255,6974000000,-0.259,,5262000000,,200.83,,,,,,,,,,,,,,,,,,,,,,true,false,6,2014-04-01,2014-09-30,-1
2015-10-30,95110,2016-03-31,2,184400000000,-0.003,,,,,7400000000,-0.219,5400000000,-0.293,,3900000000,,148.85,,,,,,,,,,,,,,,,,,,,,,true,true,12,2015-04-01,2016-03-31,0
2015-10-30,95110,2015-03-31,2,,,,,,,,,,,,,,,,,,,,421824000000,147973000000,0.349,,147008000000,,,,,,,,,,,,true,false,12,2014-04-01,2015-03-31,-1
2015-10-30,95110,2015-03-31,2,,,,,,,,,,,,,,,,,,,,,,,,,,,,,60.00,,,,26287084,82555,,false,false,12,2014-04-01,2015-03-31,-1
2015-10-30,95110,2016-03-31,2,,,,,,,,,,,,,,,,,,,,,,,,,,,,,30.00,,,,,,,false,false,12,2015-04-01,2016-03-31,0
2015-10-30,95110,2016-03-31,2,,,,,,,,,,,,,,,,,,,,,,,,,,,,,60.00,,,,,,,false,true,12,2015-04-01,2016-03-31,0
2015-10-30,95110,2016-03-31,2,,,,,,,,,,,,,,,,,,,,,,,,,,,,,,,,,26287084,86585,26202274,false,false,6,2015-04-01,2015-09-30,0
2015-10-30,95110,2015-03-31,2,,,,,,,,,,,,,,,,,,,,,,,,,,,,,,,,,,,26205609,false,false,6,2014-04-01,2014-09-30,-1
2016-01-29,95110,2016-03-31,3,141923000000,-0.011,,,,,9591000000,-0.177,8264000000,-0.218,,6430000000,,245.41,,,,,,408663000000,152888000000,0.372,,151905000000,,,,,,,,,,,,true,false,9,2015-04-01,2015-12-31,0
2016-01-29,95110,2015-03-31,3,143463000000,0.037,,,,,11660000000,-0.238,10573000000,-0.248,,8015000000,,305.86,,,,,,,,,,,,,,,,,,,,,,true,false,9,2014-04-01,2014-12-31,-1
2016-01-29,95110,2016-03-31,3,183300000000,-0.009,,,,,7400000000,-0.219,5400000000,-0.293,,3900000000,,148.85,,,,,,,,,,,,,,,,,,,,,,true,true,12,2015-04-01,2016-03-31,0
2016-01-29,95110,2015-03-31,3,,,,,,,,,,,,,,,,,,,,421824000000,147973000000,0.349,,147008000000,,,,,,,,,,,,true,false,12,2014-04-01,2015-03-31,-1
2016-01-29,95110,2015-03-31,3,,,,,,,,,,,,,,,,,,,,,,,,,,,,,60.00,,,,26287084,82555,,false,false,12,2014-04-01,2015-03-31,-1
2016-01-29,95110,2016-03-31,3,,,,,,,,,,,,,,,,,,,,,,,,,,,,,30.00,,,,,,,false,false,12,2015-04-01,2016-03-31,0
2016-01-29,95110,2016-03-31,3,,,,,,,,,,,,,,,,,,,,,,,,,,,,,60.00,,,,,,,false,true,12,2015-04-01,2016-03-31,0
2016-01-29,95110,2016-03-31,3,,,,,,,,,,,,,,,,,,,,,,,,,,,,,,,,,26287084,86886,26201683,false,false,9,2015-04-01,2015-12-31,0
2016-01-29,95110,2015-03-31,3,,,,,,,,,,,,,,,,,,,,,,,,,,,,,,,,,,,26205499,false,false,9,2014-04-01,2014-12-31,-1
2016-04-28,95110,2016-03-31,,182265000000,-0.015,,,,,7239000000,-0.236,5229000000,-0.315,,3647000000,,139.22,,0.025,0.013,0.040,,409860000000,148111000000,0.359,5614.89,147111000000,33875000000,-17096000000,-15395000000,12640000000,,0.431,,,,,,true,false,12,2015-04-01,2016-03-31,0
2016-04-28,95110,2015-03-31,,185001000000,0.032,,,,,9479000000,0.090,7638000000,0.101,,4943000000,,188.66,,0.034,0.018,0.051,,421824000000,147973000000,0.349,5610.03,147008000000,28717000000,-20964000000,-5039000000,11256000000,,0.212,,,,,,true,false,12,2014-04-01,2015-03-31,-1
2016-04-28,95110,2017-03-31,,174500000000,-0.043,,,,,8200000000,0.133,6600000000,0.262,,4900000000,,124.68,,,,,,,,,,,,,,,,0.481,,,,,,true,true,12,2016-04-01,2017-03-31,1
2016-04-28,95110,2016-03-31,,174286000000,-0.018,,,,,5597000000,-0.256,3784000000,-0.338,2931000000,,-0.260,111.88,,,,,,384459000000,134609000000,0.350,5137.73,134609000000,,,,,60.00,,,,26287084,86871,26201365,false,false,12,2015-04-01,2016-03-31,0
2016-04-28,95110,2015-03-31,,177509000000,0.032,,,,,7525000000,0.108,5720000000,0.099,3960000000,,0.011,151.14,,,,,,400934000000,133851000000,0.334,5107.96,133851000000,,,,,60.00,,,,26287084,82555,26205328,false,false,12,2014-04-01,2015-03-31,-1
2016-04-28,95110,2017-03-31,,166200000000,-0.046,,,,,6600000000,0.179,5000000000,0.321,4000000000,,0.365,101.78,,,,,,,,,,,,,,,60.00,,,,,,,false,true,12,2016-04-01,2017-03-31,1
2016-07-29,95110,2017-03-31,1,41376000000,-0.010,,,,,120000000,,-252000000,,,-326000000,,-8.31,,,,,,409704000000,146723000000,0.356,,145726000000,,,,,,,,,,,,true,false,3,2016-04-01,2016-06-30,0
2016-07-29,95110,2016-03-31,1,41807000000,-0.002,,,,,-484000000,,-828000000,,,-769000000,,-19.57,,,,,,,,,,,,,,,,,,,,,,true,false,3,2015-04-01,2015-06-30,-1
2016-07-29,95110,2017-03-31,1,176100000000,-0.034,,,,,9200000000,0.271,7600000000,0.453,,5700000000,,145.05,,,,,,,,,,,,,,,,,,,,,,true,true,12,2016-04-01,2017-03-31,0
2016-07-29,95110,2016-03-31,1,,,,,,,,,,,,,,,,,,,,409860000000,148111000000,0.359,,147111000000,,,,,,,,,,,,true,false,12,2015-04-01,2016-03-31,-1
2016-07-29,95110,2016-03-31,1,,,,,,,,,,,,,,,,,,,,,,,,,,,,,60.00,,,,39430626,130306,,false,false,12,2015-04-01,2016-03-31,-1
2016-07-29,95110,2017-03-31,1,,,,,,,,,,,,,,,,,,,,,,,,,,,,,60.00,,,,,,,false,true,12,2016-04-01,2017-03-31,0
2016-07-29,95110,2017-03-31,1,,,,,,,,,,,,,,,,,,,,,,,,,,,,,,,,,39430626,134383,39299233,false,false,3,2016-04-01,2016-06-30,0
2016-07-29,95110,2016-03-31,1,,,,,,,,,,,,,,,,,,,,,,,,,,,,,,,,,,,39305266,false,false,3,2015-04-01,2015-06-30,-1
2016-10-28,95110,2017-03-31,2,95680000000,-0.010,,,,,10534000000,0.555,9719000000,0.659,,7566000000,,192.54,,,,,,408894000000,154840000000,0.376,,153905000000,,,,,,,,,,,,true,false,6,2016-04-01,2016-09-30,0
2016-10-28,95110,2016-03-31,2,96679000000,-0.015,,,,,6774000000,-0.146,5858000000,-0.160,,4587000000,,116.71,,,,,,,,,,,,,,,,,,,,,,true,false,6,2015-04-01,2015-09-30,-1
2016-10-28,95110,2017-03-31,2,178100000000,-0.023,,,,,9200000000,0.271,7600000000,0.453,,5700000000,,145.05,,,,,,,,,,,,,,,,,,,,,,true,true,12,2016-04-01,2017-03-31,0
2016-10-28,95110,2016-03-31,2,,,,,,,,,,,,,,,,,,,,409860000000,148111000000,0.359,,147111000000,,,,,,,,,,,,true,false,12,2015-04-01,2016-03-31,-1
2016-10-28,95110,2016-03-31,2,,,,,,,,,,,,,,,,,,,,,,,,,,,,,60.00,,,,39430626,130306,,false,false,12,2015-04-01,2016-03-31,-1
2016-10-28,95110,2017-03-31,2,,,,,,,,,,,,,,,,,,,,,,,,,,,,,30.00,,,,,,,false,false,12,2016-04-01,2017-03-31,0
2016-10-28,95110,2017-03-31,2,,,,,,,,,,,,,,,,,,,,,,,,,,,,,60.00,,,,,,,false,true,12,2016-04-01,2017-03-31,0
2016-10-28,95110,2017-03-31,2,,,,,,,,,,,,,,,,,,,,,,,,,,,,,,,,,39430626,135821,39297325,false,false,6,2016-04-01,2016-09-30,0
2016-10-28,95110,2016-03-31,2,,,,,,,,,,,,,,,,,,,,,,,,,,,,,,,,,,,39303411,false,false,6,2015-04-01,2015-09-30,-1
2017-01-31,95110,2017-03-31,3,139859000000,-0.015,,,,,12727000000,0.327,11518000000,0.394,,8868000000,,225.68,,,,,,403815000000,156160000000,0.384,,155195000000,,,,,,,,,,,,true,false,9,2016-04-01,2016-12-31,0
2017-01-31,95110,2016-03-31,3,141923000000,-0.011,,,,,9591000000,-0.177,8264000000,-0.218,,6430000000,,163.60,,,,,,,,,,,,,,,,,,,,,,true,false,9,2015-04-01,2015-12-31,-1
2017-01-31,95110,2017-03-31,3,180500000000,-0.010,,,,,9200000000,0.271,7600000000,0.453,,5700000000,,145.05,,,,,,,,,,,,,,,,,,,,,,true,true,12,2016-04-01,2017-03-31,0
2017-01-31,95110,2016-03-31,3,,,,,,,,,,,,,,,,,,,,409860000000,148111000000,0.359,,147111000000,,,,,,,,,,,,true,false,12,2015-04-01,2016-03-31,-1
2017-01-31,95110,2016-03-31,3,,,,,,,,,,,,,,,,,,,,,,,,,,,,,60.00,,,,39430626,130306,,false,false,12,2015-04-01,2016-03-31,-1
2017-01-31,95110,2017-03-31,3,,,,,,,,,,,,,,,,,,,,,,,,,,,,,30.00,,,,,,,false,false,12,2016-04-01,2017-03-31,0
2017-01-31,95110,2017-03-31,3,,,,,,,,,,,,,,,,,,,,,,,,,,,,,60.00,,,,,,,false,true,12,2016-04-01,2017-03-31,0
2017-01-31,95110,2017-03-31,3,,,,,,,,,,,,,,,,,,,,,,,,,,,,,,,,,39430626,136618,39296420,false,false,9,2016-04-01,2016-12-31,0
2017-01-31,95110,2016-03-31,3,,,,,,,,,,,,,,,,,,,,,,,,,,,,,,,,,,,39302524,false,false,9,2015-04-01,2015-12-31,-1
2017-04-28,95110,2017-03-31,,179997000000,-0.012,,,,,9126000000,0.261,7521000000,0.438,,5517000000,,140.41,,0.037,0.019,0.051,,400237000000,153361000000,0.381,3876.36,152316000000,31907000000,-19795000000,-12626000000,12126000000,,0.427,,,,,,true,false,12,2016-04-01,2017-03-31,0
2017-04-28,95110,2016-03-31,,182265000000,-0.015,,,,,7239000000,-0.236,5229000000,-0.315,,3647000000,,92.81,,0.025,0.013,0.040,,409860000000,148111000000,0.359,3743.26,147111000000,33875000000,-17096000000,-15395000000,12640000000,,0.431,,,,,,true,false,12,2015-04-01,2016-03-31,-1
2017-04-28,95110,2018-03-31,,194200000000,0.079,,,,,7700000000,-0.156,6200000000,-0.176,,4600000000,,106.42,,,,,,,,,,,,,,,,0.564,,,,,,true,true,12,2017-04-01,2018-03-31,1
2017-04-28,95110,2017-03-31,,172340000000,-0.011,,,,,7112000000,0.271,5622000000,0.486,4486000000,,0.531,114.18,,,,,,376373000000,137985000000,0.367,3511.64,137985000000,,,,,60.00,,,,39430626,136906,39295811,false,false,12,2016-04-01,2017-03-31,0
2017-04-28,95110,2016-03-31,,174286000000,-0.018,,,,,5597000000,-0.256,3784000000,-0.338,2931000000,,-0.260,74.59,,,,,,384459000000,134609000000,0.350,3425.15,134609000000,,,,,60.00,,,,39430626,130306,39302048,false,false,12,2015-04-01,2016-03-31,-1
2017-04-28,95110,2018-03-31,,184800000000,0.072,,,,,6300000000,-0.114,5000000000,-0.111,4000000000,,-0.109,92.54,,,,,,,,,,,,,,,60.00,,,,,,,false,true,12,2017-04-01,2018-03-31,1
2017-07-28,95110,2018-03-31,1,43177000000,0.044,,,,,564000000,3.678,235000000,,,133000000,,3.08,,,,,,401495000000,152586000000,0.377,,151547000000,,,,,,,,,,,,true,false,3,2017-04-01,2017-06-30,0
2017-07-28,95110,2017-03-31,1,41376000000,-0.010,,,,,120000000,,-252000000,,,-326000000,,-7.56,,,,,,,,,,,,,,,,,,,,,,true,false,3,2016-04-01,2016-06-30,-1
2017-07-28,95110,2018-03-31,1,191900000000,0.066,,,,,7700000000,-0.156,6200000000,-0.176,,4600000000,,106.43,,,,,,,,,,,,,,,,,,,,,,true,true,12,2017-04-01,2018-03-31,0
2017-07-28,95110,2017-03-31,1,,,,,,,,,,,,,,,,,,,,400237000000,153361000000,0.381,,152316000000,,,,,,,,,,,,true,false,12,2016-04-01,2017-03-31,-1
2017-07-28,95110,2017-03-31,1,,,,,,,,,,,,,,,,,,,,,,,,,,,,,60.00,,,,43373688,150596,,false,false,12,2016-04-01,2017-03-31,-1
2017-07-28,95110,2018-03-31,1,,,,,,,,,,,,,,,,,,,,,,,,,,,,,60.00,,,,,,,false,true,12,2017-04-01,2018-03-31,0
2017-07-28,95110,2018-03-31,1,,,,,,,,,,,,,,,,,,,,,,,,,,,,,,,,,43373688,153308,43222294,false,false,3,2017-04-01,2017-06-30,0
2017-07-28,95110,2017-03-31,1,,,,,,,,,,,,,,,,,,,,,,,,,,,,,,,,,,,43229156,false,false,3,2016-04-01,2016-06-30,-1
2017-10-31,95110,2018-03-31,2,105078000000,0.098,,,,,11115000000,0.055,10414000000,0.072,,8255000000,,191.02,,,,,,409400000000,160824000000,0.390,,159771000000,,,,,,,,,,,,true,false,6,2017-04-01,2017-09-30,0
2017-10-31,95110,2017-03-31,2,95680000000,-0.010,,,,,10534000000,0.555,9719000000,0.659,,7566000000,,175.04,,,,,,,,,,,,,,,,,,,,,,true,false,6,2016-04-01,2016-09-30,-1
2017-10-31,95110,2018-03-31,2,195500000000,0.086,,,,,7700000000,-0.156,6200000000,-0.176,,4600000000,,106.43,,,,,,,,,,,,,,,,,,,,,,true,true,12,2017-04-01,2018-03-31,0
2017-10-31,95110,2017-03-31,2,,,,,,,,,,,,,,,,,,,,400237000000,153361000000,0.381,,152316000000,,,,,,,,,,,,true,false,12,2016-04-01,2017-03-31,-1
2017-10-31,95110,2017-03-31,2,,,,,,,,,,,,,,,,,,,,,,,,,,,,,60.00,,,,43373688,150596,,false,false,12,2016-04-01,2017-03-31,-1
2017-10-31,95110,2018-03-31,2,,,,,,,,,,,,,,,,,,,,,,,,,,,,,30.00,,,,,,,false,false,12,2017-04-01,2018-03-31,0
2017-10-31,95110,2018-03-31,2,,,,,,,,,,,,,,,,,,,,,,,,,,,,,60.00,,,,,,,false,true,12,2017-04-01,2018-03-31,0
2017-10-31,95110,2018-03-31,2,,,,,,,,,,,,,,,,,,,,,,,,,,,,,,,,,43373688,156197,43220643,false,false,6,2017-04-01,2017-09-30,0
2017-10-31,95110,2017-03-31,2,,,,,,,,,,,,,,,,,,,,,,,,,,,,,,,,,,,43227057,false,false,6,2016-04-01,2016-09-30,-1
2018-01-30,95110,2018-03-31,3,152929000000,0.093,,,,,14060000000,0.105,13472000000,0.170,,10439000000,,242.53,,,,,,403844000000,157016000000,0.386,,155883000000,,,,,,,,,,,,true,false,9,2017-04-01,2017-12-31,0
2018-01-30,95110,2017-03-31,3,139859000000,-0.015,,,,,12727000000,0.327,11518000000,0.394,,8868000000,,205.16,,,,,,,,,,,,,,,,,,,,,,true,false,9,2016-04-01,2016-12-31,-1
2018-01-30,95110,2018-03-31,3,196700000000,0.093,,,,,8500000000,-0.069,7200000000,-0.043,,5400000000,,126.52,,,,,,,,,,,,,,,,,,,,,,true,true,12,2017-04-01,2018-03-31,0
2018-01-30,95110,2017-03-31,3,,,,,,,,,,,,,,,,,,,,400237000000,153361000000,0.381,,152316000000,,,,,,,,,,,,true,false,12,2016-04-01,2017-03-31,-1
2018-01-30,95110,2017-03-31,3,,,,,,,,,,,,,,,,,,,,,,,,,,,,,60.00,,,,43373688,150596,,false,false,12,2016-04-01,2017-03-31,-1
2018-01-30,95110,2018-03-31,3,,,,,,,,,,,,,,,,,,,,,,,,,,,,,30.00,,,,,,,false,false,12,2017-04-01,2018-03-31,0
2018-01-30,95110,2018-03-31,3,,,,,,,,,,,,,,,,,,,,,,,,,,,,,60.00,,,,,,,false,true,12,2017-04-01,2018-03-31,0
2018-01-30,95110,2018-03-31,3,,,,,,,,,,,,,,,,,,,,,,,,,,,,,,,,,43373688,1906825,43044573,false,false,9,2017-04-01,2017-12-31,0
2018-01-30,95110,2017-03-31,3,,,,,,,,,,,,,,,,,,,,,,,,,,,,,,,,,,,43226061,false,false,9,2016-04-01,2016-12-31,-1
2018-04-27,95110,2018-03-31,,196134000000,0.090,,,,,9333000000,0.023,8381000000,0.114,,6273000000,,147.00,,0.041,0.021,0.048,,402088000000,152759000000,0.377,3654.58,151543000000,32610000000,-15238000000,-11411000000,18086000000,,0.408,,,,,,true,false,12,2017-04-01,2018-03-31,0
2018-04-27,95110,2017-03-31,,179997000000,-0.012,,,,,9126000000,0.261,7521000000,0.438,,5517000000,,127.65,,0.037,0.019,0.051,,400237000000,153361000000,0.381,3523.97,152316000000,31907000000,-19795000000,-12626000000,12126000000,,0.427,,,,,,true,false,12,2016-04-01,2017-03-31,-1
2018-04-27,95110,2019-03-31,,203000000000,0.035,,,,,7800000000,-0.164,6700000000,-0.201,,5100000000,,98.39,,,,,,,,,,,,,,,,0.610,,,,,,true,true,12,2018-04-01,2019-03-31,1
2018-04-27,95110,2018-03-31,,188075000000,0.091,,,,,7160000000,0.007,6322000000,0.125,5106000000,,0.138,119.64,,,,,,375163000000,136006000000,0.363,3279.91,136006000000,,,,,60.00,,,,43373688,1906955,42680456,false,false,12,2017-04-01,2018-03-31,0
2018-04-27,95110,2017-03-31,,172340000000,-0.011,,,,,7112000000,0.271,5622000000,0.486,4486000000,,0.531,103.80,,,,,,376373000000,137985000000,0.367,3192.40,137985000000,,,,,60.00,,,,43373688,150596,43225392,false,false,12,2016-04-01,2017-03-31,-1
2018-04-27,95110,2019-03-31,,193000000000,0.026,,,,,6400000000,-0.106,5500000000,-0.130,4400000000,,-0.138,84.89,,,,,,,,,,,,,,,60.00,,,,,,,false,true,12,2018-04-01,2019-03-31,1
2018-07-31,95110,2019-03-31,1,48183000000,0.116,,,,,-1151000000,,-1257000000,,,-1132000000,,-21.85,,,,,,410001000000,150318000000,0.364,,149104000000,,,,,,,,,,,,true,false,3,2018-04-01,2018-06-30,0
2018-07-31,95110,2018-03-31,1,43177000000,0.044,,,,,564000000,3.678,235000000,,,133000000,,2.46,,,,,,,,,,,,,,,,,,,,,,true,false,3,2017-04-01,2017-06-30,-1
2018-07-31,95110,2019-03-31,1,207300000000,0.057,,,,,7800000000,-0.164,6700000000,-0.201,,5100000000,,98.40,,,,,,,,,,,,,,,,,,,,,,true,true,12,2018-04-01,2019-03-31,0
2018-07-31,95110,2018-03-31,1,,,,,,,,,,,,,,,,,,,,402088000000,152759000000,0.377,,151543000000,,,,,,,,,,,,true,false,12,2017-04-01,2018-03-31,-1
2018-07-31,95110,2018-03-31,1,,,,,,,,,,,,,,,,,,,,,,,,,,,,,60.00,,,,54217110,2383693,,false,false,12,2017-04-01,2018-03-31,-1
2018-07-31,95110,2019-03-31,1,,,,,,,,,,,,,,,,,,,,,,,,,,,,,60.00,,,,,,,false,true,12,2018-04-01,2019-03-31,0
2018-07-31,95110,2019-03-31,1,,,,,,,,,,,,,,,,,,,,,,,,,,,,,,,,,54217110,2385794,51832687,false,false,3,2018-04-01,2018-06-30,0
2018-07-31,95110,2018-03-31,1,,,,,,,,,,,,,,,,,,,,,,,,,,,,,,,,,,,54027867,false,false,3,2017-04-01,2017-06-30,-1
2018-10-23,95110,2019-03-31,,207800000000,0.002,,,,,6300000000,-0.192,5200000000,-0.224,,3800000000,,73.32,,,,,,,,,,,,,,,,,,,,,,true,true,12,2018-04-01,2019-03-31,0
2018-10-23,95110,2018-03-31,,196134000000,,,,,,9333000000,,8381000000,,,6273000000,,117.60,,,,,,,,,,,,,,,,,,,,,,true,false,12,2017-04-01,2018-03-31,-1
2018-10-23,95110,2019-03-31,,198300000000,0.005,,,,,4900000000,-0.234,4000000000,-0.273,3100000000,,-0.295,59.81,,,,,,,,,,,,,,,,,,,,,,false,true,12,2018-04-01,2019-03-31,0
2018-10-23,95110,2018-03-31,,188075000000,,,,,,7160000000,,6322000000,,5106000000,,,95.71,,,,,,,,,,,,,,,,,,,,,,false,false,12,2017-04-01,2018-03-31,-1
2018-10-31,95110,2019-03-31,2,109593000000,0.043,,,,,5590000000,-0.497,5096000000,-0.511,,3921000000,,75.66,,,,,,411136000000,155119000000,0.374,,153910000000,,,,,,,,,,,,true,false,6,2018-04-01,2018-09-30,0
2018-10-31,95110,2018-03-31,2,105078000000,0.098,,,,,11115000000,0.055,10414000000,0.072,,8255000000,,152.81,,,,,,,,,,,,,,,,,,,,,,true,false,6,2017-04-01,2017-09-30,-1
2018-10-31,95110,2019-03-31,2,207800000000,0.059,,,,,6300000000,-0.325,5200000000,-0.380,,3800000000,,73.32,,,,,,,,,,,,,,,,,,,,,,true,true,12,2018-04-01,2019-03-31,0
2018-10-31,95110,2018-03-31,2,,,,,,,,,,,,,,,,,,,,402088000000,152759000000,0.377,,151543000000,,,,,,,,,,,,true,false,12,2017-04-01,2018-03-31,-1
2018-10-31,95110,2018-03-31,2,,,,,,,,,,,,,,,,,,,,,,,,,,,,,60.00,,,,54217110,2383693,,false,false,12,2017-04-01,2018-03-31,-1
2018-10-31,95110,2019-03-31,2,,,,,,,,,,,,,,,,,,,,,,,,,,,,,30.00,,,,,,,false,false,12,2018-04-01,2019-03-31,0
2018-10-31,95110,2019-03-31,2,,,,,,,,,,,,,,,,,,,,,,,,,,,,,60.00,,,,,,,false,true,12,2018-04-01,2019-03-31,0
2018-10-31,95110,2019-03-31,2,,,,,,,,,,,,,,,,,,,,,,,,,,,,,,,,,54217110,2389130,51831147,false,false,6,2018-04-01,2018-09-30,0
2018-10-31,95110,2018-03-31,2,,,,,,,,,,,,,,,,,,,,,,,,,,,,,,,,,,,54025803,false,false,6,2017-04-01,2017-09-30,-1
2019-01-31,95110,2019-03-31,3,158958000000,0.039,,,,,7376000000,-0.475,6729000000,-0.500,,5209000000,,100.52,,,,,,403838000000,154049000000,0.378,,152817000000,,,,,,,,,,,,true,false,9,2018-04-01,2018-12-31,0
2019-01-31,95110,2018-03-31,3,152929000000,0.093,,,,,14060000000,0.105,13472000000,0.170,,10439000000,,194.02,,,,,,,,,,,,,,,,,,,,,,true,false,9,2017-04-01,2017-12-31,-1
2019-01-31,95110,2019-03-31,3,207000000000,0.055,,,,,5500000000,-0.411,5200000000,-0.380,,3800000000,,73.32,,,,,,,,,,,,,,,,,,,,,,true,true,12,2018-04-01,2019-03-31,0
2019-01-31,95110,2018-03-31,3,,,,,,,,,,,,,,,,,,,,402088000000,152759000000,0.377,,151543000000,,,,,,,,,,,,true,false,12,2017-04-01,2018-03-31,-1
2019-01-31,95110,2018-03-31,3,,,,,,,,,,,,,,,,,,,,,,,,,,,,,60.00,,,,54217110,2383693,,false,false,12,2017-04-01,2018-03-31,-1
2019-01-31,95110,2019-03-31,3,,,,,,,,,,,,,,,,,,,,,,,,,,,,,30.00,,,,,,,false,false,12,2018-04-01,2019-03-31,0
2019-01-31,95110,2019-03-31,3,,,,,,,,,,,,,,,,,,,,,,,,,,,,,60.00,,,,,,,false,true,12,2018-04-01,2019-03-31,0
2019-01-31,95110,2019-03-31,3,,,,,,,,,,,,,,,,,,,,,,,,,,,,,,,,,54217110,2389249,51830183,false,false,9,2018-04-01,2018-12-31,0
2019-01-31,95110,2018-03-31,3,,,,,,,,,,,,,,,,,,,,,,,,,,,,,,,,,,,53805716,false,false,9,2017-04-01,2017-12-31,-1
2019-04-26,95110,2019-03-31,,205481000000,0.048,,,,,5443000000,-0.417,5220000000,-0.377,,3751000000,,72.38,,0.025,0.013,0.026,,399104000000,152404000000,0.378,2913.59,151004000000,16608000000,-17408000000,-778000000,16508000000,,0.829,,,,,,true,false,12,2018-04-01,2019-03-31,0
2019-04-26,95110,2018-03-31,,196134000000,0.090,,,,,9333000000,0.023,8381000000,0.114,,6273000000,,117.60,,0.041,0.021,0.048,,402088000000,152759000000,0.377,2923.66,151543000000,32610000000,-15238000000,-11411000000,18086000000,,0.408,,,,,,true,false,12,2017-04-01,2018-03-31,-1
2019-04-26,95110,2020-03-31,,206500000000,0.005,,,,,7900000000,0.451,7200000000,0.379,,5500000000,,106.12,,,,,,,,,,,,,,,,0.565,,,,,,true,true,12,2019-04-01,2020-03-31,1
2019-04-26,95110,2019-03-31,,195960000000,0.042,,,,,3507000000,-0.510,3694000000,-0.416,3034000000,,-0.406,58.55,,,,,,368746000000,135228000000,0.367,2609.20,135228000000,,,,,60.00,,,,54217110,2389436,51829615,false,false,12,2018-04-01,2019-03-31,0
2019-04-26,95110,2018-03-31,,188075000000,0.091,,,,,7160000000,0.007,6322000000,0.125,5106000000,,0.138,95.71,,,,,,375163000000,136006000000,0.363,2623.92,136006000000,,,,,60.00,,,,54217110,2383693,53350570,false,false,12,2017-04-01,2018-03-31,-1
2019-04-26,95110,2020-03-31,,196100000000,0.001,,,,,6600000000,0.882,6000000000,0.624,4800000000,,0.582,92.61,,,,,,,,,,,,,,,60.00,,,,,,,false,true,12,2019-04-01,2020-03-31,1
2019-07-31,95110,2020-03-31,1,47741000000,-0.009,,,,,-1696000000,,-1796000000,,,-1523000000,,-29.39,,,,,,410388000000,149238000000,0.360,,147840000000,,,,,,,,,,,,true,false,3,2019-04-01,2019-06-30,0
2019-07-31,95110,2019-03-31,1,48183000000,0.116,,,,,-1151000000,,-1257000000,,,-1132000000,,-21.85,,,,,,,,,,,,,,,,,,,,,,true,false,3,2018-04-01,2018-06-30,-1
2019-07-31,95110,2020-03-31,1,205600000000,0.001,,,,,7900000000,0.451,7200000000,0.379,,5500000000,,106.12,,,,,,,,,,,,,,,,,,,,,,true,true,12,2019-04-01,2020-03-31,0
2019-07-31,95110,2019-03-31,1,,,,,,,,,,,,,,,,,,,,399104000000,152404000000,0.378,,151004000000,,,,,,,,,,,,true,false,12,2018-04-01,2019-03-31,-1
2019-07-31,95110,2019-03-31,1,,,,,,,,,,,,,,,,,,,,,,,,,,,,,60.00,,,,54217110,2389436,,false,false,12,2018-04-01,2019-03-31,-1
2019-07-31,95110,2020-03-31,1,,,,,,,,,,,,,,,,,,,,,,,,,,,,,60.00,,,,,,,false,true,12,2019-04-01,2020-03-31,0
2019-07-31,95110,2020-03-31,1,,,,,,,,,,,,,,,,,,,,,,,,,,,,,,,,,54217110,2389665,51827535,false,false,3,2019-04-01,2019-06-30,0
2019-07-31,95110,2019-03-31,1,,,,,,,,,,,,,,,,,,,,,,,,,,,,,,,,,,,51832687,false,false,3,2018-04-01,2018-06-30,-1
2019-10-31,95110,2020-03-31,2,111032000000,0.013,,,,,8762000000,0.567,8398000000,0.648,,6453000000,,124.52,,,,,,409560000000,157374000000,0.381,,155972000000,,,,,,,,,,,,true,false,6,2019-04-01,2019-09-30,0
2019-10-31,95110,2019-03-31,2,109593000000,0.043,,,,,5590000000,-0.497,5096000000,-0.511,,3921000000,,75.66,,,,,,,,,,,,,,,,,,,,,,true,false,6,2018-04-01,2018-09-30,-1
2019-10-31,95110,2020-03-31,2,206400000000,0.004,,,,,8900000000,0.635,8200000000,0.571,,6300000000,,121.56,,,,,,,,,,,,,,,,,,,,,,true,true,12,2019-04-01,2020-03-31,0
2019-10-31,95110,2019-03-31,2,,,,,,,,,,,,,,,,,,,,399104000000,152404000000,0.378,,151004000000,,,,,,,,,,,,true,false,12,2018-04-01,2019-03-31,-1
2019-10-31,95110,2019-03-31,2,,,,,,,,,,,,,,,,,,,,,,,,,,,,,60.00,,,,54217110,2389436,,false,false,12,2018-04-01,2019-03-31,-1
2019-10-31,95110,2020-03-31,2,,,,,,,,,,,,,,,,,,,,,,,,,,,,,30.00,,,,,,,false,false,12,2019-04-01,2020-03-31,0
2019-10-31,95110,2020-03-31,2,,,,,,,,,,,,,,,,,,,,,,,,,,,,,60.00,,,,,,,false,true,12,2019-04-01,2020-03-31,0
2019-10-31,95110,2020-03-31,2,,,,,,,,,,,,,,,,,,,,,,,,,,,,,,,,,54217110,2389762,51827464,false,false,6,2019-04-01,2019-09-30,0
2019-10-31,95110,2019-03-31,2,,,,,,,,,,,,,,,,,,,,,,,,,,,,,,,,,,,51831147,false,false,6,2018-04-01,2018-09-30,-1
2020-01-31,95110,2020-03-31,3,160974000000,0.013,,,,,13275000000,0.800,12661000000,0.881,,9678000000,,186.75,,,,,,410087000000,159603000000,0.386,,158166000000,,,,,,,,,,,,true,false,9,2019-04-01,2019-12-31,0
2020-01-31,95110,2019-03-31,3,158958000000,0.039,,,,,7376000000,-0.475,6729000000,-0.500,,5209000000,,100.52,,,,,,,,,,,,,,,,,,,,,,true,false,9,2018-04-01,2018-12-31,-1
2020-01-31,95110,2020-03-31,3,205400000000,-0.000,,,,,9000000000,0.653,8300000000,0.590,,6300000000,,121.56,,,,,,,,,,,,,,,,,,,,,,true,true,12,2019-04-01,2020-03-31,0
2020-01-31,95110,2019-03-31,3,,,,,,,,,,,,,,,,,,,,399104000000,152404000000,0.378,,151004000000,,,,,,,,,,,,true,false,12,2018-04-01,2019-03-31,-1
2020-01-31,95110,2019-03-31,3,,,,,,,,,,,,,,,,,,,,,,,,,,,,,60.00,,,,54217110,2389436,,false,false,12,2018-04-01,2019-03-31,-1
2020-01-31,95110,2020-03-31,3,,,,,,,,,,,,,,,,,,,,,,,,,,,,,30.00,,,,,,,false,false,12,2019-04-01,2020-03-31,0
2020-01-31,95110,2020-03-31,3,,,,,,,,,,,,,,,,,,,,,,,,,,,,,60.00,,,,,,,false,true,12,2019-04-01,2020-03-31,0
2020-01-31,95110,2020-03-31,3,,,,,,,,,,,,,,,,,,,,,,,,,,,,,,,,,54217110,2390226,51827319,false,false,9,2019-04-01,2019-12-31,0
2020-01-31,95110,2019-03-31,3,,,,,,,,,,,,,,,,,,,,,,,,,,,,,,,,,,,51830183,false,false,9,2018-04-01,2018-12-31,-1
2020-04-30,95110,2020-03-31,,204296000000,-0.006,,,,,10326000000,0.897,9311000000,0.784,,6705000000,,129.39,,0.044,0.023,0.051,,408789000000,155710000000,0.377,2975.81,154226000000,36092000000,-25988000000,-5018000000,21593000000,,0.464,,,,,,true,false,12,2019-04-01,2020-03-31,0
2020-04-30,95110,2019-03-31,,205481000000,0.048,,,,,5443000000,-0.417,5220000000,-0.377,,3751000000,,72.38,,0.025,0.013,0.026,,399104000000,152404000000,0.378,2913.59,151004000000,16608000000,-17408000000,-778000000,16508000000,,0.829,,,,,,true,false,12,2018-04-01,2019-03-31,-1
2020-04-30,95110,2021-03-31,,191800000000,-0.061,,,,,10000000000,-0.032,9300000000,-0.001,,7000000000,,128.63,,,,,,,,,,,,,,,,0.466,,,,,,true,true,12,2020-04-01,2021-03-31,1
2020-04-30,95110,2020-03-31,,194471000000,-0.008,,,,,8236000000,1.348,7321000000,0.982,5651000000,,0.862,109.05,,,,,,373941000000,137558000000,0.368,2654.21,137558000000,,,,,60.00,,,,54217110,2390471,51827184,false,false,12,2019-04-01,2020-03-31,0
2020-04-30,95110,2019-03-31,,195960000000,0.042,,,,,3507000000,-0.510,3694000000,-0.416,3034000000,,-0.406,58.55,,,,,,368746000000,135228000000,0.367,2609.20,135228000000,,,,,60.00,,,,54217110,2389436,51829615,false,false,12,2018-04-01,2019-03-31,-1
2020-04-30,95110,2021-03-31,,181500000000,-0.067,,,,,8100000000,-0.017,7500000000,0.024,5900000000,,0.044,108.42,,,,,,,,,,,,,,,60.00,,,,,,,false,true,12,2020-04-01,2021-03-31,1
2020-07-31,95110,2021-03-31,1,44752000000,-0.063,,,,,-383000000,,-418000000,,,-401000000,,-7.38,,,,,,415330000000,153921000000,0.367,,152444000000,,,,,,,,,,,,true,false,3,2020-04-01,2020-06-30,0
2020-07-31,95110,2020-03-31,1,47741000000,-0.009,,,,,-1696000000,,-1796000000,,,-1523000000,,-27.99,,,,,,,,,,,,,,,,,,,,,,true,false,3,2019-04-01,2019-06-30,-1
2020-07-31,95110,2021-03-31,1,188700000000,-0.076,,,,,10000000000,-0.032,9300000000,-0.001,,7000000000,,128.64,,,,,,,,,,,,,,,,,,,,,,true,true,12,2020-04-01,2021-03-31,0
2020-07-31,95110,2020-03-31,1,,,,,,,,,,,,,,,,,,,,408789000000,155710000000,0.377,,154226000000,,,,,,,,,,,,true,false,12,2019-04-01,2020-03-31,-1
2020-07-31,95110,2020-03-31,1,,,,,,,,,,,,,,,,,,,,,,,,,,,,,60.00,,,,56927965,2509994,,false,false,12,2019-04-01,2020-03-31,-1
2020-07-31,95110,2021-03-31,1,,,,,,,,,,,,,,,,,,,,,,,,,,,,,60.00,,,,,,,false,true,12,2020-04-01,2021-03-31,0
2020-07-31,95110,2021-03-31,1,,,,,,,,,,,,,,,,,,,,,,,,,,,,,,,,,56927965,2511818,54417457,false,false,3,2020-04-01,2020-06-30,0
2020-07-31,95110,2020-03-31,1,,,,,,,,,,,,,,,,,,,,,,,,,,,,,,,,,,,54418911,false,false,3,2019-04-01,2019-06-30,-1
2020-10-30,95110,2021-03-31,2,104496000000,-0.059,,,,,10924000000,0.247,10724000000,0.277,,8251000000,,151.64,,,,,,414734000000,162662000000,0.389,,161148000000,,,,,,,,,,,,true,false,6,2020-04-01,2020-09-30,0
2020-10-30,95110,2020-03-31,2,111032000000,0.013,,,,,8762000000,0.567,8398000000,0.648,,6453000000,,118.59,,,,,,,,,,,,,,,,,,,,,,true,false,6,2019-04-01,2019-09-30,-1
2020-10-30,95110,2021-03-31,2,190300000000,-0.069,,,,,10000000000,-0.032,9300000000,-0.001,,7000000000,,128.64,,,,,,,,,,,,,,,,,,,,,,true,true,12,2020-04-01,2021-03-31,0
2020-10-30,95110,2020-03-31,2,,,,,,,,,,,,,,,,,,,,408789000000,155710000000,0.377,,154226000000,,,,,,,,,,,,true,false,12,2019-04-01,2020-03-31,-1
2020-10-30,95110,2020-03-31,2,,,,,,,,,,,,,,,,,,,,,,,,,,,,,60.00,,,,56927965,2509994,,false,false,12,2019-04-01,2020-03-31,-1
2020-10-30,95110,2021-03-31,2,,,,,,,,,,,,,,,,,,,,,,,,,,,,,30.00,,,,,,,false,false,12,2020-04-01,2021-03-31,0
2020-10-30,95110,2021-03-31,2,,,,,,,,,,,,,,,,,,,,,,,,,,,,,60.00,,,,,,,false,true,12,2020-04-01,2021-03-31,0
2020-10-30,95110,2021-03-31,2,,,,,,,,,,,,,,,,,,,,,,,,,,,,,,,,,56927965,2514925,54416042,false,false,6,2020-04-01,2020-09-30,0
2020-10-30,95110,2020-03-31,2,,,,,,,,,,,,,,,,,,,,,,,,,,,,,,,,,,,54418837,false,false,6,2019-04-01,2019-09-30,-1
2021-01-29,95110,2021-03-31,3,147892000000,-0.081,,,,,12675000000,-0.045,11697000000,-0.076,,8946000000,,164.41,,,,,,412627000000,162184000000,0.389,,160615000000,,,,,,,,,,,,true,false,9,2020-04-01,2020-12-31,0
2021-01-29,95110,2020-03-31,3,160974000000,0.013,,,,,13275000000,0.800,12661000000,0.881,,9678000000,,177.86,,,,,,,,,,,,,,,,,,,,,,true,false,9,2019-04-01,2019-12-31,-1
2021-01-29,95110,2021-03-31,3,189200000000,-0.074,,,,,11100000000,0.075,9800000000,0.053,,7300000000,,134.16,,,,,,,,,,,,,,,,,,,,,,true,true,12,2020-04-01,2021-03-31,0
2021-01-29,95110,2020-03-31,3,,,,,,,,,,,,,,,,,,,,408789000000,155710000000,0.377,,154226000000,,,,,,,,,,,,true,false,12,2019-04-01,2020-03-31,-1
2021-01-29,95110,2020-03-31,3,,,,,,,,,,,,,,,,,,,,,,,,,,,,,60.00,,,,56927965,2509994,,false,false,12,2019-04-01,2020-03-31,-1
2021-01-29,95110,2021-03-31,3,,,,,,,,,,,,,,,,,,,,,,,,,,,,,30.00,,,,,,,false,false,12,2020-04-01,2021-03-31,0
2021-01-29,95110,2021-03-31,3,,,,,,,,,,,,,,,,,,,,,,,,,,,,,60.00,,,,,,,false,true,12,2020-04-01,2021-03-31,0
2021-01-29,95110,2021-03-31,3,,,,,,,,,,,,,,,,,,,,,,,,,,,,,,,,,56927965,2515038,54415121,false,false,9,2020-04-01,2020-12-31,0
2021-01-29,95110,2020-03-31,3,,,,,,,,,,,,,,,,,,,,,,,,,,,,,,,,,,,54418684,false,false,9,2019-04-01,2019-12-31,-1
2021-04-30,95110,2021-03-31,,190520000000,-0.067,,,,,12619000000,0.222,11335000000,0.217,,8341000000,,153.29,,0.053,0.027,0.066,,427031000000,163073000000,0.378,2966.84,161432000000,31686000000,-29479000000,1389000000,25190000000,,0.391,,,,,,true,false,12,2020-04-01,2021-03-31,0
2021-04-30,95110,2020-03-31,,204296000000,-0.006,,,,,10326000000,0.897,9311000000,0.784,,6705000000,,123.22,,0.044,0.023,0.051,,408789000000,155710000000,0.377,2834.10,154226000000,36092000000,-25988000000,-5018000000,21593000000,,0.464,,,,,,true,false,12,2019-04-01,2020-03-31,-1
2021-04-30,95110,2022-03-31,,162400000000,,,,,,6800000000,,6500000000,,,4700000000,,86.38,,,,,,,,,,,,,,,,0.695,,,,,,true,true,12,2021-04-01,2022-03-31,1
2021-04-30,95110,2021-03-31,,180638000000,-0.071,,,,,10097000000,0.226,8939000000,0.221,6953000000,,0.230,127.78,,,,,,391496000000,142180000000,0.363,2613.01,142180000000,,,,,60.00,,,,56927965,2515547,54414541,false,false,12,2020-04-01,2021-03-31,0
2021-04-30,95110,2020-03-31,,194471000000,-0.008,,,,,8236000000,1.348,7321000000,0.982,5651000000,,0.862,103.86,,,,,,373941000000,137558000000,0.368,2527.82,137558000000,,,,,60.00,,,,56927965,2509994,54418543,false,false,12,2019-04-01,2020-03-31,-1
2021-04-30,95110,2022-03-31,,153100000000,,,,,,5100000000,,5000000000,,4000000000,,,73.51,,,,,,,,,,,,,,,60.00,,,,,,,false,true,12,2021-04-01,2022-03-31,1
2021-07-30,9511,2022-03-31,1,36610000000,,,,,,-1784000000,,-1763000000,,,-1577000000,,-28.99,,,,,,436039000000,159530000000,0.362,,157877000000,,,,,,,,,,,,true,false,3,2021-04-01,2021-06-30,0
2021-07-30,9511,2021-03-31,1,44752000000,-0.063,,,,,-383000000,,-418000000,,,-401000000,,-7.38,,,,,,,,,,,,,,,,,,,,,,true,false,3,2020-04-01,2020-06-30,-1
2021-07-30,9511,2022-03-31,1,168500000000,,,,,,6800000000,,6500000000,,,4700000000,,86.38,,,,,,,,,,,,,,,,,,,,,,true,true,12,2021-04-01,2022-03-31,0
2021-07-30,9511,2021-03-31,1,,,,,,,,,,,,,,,,,,,,427031000000,163073000000,0.378,,161432000000,,,,,,,,,,,,true,false,12,2020-04-01,2021-03-31,-1
2021-07-30,9511,2021-03-31,1,,,,,,,,,,,,,,,,,,,,,,,,,,,,,60.00,,,,56927965,2515547,,false,false,12,2020-04-01,2021-03-31,-1
2021-07-30,9511,2022-03-31,1,,,,,,,,,,,,,,,,,,,,,,,,,,,,,60.00,,,,,,,false,true,12,2021-04-01,2022-03-31,0
2021-07-30,9511,2022-03-31,1,,,,,,,,,,,,,,,,,,,,,,,,,,,,,,,,,56927965,2515594,54412393,false,false,3,2021-04-01,2021-06-30,0
2021-07-30,9511,2021-03-31,1,,,,,,,,,,,,,,,,,,,,,,,,,,,,,,,,,,,54417457,false,false,3,2020-04-01,2020-06-30,-1
2021-10-29,9511,2022-03-31,2,87782000000,,,,,,5155000000,-0.528,5074000000,-0.527,,3847000000,,70.76,,,,,,444342000000,165090000000,0.368,,163409000000,,,,,,,,,,,,true,false,6,2021-04-01,2021-09-30,0
2021-10-29,9511,2021-03-31,2,104496000000,-0.059,,,,,10924000000,0.247,10724000000,0.277,,8251000000,,151.64,,,,,,,,,,,,,,,,,,,,,,true,false,6,2020-04-01,2020-09-30,-1
2021-10-29,9511,2022-03-31,2,174600000000,,,,,,6000000000,-0.525,5700000000,-0.497,,4200000000,,77.28,,,,,,,,,,,,,,,,,,,,,,true,true,12,2021-04-01,2022-03-31,0
2021-10-29,9511,2021-03-31,2,,,,,,,,,,,,,,,,,,,,427031000000,163073000000,0.378,,161432000000,,,,,,,,,,,,true,false,12,2020-04-01,2021-03-31,-1
2021-10-29,9511,2021-03-31,2,,,,,,,,,,,,,,,,,,,,,,,,,,,,,60.00,,,,56927965,2515547,,false,false,12,2020-04-01,2021-03-31,-1
2021-10-29,9511,2022-03-31,2,,,,,,,,,,,,,,,,,,,,,,,,,,,,,30.00,,,,,,,false,false,12,2021-04-01,2022-03-31,0
2021-10-29,9511,2022-03-31,2,,,,,,,,,,,,,,,,,,,,,,,,,,,,,60.00,,,,,,,false,true,12,2021-04-01,2022-03-31,0
2021-10-29,9511,2022-03-31,2,,,,,,,,,,,,,,,,,,,,,,,,,,,,,,,,,56927965,2615730,54383763,false,false,6,2021-04-01,2021-09-30,0
2021-10-29,9511,2021-03-31,2,,,,,,,,,,,,,,,,,,,,,,,,,,,,,,,,,,,54416042,false,false,6,2020-04-01,2020-09-30,-1
2022-01-28,9511,2022-03-31,3,132090000000,,,,,,4910000000,-0.613,4883000000,-0.582,,3700000000,,68.07,,,,,,447088000000,162866000000,0.360,,161162000000,,,,,,,,,,,,true,false,9,2021-04-01,2021-12-31,0
2022-01-28,9511,2021-03-31,3,147892000000,-0.081,,,,,12675000000,-0.045,11697000000,-0.076,,8946000000,,164.41,,,,,,,,,,,,,,,,,,,,,,true,false,9,2020-04-01,2020-12-31,-1
2022-01-28,9511,2022-03-31,3,175400000000,,,,,,4900000000,-0.612,4600000000,-0.594,,3300000000,,60.72,,,,,,,,,,,,,,,,,,,,,,true,true,12,2021-04-01,2022-03-31,0
2022-01-28,9511,2021-03-31,3,,,,,,,,,,,,,,,,,,,,427031000000,163073000000,0.378,,161432000000,,,,,,,,,,,,true,false,12,2020-04-01,2021-03-31,-1
2022-01-28,9511,2021-03-31,3,,,,,,,,,,,,,,,,,,,,,,,,,,,,,60.00,,,,56927965,2515547,,false,false,12,2020-04-01,2021-03-31,-1
2022-01-28,9511,2022-03-31,3,,,,,,,,,,,,,,,,,,,,,,,,,,,,,30.00,,,,,,,false,false,12,2021-04-01,2022-03-31,0
2022-01-28,9511,2022-03-31,3,,,,,,,,,,,,,,,,,,,,,,,,,,,,,60.00,,,,,,,false,true,12,2021-04-01,2022-03-31,0
2022-01-28,9511,2022-03-31,3,,,,,,,,,,,,,,,,,,,,,,,,,,,,,,,,,56927965,2615784,54362302,false,false,9,2021-04-01,2021-12-31,0
2022-01-28,9511,2021-03-31,3,,,,,,,,,,,,,,,,,,,,,,,,,,,,,,,,,,,54415121,false,false,9,2020-04-01,2020-12-31,-1
2022-03-15,95110,2022-03-31,,175800000000,0.002,,,,,2900000000,-0.408,2600000000,-0.435,,1700000000,,31.28,,,,,,,,,,,,,,,,,,,,,,true,true,12,2021-04-01,2022-03-31,0
2022-03-15,95110,2021-03-31,,190520000000,,,,,,12619000000,,11335000000,,,8341000000,,153.29,,,,,,,,,,,,,,,,,,,,,,true,false,12,2020-04-01,2021-03-31,-1
2022-03-15,95110,2022-03-31,,167600000000,0.004,,,,,1100000000,-0.645,1000000000,-0.667,900000000,,-0.640,16.56,,,,,,,,,,,,,,,,,,,,,,false,true,12,2021-04-01,2022-03-31,0
2022-03-15,95110,2021-03-31,,180638000000,,,,,,10097000000,,8939000000,,6953000000,,,127.78,,,,,,,,,,,,,,,,,,,,,,false,false,12,2020-04-01,2021-03-31,-1
2022-04-28,9511,2022-03-31,,176232000000,,,,,,2810000000,-0.777,2717000000,-0.760,,1959000000,,36.05,,0.012,0.006,0.016,,446519000000,161287000000,0.357,2936.44,159484000000,17328000000,-34932000000,12788000000,20374000000,,1.664,,,,,,true,false,12,2021-04-01,2022-03-31,0
2022-04-28,9511,2021-03-31,,190520000000,-0.067,,,,,12619000000,0.222,11335000000,0.217,,8341000000,,153.29,,0.053,0.027,0.066,,427031000000,163073000000,0.378,2966.84,161432000000,31686000000,-29479000000,1389000000,25190000000,,0.391,,,,,,true,false,12,2020-04-01,2021-03-31,-1
2022-04-28,9511,2022-03-31,,168078000000,,,,,,465000000,-0.954,500000000,-0.944,694000000,,-0.900,12.77,,,,,,407311000000,138984000000,0.341,2559.00,138984000000,,,,,60.00,,,,56927965,2615991,54350711,false,false,12,2021-04-01,2022-03-31,0
2022-04-28,9511,2021-03-31,,180638000000,-0.071,,,,,10097000000,0.226,8939000000,0.221,6953000000,,0.230,127.78,,,,,,391496000000,142180000000,0.363,2613.01,142180000000,,,,,60.00,,,,56927965,2515547,54414541,false,false,12,2020-04-01,2021-03-31,-1
2022-07-29,9511,2023-03-31,1,48452000000,0.323,,,,,-9349000000,,-9344000000,,,-6899000000,,-127.03,,,,,,467837000000,152940000000,0.323,,151147000000,,,,,,,,,,,,true,false,3,2022-04-01,2022-06-30,0
2022-07-29,9511,2022-03-31,1,36610000000,,,,,,-1784000000,,-1763000000,,,-1577000000,,-28.99,,,,,,,,,,,,,,,,,,,,,,true,false,3,2021-04-01,2021-06-30,-1
2022-07-29,9511,2023-03-31,1,219000000000,0.243,,,,,-39800000000,,-40000000000,,,-30800000000,,-567.10,,,,,,,,,,,,,,,,,,,,,,true,true,12,2022-04-01,2023-03-31,0
2022-07-29,9511,2022-03-31,1,,,,,,,,,,,,,,,,,,,,446519000000,161287000000,0.357,,159484000000,,,,,,,,,,,,true,false,12,2021-04-01,2022-03-31,-1
2022-07-29,9511,2022-03-31,1,,,,,,,,,,,,,,,,,,,,,,,,,,,,,60.00,,,,56927965,2615991,,false,false,12,2021-04-01,2022-03-31,-1
2022-07-29,9511,2023-03-31,1,,,,,,,,,,,,,,,,,,,,,,,,,,,,,0.00,,,,,,,false,true,12,2022-04-01,2023-03-31,0
2022-07-29,9511,2023-03-31,1,,,,,,,,,,,,,,,,,,,,,,,,,,,,,,,,,56927965,2616347,54311766,false,false,3,2022-04-01,2022-06-30,0
2022-07-29,9511,2022-03-31,1,,,,,,,,,,,,,,,,,,,,,,,,,,,,,,,,,,,54412393,false,false,3,2021-04-01,2021-06-30,-1
2022-07-29,95110,2023-03-31,,208600000000,,,,,,-41300000000,,-41500000000,,-31700000000,,,-583.67,,,,,,,,,,,,,,,,,,,,,,false,true,12,2022-04-01,2023-03-31,0
2022-07-29,95110,2022-03-31,,168078000000,,,,,,465000000,,500000000,,694000000,,,12.77,,,,,,,,,,,,,,,,,,,,,,false,false,12,2021-04-01,2022-03-31,-1
2022-11-01,9511,2023-03-31,2,118738000000,0.353,,,,,-22518000000,,-22473000000,,,-16819000000,,-309.69,,,,,,486657000000,142850000000,0.290,,141019000000,,,,,,,,,,,,true,false,6,2022-04-01,2022-09-30,0
2022-11-01,9511,2022-03-31,2,87782000000,,,,,,5155000000,-0.528,5074000000,-0.527,,3847000000,,70.76,,,,,,,,,,,,,,,,,,,,,,true,false,6,2021-04-01,2021-09-30,-1
2022-11-01,9511,2023-03-31,2,223000000000,0.265,,,,,-46500000000,,-47000000000,,,-41600000000,,-765.95,,,,,,,,,,,,,,,,,,,,,,true,true,12,2022-04-01,2023-03-31,0
2022-11-01,9511,2022-03-31,2,,,,,,,,,,,,,,,,,,,,446519000000,161287000000,0.357,,159484000000,,,,,,,,,,,,true,false,12,2021-04-01,2022-03-31,-1
2022-11-01,9511,2022-03-31,2,,,,,,,,,,,,,,,,,,,,,,,,,,,,,60.00,,,,56927965,2615991,,false,false,12,2021-04-01,2022-03-31,-1
2022-11-01,9511,2023-03-31,2,,,,,,,,,,,,,,,,,,,,,,,,,,,,,0.00,,,,,,,false,false,12,2022-04-01,2023-03-31,0
2022-11-01,9511,2023-03-31,2,,,,,,,,,,,,,,,,,,,,,,,,,,,,,0.00,,,,,,,false,true,12,2022-04-01,2023-03-31,0
2022-11-01,9511,2023-03-31,2,,,,,,,,,,,,,,,,,,,,,,,,,,,,,,,,,56927965,2616447,54311701,false,false,6,2022-04-01,2022-09-30,0
2022-11-01,9511,2022-03-31,2,,,,,,,,,,,,,,,,,,,,,,,,,,,,,,,,,,,54383763,false,false,6,2021-04-01,2021-09-30,-1
2022-11-01,95110,2023-03-31,,212600000000,0.019,,,,,-48000000000,,-48500000000,,-42500000000,,,-782.52,,,,,,,,,,,,,,,,,,,,,,false,true,12,2022-04-01,2023-03-31,0
2022-11-01,95110,2022-03-31,,168078000000,,,,,,465000000,,500000000,,694000000,,,12.77,,,,,,,,,,,,,,,,,,,,,,false,false,12,2021-04-01,2022-03-31,-1
2023-02-03,95110,2023-03-31,3,174537000000,0.321,,,,,-34546000000,,-34678000000,,,-29151000000,,-536.74,,,,,,490966000000,130843000000,0.263,,129038000000,,,,,,,,,,,,true,false,9,2022-04-01,2022-12-31,0
2023-02-03,95110,2022-03-31,3,132090000000,,,,,,4910000000,-0.613,4883000000,-0.582,,3700000000,,68.07,,,,,,,,,,,,,,,,,,,,,,true,false,9,2021-04-01,2021-12-31,-1
2023-02-03,95110,2023-03-31,3,225200000000,0.278,,,,,-48500000000,,-49000000000,,,-43600000000,,-802.78,,,,,,,,,,,,,,,,,,,,,,true,true,12,2022-04-01,2023-03-31,0
2023-02-03,95110,2022-03-31,3,,,,,,,,,,,,,,,,,,,,446519000000,161287000000,0.357,,159484000000,,,,,,,,,,,,true,false,12,2021-04-01,2022-03-31,-1
2023-02-03,95110,2022-03-31,3,,,,,,,,,,,,,,,,,,,,,,,,,,,,,60.00,,,,56927965,2615991,,false,false,12,2021-04-01,2022-03-31,-1
2023-02-03,95110,2023-03-31,3,,,,,,,,,,,,,,,,,,,,,,,,,,,,,0.00,,,,,,,false,false,12,2022-04-01,2023-03-31,0
2023-02-03,95110,2023-03-31,3,,,,,,,,,,,,,,,,,,,,,,,,,,,,,0.00,,,,,,,false,true,12,2022-04-01,2023-03-31,0
2023-02-03,95110,2023-03-31,3,,,,,,,,,,,,,,,,,,,,,,,,,,,,,,,,,56927965,2616597,54311610,false,false,9,2022-04-01,2022-12-31,0
2023-02-03,95110,2022-03-31,3,,,,,,,,,,,,,,,,,,,,,,,,,,,,,,,,,,,54362302,false,false,9,2021-04-01,2021-12-31,-1
2023-04-28,95110,2023-03-31,,223517000000,0.268,,,,,-48406000000,,-48799000000,,,-45457000000,,-836.98,,-0.334,-0.105,-0.217,,480546000000,114495000000,0.234,2073.44,112610000000,-38062000000,-38485000000,75043000000,18869000000,,,,,,,,true,false,12,2022-04-01,2023-03-31,0
2023-04-28,95110,2022-03-31,,176232000000,,,,,,2810000000,-0.777,2717000000,-0.760,,1959000000,,36.05,,0.012,0.006,0.016,,446519000000,161287000000,0.357,2936.44,159484000000,17328000000,-34932000000,12788000000,20374000000,,1.664,,,,,,true,false,12,2021-04-01,2022-03-31,-1
2023-04-28,95110,2023-03-31,,213383000000,0.270,,,,,-50582000000,,-50245000000,,-45934000000,,,-845.76,,,,,,441260000000,91786000000,0.208,1690.00,91786000000,,,,,0.00,,,,56927965,2616868,54311508,false,false,12,2022-04-01,2023-03-31,0
2023-04-28,95110,2022-03-31,,168078000000,,,,,,465000000,-0.954,500000000,-0.944,694000000,,-0.900,12.77,,,,,,407311000000,138984000000,0.341,2559.00,138984000000,,,,,60.00,,,,56927965,2615991,54350711,false,false,12,2021-04-01,2022-03-31,-1
2023-05-22,95110,2024-03-31,,234700000000,,,,,,6800000000,,5600000000,,,4000000000,,73.65,,,,,,,,,,,,,,,,,,,,,,true,true,12,2023-04-01,2024-03-31,0
2023-05-22,95110,2023-03-31,,223517000000,,,,,,-48406000000,,-48799000000,,,-45457000000,,-836.98,,,,,,,,,,,,,,,,,,,,,,true,false,12,2022-04-01,2023-03-31,-1
2023-05-22,95110,2024-03-31,,222900000000,,,,,,5700000000,,4500000000,,3500000000,,,64.44,,,,,,,,,,,,,,,,,,,,,,false,true,12,2023-04-01,2024-03-31,0
2023-05-22,95110,2023-03-31,,213383000000,,,,,,-50582000000,,-50245000000,,-45934000000,,,-845.76,,,,,,,,,,,,,,,,,,,,,,false,false,12,2022-04-01,2023-03-31,-1
2023-07-28,95110,2024-03-31,1,53778000000,0.110,,,,,-5405000000,,-5528000000,,,-5701000000,,-104.98,,,,,,495014000000,108855000000,0.216,,106966000000,,,,,,,,,,,,true,false,3,2023-04-01,2023-06-30,0
2023-07-28,95110,2023-03-31,1,48452000000,0.323,,,,,-9349000000,,-9344000000,,,-6899000000,,-127.03,,,,,,,,,,,,,,,,,,,,,,true,false,3,2022-04-01,2022-06-30,-1
2023-07-28,95110,2024-03-31,1,234700000000,0.050,,,,,,,,,,,,,,,,,,,,,,,,,,,,,,,,,,true,true,12,2023-04-01,2024-03-31,0
2023-07-28,95110,2023-03-31,1,,,,,,,,,,,,,,,,,,,,480546000000,114495000000,0.234,,112610000000,,,,,,,,,,,,true,false,12,2022-04-01,2023-03-31,-1
2023-07-28,95110,2023-03-31,1,,,,,,,,,,,,,,,,,,,,,,,,,,,,,0.00,,,,56927965,2616868,,false,false,12,2022-04-01,2023-03-31,-1
2023-07-28,95110,2024-03-31,1,,,,,,,,,,,,,,,,,,,,,,,,,,,,,,,,,56927965,2617293,54310861,false,false,3,2023-04-01,2023-06-30,0
2023-07-28,95110,2023-03-31,1,,,,,,,,,,,,,,,,,,,,,,,,,,,,,,,,,,,54311766,false,false,3,2022-04-01,2022-06-30,-1
2023-08-18,95110,2024-03-31,,234400000000,-0.001,,,,,5100000000,,4100000000,,,2900000000,,53.40,,,,,,,,,,,,,,,,,,,,,,true,true,12,2023-04-01,2024-03-31,0
2023-08-18,95110,2023-03-31,,223517000000,,,,,,-48406000000,,-48799000000,,,-45457000000,,-836.98,,,,,,,,,,,,,,,,,,,,,,true,false,12,2022-04-01,2023-03-31,-1
2023-08-18,95110,2024-03-31,,222600000000,-0.001,,,,,4000000000,,3000000000,,2400000000,,,44.19,,,,,,,,,,,,,,,,,,,,,,false,true,12,2023-04-01,2024-03-31,0
2023-08-18,95110,2023-03-31,,213383000000,,,,,,-50582000000,,-50245000000,,-45934000000,,,-845.76,,,,,,,,,,,,,,,,,,,,,,false,false,12,2022-04-01,2023-03-31,-1
,95110,2024-03-31,,,,,,,,,,,,,,,,,,,,,,,,,,,,,,10.00,,,,,,,false,true,12,2023-04-01,2024-03-31,0
,95110,2023-03-31,,,,,,,,,,,,,,,,,,,,,,,,,,,,,,0.00,,,,,,,false,false,12,2022-04-01,2023-03-31,-1
2023-10-31,95110,2024-03-31,2,130501000000,0.099,,,,,4704000000,,4216000000,,,3238000000,,59.62,,,,,,496423000000,118208000000,0.234,,116288000000,,,,,,,,,,,,true,false,6,2023-04-01,2023-09-30,0
2023-10-31,95110,2023-03-31,2,118738000000,0.353,,,,,-22518000000,,-22473000000,,,-16819000000,,-309.69,,,,,,,,,,,,,,,,,,,,,,true,false,6,2022-04-01,2022-09-30,-1
2023-10-31,95110,2024-03-31,2,240300000000,0.075,,,,,4100000000,,3100000000,,,2200000000,,40.51,,,,,,,,,,,,,,,,,,,,,,true,true,12,2023-04-01,2024-03-31,0
2023-10-31,95110,2023-03-31,2,,,,,,,,,,,,,,,,,,,,480546000000,114495000000,0.234,,112610000000,,,,,,,,,,,,true,false,12,2022-04-01,2023-03-31,-1
2023-10-31,95110,2023-03-31,2,,,,,,,,,,,,,,,,,,,,,,,,,,,,,0.00,,,,56927965,2616868,,false,false,12,2022-04-01,2023-03-31,-1
2023-10-31,95110,2024-03-31,2,,,,,,,,,,,,,,,,,,,,,,,,,,,,,5.00,,,,,,,false,false,12,2023-04-01,2024-03-31,0
2023-10-31,95110,2024-03-31,2,,,,,,,,,,,,,,,,,,,,,,,,,,,,,10.00,,,,,,,false,true,12,2023-04-01,2024-03-31,0
2023-10-31,95110,2024-03-31,2,,,,,,,,,,,,,,,,,,,,,,,,,,,,,,,,,56927965,2615807,54311443,false,false,6,2023-04-01,2023-09-30,0
2023-10-31,95110,2023-03-31,2,,,,,,,,,,,,,,,,,,,,,,,,,,,,,,,,,,,54311701,false,false,6,2022-04-01,2022-09-30,-1
2023-10-31,95110,2024-03-31,,228800000000,0.028,,,,,3000000000,-0.250,2000000000,-0.333,1700000000,,-0.292,31.30,,,,,,,,,,,,,,,,,,,,,,false,true,12,2023-04-01,2024-03-31,0
2023-10-31,95110,2023-03-31,,213383000000,,,,,,-50582000000,,-50245000000,,-45934000000,,,-845.76,,,,,,,,,,,,,,,,,,,,,,false,false,12,2022-04-01,2023-03-31,-1
2024-01-31,95110,2024-03-31,3,187312000000,0.073,,,,,6584000000,,5852000000,,,4564000000,,84.05,,,,,,484467000000,119273000000,0.242,,117346000000,,,,,,,,,,,,true,false,9,2023-04-01,2023-12-31,0
2024-01-31,95110,2023-03-31,3,174537000000,0.321,,,,,-34546000000,,-34678000000,,,-29151000000,,-536.74,,,,,,,,,,,,,,,,,,,,,,true,false,9,2022-04-01,2022-12-31,-1
2024-01-31,95110,2024-03-31,3,237500000000,0.063,,,,,3800000000,,3100000000,,,2200000000,,40.51,,,,,,,,,,,,,,,,,,,,,,true,true,12,2023-04-01,2024-03-31,0
2024-01-31,95110,2023-03-31,3,,,,,,,,,,,,,,,,,,,,480546000000,114495000000,0.234,,112610000000,,,,,,,,,,,,true,false,12,2022-04-01,2023-03-31,-1
2024-01-31,95110,2023-03-31,3,,,,,,,,,,,,,,,,,,,,,,,,,,,,,0.00,,,,56927965,2616868,,false,false,12,2022-04-01,2023-03-31,-1
2024-01-31,95110,2024-03-31,3,,,,,,,,,,,,,,,,,,,,,,,,,,,,,5.00,,,,,,,false,false,12,2023-04-01,2024-03-31,0
2024-01-31,95110,2024-03-31,3,,,,,,,,,,,,,,,,,,,,,,,,,,,,,10.00,,,,,,,false,true,12,2023-04-01,2024-03-31,0
2024-01-31,95110,2024-03-31,3,,,,,,,,,,,,,,,,,,,,,,,,,,,,,,,,,56927965,2615973,54311634,false,false,9,2023-04-01,2023-12-31,0
2024-01-31,95110,2023-03-31,3,,,,,,,,,,,,,,,,,,,,,,,,,,,,,,,,,,,54311610,false,false,9,2022-04-01,2022-12-31,-1
2024-04-30,95110,2024-03-31,,236394000000,0.058,,,,,3481000000,,2568000000,,,2391000000,,44.02,,0.021,0.005,0.015,,498671000000,118830000000,0.234,2150.50,116797000000,25628000000,-32000000000,9543000000,22040000000,,0.227,,,,,,true,false,12,2023-04-01,2024-03-31,0
2024-04-30,95110,2023-03-31,,223517000000,0.268,,,,,-48406000000,,-48799000000,,,-45457000000,,-836.98,,-0.334,-0.105,-0.217,,480546000000,114495000000,0.234,2073.44,112610000000,-38062000000,-38485000000,75043000000,18869000000,,,,,,,,true,false,12,2022-04-01,2023-03-31,-1
2024-04-30,95110,2025-03-31,,227500000000,-0.038,,,,,8100000000,1.326,6800000000,1.648,,5000000000,,92.06,,,,,,,,,,,,,,,,0.217,,,,,,true,true,12,2024-04-01,2025-03-31,1
2024-04-30,95110,2024-03-31,,225609000000,0.057,,,,,1027000000,,387000000,,1200000000,,,22.11,,,,,,458330000000,93538000000,0.204,1722.25,93538000000,,,,,10.00,,,,56927965,2616268,54311676,false,false,12,2023-04-01,2024-03-31,0
2024-04-30,95110,2023-03-31,,213383000000,0.270,,,,,-50582000000,,-50245000000,,-45934000000,,,-845.76,,,,,,441260000000,91786000000,0.208,1690.00,91786000000,,,,,0.00,,,,56927965,2616868,54311508,false,false,12,2022-04-01,2023-03-31,-1
2024-04-30,95110,2025-03-31,,213400000000,-0.054,,,,,6200000000,5.033,5000000000,,4000000000,,2.332,73.65,,,,,,,,,,,,,,,20.00,,,,,,,false,true,12,2024-04-01,2025-03-31,1
2024-07-31,95110,2025-03-31,1,52453000000,-0.025,,,,,-2703000000,,-2908000000,,,-2943000000,,-54.19,,,,,,513887000000,115838000000,0.221,,113811000000,,,,,,,,,,,,true,false,3,2024-04-01,2024-06-30,0
2024-07-31,95110,2024-03-31,1,53778000000,0.110,,,,,-5405000000,,-5528000000,,,-5701000000,,-104.98,,,,,,,,,,,,,,,,,,,,,,true,false,3,2023-04-01,2023-06-30,-1
2024-07-31,95110,2025-03-31,1,232200000000,-0.018,,,,,8100000000,1.326,6800000000,1.648,,5000000000,,92.06,,,,,,,,,,,,,,,,,,,,,,true,true,12,2024-04-01,2025-03-31,0
2024-07-31,95110,2024-03-31,1,,,,,,,,,,,,,,,,,,,,498671000000,118830000000,0.234,,116797000000,,,,,,,,,,,,true,false,12,2023-04-01,2024-03-31,-1
2024-07-31,95110,2024-03-31,1,,,,,,,,,,,,,,,,,,,,,,,,,,,,,10.00,,,,56927965,2616268,,false,false,12,2023-04-01,2024-03-31,-1
2024-07-31,95110,2025-03-31,1,,,,,,,,,,,,,,,,,,,,,,,,,,,,,20.00,,,,,,,false,true,12,2024-04-01,2025-03-31,0
2024-07-31,95110,2025-03-31,1,,,,,,,,,,,,,,,,,,,,,,,,,,,,,,,,,56927965,2616457,54311616,false,false,3,2024-04-01,2024-06-30,0
2024-07-31,95110,2024-03-31,1,,,,,,,,,,,,,,,,,,,,,,,,,,,,,,,,,,,54310861,false,false,3,2023-04-01,2023-06-30,-1
2024-10-31,95110,2025-03-31,2,127229000000,-0.025,,,,,7284000000,0.548,6871000000,0.630,,5354000000,,98.58,,,,,,513335000000,123681000000,0.237,,121635000000,,,,,,,,,,,,true,false,6,2024-04-01,2024-09-30,0
2024-10-31,95110,2024-03-31,2,130501000000,0.099,,,,,4704000000,,4216000000,,,3238000000,,59.62,,,,,,,,,,,,,,,,,,,,,,true,false,6,2023-04-01,2023-09-30,-1
2024-10-31,95110,2025-03-31,2,233600000000,-0.012,,,,,8100000000,1.326,6800000000,1.648,,5000000000,,92.06,,,,,,,,,,,,,,,,,,,,,,true,true,12,2024-04-01,2025-03-31,0
2024-10-31,95110,2024-03-31,2,,,,,,,,,,,,,,,,,,,,498671000000,118830000000,0.234,,116797000000,,,,,,,,,,,,true,false,12,2023-04-01,2024-03-31,-1
2024-10-31,95110,2024-03-31,2,,,,,,,,,,,,,,,,,,,,,,,,,,,,,10.00,,,,56927965,2616268,,false,false,12,2023-04-01,2024-03-31,-1
2024-10-31,95110,2025-03-31,2,,,,,,,,,,,,,,,,,,,,,,,,,,,,,10.00,,,,,,,false,false,12,2024-04-01,2025-03-31,0
2024-10-31,95110,2025-03-31,2,,,,,,,,,,,,,,,,,,,,,,,,,,,,,20.00,,,,,,,false,true,12,2024-04-01,2025-03-31,0
2024-10-31,95110,2025-03-31,2,,,,,,,,,,,,,,,,,,,,,,,,,,,,,,,,,56927965,2616562,54311535,false,false,6,2024-04-01,2024-09-30,0
2024-10-31,95110,2024-03-31,2,,,,,,,,,,,,,,,,,,,,,,,,,,,,,,,,,,,54311443,false,false,6,2023-04-01,2023-09-30,-1
2025-01-31,95110,2025-03-31,3,186303000000,-0.005,,,,,12344000000,0.875,11568000000,0.976,,9343000000,,172.04,,,,,,498686000000,127708000000,0.252,,125627000000,,,,,,,,,,,,true,false,9,2024-04-01,2024-12-31,0
2025-01-31,95110,2024-03-31,3,187312000000,0.073,,,,,6584000000,,5852000000,,,4564000000,,84.05,,,,,,,,,,,,,,,,,,,,,,true,false,9,2023-04-01,2023-12-31,-1
2025-01-31,95110,2025-03-31,3,235700000000,-0.003,,,,,7100000000,1.039,5800000000,1.258,,4200000000,,77.33,,,,,,,,,,,,,,,,,,,,,,true,true,12,2024-04-01,2025-03-31,0
2025-01-31,95110,2024-03-31,3,,,,,,,,,,,,,,,,,,,,498671000000,118830000000,0.234,,116797000000,,,,,,,,,,,,true,false,12,2023-04-01,2024-03-31,-1
2025-01-31,95110,2024-03-31,3,,,,,,,,,,,,,,,,,,,,,,,,,,,,,10.00,,,,56927965,2616268,,false,false,12,2023-04-01,2024-03-31,-1
2025-01-31,95110,2025-03-31,3,,,,,,,,,,,,,,,,,,,,,,,,,,,,,10.00,,,,,,,false,false,12,2024-04-01,2025-03-31,0
2025-01-31,95110,2025-03-31,3,,,,,,,,,,,,,,,,,,,,,,,,,,,,,20.00,,,,,,,false,true,12,2024-04-01,2025-03-31,0
2025-01-31,95110,2025-03-31,3,,,,,,,,,,,,,,,,,,,,,,,,,,,,,,,,,56927965,2616765,54311438,false,false,9,2024-04-01,2024-12-31,0
2025-01-31,95110,2024-03-31,3,,,,,,,,,,,,,,,,,,,,,,,,,,,,,,,,,,,54311634,false,false,9,2023-04-01,2023-12-31,-1
2025-04-30,95110,2025-03-31,,236540000000,0.001,,,,,7322000000,1.103,5665000000,1.206,,4322000000,,79.59,,0.036,0.011,0.031,,500411000000,123550000000,0.243,2234.49,121357000000,34082000000,-34041000000,-3438000000,18641000000,,0.251,,,,,,true,false,12,2024-04-01,2025-03-31,0
2025-04-30,95110,2024-03-31,,236394000000,0.058,,,,,3481000000,,2568000000,,,2391000000,,44.02,,0.021,0.005,0.015,,498671000000,118830000000,0.234,2150.50,116797000000,25628000000,-32000000000,9543000000,22040000000,,0.227,,,,,,true,false,12,2023-04-01,2024-03-31,-1
2025-04-30,95110,2026-03-31,,213700000000,-0.097,,,,,10000000000,0.366,8000000000,0.412,,5700000000,,104.95,,,,,,,,,,,,,,,,0.286,,,,,,true,true,12,2025-04-01,2026-03-31,1
2025-04-30,95110,2025-03-31,,224043000000,-0.007,,,,,5341000000,4.198,3956000000,9.219,3481000000,,1.900,64.10,,,,,,459474000000,96737000000,0.211,1781.19,96737000000,,,,,20.00,,,,56927965,2617141,54311320,false,false,12,2024-04-01,2025-03-31,0
2025-04-30,95110,2024-03-31,,225609000000,0.057,,,,,1027000000,,387000000,,1200000000,,,22.11,,,,,,458330000000,93538000000,0.204,1722.25,93538000000,,,,,10.00,,,,56927965,2616268,54311676,false,false,12,2023-04-01,2024-03-31,-1
2025-04-30,95110,2026-03-31,,200000000000,-0.107,,,,,6800000000,0.273,5000000000,0.264,4000000000,,0.149,73.65,,,,,,,,,,,,,,,30.00,,,,,,,false,true,12,2025-04-01,2026-03-31,1
2025-07-31,95110,2026-03-31,1,50509000000,-0.037,,,,,-1058000000,,-1306000000,,,-1441000000,,-26.54,,,,,,504130000000,122096000000,0.238,,119908000000,,,,,,,,,,,,true,false,3,2025-04-01,2025-06-30,0
2025-07-31,95110,2025-03-31,1,52453000000,-0.025,,,,,-2703000000,,-2908000000,,,-2943000000,,-54.19,,,,,,,,,,,,,,,,,,,,,,true,false,3,2024-04-01,2024-06-30,-1
2025-07-31,95110,2026-03-31,1,215200000000,-0.090,,,,,10000000000,0.366,8000000000,0.412,,5700000000,,104.95,,,,,,,,,,,,,,,,,,,,,,true,true,12,2025-04-01,2026-03-31,0
2025-07-31,95110,2025-03-31,1,,,,,,,,,,,,,,,,,,,,500411000000,123550000000,0.243,,121357000000,,,,,,,,,,,,true,false,12,2024-04-01,2025-03-31,-1
2025-07-31,95110,2025-03-31,1,,,,,,,,,,,,,,,,,,,,,,,,,,,,,20.00,,,,56927965,2617141,,false,false,12,2024-04-01,2025-03-31,-1
2025-07-31,95110,2026-03-31,1,,,,,,,,,,,,,,,,,,,,,,,,,,,,,30.00,,,,,,,false,true,12,2025-04-01,2026-03-31,0
2025-07-31,95110,2026-03-31,1,,,,,,,,,,,,,,,,,,,,,,,,,,,,,,,,,56927965,2617154,54310817,false,false,3,2025-04-01,2025-06-30,0
2025-07-31,95110,2025-03-31,1,,,,,,,,,,,,,,,,,,,,,,,,,,,,,,,,,,,54311616,false,false,3,2024-04-01,2024-06-30,-1
