filing_date,code,fiscal_year_end,quarterly_period,net_sales,net_sales_change,revenue,revenue_change,operating_revenue,operating_revenue_change,operating_profit,operating_profit_change,ordinary_profit,ordinary_profit_change,net_income,net_income_of_parent,net_income_change,eps,diluted_eps,roe,roa,operating_profit_to_net_sales,operating_profit_to_revenue,total_assets,net_assets,equity_ratio,bps,owner_equity,operating_cash_flow,investing_cash_flow,financing_cash_flow,cash,dividend_per_share,payout_ratio,commemorative_dividend,extra_dividend,number_of_shares,number_of_treqsury_shares,avg_number_of_shares,is_consolidated,is_forecast,duration,period_start,period_end,period_pos
2015-07-31,95130,2016-03-31,1,189500000000,0.186,,,,,28824000000,0.646,27760000000,0.614,,20402000000,,111.46,,,,,,2623070000000,705379000000,0.266,,697219000000,,,,,,,,,,,,true,false,3,2015-04-01,2015-06-30,0
2015-07-31,95130,2015-03-31,1,159739000000,-0.013,,,,,17512000000,-0.214,17201000000,-0.176,,12412000000,,82.72,,,,,,,,,,,,,,,,,,,,,,true,false,3,2014-04-01,2014-06-30,-1
2015-07-31,95130,2016-03-31,1,814000000000,0.084,,,,,80000000000,0.098,65000000000,0.095,,50000000000,,273.15,,,,,,,,,,,,,,,,,,,,,,true,true,12,2015-04-01,2016-03-31,0
2015-07-31,95130,2015-03-31,1,,,,,,,,,,,,,,,,,,,,2659149000000,696298000000,0.259,,688731000000,,,,,,,,,,,,true,false,12,2014-04-01,2015-03-31,-1
2015-07-31,95130,2015-03-31,1,,,,,,,,,,,,,,,,,,,,,,,,,,,,,70.00,,,,183051100,651,,false,false,12,2014-04-01,2015-03-31,-1
2015-07-31,95130,2016-03-31,1,,,,,,,,,,,,,,,,,,,,,,,,,,,,,70.00,,,,,,,false,true,12,2015-04-01,2016-03-31,0
2015-07-31,95130,2016-03-31,1,,,,,,,,,,,,,,,,,,,,,,,,,,,,,,,,,183051100,891,183050381,false,false,3,2015-04-01,2015-06-30,0
2015-07-31,95130,2015-03-31,1,,,,,,,,,,,,,,,,,,,,,,,,,,,,,,,,,,,150051254,false,false,3,2014-04-01,2014-06-30,-1
2015-10-30,95130,2016-03-31,2,400001000000,0.147,,,,,58763000000,0.634,50095000000,0.544,,36792000000,,201.00,,,,,,2621822000000,723175000000,0.272,,713410000000,,,,,,,,,,,,true,false,6,2015-04-01,2015-09-30,0
2015-10-30,95130,2015-03-31,2,348661000000,0.005,,,,,35959000000,0.011,32449000000,0.225,,23992000000,,159.89,,,,,,,,,,,,,,,,,,,,,,true,false,6,2014-04-01,2014-09-30,-1
2015-10-30,95130,2016-03-31,2,792000000000,0.055,,,,,83000000000,0.139,55000000000,-0.073,,42000000000,,229.45,,,,,,,,,,,,,,,,,,,,,,true,true,12,2015-04-01,2016-03-31,0
2015-10-30,95130,2015-03-31,2,,,,,,,,,,,,,,,,,,,,2659149000000,696298000000,0.259,,688731000000,,,,,,,,,,,,true,false,12,2014-04-01,2015-03-31,-1
2015-10-30,95130,2015-03-31,2,,,,,,,,,,,,,,,,,,,,,,,,,,,,,70.00,,,,183051100,651,,false,false,12,2014-04-01,2015-03-31,-1
2015-10-30,95130,2016-03-31,2,,,,,,,,,,,,,,,,,,,,,,,,,,,,,35.00,,,,,,,false,false,12,2015-04-01,2016-03-31,0
2015-10-30,95130,2016-03-31,2,,,,,,,,,,,,,,,,,,,,,,,,,,,,,70.00,,,,,,,false,true,12,2015-04-01,2016-03-31,0
2015-10-30,95130,2016-03-31,2,,,,,,,,,,,,,,,,,,,,,,,,,,,,,,,,,183051100,1051,183050257,false,false,6,2015-04-01,2015-09-30,0
2015-10-30,95130,2015-03-31,2,,,,,,,,,,,,,,,,,,,,,,,,,,,,,,,,,,,150051194,false,false,6,2014-04-01,2014-09-30,-1
2016-01-29,95130,2016-03-31,3,578880000000,0.064,,,,,77380000000,0.309,55271000000,0.033,,39592000000,,216.29,,,,,,2552634000000,693708000000,0.269,,685673000000,,,,,,,,,,,,true,false,9,2015-04-01,2015-12-31,0
2016-01-29,95130,2015-03-31,3,543969000000,0.047,,,,,59109000000,0.162,53495000000,0.276,,39065000000,,260.35,,,,,,,,,,,,,,,,,,,,,,true,false,9,2014-04-01,2014-12-31,-1
2016-01-29,95130,2016-03-31,3,792000000000,0.055,,,,,83000000000,0.139,55000000000,-0.073,,42000000000,,229.45,,,,,,,,,,,,,,,,,,,,,,true,true,12,2015-04-01,2016-03-31,0
2016-01-29,95130,2015-03-31,3,,,,,,,,,,,,,,,,,,,,2659149000000,696298000000,0.259,,688731000000,,,,,,,,,,,,true,false,12,2014-04-01,2015-03-31,-1
2016-01-29,95130,2015-03-31,3,,,,,,,,,,,,,,,,,,,,,,,,,,,,,70.00,,,,183051100,651,,false,false,12,2014-04-01,2015-03-31,-1
2016-01-29,95130,2016-03-31,3,,,,,,,,,,,,,,,,,,,,,,,,,,,,,35.00,,,,,,,false,false,12,2015-04-01,2016-03-31,0
2016-01-29,95130,2016-03-31,3,,,,,,,,,,,,,,,,,,,,,,,,,,,,,70.00,,,,,,,false,true,12,2015-04-01,2016-03-31,0
2016-01-29,95130,2016-03-31,3,,,,,,,,,,,,,,,,,,,,,,,,,,,,,,,,,183051100,1131,183050176,false,false,9,2015-04-01,2015-12-31,0
2016-01-29,95130,2015-03-31,3,,,,,,,,,,,,,,,,,,,,,,,,,,,,,,,,,,,150051097,false,false,9,2014-04-01,2014-12-31,-1
2016-04-28,95130,2016-03-31,,780072000000,0.039,,,,,87376000000,0.199,58033000000,-0.022,,39719000000,,216.99,,0.058,0.022,0.112,,2546272000000,680982000000,0.264,3671.91,672142000000,146164000000,-131575000000,-88632000000,159949000000,,0.323,,,,,,true,false,12,2015-04-01,2016-03-31,0
2016-04-28,95130,2015-03-31,,750627000000,0.062,,,,,72859000000,0.231,59350000000,0.481,,43206000000,,284.43,,0.072,0.024,0.097,,2659149000000,696298000000,0.259,3762.52,688731000000,147813000000,-142964000000,143920000000,236439000000,,0.246,,,,,,true,false,12,2014-04-01,2015-03-31,-1
2016-04-28,95130,2017-03-31,,713000000000,-0.086,,,,,73000000000,-0.165,53000000000,-0.087,,37000000000,,202.13,,,,,,,,,,,,,,,,0.346,,,,,,true,true,12,2016-04-01,2017-03-31,1
2016-04-28,95130,2016-03-31,,552341000000,-0.010,,,,,41032000000,-0.079,39670000000,0.371,30458000000,,0.357,166.39,,,,,,1990798000000,523416000000,0.263,2859.42,523416000000,,,,,70.00,,,,183051100,1191,183050113,false,false,12,2015-04-01,2016-03-31,0
2016-04-28,95130,2015-03-31,,557943000000,-0.043,,,,,44555000000,0.101,28938000000,-0.068,22442000000,,0.015,147.74,,,,,,2058609000000,512276000000,0.249,2798.55,512276000000,,,,,70.00,,,,183051100,651,151907680,false,false,12,2014-04-01,2015-03-31,-1
2016-04-28,95130,2017-03-31,,522000000000,-0.055,,,,,27000000000,-0.342,33000000000,-0.168,26000000000,,-0.146,142.04,,,,,,,,,,,,,,,70.00,,,,,,,false,true,12,2016-04-01,2017-03-31,1
2016-07-29,95130,2017-03-31,1,167599000000,-0.116,,,,,35511000000,0.226,35519000000,0.282,,26892000000,,146.92,,,,,,2472755000000,673357000000,0.269,,665079000000,,,,,,,,,,,,true,false,3,2016-04-01,2016-06-30,0
2016-07-29,95130,2016-03-31,1,189500000000,0.186,,,,,28958000000,0.639,27708000000,0.630,,20365000000,,111.25,,,,,,,,,,,,,,,,,,,,,,true,false,3,2015-04-01,2015-06-30,-1
2016-07-29,95130,2017-03-31,1,713000000000,-0.086,,,,,73000000000,-0.170,53000000000,-0.095,,37000000000,,202.13,,,,,,,,,,,,,,,,,,,,,,true,true,12,2016-04-01,2017-03-31,0
2016-07-29,95130,2016-03-31,1,,,,,,,,,,,,,,,,,,,,2540723000000,675433000000,0.262,,666593000000,,,,,,,,,,,,true,false,12,2015-04-01,2016-03-31,-1
2016-07-29,95130,2016-03-31,1,,,,,,,,,,,,,,,,,,,,,,,,,,,,,70.00,,,,183051100,1191,,false,false,12,2015-04-01,2016-03-31,-1
2016-07-29,95130,2017-03-31,1,,,,,,,,,,,,,,,,,,,,,,,,,,,,,70.00,,,,,,,false,true,12,2016-04-01,2017-03-31,0
2016-07-29,95130,2017-03-31,1,,,,,,,,,,,,,,,,,,,,,,,,,,,,,,,,,183051100,1231,183049898,false,false,3,2016-04-01,2016-06-30,0
2016-07-29,95130,2016-03-31,1,,,,,,,,,,,,,,,,,,,,,,,,,,,,,,,,,,,183050381,false,false,3,2015-04-01,2015-06-30,-1
2016-09-27,95130,2017-03-31,,508000000000,-0.027,,,,,,,58000000000,0.758,51000000000,,0.962,278.61,,,,,,,,,,,,,,,,,,,,,,false,true,12,2016-04-01,2017-03-31,0
2016-09-27,95130,2016-03-31,,552341000000,,,,,,,,40174000000,,30820000000,,,168.37,,,,,,,,,,,,,,,,,,,,,,false,false,12,2015-04-01,2016-03-31,-1
2016-10-31,95130,2017-03-31,2,346623000000,-0.133,,,,,43125000000,-0.269,36561000000,-0.269,,27193000000,,148.56,,,,,,2481641000000,683057000000,0.264,,654924000000,,,,,,,,,,,,true,false,6,2016-04-01,2016-09-30,0
2016-10-31,95130,2016-03-31,2,400001000000,0.147,,,,,59032000000,0.628,49991000000,0.560,,36718000000,,200.59,,,,,,,,,,,,,,,,,,,,,,true,false,6,2015-04-01,2015-09-30,-1
2016-10-31,95130,2017-03-31,2,713000000000,-0.086,,,,,73000000000,-0.170,53000000000,-0.095,,37000000000,,202.13,,,,,,,,,,,,,,,,,,,,,,true,true,12,2016-04-01,2017-03-31,0
2016-10-31,95130,2016-03-31,2,,,,,,,,,,,,,,,,,,,,2540723000000,675433000000,0.262,,666593000000,,,,,,,,,,,,true,false,12,2015-04-01,2016-03-31,-1
2016-10-31,95130,2016-03-31,2,,,,,,,,,,,,,,,,,,,,,,,,,,,,,70.00,,,,183051100,1191,,false,false,12,2015-04-01,2016-03-31,-1
2016-10-31,95130,2017-03-31,2,,,,,,,,,,,,,,,,,,,,,,,,,,,,,35.00,,,,,,,false,false,12,2016-04-01,2017-03-31,0
2016-10-31,95130,2017-03-31,2,,,,,,,,,,,,,,,,,,,,,,,,,,,,,70.00,,,,,,,false,true,12,2016-04-01,2017-03-31,0
2016-10-31,95130,2017-03-31,2,,,,,,,,,,,,,,,,,,,,,,,,,,,,,,,,,183051100,1231,183049884,false,false,6,2016-04-01,2016-09-30,0
2016-10-31,95130,2016-03-31,2,,,,,,,,,,,,,,,,,,,,,,,,,,,,,,,,,,,183050257,false,false,6,2015-04-01,2015-09-30,-1
2017-01-31,95130,2017-03-31,3,530995000000,-0.083,,,,,70925000000,-0.088,63261000000,0.148,,44568000000,,243.48,,,,,,2494934000000,707793000000,0.271,,676759000000,,,,,,,,,,,,true,false,9,2016-04-01,2016-12-31,0
2017-01-31,95130,2016-03-31,3,578880000000,0.064,,,,,77784000000,0.306,55115000000,0.042,,39480000000,,215.68,,,,,,,,,,,,,,,,,,,,,,true,false,9,2015-04-01,2015-12-31,-1
2017-01-31,95130,2017-03-31,3,713000000000,-0.086,,,,,73000000000,-0.170,53000000000,-0.095,,37000000000,,202.13,,,,,,,,,,,,,,,,,,,,,,true,true,12,2016-04-01,2017-03-31,0
2017-01-31,95130,2016-03-31,3,,,,,,,,,,,,,,,,,,,,2540723000000,675433000000,0.262,,666593000000,,,,,,,,,,,,true,false,12,2015-04-01,2016-03-31,-1
2017-01-31,95130,2016-03-31,3,,,,,,,,,,,,,,,,,,,,,,,,,,,,,70.00,,,,183051100,1191,,false,false,12,2015-04-01,2016-03-31,-1
2017-01-31,95130,2017-03-31,3,,,,,,,,,,,,,,,,,,,,,,,,,,,,,35.00,,,,,,,false,false,12,2016-04-01,2017-03-31,0
2017-01-31,95130,2017-03-31,3,,,,,,,,,,,,,,,,,,,,,,,,,,,,,70.00,,,,,,,false,true,12,2016-04-01,2017-03-31,0
2017-01-31,95130,2017-03-31,3,,,,,,,,,,,,,,,,,,,,,,,,,,,,,,,,,183051100,1271,183049875,false,false,9,2016-04-01,2016-12-31,0
2017-01-31,95130,2016-03-31,3,,,,,,,,,,,,,,,,,,,,,,,,,,,,,,,,,,,183050176,false,false,9,2015-04-01,2015-12-31,-1
2017-04-28,95130,2017-03-31,,744402000000,-0.046,,,,,81726000000,-0.070,67150000000,0.147,,41429000000,,226.33,,0.060,0.026,0.110,,2606285000000,764019000000,0.278,3954.22,723819000000,115440000000,-137663000000,30461000000,168454000000,,0.309,,,,,,true,false,12,2016-04-01,2017-03-31,0
2017-04-28,95130,2016-03-31,,780072000000,0.039,,,,,87915000000,0.196,58538000000,-0.013,,40081000000,,218.97,,0.059,0.023,0.113,,2540723000000,675433000000,0.262,3641.59,666593000000,146130000000,-131541000000,-88632000000,159949000000,,0.320,,,,,,true,false,12,2015-04-01,2016-03-31,-1
2017-04-28,95130,2018-03-31,,798000000000,0.072,,,,,82000000000,0.003,66000000000,-0.017,,46000000000,,251.30,,,,,,,,,,,,,,,,0.279,,,,,,true,true,12,2017-04-01,2018-03-31,1
2017-04-28,95130,2017-03-31,,522460000000,-0.054,,,,,27630000000,-0.335,56470000000,0.406,51552000000,,0.673,281.63,,,,,,2060881000000,562192000000,0.273,3071.25,562192000000,,,,,70.00,,,,183051100,1331,183049856,false,false,12,2016-04-01,2017-03-31,0
2017-04-28,95130,2016-03-31,,552341000000,-0.010,,,,,41570000000,-0.080,40174000000,0.391,30820000000,,0.376,168.37,,,,,,1985248000000,517867000000,0.261,2829.10,517867000000,,,,,70.00,,,,183051100,1191,183050113,false,false,12,2015-04-01,2016-03-31,-1
2017-04-28,95130,2018-03-31,,591000000000,0.131,,,,,30000000000,0.086,41000000000,-0.274,37000000000,,-0.282,202.13,,,,,,,,,,,,,,,70.00,,,,,,,false,true,12,2017-04-01,2018-03-31,1
2017-07-31,95130,2018-03-31,1,189722000000,0.132,,,,,27599000000,-0.223,28471000000,-0.198,,19237000000,,105.10,,,,,,2607843000000,780408000000,0.282,,736060000000,,,,,,,,,,,,true,false,3,2017-04-01,2017-06-30,0
2017-07-31,95130,2017-03-31,1,167599000000,-0.116,,,,,35511000000,0.226,35519000000,0.282,,26892000000,,146.92,,,,,,,,,,,,,,,,,,,,,,true,false,3,2016-04-01,2016-06-30,-1
2017-07-31,95130,2018-03-31,1,798000000000,0.072,,,,,82000000000,0.003,66000000000,-0.017,,46000000000,,251.30,,,,,,,,,,,,,,,,,,,,,,true,true,12,2017-04-01,2018-03-31,0
2017-07-31,95130,2017-03-31,1,,,,,,,,,,,,,,,,,,,,2606285000000,764019000000,0.278,,723819000000,,,,,,,,,,,,true,false,12,2016-04-01,2017-03-31,-1
2017-07-31,95130,2017-03-31,1,,,,,,,,,,,,,,,,,,,,,,,,,,,,,70.00,,,,183051100,1331,,false,false,12,2016-04-01,2017-03-31,-1
2017-07-31,95130,2018-03-31,1,,,,,,,,,,,,,,,,,,,,,,,,,,,,,70.00,,,,,,,false,true,12,2017-04-01,2018-03-31,0
2017-07-31,95130,2018-03-31,1,,,,,,,,,,,,,,,,,,,,,,,,,,,,,,,,,183051100,1391,183049722,false,false,3,2017-04-01,2017-06-30,0
2017-07-31,95130,2017-03-31,1,,,,,,,,,,,,,,,,,,,,,,,,,,,,,,,,,,,183049898,false,false,3,2016-04-01,2016-06-30,-1
2017-10-31,95130,2018-03-31,2,410208000000,0.183,,,,,67630000000,0.568,67545000000,0.847,,45947000000,,251.01,,,,,,2583728000000,805557000000,0.294,,760441000000,,,,,,,,,,,,true,false,6,2017-04-01,2017-09-30,0
2017-10-31,95130,2017-03-31,2,346623000000,-0.133,,,,,43125000000,-0.269,36561000000,-0.269,,27193000000,,148.56,,,,,,,,,,,,,,,,,,,,,,true,false,6,2016-04-01,2016-09-30,-1
2017-10-31,95130,2018-03-31,2,828000000000,0.112,,,,,95000000000,0.162,81000000000,0.206,,58000000000,,316.85,,,,,,,,,,,,,,,,,,,,,,true,true,12,2017-04-01,2018-03-31,0
2017-10-31,95130,2017-03-31,2,,,,,,,,,,,,,,,,,,,,2606285000000,764019000000,0.278,,723819000000,,,,,,,,,,,,true,false,12,2016-04-01,2017-03-31,-1
2017-10-31,95130,2017-03-31,2,,,,,,,,,,,,,,,,,,,,,,,,,,,,,70.00,,,,183051100,1331,,false,false,12,2016-04-01,2017-03-31,-1
2017-10-31,95130,2018-03-31,2,,,,,,,,,,,,,,,,,,,,,,,,,,,,,35.00,,,,,,,false,false,12,2017-04-01,2018-03-31,0
2017-10-31,95130,2018-03-31,2,,,,,,,,,,,,,,,,,,,,,,,,,,,,,70.00,,,,,,,false,true,12,2017-04-01,2018-03-31,0
2017-10-31,95130,2018-03-31,2,,,,,,,,,,,,,,,,,,,,,,,,,,,,,,,,,183051100,1411,183049708,false,false,6,2017-04-01,2017-09-30,0
2017-10-31,95130,2017-03-31,2,,,,,,,,,,,,,,,,,,,,,,,,,,,,,,,,,,,183049884,false,false,6,2016-04-01,2016-09-30,-1
2018-01-31,95130,2018-03-31,3,634690000000,0.195,,,,,100031000000,0.410,100711000000,0.592,,65659000000,,358.70,,,,,,2654070000000,832344000000,0.295,,783375000000,,,,,,,,,,,,true,false,9,2017-04-01,2017-12-31,0
2018-01-31,95130,2017-03-31,3,530995000000,-0.083,,,,,70925000000,-0.088,63261000000,0.148,,44568000000,,243.48,,,,,,,,,,,,,,,,,,,,,,true,false,9,2016-04-01,2016-12-31,-1
2018-01-31,95130,2018-03-31,3,858000000000,0.153,,,,,106000000000,0.297,105000000000,0.564,,73000000000,,398.80,,,,,,,,,,,,,,,,,,,,,,true,true,12,2017-04-01,2018-03-31,0
2018-01-31,95130,2017-03-31,3,,,,,,,,,,,,,,,,,,,,2606285000000,764019000000,0.278,,723819000000,,,,,,,,,,,,true,false,12,2016-04-01,2017-03-31,-1
2018-01-31,95130,2017-03-31,3,,,,,,,,,,,,,,,,,,,,,,,,,,,,,70.00,,,,183051100,1331,,false,false,12,2016-04-01,2017-03-31,-1
2018-01-31,95130,2018-03-31,3,,,,,,,,,,,,,,,,,,,,,,,,,,,,,35.00,,,,,,,false,false,12,2017-04-01,2018-03-31,0
2018-01-31,95130,2018-03-31,3,,,,,,,,,,,,,,,,,,,,,,,,,,,,,70.00,,,,,,,false,true,12,2017-04-01,2018-03-31,0
2018-01-31,95130,2018-03-31,3,,,,,,,,,,,,,,,,,,,,,,,,,,,,,,,,,183051100,1671,183049642,false,false,9,2017-04-01,2017-12-31,0
2018-01-31,95130,2017-03-31,3,,,,,,,,,,,,,,,,,,,,,,,,,,,,,,,,,,,183049875,false,false,9,2016-04-01,2016-12-31,-1
2018-04-27,95130,2018-03-31,,856252000000,0.150,,,,,104336000000,0.277,102476000000,0.526,,68448000000,,373.93,,0.091,0.039,0.120,,2647221000000,836124000000,0.297,4300.98,787291000000,160310000000,-109635000000,-85825000000,136840000000,,0.201,,,,,,true,false,12,2017-04-01,2018-03-31,0
2018-04-27,95130,2017-03-31,,744402000000,-0.046,,,,,81726000000,-0.070,67150000000,0.147,,41429000000,,226.33,,0.060,0.026,0.110,,2606285000000,764019000000,0.278,3954.22,723819000000,115440000000,-137663000000,30461000000,168454000000,,0.309,,,,,,true,false,12,2016-04-01,2017-03-31,-1
2018-04-27,95130,2019-03-31,,863000000000,0.008,,,,,84000000000,-0.195,70000000000,-0.317,,50000000000,,273.15,,,,,,,,,,,,,,,,0.275,,,,,,true,true,12,2018-04-01,2019-03-31,1
2018-04-27,95130,2018-03-31,,614591000000,0.176,,,,,43071000000,0.559,52460000000,-0.071,41938000000,,-0.186,229.11,,,,,,2075706000000,590927000000,0.285,3228.24,590927000000,,,,,75.00,,,,183051100,1751,183049580,false,false,12,2017-04-01,2018-03-31,0
2018-04-27,95130,2017-03-31,,522460000000,-0.054,,,,,27630000000,-0.335,56470000000,0.406,51552000000,,0.673,281.63,,,,,,2060881000000,562192000000,0.273,3071.25,562192000000,,,,,70.00,,,,183051100,1331,183049856,false,false,12,2016-04-01,2017-03-31,-1
2018-04-27,95130,2019-03-31,,611000000000,-0.006,,,,,26000000000,-0.396,49000000000,-0.066,45000000000,,0.073,245.84,,,,,,,,,,,,,,,75.00,,,,,,,false,true,12,2018-04-01,2019-03-31,1
2018-07-31,95130,2019-03-31,1,197591000000,0.041,,,,,31178000000,0.130,35739000000,0.255,,25183000000,,137.58,,,,,,2629832000000,851546000000,0.303,,797695000000,,,,,,,,,,,,true,false,3,2018-04-01,2018-06-30,0
2018-07-31,95130,2018-03-31,1,189722000000,0.132,,,,,27599000000,-0.223,28471000000,-0.198,,19237000000,,105.10,,,,,,,,,,,,,,,,,,,,,,true,false,3,2017-04-01,2017-06-30,-1
2018-07-31,95130,2019-03-31,1,863000000000,0.008,,,,,84000000000,-0.195,70000000000,-0.317,,50000000000,,273.15,,,,,,,,,,,,,,,,,,,,,,true,true,12,2018-04-01,2019-03-31,0
2018-07-31,95130,2018-03-31,1,,,,,,,,,,,,,,,,,,,,2647054000000,836124000000,0.297,,787291000000,,,,,,,,,,,,true,false,12,2017-04-01,2018-03-31,-1
2018-07-31,95130,2018-03-31,1,,,,,,,,,,,,,,,,,,,,,,,,,,,,,75.00,,,,183051100,1751,,false,false,12,2017-04-01,2018-03-31,-1
2018-07-31,95130,2019-03-31,1,,,,,,,,,,,,,,,,,,,,,,,,,,,,,75.00,,,,,,,false,true,12,2018-04-01,2019-03-31,0
2018-07-31,95130,2019-03-31,1,,,,,,,,,,,,,,,,,,,,,,,,,,,,,,,,,183051100,1771,183049342,false,false,3,2018-04-01,2018-06-30,0
2018-07-31,95130,2018-03-31,1,,,,,,,,,,,,,,,,,,,,,,,,,,,,,,,,,,,183049722,false,false,3,2017-04-01,2017-06-30,-1
2018-10-31,95130,2019-03-31,2,424287000000,0.034,,,,,47924000000,-0.291,42674000000,-0.368,,31114000000,,169.98,,,,,,2731452000000,852528000000,0.295,,805548000000,,,,,,,,,,,,true,false,6,2018-04-01,2018-09-30,0
2018-10-31,95130,2018-03-31,2,410208000000,0.183,,,,,67630000000,0.568,67545000000,0.847,,45947000000,,251.01,,,,,,,,,,,,,,,,,,,,,,true,false,6,2017-04-01,2017-09-30,-1
2018-10-31,95130,2019-03-31,2,863000000000,0.008,,,,,84000000000,-0.195,70000000000,-0.317,,50000000000,,273.15,,,,,,,,,,,,,,,,,,,,,,true,true,12,2018-04-01,2019-03-31,0
2018-10-31,95130,2018-03-31,2,,,,,,,,,,,,,,,,,,,,2647054000000,836124000000,0.297,,787291000000,,,,,,,,,,,,true,false,12,2017-04-01,2018-03-31,-1
2018-10-31,95130,2018-03-31,2,,,,,,,,,,,,,,,,,,,,,,,,,,,,,75.00,,,,183051100,1751,,false,false,12,2017-04-01,2018-03-31,-1
2018-10-31,95130,2019-03-31,2,,,,,,,,,,,,,,,,,,,,,,,,,,,,,35.00,,,,,,,false,false,12,2018-04-01,2019-03-31,0
2018-10-31,95130,2019-03-31,2,,,,,,,,,,,,,,,,,,,,,,,,,,,,,75.00,,,,,,,false,true,12,2018-04-01,2019-03-31,0
2018-10-31,95130,2019-03-31,2,,,,,,,,,,,,,,,,,,,,,,,,,,,,,,,,,183051100,1871,183049302,false,false,6,2018-04-01,2018-09-30,0
2018-10-31,95130,2018-03-31,2,,,,,,,,,,,,,,,,,,,,,,,,,,,,,,,,,,,183049708,false,false,6,2017-04-01,2017-09-30,-1
2019-01-31,95130,2019-03-31,3,659985000000,0.040,,,,,77763000000,-0.223,73281000000,-0.272,,51719000000,,282.54,,,,,,2797532000000,877528000000,0.295,,824100000000,,,,,,,,,,,,true,false,9,2018-04-01,2018-12-31,0
2019-01-31,95130,2018-03-31,3,634690000000,0.195,,,,,100031000000,0.410,100711000000,0.592,,65659000000,,358.70,,,,,,,,,,,,,,,,,,,,,,true,false,9,2017-04-01,2017-12-31,-1
2019-01-31,95130,2019-03-31,3,863000000000,0.008,,,,,84000000000,-0.195,70000000000,-0.317,,50000000000,,273.15,,,,,,,,,,,,,,,,,,,,,,true,true,12,2018-04-01,2019-03-31,0
2019-01-31,95130,2018-03-31,3,,,,,,,,,,,,,,,,,,,,2647054000000,836124000000,0.297,,787291000000,,,,,,,,,,,,true,false,12,2017-04-01,2018-03-31,-1
2019-01-31,95130,2018-03-31,3,,,,,,,,,,,,,,,,,,,,,,,,,,,,,75.00,,,,183051100,1751,,false,false,12,2017-04-01,2018-03-31,-1
2019-01-31,95130,2019-03-31,3,,,,,,,,,,,,,,,,,,,,,,,,,,,,,35.00,,,,,,,false,false,12,2018-04-01,2019-03-31,0
2019-01-31,95130,2019-03-31,3,,,,,,,,,,,,,,,,,,,,,,,,,,,,,75.00,,,,,,,false,true,12,2018-04-01,2019-03-31,0
2019-01-31,95130,2019-03-31,3,,,,,,,,,,,,,,,,,,,,,,,,,,,,,,,,,183051100,2071,183049252,false,false,9,2018-04-01,2018-12-31,0
2019-01-31,95130,2018-03-31,3,,,,,,,,,,,,,,,,,,,,,,,,,,,,,,,,,,,183049642,false,false,9,2017-04-01,2017-12-31,-1
2019-04-26,95130,2019-03-31,,897366000000,0.048,,,,,78844000000,-0.244,68539000000,-0.331,,46252000000,,252.68,,0.058,0.025,0.088,,2766179000000,845582000000,0.288,4356.54,797459000000,148423000000,-170432000000,74622000000,187077000000,,0.297,,,,,,true,false,12,2018-04-01,2019-03-31,0
2019-04-26,95130,2018-03-31,,856252000000,0.150,,,,,104336000000,0.277,102476000000,0.526,,68448000000,,373.93,,0.091,0.039,0.120,,2647054000000,836124000000,0.297,4300.98,787291000000,160310000000,-109635000000,-85825000000,136840000000,,0.201,,,,,,true,false,12,2017-04-01,2018-03-31,-1
2019-04-26,95130,2020-03-31,,940000000000,0.048,,,,,73000000000,-0.074,60000000000,-0.125,,42000000000,,229.45,,,,,,,,,,,,,,,,0.327,,,,,,true,true,12,2019-04-01,2020-03-31,1
2019-04-26,95130,2019-03-31,,646958000000,0.053,,,,,18678000000,-0.566,54405000000,0.037,52784000000,,0.259,288.36,,,,,,2211815000000,622277000000,0.281,3399.51,622277000000,,,,,75.00,,,,183051100,2151,183049193,false,false,12,2018-04-01,2019-03-31,0
2019-04-26,95130,2018-03-31,,614591000000,0.176,,,,,43071000000,0.559,52460000000,-0.071,41938000000,,-0.186,229.11,,,,,,2075706000000,590927000000,0.285,3228.24,590927000000,,,,,75.00,,,,183051100,1751,183049580,false,false,12,2017-04-01,2018-03-31,-1
2019-04-26,95130,2020-03-31,,591000000000,-0.086,,,,,16000000000,-0.143,53000000000,-0.026,51000000000,,-0.034,278.61,,,,,,,,,,,,,,,75.00,,,,,,,false,true,12,2019-04-01,2020-03-31,1
2019-07-31,95130,2020-03-31,1,215876000000,0.093,,,,,30151000000,-0.033,29312000000,-0.180,,19255000000,,105.19,,,,,,2795220000000,853712000000,0.287,,803050000000,,,,,,,,,,,,true,false,3,2019-04-01,2019-06-30,0
2019-07-31,95130,2019-03-31,1,197591000000,0.041,,,,,31178000000,0.130,35739000000,0.255,,25183000000,,137.58,,,,,,,,,,,,,,,,,,,,,,true,false,3,2018-04-01,2018-06-30,-1
2019-07-31,95130,2020-03-31,1,940000000000,0.048,,,,,73000000000,-0.074,60000000000,-0.125,,42000000000,,229.45,,,,,,,,,,,,,,,,,,,,,,true,true,12,2019-04-01,2020-03-31,0
2019-07-31,95130,2019-03-31,1,,,,,,,,,,,,,,,,,,,,2766179000000,845582000000,0.288,,797459000000,,,,,,,,,,,,true,false,12,2018-04-01,2019-03-31,-1
2019-07-31,95130,2019-03-31,1,,,,,,,,,,,,,,,,,,,,,,,,,,,,,75.00,,,,183051100,2151,,false,false,12,2018-04-01,2019-03-31,-1
2019-07-31,95130,2020-03-31,1,,,,,,,,,,,,,,,,,,,,,,,,,,,,,75.00,,,,,,,false,true,12,2019-04-01,2020-03-31,0
2019-07-31,95130,2020-03-31,1,,,,,,,,,,,,,,,,,,,,,,,,,,,,,,,,,183051100,2171,183048945,false,false,3,2019-04-01,2019-06-30,0
2019-07-31,95130,2019-03-31,1,,,,,,,,,,,,,,,,,,,,,,,,,,,,,,,,,,,183049342,false,false,3,2018-04-01,2018-06-30,-1
2019-10-31,95130,2020-03-31,2,461934000000,0.089,,,,,49498000000,0.033,51463000000,0.206,,28201000000,,154.07,,,,,,2777329000000,850162000000,0.288,,800294000000,,,,,,,,,,,,true,false,6,2019-04-01,2019-09-30,0
2019-10-31,95130,2019-03-31,2,424287000000,0.034,,,,,47924000000,-0.291,42674000000,-0.368,,31114000000,,169.98,,,,,,,,,,,,,,,,,,,,,,true,false,6,2018-04-01,2018-09-30,-1
2019-10-31,95130,2020-03-31,2,940000000000,0.048,,,,,73000000000,-0.074,60000000000,-0.125,,42000000000,,229.45,,,,,,,,,,,,,,,,,,,,,,true,true,12,2019-04-01,2020-03-31,0
2019-10-31,95130,2019-03-31,2,,,,,,,,,,,,,,,,,,,,2766179000000,845582000000,0.288,,797459000000,,,,,,,,,,,,true,false,12,2018-04-01,2019-03-31,-1
2019-10-31,95130,2019-03-31,2,,,,,,,,,,,,,,,,,,,,,,,,,,,,,75.00,,,,183051100,2151,,false,false,12,2018-04-01,2019-03-31,-1
2019-10-31,95130,2020-03-31,2,,,,,,,,,,,,,,,,,,,,,,,,,,,,,35.00,,,,,,,false,false,12,2019-04-01,2020-03-31,0
2019-10-31,95130,2020-03-31,2,,,,,,,,,,,,,,,,,,,,,,,,,,,,,75.00,,,,,,,false,true,12,2019-04-01,2020-03-31,0
2019-10-31,95130,2020-03-31,2,,,,,,,,,,,,,,,,,,,,,,,,,,,,,,,,,183051100,2271,183048898,false,false,6,2019-04-01,2019-09-30,0
2019-10-31,95130,2019-03-31,2,,,,,,,,,,,,,,,,,,,,,,,,,,,,,,,,,,,183049302,false,false,6,2018-04-01,2018-09-30,-1
2020-01-31,95130,2020-03-31,3,676003000000,0.024,,,,,68237000000,-0.123,66911000000,-0.087,,38743000000,,211.66,,,,,,2788766000000,845489000000,0.285,,795242000000,,,,,,,,,,,,true,false,9,2019-04-01,2019-12-31,0
2020-01-31,95130,2019-03-31,3,659985000000,0.040,,,,,77763000000,-0.223,73281000000,-0.272,,51719000000,,282.54,,,,,,,,,,,,,,,,,,,,,,true,false,9,2018-04-01,2018-12-31,-1
2020-01-31,95130,2020-03-31,3,920000000000,0.025,,,,,75000000000,-0.049,71000000000,0.036,,41000000000,,223.98,,,,,,,,,,,,,,,,,,,,,,true,true,12,2019-04-01,2020-03-31,0
2020-01-31,95130,2019-03-31,3,,,,,,,,,,,,,,,,,,,,2766179000000,845582000000,0.288,,797459000000,,,,,,,,,,,,true,false,12,2018-04-01,2019-03-31,-1
2020-01-31,95130,2019-03-31,3,,,,,,,,,,,,,,,,,,,,,,,,,,,,,75.00,,,,183051100,2151,,false,false,12,2018-04-01,2019-03-31,-1
2020-01-31,95130,2020-03-31,3,,,,,,,,,,,,,,,,,,,,,,,,,,,,,35.00,,,,,,,false,false,12,2019-04-01,2020-03-31,0
2020-01-31,95130,2020-03-31,3,,,,,,,,,,,,,,,,,,,,,,,,,,,,,75.00,,,,,,,false,true,12,2019-04-01,2020-03-31,0
2020-01-31,95130,2020-03-31,3,,,,,,,,,,,,,,,,,,,,,,,,,,,,,,,,,183051100,2291,183048874,false,false,9,2019-04-01,2019-12-31,0
2020-01-31,95130,2019-03-31,3,,,,,,,,,,,,,,,,,,,,,,,,,,,,,,,,,,,183049252,false,false,9,2018-04-01,2018-12-31,-1
2020-04-30,95130,2020-03-31,,913775000000,0.018,,,,,83638000000,0.061,78085000000,0.139,,42277000000,,230.96,,0.053,0.028,0.092,,2805390000000,857387000000,0.288,4412.84,807764000000,159245000000,-161711000000,-27737000000,157212000000,,0.325,,,,,,true,false,12,2019-04-01,2020-03-31,0
2020-04-30,95130,2019-03-31,,897366000000,0.048,,,,,78844000000,-0.244,68539000000,-0.331,,46252000000,,252.68,,0.058,0.025,0.088,,2766179000000,845582000000,0.288,4356.54,797459000000,148423000000,-170432000000,74622000000,187077000000,,0.297,,,,,,true,false,12,2018-04-01,2019-03-31,-1
2020-04-30,95130,2021-03-31,,915000000000,0.001,,,,,85000000000,0.016,75000000000,-0.040,,47000000000,,256.76,,,,,,,,,,,,,,,,0.292,,,,,,true,true,12,2020-04-01,2021-03-31,1
2020-04-30,95130,2020-03-31,,571291000000,-0.117,,,,,24886000000,0.332,60597000000,0.114,57377000000,,0.087,313.46,,,,,,2420106000000,660817000000,0.273,3610.06,660817000000,,,,,75.00,,,,183051100,2441,183048830,false,false,12,2019-04-01,2020-03-31,0
2020-04-30,95130,2019-03-31,,646958000000,0.053,,,,,18678000000,-0.566,54405000000,0.037,52784000000,,0.259,288.36,,,,,,2211815000000,622277000000,0.281,3399.51,622277000000,,,,,75.00,,,,183051100,2151,183049193,false,false,12,2018-04-01,2019-03-31,-1
2020-04-30,95130,2021-03-31,,554000000000,-0.030,,,,,21000000000,-0.156,46000000000,-0.241,43000000000,,-0.251,234.91,,,,,,,,,,,,,,,75.00,,,,,,,false,true,12,2020-04-01,2021-03-31,1
2020-08-05,95130,2021-03-31,1,187918000000,-0.130,,,,,22591000000,-0.251,15058000000,-0.486,,11761000000,,64.25,,,,,,2799261000000,810651000000,0.275,,770077000000,,,,,,,,,,,,true,false,3,2020-04-01,2020-06-30,0
2020-08-05,95130,2020-03-31,1,215876000000,0.093,,,,,30151000000,-0.033,29312000000,-0.180,,19255000000,,105.19,,,,,,,,,,,,,,,,,,,,,,true,false,3,2019-04-01,2019-06-30,-1
2020-08-05,95130,2021-03-31,1,915000000000,0.001,,,,,85000000000,0.016,75000000000,-0.040,,47000000000,,256.76,,,,,,,,,,,,,,,,,,,,,,true,true,12,2020-04-01,2021-03-31,0
2020-08-05,95130,2020-03-31,1,,,,,,,,,,,,,,,,,,,,2805390000000,857387000000,0.288,,807764000000,,,,,,,,,,,,true,false,12,2019-04-01,2020-03-31,-1
2020-08-05,95130,2020-03-31,1,,,,,,,,,,,,,,,,,,,,,,,,,,,,,75.00,,,,183051100,2441,,false,false,12,2019-04-01,2020-03-31,-1
2020-08-05,95130,2021-03-31,1,,,,,,,,,,,,,,,,,,,,,,,,,,,,,75.00,,,,,,,false,true,12,2020-04-01,2021-03-31,0
2020-08-05,95130,2021-03-31,1,,,,,,,,,,,,,,,,,,,,,,,,,,,,,,,,,183051100,2441,183048659,false,false,3,2020-04-01,2020-06-30,0
2020-08-05,95130,2020-03-31,1,,,,,,,,,,,,,,,,,,,,,,,,,,,,,,,,,,,183048945,false,false,3,2019-04-01,2019-06-30,-1
2020-10-30,95130,2021-03-31,2,408555000000,-0.116,,,,,54308000000,0.097,48286000000,-0.062,,33779000000,,184.54,,,,,,2803775000000,846037000000,0.286,,802613000000,,,,,,,,,,,,true,false,6,2020-04-01,2020-09-30,0
2020-10-30,95130,2020-03-31,2,461934000000,0.089,,,,,49498000000,0.033,51463000000,0.206,,28201000000,,154.07,,,,,,,,,,,,,,,,,,,,,,true,false,6,2019-04-01,2019-09-30,-1
2020-10-30,95130,2021-03-31,2,823000000000,-0.099,,,,,74000000000,-0.115,68000000000,-0.129,,51000000000,,278.61,,,,,,,,,,,,,,,,,,,,,,true,true,12,2020-04-01,2021-03-31,0
2020-10-30,95130,2020-03-31,2,,,,,,,,,,,,,,,,,,,,2805390000000,857387000000,0.288,,807764000000,,,,,,,,,,,,true,false,12,2019-04-01,2020-03-31,-1
2020-10-30,95130,2020-03-31,2,,,,,,,,,,,,,,,,,,,,,,,,,,,,,75.00,,,,183051100,2441,,false,false,12,2019-04-01,2020-03-31,-1
2020-10-30,95130,2021-03-31,2,,,,,,,,,,,,,,,,,,,,,,,,,,,,,35.00,,,,,,,false,false,12,2020-04-01,2021-03-31,0
2020-10-30,95130,2021-03-31,2,,,,,,,,,,,,,,,,,,,,,,,,,,,,,75.00,,,,,,,false,true,12,2020-04-01,2021-03-31,0
2020-10-30,95130,2021-03-31,2,,,,,,,,,,,,,,,,,,,,,,,,,,,,,,,,,183051100,2581,183048629,false,false,6,2020-04-01,2020-09-30,0
2020-10-30,95130,2020-03-31,2,,,,,,,,,,,,,,,,,,,,,,,,,,,,,,,,,,,183048898,false,false,6,2019-04-01,2019-09-30,-1
2020-10-30,95130,2021-03-31,,823000000000,-0.101,,,,,74000000000,-0.129,68000000000,-0.093,51000000000,,0.085,278.61,,,,,,,,,,,,,,,,,,,,,,true,true,12,2020-04-01,2021-03-31,0
2020-10-30,95130,2020-03-31,,913775000000,,,,,,83638000000,,78085000000,,42277000000,,,230.96,,,,,,,,,,,,,,,,,,,,,,true,false,12,2019-04-01,2020-03-31,-1
2020-10-30,95130,2021-03-31,,519000000000,-0.063,,,,,13000000000,-0.381,48000000000,0.043,44000000000,,0.023,240.37,,,,,,,,,,,,,,,,,,,,,,false,true,12,2020-04-01,2021-03-31,0
2020-10-30,95130,2020-03-31,,571291000000,,,,,,24886000000,,60597000000,,57377000000,,,313.46,,,,,,,,,,,,,,,,,,,,,,false,false,12,2019-04-01,2020-03-31,-1
2021-01-29,95130,2021-03-31,3,606252000000,-0.103,,,,,74937000000,0.098,67036000000,0.002,,56071000000,,306.32,,,,,,2826944000000,863733000000,0.291,,821392000000,,,,,,,,,,,,true,false,9,2020-04-01,2020-12-31,0
2021-01-29,95130,2020-03-31,3,676003000000,0.024,,,,,68237000000,-0.123,66911000000,-0.087,,38743000000,,211.66,,,,,,,,,,,,,,,,,,,,,,true,false,9,2019-04-01,2019-12-31,-1
2021-01-29,95130,2020-03-31,3,,,,,,,,,,,,,,,,,,,,2805390000000,857387000000,0.288,,807764000000,,,,,,,,,,,,true,false,12,2019-04-01,2020-03-31,-1
2021-01-29,95130,2020-03-31,3,,,,,,,,,,,,,,,,,,,,,,,,,,,,,75.00,,,,183051100,2441,,false,false,12,2019-04-01,2020-03-31,-1
2021-01-29,95130,2021-03-31,3,,,,,,,,,,,,,,,,,,,,,,,,,,,,,35.00,,,,,,,false,false,12,2020-04-01,2021-03-31,0
2021-01-29,95130,2021-03-31,3,,,,,,,,,,,,,,,,,,,,,,,,,,,,,75.00,,,,,,,false,true,12,2020-04-01,2021-03-31,0
2021-01-29,95130,2021-03-31,3,,,,,,,,,,,,,,,,,,,,,,,,,,,,,,,,,183051100,2581,183048592,false,false,9,2020-04-01,2020-12-31,0
2021-01-29,95130,2020-03-31,3,,,,,,,,,,,,,,,,,,,,,,,,,,,,,,,,,,,183048874,false,false,9,2019-04-01,2019-12-31,-1
2021-01-29,95130,2021-03-31,,823000000000,,,,,,74000000000,,68000000000,,51000000000,,,278.61,,,,,,,,,,,,,,,,,,,,,,true,true,12,2020-04-01,2021-03-31,0
2021-01-29,95130,2020-03-31,,913775000000,,,,,,83638000000,,78085000000,,42277000000,,,230.96,,,,,,,,,,,,,,,,,,,,,,true,false,12,2019-04-01,2020-03-31,-1
2021-01-29,95130,2021-03-31,,519000000000,,,,,,13000000000,,48000000000,,44000000000,,,240.37,,,,,,,,,,,,,,,,,,,,,,false,true,12,2020-04-01,2021-03-31,0
2021-01-29,95130,2020-03-31,,571291000000,,,,,,24886000000,,60597000000,,57377000000,,,313.46,,,,,,,,,,,,,,,,,,,,,,false,false,12,2019-04-01,2020-03-31,-1
2021-02-26,95130,2021-03-31,,910000000000,,,,,,70000000000,,54000000000,,39000000000,,,213.06,,,,,,,,,,,,,,,,,,,,,,true,true,12,2020-04-01,2021-03-31,0
2021-02-26,95130,2020-03-31,,913775000000,,,,,,83638000000,,78085000000,,42277000000,,,230.96,,,,,,,,,,,,,,,,,,,,,,true,false,12,2019-04-01,2020-03-31,-1
2021-02-26,95130,2021-03-31,,591000000000,,,,,,76000000000,,110000000000,,90000000000,,,491.67,,,,,,,,,,,,,,,,,,,,,,false,true,12,2020-04-01,2021-03-31,0
2021-02-26,95130,2020-03-31,,571291000000,,,,,,24886000000,,60597000000,,57377000000,,,313.46,,,,,,,,,,,,,,,,,,,,,,false,false,12,2019-04-01,2020-03-31,-1
2021-03-31,95130,2021-03-31,,584000000000,-0.012,,,,,72000000000,-0.053,106000000000,-0.036,11000000000,,-0.878,60.09,,,,,,,,,,,,,,,,,,,,,,false,true,12,2020-04-01,2021-03-31,0
2021-03-31,95130,2020-03-31,,571291000000,,,,,,24886000000,,60597000000,,57377000000,,,313.46,,,,,,,,,,,,,,,,,,,,,,false,false,12,2019-04-01,2020-03-31,-1
2021-04-30,95130,2021-03-31,,909144000000,-0.005,,,,,77775000000,-0.070,60903000000,-0.220,,22304000000,,121.85,,0.028,0.022,0.086,,2841960000000,853685000000,0.285,4420.39,809145000000,167959000000,-143274000000,7031000000,185260000000,,0.616,,,,,,true,false,12,2020-04-01,2021-03-31,0
2021-04-30,95130,2020-03-31,,913775000000,0.018,,,,,83638000000,0.061,78085000000,0.139,,42277000000,,230.96,,0.053,0.028,0.092,,2805390000000,857387000000,0.288,4412.84,807764000000,159245000000,-161711000000,-27737000000,157212000000,,0.325,,,,,,true,false,12,2019-04-01,2020-03-31,-1
2021-04-30,95130,2022-03-31,,842000000000,-0.074,,,,,59000000000,-0.241,50000000000,-0.179,,34000000000,,185.74,,,,,,,,,,,,,,,,0.404,,,,,,true,true,12,2021-04-01,2022-03-31,1
2021-04-30,95130,2021-03-31,,589915000000,0.033,,,,,77854000000,2.128,114041000000,0.882,15532000000,,-0.729,84.85,,,,,,2250502000000,670528000000,0.298,3663.12,670528000000,,,,,75.00,,,,183051100,2741,183048553,false,false,12,2020-04-01,2021-03-31,0
2021-04-30,95130,2020-03-31,,571291000000,-0.117,,,,,24886000000,0.332,60597000000,0.114,57377000000,,0.087,313.46,,,,,,2420106000000,660817000000,0.273,3610.06,660817000000,,,,,75.00,,,,183051100,2441,183048830,false,false,12,2019-04-01,2020-03-31,-1
2021-04-30,95130,2022-03-31,,514000000000,-0.129,,,,,6000000000,-0.923,41000000000,-0.640,41000000000,,1.640,223.98,,,,,,,,,,,,,,,75.00,,,,,,,false,true,12,2021-04-01,2022-03-31,1
2021-06-22,95130,2022-03-31,,575000000000,0.119,,,,,-1000000000,,37000000000,-0.098,39000000000,,-0.049,213.06,,,,,,,,,,,,,,,,,,,,,,false,true,12,2021-04-01,2022-03-31,0
2021-06-22,95130,2021-03-31,,589915000000,,,,,,77854000000,,114041000000,,15532000000,,,84.85,,,,,,,,,,,,,,,,,,,,,,false,false,12,2020-04-01,2021-03-31,-1
2021-07-30,95130,2022-03-31,1,191743000000,0.020,,,,,21544000000,-0.046,19882000000,0.320,,14020000000,,76.59,,,,,,2900207000000,896970000000,0.293,,849399000000,,,,,,,,,,,,true,false,3,2021-04-01,2021-06-30,0
2021-07-30,95130,2021-03-31,1,187918000000,-0.130,,,,,22591000000,-0.251,15058000000,-0.486,,11761000000,,64.25,,,,,,,,,,,,,,,,,,,,,,true,false,3,2020-04-01,2020-06-30,-1
2021-07-30,95130,2022-03-31,1,842000000000,-0.074,,,,,59000000000,-0.241,50000000000,-0.179,,34000000000,,185.74,,,,,,,,,,,,,,,,,,,,,,true,true,12,2021-04-01,2022-03-31,0
2021-07-30,95130,2021-03-31,1,,,,,,,,,,,,,,,,,,,,2841960000000,853685000000,0.285,,809145000000,,,,,,,,,,,,true,false,12,2020-04-01,2021-03-31,-1
2021-07-30,95130,2021-03-31,1,,,,,,,,,,,,,,,,,,,,,,,,,,,,,75.00,,,,183051100,2741,,false,false,12,2020-04-01,2021-03-31,-1
2021-07-30,95130,2022-03-31,1,,,,,,,,,,,,,,,,,,,,,,,,,,,,,75.00,,,,,,,false,true,12,2021-04-01,2022-03-31,0
2021-07-30,95130,2022-03-31,1,,,,,,,,,,,,,,,,,,,,,,,,,,,,,,,,,183051100,2761,183048356,false,false,3,2021-04-01,2021-06-30,0
2021-07-30,95130,2021-03-31,1,,,,,,,,,,,,,,,,,,,,,,,,,,,,,,,,,,,183048659,false,false,3,2020-04-01,2020-06-30,-1
2021-10-29,95130,2022-03-31,2,431811000000,0.057,,,,,34839000000,-0.358,26629000000,-0.449,,18184000000,,99.34,,,,,,2897541000000,894093000000,0.293,,847770000000,,,,,,,,,,,,true,false,6,2021-04-01,2021-09-30,0
2021-10-29,95130,2021-03-31,2,408555000000,-0.116,,,,,54308000000,0.097,48286000000,-0.062,,33779000000,,184.54,,,,,,,,,,,,,,,,,,,,,,true,false,6,2020-04-01,2020-09-30,-1
2021-10-29,95130,2022-03-31,2,990000000000,0.089,,,,,44000000000,-0.434,41000000000,-0.327,,30000000000,,163.89,,,,,,,,,,,,,,,,,,,,,,true,true,12,2021-04-01,2022-03-31,0
2021-10-29,95130,2021-03-31,2,,,,,,,,,,,,,,,,,,,,2841960000000,853685000000,0.285,,809145000000,,,,,,,,,,,,true,false,12,2020-04-01,2021-03-31,-1
2021-10-29,95130,2021-03-31,2,,,,,,,,,,,,,,,,,,,,,,,,,,,,,75.00,,,,183051100,2741,,false,false,12,2020-04-01,2021-03-31,-1
2021-10-29,95130,2022-03-31,2,,,,,,,,,,,,,,,,,,,,,,,,,,,,,35.00,,,,,,,false,false,12,2021-04-01,2022-03-31,0
2021-10-29,95130,2022-03-31,2,,,,,,,,,,,,,,,,,,,,,,,,,,,,,75.00,,,,,,,false,true,12,2021-04-01,2022-03-31,0
2021-10-29,95130,2022-03-31,2,,,,,,,,,,,,,,,,,,,,,,,,,,,,,,,,,183051100,2781,183048342,false,false,6,2021-04-01,2021-09-30,0
2021-10-29,95130,2021-03-31,2,,,,,,,,,,,,,,,,,,,,,,,,,,,,,,,,,,,183048629,false,false,6,2020-04-01,2020-09-30,-1
2021-10-29,95130,2022-03-31,,990000000000,0.176,,,,,44000000000,-0.254,41000000000,-0.180,30000000000,,-0.118,163.89,,,,,,,,,,,,,,,,,,,,,,true,true,12,2021-04-01,2022-03-31,0
2021-10-29,95130,2021-03-31,,909144000000,,,,,,77775000000,,60903000000,,22304000000,,,121.85,,,,,,,,,,,,,,,,,,,,,,true,false,12,2020-04-01,2021-03-31,-1
2021-10-29,95130,2022-03-31,,706000000000,0.228,,,,,-22000000000,,18000000000,-0.514,26000000000,,-0.333,142.04,,,,,,,,,,,,,,,,,,,,,,false,true,12,2021-04-01,2022-03-31,0
2021-10-29,95130,2021-03-31,,589915000000,,,,,,77854000000,,114041000000,,15532000000,,,84.85,,,,,,,,,,,,,,,,,,,,,,false,false,12,2020-04-01,2021-03-31,-1
2022-01-31,95130,2022-03-31,3,709513000000,0.170,,,,,63932000000,-0.147,54866000000,-0.182,,40393000000,,220.67,,,,,,2897094000000,894567000000,0.294,,850647000000,,,,,,,,,,,,true,false,9,2021-04-01,2021-12-31,0
2022-01-31,95130,2021-03-31,3,606252000000,-0.103,,,,,74937000000,0.098,67036000000,0.002,,56071000000,,306.32,,,,,,,,,,,,,,,,,,,,,,true,false,9,2020-04-01,2020-12-31,-1
2022-01-31,95130,2022-03-31,3,1030000000000,0.133,,,,,74000000000,-0.049,63000000000,0.034,,46000000000,,251.30,,,,,,,,,,,,,,,,,,,,,,true,true,12,2021-04-01,2022-03-31,0
2022-01-31,95130,2021-03-31,3,,,,,,,,,,,,,,,,,,,,2841960000000,853685000000,0.285,,809145000000,,,,,,,,,,,,true,false,12,2020-04-01,2021-03-31,-1
2022-01-31,95130,2021-03-31,3,,,,,,,,,,,,,,,,,,,,,,,,,,,,,75.00,,,,183051100,2741,,false,false,12,2020-04-01,2021-03-31,-1
2022-01-31,95130,2022-03-31,3,,,,,,,,,,,,,,,,,,,,,,,,,,,,,35.00,,,,,,,false,false,12,2021-04-01,2022-03-31,0
2022-01-31,95130,2022-03-31,3,,,,,,,,,,,,,,,,,,,,,,,,,,,,,75.00,,,,,,,false,true,12,2021-04-01,2022-03-31,0
2022-01-31,95130,2022-03-31,3,,,,,,,,,,,,,,,,,,,,,,,,,,,,,,,,,183051100,2902,183048322,false,false,9,2021-04-01,2021-12-31,0
2022-01-31,95130,2021-03-31,3,,,,,,,,,,,,,,,,,,,,,,,,,,,,,,,,,,,183048592,false,false,9,2020-04-01,2020-12-31,-1
2022-01-31,95130,2022-03-31,,1030000000000,0.040,,,,,74000000000,0.682,63000000000,0.537,46000000000,,0.533,251.30,,,,,,,,,,,,,,,,,,,,,,true,true,12,2021-04-01,2022-03-31,0
2022-01-31,95130,2021-03-31,,909144000000,,,,,,77775000000,,60903000000,,22304000000,,,121.85,,,,,,,,,,,,,,,,,,,,,,true,false,12,2020-04-01,2021-03-31,-1
2022-01-31,95130,2022-03-31,,739000000000,0.047,,,,,5000000000,,45000000000,1.500,46000000000,,0.769,251.30,,,,,,,,,,,,,,,,,,,,,,false,true,12,2021-04-01,2022-03-31,0
2022-01-31,95130,2021-03-31,,589915000000,,,,,,77854000000,,114041000000,,15532000000,,,84.85,,,,,,,,,,,,,,,,,,,,,,false,false,12,2020-04-01,2021-03-31,-1
2022-05-11,95130,2022-03-31,,1084621000000,0.193,,,,,86979000000,0.118,72846000000,0.196,,69687000000,,380.70,,0.081,0.025,0.080,,3066176000000,964105000000,0.299,5004.31,916029000000,128380000000,-178846000000,84070000000,222551000000,,0.197,,,,,,true,false,12,2021-04-01,2022-03-31,0
2022-05-11,95130,2021-03-31,,909144000000,-0.005,,,,,77775000000,-0.070,60903000000,-0.220,,22304000000,,121.85,,0.028,0.022,0.086,,2841960000000,853685000000,0.285,4420.39,809145000000,167959000000,-143274000000,7031000000,185260000000,,0.616,,,,,,true,false,12,2020-04-01,2021-03-31,-1
2022-05-11,95130,2023-03-31,,1431000000000,0.319,,,,,110000000000,0.265,100000000000,0.373,,67000000000,,366.02,,,,,,,,,,,,,,,,0.219,,,,,,true,true,12,2022-04-01,2023-03-31,1
2022-05-11,95130,2022-03-31,,790055000000,0.339,,,,,17899000000,-0.770,58287000000,-0.489,73696000000,,3.745,402.61,,,,,,2420061000000,742867000000,0.307,4058.32,742867000000,,,,,75.00,,,,183051100,2971,183048285,false,false,12,2021-04-01,2022-03-31,0
2022-05-11,95130,2021-03-31,,589915000000,0.033,,,,,77854000000,2.128,114041000000,0.882,15532000000,,-0.729,84.85,,,,,,2250502000000,670528000000,0.298,3663.12,670528000000,,,,,75.00,,,,183051100,2741,183048553,false,false,12,2020-04-01,2021-03-31,-1
2022-05-11,95130,2023-03-31,,1098000000000,0.390,,,,,31000000000,0.732,56000000000,-0.039,49000000000,,-0.335,267.69,,,,,,,,,,,,,,,80.00,,,,,,,false,true,12,2022-04-01,2023-03-31,1
2022-07-29,95130,2023-03-31,1,323319000000,0.686,,,,,19507000000,-0.095,21487000000,0.081,,13036000000,,71.22,,,,,,3265234000000,1028759000000,0.298,,973500000000,,,,,,,,,,,,true,false,3,2022-04-01,2022-06-30,0
2022-07-29,95130,2022-03-31,1,191743000000,0.020,,,,,21544000000,-0.046,19882000000,0.320,,14020000000,,76.59,,,,,,,,,,,,,,,,,,,,,,true,false,3,2021-04-01,2021-06-30,-1
2022-07-29,95130,2023-03-31,1,1431000000000,0.319,,,,,110000000000,0.265,100000000000,0.373,,67000000000,,366.02,,,,,,,,,,,,,,,,,,,,,,true,true,12,2022-04-01,2023-03-31,0
2022-07-29,95130,2022-03-31,1,,,,,,,,,,,,,,,,,,,,3066176000000,964105000000,0.299,,916029000000,,,,,,,,,,,,true,false,12,2021-04-01,2022-03-31,-1
2022-07-29,95130,2022-03-31,1,,,,,,,,,,,,,,,,,,,,,,,,,,,,,75.00,,,,183051100,2971,,false,false,12,2021-04-01,2022-03-31,-1
2022-07-29,95130,2023-03-31,1,,,,,,,,,,,,,,,,,,,,,,,,,,,,,80.00,,,,,,,false,true,12,2022-04-01,2023-03-31,0
2022-07-29,95130,2023-03-31,1,,,,,,,,,,,,,,,,,,,,,,,,,,,,,,,,,183051100,3011,183048124,false,false,3,2022-04-01,2022-06-30,0
2022-07-29,95130,2022-03-31,1,,,,,,,,,,,,,,,,,,,,,,,,,,,,,,,,,,,183048356,false,false,3,2021-04-01,2021-06-30,-1
2022-10-31,95130,2023-03-31,2,839798000000,0.945,,,,,86318000000,1.478,86139000000,2.235,,58400000000,,319.14,,,,,,3423465000000,1111979000000,0.308,,1053244000000,,,,,,,,,,,,true,false,6,2022-04-01,2022-09-30,0
2022-10-31,95130,2022-03-31,2,431811000000,0.057,,,,,34839000000,-0.358,26629000000,-0.449,,18184000000,,99.34,,,,,,,,,,,,,,,,,,,,,,true,false,6,2021-04-01,2021-09-30,-1
2022-10-31,95130,2023-03-31,2,1794000000000,0.654,,,,,162000000000,0.863,155000000000,1.128,,108000000000,,590.39,,,,,,,,,,,,,,,,,,,,,,true,true,12,2022-04-01,2023-03-31,0
2022-10-31,95130,2022-03-31,2,,,,,,,,,,,,,,,,,,,,3066176000000,964105000000,0.299,,916029000000,,,,,,,,,,,,true,false,12,2021-04-01,2022-03-31,-1
2022-10-31,95130,2022-03-31,2,,,,,,,,,,,,,,,,,,,,,,,,,,,,,75.00,,,,183051100,2971,,false,false,12,2021-04-01,2022-03-31,-1
2022-10-31,95130,2023-03-31,2,,,,,,,,,,,,,,,,,,,,,,,,,,,,,40.00,,,,,,,false,false,12,2022-04-01,2023-03-31,0
2022-10-31,95130,2023-03-31,2,,,,,,,,,,,,,,,,,,,,,,,,,,,,,80.00,,,,,,,false,true,12,2022-04-01,2023-03-31,0
2022-10-31,95130,2023-03-31,2,,,,,,,,,,,,,,,,,,,,,,,,,,,,,,,,,183051100,188971,182995257,false,false,6,2022-04-01,2022-09-30,0
2022-10-31,95130,2022-03-31,2,,,,,,,,,,,,,,,,,,,,,,,,,,,,,,,,,,,183048342,false,false,6,2021-04-01,2021-09-30,-1
2022-10-31,95130,2023-03-31,,1376000000000,0.253,,,,,36000000000,0.161,68000000000,0.214,58000000000,,0.184,317.06,,,,,,,,,,,,,,,,,,,,,,false,true,12,2022-04-01,2023-03-31,0
2022-10-31,95130,2022-03-31,,790055000000,,,,,,17899000000,,58287000000,,73696000000,,,402.61,,,,,,,,,,,,,,,,,,,,,,false,false,12,2021-04-01,2022-03-31,-1
2023-01-31,95130,2023-03-31,3,1401554000000,0.975,,,,,161511000000,1.526,158247000000,1.884,,111057000000,,607.04,,,,,,3469877000000,1171157000000,0.321,,1113355000000,,,,,,,,,,,,true,false,9,2022-04-01,2022-12-31,0
2023-01-31,95130,2022-03-31,3,709513000000,0.170,,,,,63932000000,-0.147,54866000000,-0.182,,40393000000,,220.67,,,,,,,,,,,,,,,,,,,,,,true,false,9,2021-04-01,2021-12-31,-1
2023-01-31,95130,2023-03-31,3,1869000000000,0.723,,,,,171000000000,0.966,164000000000,1.251,,115000000000,,628.66,,,,,,,,,,,,,,,,,,,,,,true,true,12,2022-04-01,2023-03-31,0
2023-01-31,95130,2022-03-31,3,,,,,,,,,,,,,,,,,,,,3066176000000,964105000000,0.299,,916029000000,,,,,,,,,,,,true,false,12,2021-04-01,2022-03-31,-1
2023-01-31,95130,2022-03-31,3,,,,,,,,,,,,,,,,,,,,,,,,,,,,,75.00,,,,183051100,2971,,false,false,12,2021-04-01,2022-03-31,-1
2023-01-31,95130,2023-03-31,3,,,,,,,,,,,,,,,,,,,,,,,,,,,,,40.00,,,,,,,false,false,12,2022-04-01,2023-03-31,0
2023-01-31,95130,2023-03-31,3,,,,,,,,,,,,,,,,,,,,,,,,,,,,,80.00,,,,,,,false,true,12,2022-04-01,2023-03-31,0
2023-01-31,95130,2023-03-31,3,,,,,,,,,,,,,,,,,,,,,,,,,,,,,,,,,183051100,189091,182950697,false,false,9,2022-04-01,2022-12-31,0
2023-01-31,95130,2022-03-31,3,,,,,,,,,,,,,,,,,,,,,,,,,,,,,,,,,,,183048322,false,false,9,2021-04-01,2021-12-31,-1
2023-01-31,95130,2023-03-31,,1402000000000,0.019,,,,,38000000000,0.056,72000000000,0.059,64000000000,,0.103,349.86,,,,,,,,,,,,,,,,,,,,,,false,true,12,2022-04-01,2023-03-31,0
2023-01-31,95130,2022-03-31,,790055000000,,,,,,17899000000,,58287000000,,73696000000,,,402.61,,,,,,,,,,,,,,,,,,,,,,false,false,12,2021-04-01,2022-03-31,-1
2023-05-10,95130,2023-03-31,,1841922000000,0.698,,,,,183867000000,1.114,170792000000,1.345,,113689000000,,621.50,,0.114,0.053,0.100,,3362685000000,1192743000000,0.323,5931.68,1084679000000,155832000000,-150839000000,96021000000,334294000000,,0.145,,,,,,true,false,12,2022-04-01,2023-03-31,0
2023-05-10,95130,2022-03-31,,1084621000000,0.193,,,,,86979000000,0.118,72846000000,0.196,,69687000000,,380.70,,0.081,0.025,0.080,,3066176000000,964105000000,0.299,5004.31,916029000000,128380000000,-178846000000,84070000000,222551000000,,0.197,,,,,,true,false,12,2021-04-01,2022-03-31,-1
2023-05-10,95130,2024-03-31,,1513000000000,-0.179,,,,,111000000000,-0.396,110000000000,-0.356,,76000000000,,415.61,,,,,,,,,,,,,,,,0.217,,,,,,true,true,12,2023-04-01,2024-03-31,1
2023-05-10,95130,2023-03-31,,1370724000000,0.735,,,,,46561000000,1.601,75333000000,0.292,60097000000,,-0.185,328.53,,,,,,2488443000000,772441000000,0.310,4224.18,772441000000,,,,,90.00,,,,183051100,189131,182928821,false,false,12,2022-04-01,2023-03-31,0
2023-05-10,95130,2022-03-31,,790055000000,0.339,,,,,17899000000,-0.770,58287000000,-0.489,73696000000,,3.745,402.61,,,,,,2420061000000,742867000000,0.307,4058.32,742867000000,,,,,75.00,,,,183051100,2971,183048285,false,false,12,2021-04-01,2022-03-31,-1
2023-05-10,95130,2024-03-31,,1048000000000,-0.235,,,,,32000000000,-0.313,62000000000,-0.177,55000000000,,-0.085,300.77,,,,,,,,,,,,,,,90.00,,,,,,,false,true,12,2023-04-01,2024-03-31,1
2023-07-31,95130,2024-03-31,1,281382000000,-0.130,,,,,26558000000,0.361,27447000000,0.277,,17611000000,,96.31,,,,,,3393633000000,1206721000000,0.324,,1098589000000,,,,,,,,,,,,true,false,3,2023-04-01,2023-06-30,0
2023-07-31,95130,2023-03-31,1,323319000000,0.686,,,,,19507000000,-0.095,21487000000,0.081,,13036000000,,71.22,,,,,,,,,,,,,,,,,,,,,,true,false,3,2022-04-01,2022-06-30,-1
2023-07-31,95130,2024-03-31,1,1513000000000,-0.179,,,,,111000000000,-0.396,110000000000,-0.356,,76000000000,,415.61,,,,,,,,,,,,,,,,,,,,,,true,true,12,2023-04-01,2024-03-31,0
2023-07-31,95130,2023-03-31,1,,,,,,,,,,,,,,,,,,,,3362685000000,1192743000000,0.323,,1084679000000,,,,,,,,,,,,true,false,12,2022-04-01,2023-03-31,-1
2023-07-31,95130,2023-03-31,1,,,,,,,,,,,,,,,,,,,,,,,,,,,,,90.00,,,,183051100,189131,,false,false,12,2022-04-01,2023-03-31,-1
2023-07-31,95130,2024-03-31,1,,,,,,,,,,,,,,,,,,,,,,,,,,,,,90.00,,,,,,,false,true,12,2023-04-01,2024-03-31,0
2023-07-31,95130,2024-03-31,1,,,,,,,,,,,,,,,,,,,,,,,,,,,,,,,,,183051100,185656,182864247,false,false,3,2023-04-01,2023-06-30,0
2023-07-31,95130,2023-03-31,1,,,,,,,,,,,,,,,,,,,,,,,,,,,,,,,,,,,183048124,false,false,3,2022-04-01,2022-06-30,-1
2023-10-31,95130,2024-03-31,2,631594000000,-0.248,,,,,44998000000,-0.479,42422000000,-0.508,,27731000000,,151.65,,,,,,3448992000000,1273983000000,0.336,,1159069000000,,,,,,,,,,,,true,false,6,2023-04-01,2023-09-30,0
2023-10-31,95130,2023-03-31,2,839798000000,0.945,,,,,86318000000,1.478,86139000000,2.235,,58400000000,,319.14,,,,,,,,,,,,,,,,,,,,,,true,false,6,2022-04-01,2022-09-30,-1
2023-10-31,95130,2024-03-31,2,1307000000000,-0.290,,,,,87000000000,-0.527,97000000000,-0.432,,67000000000,,366.38,,,,,,,,,,,,,,,,,,,,,,true,true,12,2023-04-01,2024-03-31,0
2023-10-31,95130,2023-03-31,2,,,,,,,,,,,,,,,,,,,,3362685000000,1192743000000,0.323,,1084679000000,,,,,,,,,,,,true,false,12,2022-04-01,2023-03-31,-1
2023-10-31,95130,2023-03-31,2,,,,,,,,,,,,,,,,,,,,,,,,,,,,,90.00,,,,183051100,189131,,false,false,12,2022-04-01,2023-03-31,-1
2023-10-31,95130,2024-03-31,2,,,,,,,,,,,,,,,,,,,,,,,,,,,,,45.00,,,,,,,false,false,12,2023-04-01,2024-03-31,0
2023-10-31,95130,2024-03-31,2,,,,,,,,,,,,,,,,,,,,,,,,,,,,,90.00,,,,,,,false,true,12,2023-04-01,2024-03-31,0
2023-10-31,95130,2024-03-31,2,,,,,,,,,,,,,,,,,,,,,,,,,,,,,,,,,183051100,181081,182866187,false,false,6,2023-04-01,2023-09-30,0
2023-10-31,95130,2023-03-31,2,,,,,,,,,,,,,,,,,,,,,,,,,,,,,,,,,,,182995257,false,false,6,2022-04-01,2022-09-30,-1
2023-10-31,95130,2024-03-31,,863000000000,-0.177,,,,,-3000000000,,59000000000,-0.048,59000000000,,0.073,322.64,,,,,,,,,,,,,,,,,,,,,,false,true,12,2023-04-01,2024-03-31,0
2023-10-31,95130,2023-03-31,,1370724000000,,,,,,46561000000,,75333000000,,60097000000,,,328.53,,,,,,,,,,,,,,,,,,,,,,false,false,12,2022-04-01,2023-03-31,-1
2024-01-31,95130,2024-03-31,3,960842000000,-0.314,,,,,83725000000,-0.482,84801000000,-0.464,,56356000000,,308.18,,,,,,3462713000000,1310574000000,0.344,,1190294000000,,,,,,,,,,,,true,false,9,2023-04-01,2023-12-31,0
2024-01-31,95130,2023-03-31,3,1401554000000,0.975,,,,,161511000000,1.526,158247000000,1.884,,111057000000,,607.04,,,,,,,,,,,,,,,,,,,,,,true,false,9,2022-04-01,2022-12-31,-1
2024-01-31,95130,2024-03-31,3,1307000000000,-0.290,,,,,87000000000,-0.527,97000000000,-0.432,,67000000000,,366.38,,,,,,,,,,,,,,,,,,,,,,true,true,12,2023-04-01,2024-03-31,0
2024-01-31,95130,2023-03-31,3,,,,,,,,,,,,,,,,,,,,3362685000000,1192743000000,0.323,,1084679000000,,,,,,,,,,,,true,false,12,2022-04-01,2023-03-31,-1
2024-01-31,95130,2023-03-31,3,,,,,,,,,,,,,,,,,,,,,,,,,,,,,90.00,,,,183051100,189131,,false,false,12,2022-04-01,2023-03-31,-1
2024-01-31,95130,2024-03-31,3,,,,,,,,,,,,,,,,,,,,,,,,,,,,,45.00,,,,,,,false,false,12,2023-04-01,2024-03-31,0
2024-01-31,95130,2024-03-31,3,,,,,,,,,,,,,,,,,,,,,,,,,,,,,90.00,,,,,,,false,true,12,2023-04-01,2024-03-31,0
2024-01-31,95130,2024-03-31,3,,,,,,,,,,,,,,,,,,,,,,,,,,,,,,,,,183051100,181154,182867462,false,false,9,2023-04-01,2023-12-31,0
2024-01-31,95130,2023-03-31,3,,,,,,,,,,,,,,,,,,,,,,,,,,,,,,,,,,,182950697,false,false,9,2022-04-01,2022-12-31,-1
2024-05-09,95130,2024-03-31,,1257998000000,-0.317,,,,,105704000000,-0.425,118535000000,-0.306,,77774000000,,425.31,,0.068,0.035,0.084,,3475749000000,1333078000000,0.350,6649.11,1215922000000,254021000000,-161954000000,-65864000000,370663000000,,0.235,,,,,,true,false,12,2023-04-01,2024-03-31,0
2024-05-09,95130,2023-03-31,,1841922000000,0.698,,,,,183867000000,1.114,170792000000,1.345,,113689000000,,621.50,,0.114,0.053,0.100,,3362685000000,1192743000000,0.323,5931.68,1084679000000,155832000000,-150839000000,96021000000,334294000000,,0.145,,,,,,true,false,12,2022-04-01,2023-03-31,-1
2024-05-09,95130,2025-03-31,,1155000000000,-0.082,,,,,64000000000,-0.395,62000000000,-0.477,,42000000000,,229.67,,,,,,,,,,,,,,,,0.435,,,,,,true,true,12,2024-04-01,2025-03-31,1
2024-05-09,95130,2024-03-31,,843229000000,-0.385,,,,,5142000000,-0.890,55171000000,-0.268,52342000000,,-0.129,286.23,,,,,,2533125000000,825687000000,0.326,4515.16,825687000000,,,,,100.00,,,,183051100,181205,182868076,false,false,12,2023-04-01,2024-03-31,0
2024-05-09,95130,2023-03-31,,1370724000000,0.735,,,,,46561000000,1.601,75333000000,0.292,60097000000,,-0.185,328.53,,,,,,2488443000000,772441000000,0.310,4224.18,772441000000,,,,,90.00,,,,183051100,189131,182928821,false,false,12,2022-04-01,2023-03-31,-1
2024-05-09,95130,2025-03-31,,805000000000,-0.045,,,,,4000000000,-0.222,46000000000,-0.166,45000000000,,-0.140,246.08,,,,,,,,,,,,,,,100.00,,,,,,,false,true,12,2024-04-01,2025-03-31,1
2024-07-31,95130,2025-03-31,1,259056000000,-0.079,,,,,32676000000,0.230,35044000000,0.277,,25469000000,,139.27,,,,,,3513637000000,1369727000000,0.358,,1256616000000,,,,,,,,,,,,true,false,3,2024-04-01,2024-06-30,0
2024-07-31,95130,2024-03-31,1,281382000000,-0.130,,,,,26558000000,0.361,27447000000,0.277,,17611000000,,96.31,,,,,,,,,,,,,,,,,,,,,,true,false,3,2023-04-01,2023-06-30,-1
2024-07-31,95130,2025-03-31,1,1155000000000,-0.082,,,,,64000000000,-0.395,62000000000,-0.477,,42000000000,,229.67,,,,,,,,,,,,,,,,,,,,,,true,true,12,2024-04-01,2025-03-31,0
2024-07-31,95130,2024-03-31,1,,,,,,,,,,,,,,,,,,,,3475805000000,1333135000000,0.350,,1215978000000,,,,,,,,,,,,true,false,12,2023-04-01,2024-03-31,-1
2024-07-31,95130,2024-03-31,1,,,,,,,,,,,,,,,,,,,,,,,,,,,,,100.00,,,,183051100,181205,,false,false,12,2023-04-01,2024-03-31,-1
2024-07-31,95130,2025-03-31,1,,,,,,,,,,,,,,,,,,,,,,,,,,,,,100.00,,,,,,,false,true,12,2024-04-01,2025-03-31,0
2024-07-31,95130,2025-03-31,1,,,,,,,,,,,,,,,,,,,,,,,,,,,,,,,,,183051100,178610,182871443,false,false,3,2024-04-01,2024-06-30,0
2024-07-31,95130,2024-03-31,1,,,,,,,,,,,,,,,,,,,,,,,,,,,,,,,,,,,182864247,false,false,3,2023-04-01,2023-06-30,-1
2024-10-31,95130,2025-03-31,2,640725000000,0.014,,,,,70791000000,0.573,71058000000,0.675,,48335000000,,264.31,,,,,,3686980000000,1435906000000,0.356,,1314049000000,,,,,,,,,,,,true,false,6,2024-04-01,2024-09-30,0
2024-10-31,95130,2024-03-31,2,631594000000,-0.248,,,,,44998000000,-0.479,42422000000,-0.508,,27731000000,,151.65,,,,,,,,,,,,,,,,,,,,,,true,false,6,2023-04-01,2023-09-30,-1
2024-10-31,95130,2025-03-31,2,1305000000000,0.037,,,,,93000000000,-0.120,95000000000,-0.199,,64000000000,,349.97,,,,,,,,,,,,,,,,,,,,,,true,true,12,2024-04-01,2025-03-31,0
2024-10-31,95130,2024-03-31,2,,,,,,,,,,,,,,,,,,,,3475805000000,1333135000000,0.350,,1215978000000,,,,,,,,,,,,true,false,12,2023-04-01,2024-03-31,-1
2024-10-31,95130,2024-03-31,2,,,,,,,,,,,,,,,,,,,,,,,,,,,,,100.00,,,,183051100,181205,,false,false,12,2023-04-01,2024-03-31,-1
2024-10-31,95130,2025-03-31,2,,,,,,,,,,,,,,,,,,,,,,,,,,,,,50.00,,,,,,,false,false,12,2024-04-01,2025-03-31,0
2024-10-31,95130,2025-03-31,2,,,,,,,,,,,,,,,,,,,,,,,,,,,,,100.00,,,,,,,false,true,12,2024-04-01,2025-03-31,0
2024-10-31,95130,2025-03-31,2,,,,,,,,,,,,,,,,,,,,,,,,,,,,,,,,,183051100,174452,182873189,false,false,6,2024-04-01,2024-09-30,0
2024-10-31,95130,2024-03-31,2,,,,,,,,,,,,,,,,,,,,,,,,,,,,,,,,,,,182866187,false,false,6,2023-04-01,2023-09-30,-1
2024-10-31,95130,2025-03-31,,942000000000,0.170,,,,,27000000000,5.750,77000000000,0.674,69000000000,,0.533,377.31,,,,,,,,,,,,,,,,,,,,,,false,true,12,2024-04-01,2025-03-31,0
2024-10-31,95130,2024-03-31,,843229000000,,,,,,5142000000,,55171000000,,52342000000,,,286.23,,,,,,,,,,,,,,,,,,,,,,false,false,12,2023-04-01,2024-03-31,-1
2025-01-31,95130,2025-03-31,3,958959000000,-0.002,,,,,114191000000,0.364,124950000000,0.473,,79611000000,,435.34,,,,,,3603255000000,1404299000000,0.356,,1283366000000,,,,,,,,,,,,true,false,9,2024-04-01,2024-12-31,0
2025-01-31,95130,2024-03-31,3,960842000000,-0.314,,,,,83725000000,-0.482,84801000000,-0.464,,56356000000,,308.18,,,,,,,,,,,,,,,,,,,,,,true,false,9,2023-04-01,2023-12-31,-1
2025-01-31,95130,2025-03-31,3,1334000000000,0.060,,,,,113000000000,0.069,127000000000,0.071,,88000000000,,481.20,,,,,,,,,,,,,,,,,,,,,,true,true,12,2024-04-01,2025-03-31,0
2025-01-31,95130,2024-03-31,3,,,,,,,,,,,,,,,,,,,,3475805000000,1333135000000,0.350,,1215978000000,,,,,,,,,,,,true,false,12,2023-04-01,2024-03-31,-1
2025-01-31,95130,2024-03-31,3,,,,,,,,,,,,,,,,,,,,,,,,,,,,,100.00,,,,183051100,181205,,false,false,12,2023-04-01,2024-03-31,-1
2025-01-31,95130,2025-03-31,3,,,,,,,,,,,,,,,,,,,,,,,,,,,,,50.00,,,,,,,false,false,12,2024-04-01,2025-03-31,0
2025-01-31,95130,2025-03-31,3,,,,,,,,,,,,,,,,,,,,,,,,,,,,,100.00,,,,,,,false,true,12,2024-04-01,2025-03-31,0
2025-01-31,95130,2025-03-31,3,,,,,,,,,,,,,,,,,,,,,,,,,,,,,,,,,183051100,174542,182874340,false,false,9,2024-04-01,2024-12-31,0
2025-01-31,95130,2024-03-31,3,,,,,,,,,,,,,,,,,,,,,,,,,,,,,,,,,,,182867462,false,false,9,2023-04-01,2023-12-31,-1
2025-01-31,95130,2025-03-31,,947000000000,0.005,,,,,32000000000,0.185,88000000000,0.143,78000000000,,0.130,426.52,,,,,,,,,,,,,,,,,,,,,,false,true,12,2024-04-01,2025-03-31,0
2025-01-31,95130,2024-03-31,,843229000000,,,,,,5142000000,,55171000000,,52342000000,,,286.23,,,,,,,,,,,,,,,,,,,,,,false,false,12,2023-04-01,2024-03-31,-1
2025-05-09,95130,2025-03-31,,1316674000000,0.047,,,,,138310000000,0.308,140095000000,0.182,,92469000000,,505.64,,0.072,0.039,0.105,,3668740000000,1463502000000,0.364,7305.66,1336034000000,250335000000,-122830000000,-133697000000,373085000000,,0.198,,,,,,true,false,12,2024-04-01,2025-03-31,0
2025-05-09,95130,2024-03-31,,1257998000000,-0.317,,,,,105704000000,-0.425,118535000000,-0.306,,77774000000,,425.31,,0.068,0.035,0.084,,3475805000000,1333135000000,0.350,6649.42,1215978000000,254021000000,-161954000000,-65864000000,370663000000,,0.235,,,,,,true,false,12,2023-04-01,2024-03-31,-1
2025-05-09,95130,2026-03-31,,1212000000000,-0.079,,,,,92000000000,-0.335,119000000000,-0.151,,89000000000,,486.67,,,,,,,,,,,,,,,,0.205,,,,,,true,true,12,2025-04-01,2026-03-31,1
2025-05-09,95130,2025-03-31,,930592000000,0.104,,,,,54739000000,9.644,107457000000,0.948,93232000000,,0.781,509.82,,,,,,2560341000000,899964000000,0.352,4921.16,899964000000,,,,,100.00,,,,183051100,174544,182874887,false,false,12,2024-04-01,2025-03-31,0
2025-05-09,95130,2024-03-31,,843229000000,-0.385,,,,,5142000000,-0.890,55171000000,-0.268,52342000000,,-0.129,286.23,,,,,,2533125000000,825687000000,0.326,4515.16,825687000000,,,,,100.00,,,,183051100,181205,182868076,false,false,12,2023-04-01,2024-03-31,-1
2025-05-09,95130,2026-03-31,,864000000000,-0.072,,,,,27000000000,-0.507,124000000000,0.154,117000000000,,0.255,639.78,,,,,,,,,,,,,,,100.00,,,,,,,false,true,12,2025-04-01,2026-03-31,1
