filing_date,code,fiscal_year_end,quarterly_period,net_sales,net_sales_change,revenue,revenue_change,operating_revenue,operating_revenue_change,operating_profit,operating_profit_change,ordinary_profit,ordinary_profit_change,net_income,net_income_of_parent,net_income_change,eps,diluted_eps,roe,roa,operating_profit_to_net_sales,operating_profit_to_revenue,total_assets,net_assets,equity_ratio,bps,owner_equity,operating_cash_flow,investing_cash_flow,financing_cash_flow,cash,dividend_per_share,payout_ratio,commemorative_dividend,extra_dividend,number_of_shares,number_of_treqsury_shares,avg_number_of_shares,is_consolidated,is_forecast,duration,period_start,period_end,period_pos
2015-07-30,95310,2016-03-31,1,487380000000,-0.087,,,,,94538000000,0.575,93391000000,0.566,,73410000000,,30.31,,,,,,2211050000000,1125342000000,0.501,,1107359000000,,,,,,,,,,,,true,false,3,2015-04-01,2015-06-30,0
2015-07-30,95310,2015-03-31,1,534039000000,0.128,,,,,60011000000,0.503,59618000000,0.505,,44755000000,,18.11,,,,,,,,,,,,,,,,,,,,,,true,false,3,2014-04-01,2014-06-30,-1
2015-07-30,95310,2016-03-31,1,882000000000,-0.145,,,,,96000000000,0.287,92000000000,0.267,,70000000000,,29.09,,,,,,,,,,,,,,,,,,,,,,true,true,6,2015-04-01,2015-09-30,0
2015-07-30,95310,2016-03-31,1,1932000000000,-0.157,,,,,140000000000,-0.185,134000000000,-0.203,,101000000000,,42.12,,,,,,,,,,,,,,,,,,,,,,true,true,12,2015-04-01,2016-03-31,0
2015-07-30,95310,2015-03-31,1,,,,,,,,,,,,,,,,,,,,2257662000000,1087262000000,0.474,,1069515000000,,,,,,,,,,,,true,false,12,2014-04-01,2015-03-31,-1
2015-07-30,95310,2015-03-31,1,,,,,,,,,,,,,,,,,,,,,,,,,,,,,10.00,,,,2446778295,6540207,,false,false,12,2014-04-01,2015-03-31,-1
2015-07-30,95310,2016-03-31,1,,,,,,,,,,,,,,,,,,,,,,,,,,,,,10.00,,,,,,,false,true,12,2015-04-01,2016-03-31,0
2015-07-30,95310,2016-03-31,1,,,,,,,,,,,,,,,,,,,,,,,,,,,,,,,,,2446778295,44531228,2421635385,false,false,3,2015-04-01,2015-06-30,0
2015-07-30,95310,2015-03-31,1,,,,,,,,,,,,,,,,,,,,,,,,,,,,,,,,,,,2470936713,false,false,3,2014-04-01,2014-06-30,-1
2015-10-30,95310,2016-03-31,2,901418000000,-0.126,,,,,110061000000,0.476,107000000000,0.474,,80600000000,,33.50,,,,,,2217957000000,1123523000000,0.498,,1105385000000,,,,,,,,,,,,true,false,6,2015-04-01,2015-09-30,0
2015-10-30,95310,2015-03-31,2,1031048000000,0.104,,,,,74584000000,0.089,72607000000,0.118,,57030000000,,23.22,,,,,,,,,,,,,,,,,,,,,,true,false,6,2014-04-01,2014-09-30,-1
2015-10-30,95310,2016-03-31,2,1896000000000,-0.173,,,,,168000000000,-0.022,162000000000,-0.037,,122000000000,,50.88,,,,,,,,,,,,,,,,,,,,,,true,true,12,2015-04-01,2016-03-31,0
2015-10-30,95310,2015-03-31,2,,,,,,,,,,,,,,,,,,,,2257662000000,1087262000000,0.474,,1069515000000,,,,,,,,,,,,true,false,12,2014-04-01,2015-03-31,-1
2015-10-30,95310,2015-03-31,2,,,,,,,,,,,,,,,,,,,,,,,,,,,,,10.00,,,,2446778295,6540207,,false,false,12,2014-04-01,2015-03-31,-1
2015-10-30,95310,2016-03-31,2,,,,,,,,,,,,,,,,,,,,,,,,,,,,,5.00,,,,,,,false,false,12,2015-04-01,2016-03-31,0
2015-10-30,95310,2016-03-31,2,,,,,,,,,,,,,,,,,,,,,,,,,,,,,10.00,,,,,,,false,true,12,2015-04-01,2016-03-31,0
2015-10-30,95310,2016-03-31,2,,,,,,,,,,,,,,,,,,,,,,,,,,,,,,,,,2396778295,6628224,2405900019,false,false,6,2015-04-01,2015-09-30,0
2015-10-30,95310,2015-03-31,2,,,,,,,,,,,,,,,,,,,,,,,,,,,,,,,,,,,2455653013,false,false,6,2014-04-01,2014-09-30,-1
2016-01-29,95310,2016-03-31,3,1339907000000,-0.152,,,,,128412000000,1.263,125378000000,1.436,,78900000000,,32.87,,,,,,2203590000000,1104776000000,0.493,,1086297000000,,,,,,,,,,,,true,false,9,2015-04-01,2015-12-31,0
2016-01-29,95310,2015-03-31,3,1580129000000,0.101,,,,,56747000000,-0.354,51472000000,-0.381,,37788000000,,15.42,,,,,,,,,,,,,,,,,,,,,,true,false,9,2014-04-01,2014-12-31,-1
2016-01-29,95310,2016-03-31,3,1895000000000,-0.173,,,,,188000000000,0.095,181000000000,0.076,,122000000000,,50.88,,,,,,,,,,,,,,,,,,,,,,true,true,12,2015-04-01,2016-03-31,0
2016-01-29,95310,2015-03-31,3,,,,,,,,,,,,,,,,,,,,2257662000000,1087262000000,0.474,,1069515000000,,,,,,,,,,,,true,false,12,2014-04-01,2015-03-31,-1
2016-01-29,95310,2015-03-31,3,,,,,,,,,,,,,,,,,,,,,,,,,,,,,10.00,,,,2446778295,6540207,,false,false,12,2014-04-01,2015-03-31,-1
2016-01-29,95310,2016-03-31,3,,,,,,,,,,,,,,,,,,,,,,,,,,,,,5.00,,,,,,,false,false,12,2015-04-01,2016-03-31,0
2016-01-29,95310,2016-03-31,3,,,,,,,,,,,,,,,,,,,,,,,,,,,,,11.00,,,,,,,false,true,12,2015-04-01,2016-03-31,0
2016-01-29,95310,2016-03-31,3,,,,,,,,,,,,,,,,,,,,,,,,,,,,,,,,,2396778295,6679607,2400641850,false,false,9,2015-04-01,2015-12-31,0
2016-01-29,95310,2015-03-31,3,,,,,,,,,,,,,,,,,,,,,,,,,,,,,,,,,,,2450539628,false,false,9,2014-04-01,2014-12-31,-1
2016-04-28,95310,2016-03-31,,1884656000000,-0.178,,,,,192008000000,0.118,188809000000,0.123,,111936000000,,46.68,,0.103,0.084,0.102,,2251518000000,1115172000000,0.489,460.35,1100271000000,354658000000,-236406000000,-75418000000,170102000000,,0.236,,,,,,true,false,12,2015-04-01,2016-03-31,0
2016-04-28,95310,2015-03-31,,2292548000000,0.085,,,,,171753000000,0.034,168169000000,0.054,,95828000000,,39.15,,0.092,0.076,0.075,,2257662000000,1087262000000,0.474,438.28,1069515000000,223225000000,-184838000000,-67741000000,128333000000,,0.255,,,,,,true,false,12,2014-04-01,2015-03-31,-1
2016-04-28,95310,2017-03-31,,718000000000,-0.203,,,,,26000000000,-0.764,22000000000,-0.794,,16000000000,,6.74,,,,,,,,,,,,,,,,,,,,,,true,true,6,2016-04-01,2016-09-30,1
2016-04-28,95310,2017-03-31,,1581000000000,-0.161,,,,,48000000000,-0.750,40000000000,-0.788,,35000000000,,15.01,,,,,,,,,,,,,,,,0.733,,,,,,true,true,12,2016-04-01,2017-03-31,1
2016-04-28,95310,2016-03-31,,1677345000000,-0.195,,,,,155028000000,0.229,164052000000,0.171,93566000000,,-0.099,39.02,,,,,,1810657000000,840020000000,0.464,351.46,840020000000,,,,,11.00,,,,2396778295,6700416,2398002800,false,false,12,2015-04-01,2016-03-31,0
2016-04-28,95310,2015-03-31,,2083595000000,0.092,,,,,126192000000,-0.019,140048000000,0.075,103863000000,,0.153,42.43,,,,,,1827125000000,810965000000,0.444,332.33,810965000000,,,,,10.00,,,,2446778295,6540207,2447967930,false,false,12,2014-04-01,2015-03-31,-1
2016-04-28,95310,2017-03-31,,624000000000,-0.224,,,,,16000000000,-0.830,28000000000,-0.717,50000000000,,-0.356,21.07,,,,,,,,,,,,,,,,,,,,,,false,true,6,2016-04-01,2016-09-30,1
2016-04-28,95310,2017-03-31,,1377000000000,-0.179,,,,,28000000000,-0.819,40000000000,-0.756,65000000000,,-0.305,27.88,,,,,,,,,,,,,,,11.00,,,,,,,false,true,12,2016-04-01,2017-03-31,1
2016-07-29,95310,2017-03-31,1,375716000000,-0.229,,,,,47101000000,-0.502,47203000000,-0.495,,39187000000,,16.71,,,,,,2088025000000,1082382000000,0.513,,1071752000000,,,,,,,,,,,,true,false,3,2016-04-01,2016-06-30,0
2016-07-29,95310,2016-03-31,1,487380000000,-0.087,,,,,94538000000,0.575,93391000000,0.566,,73410000000,,30.31,,,,,,,,,,,,,,,,,,,,,,true,false,3,2015-04-01,2015-06-30,-1
2016-07-29,95310,2017-03-31,1,709000000000,-0.213,,,,,23000000000,-0.791,20000000000,-0.813,,15000000000,,6.46,,,,,,,,,,,,,,,,,,,,,,true,true,6,2016-04-01,2016-09-30,0
2016-07-29,95310,2017-03-31,1,1591000000000,-0.156,,,,,48000000000,-0.750,40000000000,-0.788,,35000000000,,15.16,,,,,,,,,,,,,,,,,,,,,,true,true,12,2016-04-01,2017-03-31,0
2016-07-29,95310,2016-03-31,1,,,,,,,,,,,,,,,,,,,,2251518000000,1115172000000,0.489,,1100271000000,,,,,,,,,,,,true,false,12,2015-04-01,2016-03-31,-1
2016-07-29,95310,2016-03-31,1,,,,,,,,,,,,,,,,,,,,,,,,,,,,,11.00,,,,2396778295,6700416,,false,false,12,2015-04-01,2016-03-31,-1
2016-07-29,95310,2017-03-31,1,,,,,,,,,,,,,,,,,,,,,,,,,,,,,11.00,,,,,,,false,true,12,2016-04-01,2017-03-31,0
2016-07-29,95310,2017-03-31,1,,,,,,,,,,,,,,,,,,,,,,,,,,,,,,,,,2396778295,99434279,2345255532,false,false,3,2016-04-01,2016-06-30,0
2016-07-29,95310,2016-03-31,1,,,,,,,,,,,,,,,,,,,,,,,,,,,,,,,,,,,2421635385,false,false,3,2015-04-01,2015-06-30,-1
2016-10-21,95310,2017-03-31,,707000000000,-0.003,,,,,36000000000,0.565,34000000000,0.700,,26000000000,,11.20,,,,,,,,,,,,,,,,,,,,,,true,true,6,2016-04-01,2016-09-30,0
2016-10-21,95310,2016-03-31,,901418000000,,,,,,110061000000,,107000000000,,,80600000000,,33.50,,,,,,,,,,,,,,,,,,,,,,true,false,6,2015-04-01,2015-09-30,-1
2016-10-21,95310,2017-03-31,,627000000000,0.008,,,,,23000000000,0.769,32000000000,0.391,55000000000,,0.170,23.70,,,,,,,,,,,,,,,,,,,,,,false,true,6,2016-04-01,2016-09-30,0
2016-10-21,95310,2016-03-31,,804180000000,,,,,,94012000000,,98831000000,,77609000000,,,32.26,,,,,,,,,,,,,,,,,,,,,,false,false,6,2015-04-01,2015-09-30,-1
2016-10-28,95310,2017-03-31,2,707780000000,-0.215,,,,,36207000000,-0.671,34384000000,-0.679,,26496000000,,11.42,,,,,,2078319000000,1055953000000,0.503,,1045218000000,,,,,,,,,,,,true,false,6,2016-04-01,2016-09-30,0
2016-10-28,95310,2016-03-31,2,901418000000,-0.126,,,,,110061000000,0.476,107000000000,0.474,,80600000000,,33.50,,,,,,,,,,,,,,,,,,,,,,true,false,6,2015-04-01,2015-09-30,-1
2016-10-28,95310,2017-03-31,2,1596000000000,-0.153,,,,,56000000000,-0.708,48000000000,-0.746,,41000000000,,17.76,,,,,,,,,,,,,,,,,,,,,,true,true,12,2016-04-01,2017-03-31,0
2016-10-28,95310,2016-03-31,2,,,,,,,,,,,,,,,,,,,,2251518000000,1115172000000,0.489,,1100271000000,,,,,,,,,,,,true,false,12,2015-04-01,2016-03-31,-1
2016-10-28,95310,2016-03-31,2,,,,,,,,,,,,,,,,,,,,,,,,,,,,,11.00,,,,2396778295,6700416,,false,false,12,2015-04-01,2016-03-31,-1
2016-10-28,95310,2017-03-31,2,,,,,,,,,,,,,,,,,,,,,,,,,,,,,5.50,,,,,,,false,false,12,2016-04-01,2017-03-31,0
2016-10-28,95310,2017-03-31,2,,,,,,,,,,,,,,,,,,,,,,,,,,,,,11.00,,,,,,,false,true,12,2016-04-01,2017-03-31,0
2016-10-28,95310,2017-03-31,2,,,,,,,,,,,,,,,,,,,,,,,,,,,,,,,,,2302856295,6752413,2320685124,false,false,6,2016-04-01,2016-09-30,0
2016-10-28,95310,2016-03-31,2,,,,,,,,,,,,,,,,,,,,,,,,,,,,,,,,,,,2405900019,false,false,6,2015-04-01,2015-09-30,-1
2017-01-31,95310,2017-03-31,3,1086075000000,-0.189,,,,,28162000000,-0.781,25574000000,-0.796,,17441000000,,7.54,,,,,,2118788000000,1036025000000,0.484,,1025100000000,,,,,,,,,,,,true,false,9,2016-04-01,2016-12-31,0
2017-01-31,95310,2016-03-31,3,1339907000000,-0.152,,,,,128412000000,1.263,125378000000,1.436,,78900000000,,32.87,,,,,,,,,,,,,,,,,,,,,,true,false,9,2015-04-01,2015-12-31,-1
2017-01-31,95310,2017-03-31,3,1617000000000,-0.142,,,,,53000000000,-0.724,46000000000,-0.756,,41000000000,,17.76,,,,,,,,,,,,,,,,,,,,,,true,true,12,2016-04-01,2017-03-31,0
2017-01-31,95310,2016-03-31,3,,,,,,,,,,,,,,,,,,,,2251518000000,1115172000000,0.489,,1100271000000,,,,,,,,,,,,true,false,12,2015-04-01,2016-03-31,-1
2017-01-31,95310,2016-03-31,3,,,,,,,,,,,,,,,,,,,,,,,,,,,,,11.00,,,,2396778295,6700416,,false,false,12,2015-04-01,2016-03-31,-1
2017-01-31,95310,2017-03-31,3,,,,,,,,,,,,,,,,,,,,,,,,,,,,,5.50,,,,,,,false,false,12,2016-04-01,2017-03-31,0
2017-01-31,95310,2017-03-31,3,,,,,,,,,,,,,,,,,,,,,,,,,,,,,11.00,,,,,,,false,true,12,2016-04-01,2017-03-31,0
2017-01-31,95310,2017-03-31,3,,,,,,,,,,,,,,,,,,,,,,,,,,,,,,,,,2302856295,6791514,2312483751,false,false,9,2016-04-01,2016-12-31,0
2017-01-31,95310,2016-03-31,3,,,,,,,,,,,,,,,,,,,,,,,,,,,,,,,,,,,2400641850,false,false,9,2015-04-01,2015-12-31,-1
2017-04-28,95310,2017-03-31,,1587085000000,-0.158,,,,,58365000000,-0.696,55688000000,-0.705,,53134000000,,23.02,,0.048,0.025,0.037,,2230269000000,1112807000000,0.494,479.74,1101498000000,238734000000,-204873000000,-70899000000,132566000000,,0.478,,,,,,true,false,12,2016-04-01,2017-03-31,0
2017-04-28,95310,2016-03-31,,1884656000000,-0.178,,,,,192008000000,0.118,188809000000,0.123,,111936000000,,46.68,,0.103,0.084,0.102,,2251518000000,1115172000000,0.489,460.35,1100271000000,354658000000,-236406000000,-75418000000,170102000000,,0.236,,,,,,true,false,12,2015-04-01,2016-03-31,-1
2017-04-28,95310,2018-03-31,,1813000000000,0.142,,,,,82000000000,0.405,75000000000,0.347,,55000000000,,120.23,,,,,,,,,,,,,,,,0.457,,,,,,true,true,12,2017-04-01,2018-03-31,1
2017-04-28,95310,2017-03-31,,1408452000000,-0.160,,,,,29486000000,-0.810,37034000000,-0.774,68777000000,,-0.265,29.79,,,,,,1847788000000,842515000000,0.456,366.94,842515000000,,,,,11.00,,,,2302856295,6826541,2308373092,false,false,12,2016-04-01,2017-03-31,0
2017-04-28,95310,2016-03-31,,1677345000000,-0.195,,,,,155028000000,0.229,164052000000,0.171,93566000000,,-0.099,39.02,,,,,,1810657000000,840020000000,0.464,351.46,840020000000,,,,,11.00,,,,2396778295,6700416,2398002800,false,false,12,2015-04-01,2016-03-31,-1
2017-04-28,95310,2018-03-31,,1606000000000,0.140,,,,,53000000000,0.797,53000000000,0.431,39000000000,,-0.433,85.25,,,,,,,,,,,,,,,27.50,,,,,,,false,true,12,2017-04-01,2018-03-31,1
2017-07-28,95310,2018-03-31,1,404100000000,0.076,,,,,34673000000,-0.264,35887000000,-0.240,,27855000000,,12.18,,,,,,2215967000000,1113975000000,0.498,,1102755000000,,,,,,,,,,,,true,false,3,2017-04-01,2017-06-30,0
2017-07-28,95310,2017-03-31,1,375716000000,-0.229,,,,,47101000000,-0.502,47203000000,-0.495,,39187000000,,16.71,,,,,,,,,,,,,,,,,,,,,,true,false,3,2016-04-01,2016-06-30,-1
2017-07-28,95310,2018-03-31,1,1808000000000,0.139,,,,,84000000000,0.439,80000000000,0.437,,61000000000,,133.50,,,,,,,,,,,,,,,,,,,,,,true,true,12,2017-04-01,2018-03-31,0
2017-07-28,95310,2017-03-31,1,,,,,,,,,,,,,,,,,,,,2230269000000,1112807000000,0.494,,1101498000000,,,,,,,,,,,,true,false,12,2016-04-01,2017-03-31,-1
2017-07-28,95310,2017-03-31,1,,,,,,,,,,,,,,,,,,,,,,,,,,,,,11.00,,,,2302856295,6826541,,false,false,12,2016-04-01,2017-03-31,-1
2017-07-28,95310,2018-03-31,1,,,,,,,,,,,,,,,,,,,,,,,,,,,,,27.50,,,,,,,false,true,12,2017-04-01,2018-03-31,0
2017-07-28,95310,2018-03-31,1,,,,,,,,,,,,,,,,,,,,,,,,,,,,,,,,,2302856295,19339918,2287687430,false,false,3,2017-04-01,2017-06-30,0
2017-07-28,95310,2017-03-31,1,,,,,,,,,,,,,,,,,,,,,,,,,,,,,,,,,,,2345255532,false,false,3,2016-04-01,2016-06-30,-1
2017-10-27,95310,2018-03-31,2,790329000000,0.117,,,,,44211000000,0.221,42605000000,0.239,,31959000000,,69.91,,,,,,2219256000000,1117399000000,0.498,,1106106000000,,,,,,,,,,,,true,false,6,2017-04-01,2017-09-30,0
2017-10-27,95310,2017-03-31,2,707780000000,-0.215,,,,,36207000000,-0.671,34384000000,-0.679,,26496000000,,57.09,,,,,,,,,,,,,,,,,,,,,,true,false,6,2016-04-01,2016-09-30,-1
2017-10-27,95310,2018-03-31,2,1795000000000,0.131,,,,,88000000000,0.508,83000000000,0.490,,63000000000,,137.88,,,,,,,,,,,,,,,,,,,,,,true,true,12,2017-04-01,2018-03-31,0
2017-10-27,95310,2017-03-31,2,,,,,,,,,,,,,,,,,,,,2230269000000,1112807000000,0.494,,1101498000000,,,,,,,,,,,,true,false,12,2016-04-01,2017-03-31,-1
2017-10-27,95310,2017-03-31,2,,,,,,,,,,,,,,,,,,,,,,,,,,,,,11.00,,,,460571259,1365308,,false,false,12,2016-04-01,2017-03-31,-1
2017-10-27,95310,2018-03-31,2,,,,,,,,,,,,,,,,,,,,,,,,,,,,,5.50,,,,,,,false,false,12,2017-04-01,2018-03-31,0
2017-10-27,95310,2018-03-31,2,,,,,,,,,,,,,,,,,,,,,,,,,,,,,27.50,,,,,,,false,true,12,2017-04-01,2018-03-31,0
2017-10-27,95310,2018-03-31,2,,,,,,,,,,,,,,,,,,,,,,,,,,,,,,,,,458073259,1378734,457117396,false,false,6,2017-04-01,2017-09-30,0
2017-10-27,95310,2017-03-31,2,,,,,,,,,,,,,,,,,,,,,,,,,,,,,,,,,,,464137025,false,false,6,2016-04-01,2016-09-30,-1
2018-01-31,95310,2018-03-31,3,1221491000000,0.125,,,,,68029000000,1.416,65329000000,1.554,,48360000000,,105.83,,,,,,2269824000000,1128791000000,0.491,,1115468000000,,,,,,,,,,,,true,false,9,2017-04-01,2017-12-31,0
2018-01-31,95310,2017-03-31,3,1086075000000,-0.189,,,,,28162000000,-0.781,25574000000,-0.796,,17441000000,,37.71,,,,,,,,,,,,,,,,,,,,,,true,false,9,2016-04-01,2016-12-31,-1
2018-01-31,95310,2018-03-31,3,1805000000000,0.137,,,,,97000000000,0.662,92000000000,0.652,,70000000000,,153.21,,,,,,,,,,,,,,,,,,,,,,true,true,12,2017-04-01,2018-03-31,0
2018-01-31,95310,2017-03-31,3,,,,,,,,,,,,,,,,,,,,2230269000000,1112807000000,0.494,,1101498000000,,,,,,,,,,,,true,false,12,2016-04-01,2017-03-31,-1
2018-01-31,95310,2017-03-31,3,,,,,,,,,,,,,,,,,,,,,,,,,,,,,11.00,,,,460571259,1365308,,false,false,12,2016-04-01,2017-03-31,-1
2018-01-31,95310,2018-03-31,3,,,,,,,,,,,,,,,,,,,,,,,,,,,,,5.50,,,,,,,false,false,12,2017-04-01,2018-03-31,0
2018-01-31,95310,2018-03-31,3,,,,,,,,,,,,,,,,,,,,,,,,,,,,,27.50,,,,,,,false,true,12,2017-04-01,2018-03-31,0
2018-01-31,95310,2018-03-31,3,,,,,,,,,,,,,,,,,,,,,,,,,,,,,,,,,458073259,1387356,456974597,false,false,9,2017-04-01,2017-12-31,0
2018-01-31,95310,2017-03-31,3,,,,,,,,,,,,,,,,,,,,,,,,,,,,,,,,,,,462496750,false,false,9,2016-04-01,2016-12-31,-1
2018-04-20,95310,2018-03-31,,1777000000000,-0.016,,,,,116000000000,0.196,111000000000,0.207,,74000000000,,161.96,,,,,,,,,,,,,,,,,,,,,,true,true,12,2017-04-01,2018-03-31,0
2018-04-20,95310,2017-03-31,,1587085000000,,,,,,58365000000,,55688000000,,,53134000000,,115.09,,,,,,,,,,,,,,,,,,,,,,true,false,12,2016-04-01,2017-03-31,-1
2018-04-20,95310,2018-03-31,,1598000000000,0.000,,,,,82000000000,0.281,95000000000,0.462,75000000000,,0.471,164.15,,,,,,,,,,,,,,,,,,,,,,false,true,12,2017-04-01,2018-03-31,0
2018-04-20,95310,2017-03-31,,1408452000000,,,,,,29486000000,,37034000000,,68777000000,,,148.97,,,,,,,,,,,,,,,,,,,,,,false,false,12,2016-04-01,2017-03-31,-1
2018-04-27,95310,2018-03-31,,1777344000000,0.120,,,,,116302000000,0.993,111546000000,1.003,,74987000000,,164.12,,0.067,0.049,0.065,,2334721000000,1148433000000,0.487,2487.58,1136027000000,259738000000,-247162000000,-16651000000,128271000000,,0.335,,,,,,true,false,12,2017-04-01,2018-03-31,0
2018-04-27,95310,2017-03-31,,1587085000000,-0.158,,,,,58365000000,-0.696,55688000000,-0.705,,53134000000,,115.09,,0.048,0.025,0.037,,2230269000000,1112807000000,0.494,2398.70,1101498000000,238734000000,-204873000000,-70899000000,132566000000,,0.478,,,,,,true,false,12,2016-04-01,2017-03-31,-1
2018-04-27,95310,2019-03-31,,1954000000000,0.099,,,,,93000000000,-0.200,93000000000,-0.166,,88000000000,,194.68,,,,,,,,,,,,,,,,0.283,,,,,,true,true,12,2018-04-01,2019-03-31,1
2018-04-27,95310,2018-03-31,,1598860000000,0.135,,,,,82485000000,1.797,95890000000,1.589,75906000000,,0.104,166.13,,,,,,1959518000000,891648000000,0.455,1952.46,891648000000,,,,,27.50,,,,458073259,1393435,456901354,false,false,12,2017-04-01,2018-03-31,0
2018-04-27,95310,2017-03-31,,1408452000000,-0.160,,,,,29486000000,-0.810,37034000000,-0.774,68777000000,,-0.265,148.97,,,,,,1847788000000,842515000000,0.456,1834.72,842515000000,,,,,11.00,,,,460571259,1365308,461674618,false,false,12,2016-04-01,2017-03-31,-1
2018-04-27,95310,2019-03-31,,1747000000000,0.093,,,,,64000000000,-0.224,66000000000,-0.312,49000000000,,-0.354,108.40,,,,,,,,,,,,,,,55.00,,,,,,,false,true,12,2018-04-01,2019-03-31,1
2018-07-27,95310,2019-03-31,1,401434000000,-0.007,,,,,23274000000,-0.329,24028000000,-0.330,,37713000000,,83.25,,,,,,2348069000000,1137094000000,0.479,,1124917000000,,,,,,,,,,,,true,false,3,2018-04-01,2018-06-30,0
2018-07-27,95310,2018-03-31,1,404100000000,0.076,,,,,34673000000,-0.264,35887000000,-0.240,,27855000000,,60.88,,,,,,,,,,,,,,,,,,,,,,true,false,3,2017-04-01,2017-06-30,-1
2018-07-27,95310,2019-03-31,1,1954000000000,0.099,,,,,93000000000,-0.200,93000000000,-0.166,,88000000000,,195.24,,,,,,,,,,,,,,,,,,,,,,true,true,12,2018-04-01,2019-03-31,0
2018-07-27,95310,2018-03-31,1,,,,,,,,,,,,,,,,,,,,2334316000000,1148433000000,0.487,,1136027000000,,,,,,,,,,,,true,false,12,2017-04-01,2018-03-31,-1
2018-07-27,95310,2018-03-31,1,,,,,,,,,,,,,,,,,,,,,,,,,,,,,27.50,,,,458073259,1393435,,false,false,12,2017-04-01,2018-03-31,-1
2018-07-27,95310,2019-03-31,1,,,,,,,,,,,,,,,,,,,,,,,,,,,,,55.00,,,,,,,false,true,12,2018-04-01,2019-03-31,0
2018-07-27,95310,2019-03-31,1,,,,,,,,,,,,,,,,,,,,,,,,,,,,,,,,,458073259,8114212,453020638,false,false,3,2018-04-01,2018-06-30,0
2018-07-27,95310,2018-03-31,1,,,,,,,,,,,,,,,,,,,,,,,,,,,,,,,,,,,457537486,false,false,3,2017-04-01,2017-06-30,-1
2018-10-31,95310,2019-03-31,2,832378000000,0.053,,,,,20576000000,-0.535,19699000000,-0.538,,26919000000,,59.62,,,,,,2388829000000,1139569000000,0.472,,1127269000000,,,,,,,,,,,,true,false,6,2018-04-01,2018-09-30,0
2018-10-31,95310,2018-03-31,2,790329000000,0.117,,,,,44211000000,0.221,42605000000,0.239,,31959000000,,69.91,,,,,,,,,,,,,,,,,,,,,,true,false,6,2017-04-01,2017-09-30,-1
2018-10-31,95310,2019-03-31,2,2014000000000,0.133,,,,,84000000000,-0.278,83000000000,-0.256,,83000000000,,184.15,,,,,,,,,,,,,,,,,,,,,,true,true,12,2018-04-01,2019-03-31,0
2018-10-31,95310,2018-03-31,2,,,,,,,,,,,,,,,,,,,,2334316000000,1148433000000,0.487,,1136027000000,,,,,,,,,,,,true,false,12,2017-04-01,2018-03-31,-1
2018-10-31,95310,2018-03-31,2,,,,,,,,,,,,,,,,,,,,,,,,,,,,,27.50,,,,458073259,1393435,,false,false,12,2017-04-01,2018-03-31,-1
2018-10-31,95310,2019-03-31,2,,,,,,,,,,,,,,,,,,,,,,,,,,,,,27.50,,,,,,,false,false,12,2018-04-01,2019-03-31,0
2018-10-31,95310,2019-03-31,2,,,,,,,,,,,,,,,,,,,,,,,,,,,,,55.00,,,,,,,false,true,12,2018-04-01,2019-03-31,0
2018-10-31,95310,2019-03-31,2,,,,,,,,,,,,,,,,,,,,,,,,,,,,,,,,,451355759,1401334,451488282,false,false,6,2018-04-01,2018-09-30,0
2018-10-31,95310,2018-03-31,2,,,,,,,,,,,,,,,,,,,,,,,,,,,,,,,,,,,457117396,false,false,6,2017-04-01,2017-09-30,-1
2019-01-31,95310,2019-03-31,3,1326626000000,0.086,,,,,27746000000,-0.592,26217000000,-0.599,,34646000000,,76.83,,,,,,2429882000000,1130671000000,0.460,,1118458000000,,,,,,,,,,,,true,false,9,2018-04-01,2018-12-31,0
2019-01-31,95310,2018-03-31,3,1221491000000,0.125,,,,,68029000000,1.416,65329000000,1.554,,48360000000,,105.83,,,,,,,,,,,,,,,,,,,,,,true,false,9,2017-04-01,2017-12-31,-1
2019-01-31,95310,2019-03-31,3,2001000000000,0.126,,,,,90000000000,-0.226,89000000000,-0.202,,87000000000,,193.02,,,,,,,,,,,,,,,,,,,,,,true,true,12,2018-04-01,2019-03-31,0
2019-01-31,95310,2018-03-31,3,,,,,,,,,,,,,,,,,,,,2334316000000,1148433000000,0.487,,1136027000000,,,,,,,,,,,,true,false,12,2017-04-01,2018-03-31,-1
2019-01-31,95310,2018-03-31,3,,,,,,,,,,,,,,,,,,,,,,,,,,,,,27.50,,,,458073259,1393435,,false,false,12,2017-04-01,2018-03-31,-1
2019-01-31,95310,2019-03-31,3,,,,,,,,,,,,,,,,,,,,,,,,,,,,,27.50,,,,,,,false,false,12,2018-04-01,2019-03-31,0
2019-01-31,95310,2019-03-31,3,,,,,,,,,,,,,,,,,,,,,,,,,,,,,55.00,,,,,,,false,true,12,2018-04-01,2019-03-31,0
2019-01-31,95310,2019-03-31,3,,,,,,,,,,,,,,,,,,,,,,,,,,,,,,,,,451355759,1405990,450976104,false,false,9,2018-04-01,2018-12-31,0
2019-01-31,95310,2018-03-31,3,,,,,,,,,,,,,,,,,,,,,,,,,,,,,,,,,,,456974597,false,false,9,2017-04-01,2017-12-31,-1
2019-04-26,95310,2019-03-31,,1962308000000,0.104,,,,,93704000000,-0.194,89386000000,-0.199,,84555000000,,187.60,,0.074,0.038,0.048,,2428149000000,1171345000000,0.477,2575.99,1159055000000,141306000000,-203462000000,27628000000,93032000000,,0.320,,,,,,true,false,12,2018-04-01,2019-03-31,0
2019-04-26,95310,2018-03-31,,1777344000000,0.120,,,,,116302000000,0.993,111546000000,1.003,,74987000000,,164.12,,0.067,0.049,0.065,,2334316000000,1148433000000,0.487,2487.58,1136027000000,259738000000,-247162000000,-16651000000,128271000000,,0.335,,,,,,true,false,12,2017-04-01,2018-03-31,-1
2019-04-26,95310,2020-03-31,,2043000000000,0.041,,,,,122000000000,0.302,120000000000,0.342,,86000000000,,193.64,,,,,,,,,,,,,,,,0.310,,,,,,true,true,12,2019-04-01,2020-03-31,1
2019-04-26,95310,2019-03-31,,1768567000000,0.106,,,,,48920000000,-0.407,62910000000,-0.344,53717000000,,-0.292,119.18,,,,,,2078862000000,891212000000,0.429,1980.71,891212000000,,,,,60.00,,,,451355759,1410673,450718735,false,false,12,2018-04-01,2019-03-31,0
2019-04-26,95310,2018-03-31,,1598860000000,0.135,,,,,82485000000,1.797,95890000000,1.589,75906000000,,0.104,166.13,,,,,,1959518000000,891648000000,0.455,1952.46,891648000000,,,,,27.50,,,,458073259,1393435,456901354,false,false,12,2017-04-01,2018-03-31,-1
2019-04-26,95310,2020-03-31,,1890000000000,0.069,,,,,82000000000,0.676,82000000000,0.303,60000000000,,0.117,135.10,,,,,,,,,,,,,,,60.00,,,,,,,false,true,12,2019-04-01,2020-03-31,1
2019-07-29,95310,2020-03-31,1,467218000000,0.164,,,,,44021000000,0.891,48390000000,1.014,,34927000000,,78.23,,,,,,2444960000000,1171575000000,0.474,,1159357000000,,,,,,,,,,,,true,false,3,2019-04-01,2019-06-30,0
2019-07-29,95310,2019-03-31,1,401434000000,-0.007,,,,,23274000000,-0.329,24028000000,-0.330,,37713000000,,83.25,,,,,,,,,,,,,,,,,,,,,,true,false,3,2018-04-01,2018-06-30,-1
2019-07-29,95310,2020-03-31,1,2043000000000,0.041,,,,,122000000000,0.302,120000000000,0.342,,86000000000,,194.40,,,,,,,,,,,,,,,,,,,,,,true,true,12,2019-04-01,2020-03-31,0
2019-07-29,95310,2019-03-31,1,,,,,,,,,,,,,,,,,,,,2428149000000,1171345000000,0.477,,1159055000000,,,,,,,,,,,,true,false,12,2018-04-01,2019-03-31,-1
2019-07-29,95310,2019-03-31,1,,,,,,,,,,,,,,,,,,,,,,,,,,,,,60.00,,,,451355759,1410673,,false,false,12,2018-04-01,2019-03-31,-1
2019-07-29,95310,2020-03-31,1,,,,,,,,,,,,,,,,,,,,,,,,,,,,,60.00,,,,,,,false,true,12,2019-04-01,2020-03-31,0
2019-07-29,95310,2020-03-31,1,,,,,,,,,,,,,,,,,,,,,,,,,,,,,,,,,451355759,8301702,446471083,false,false,3,2019-04-01,2019-06-30,0
2019-07-29,95310,2019-03-31,1,,,,,,,,,,,,,,,,,,,,,,,,,,,,,,,,,,,453020638,false,false,3,2018-04-01,2018-06-30,-1
2019-10-30,95310,2020-03-31,2,910481000000,0.094,,,,,46169000000,1.244,48347000000,1.454,,28349000000,,63.89,,,,,,2436352000000,1154134000000,0.469,,1141847000000,,,,,,,,,,,,true,false,6,2019-04-01,2019-09-30,0
2019-10-30,95310,2019-03-31,2,832378000000,0.053,,,,,20576000000,-0.535,19699000000,-0.538,,26919000000,,59.62,,,,,,,,,,,,,,,,,,,,,,true,false,6,2018-04-01,2018-09-30,-1
2019-10-30,95310,2020-03-31,2,1995000000000,0.017,,,,,113000000000,0.206,114000000000,0.275,,77000000000,,174.06,,,,,,,,,,,,,,,,,,,,,,true,true,12,2019-04-01,2020-03-31,0
2019-10-30,95310,2019-03-31,2,,,,,,,,,,,,,,,,,,,,2428149000000,1171345000000,0.477,,1159055000000,,,,,,,,,,,,true,false,12,2018-04-01,2019-03-31,-1
2019-10-30,95310,2019-03-31,2,,,,,,,,,,,,,,,,,,,,,,,,,,,,,60.00,,,,451355759,1410673,,false,false,12,2018-04-01,2019-03-31,-1
2019-10-30,95310,2020-03-31,2,,,,,,,,,,,,,,,,,,,,,,,,,,,,,30.00,,,,,,,false,false,12,2019-04-01,2020-03-31,0
2019-10-30,95310,2020-03-31,2,,,,,,,,,,,,,,,,,,,,,,,,,,,,,60.00,,,,,,,false,true,12,2019-04-01,2020-03-31,0
2019-10-30,95310,2020-03-31,2,,,,,,,,,,,,,,,,,,,,,,,,,,,,,,,,,442436059,1417883,443745348,false,false,6,2019-04-01,2019-09-30,0
2019-10-30,95310,2019-03-31,2,,,,,,,,,,,,,,,,,,,,,,,,,,,,,,,,,,,451488282,false,false,6,2018-04-01,2018-09-30,-1
2020-01-30,95310,2020-03-31,3,1362084000000,0.027,,,,,54779000000,0.974,56914000000,1.171,,33657000000,,76.00,,,,,,2490436000000,1150364000000,0.457,,1137697000000,,,,,,,,,,,,true,false,9,2019-04-01,2019-12-31,0
2020-01-30,95310,2019-03-31,3,1326626000000,0.086,,,,,27746000000,-0.592,26217000000,-0.599,,34646000000,,76.83,,,,,,,,,,,,,,,,,,,,,,true,false,9,2018-04-01,2018-12-31,-1
2020-01-30,95310,2020-03-31,3,1974000000000,0.006,,,,,113000000000,0.206,114000000000,0.275,,77000000000,,174.06,,,,,,,,,,,,,,,,,,,,,,true,true,12,2019-04-01,2020-03-31,0
2020-01-30,95310,2019-03-31,3,,,,,,,,,,,,,,,,,,,,2428149000000,1171345000000,0.477,,1159055000000,,,,,,,,,,,,true,false,12,2018-04-01,2019-03-31,-1
2020-01-30,95310,2019-03-31,3,,,,,,,,,,,,,,,,,,,,,,,,,,,,,60.00,,,,451355759,1410673,,false,false,12,2018-04-01,2019-03-31,-1
2020-01-30,95310,2020-03-31,3,,,,,,,,,,,,,,,,,,,,,,,,,,,,,30.00,,,,,,,false,false,12,2019-04-01,2020-03-31,0
2020-01-30,95310,2020-03-31,3,,,,,,,,,,,,,,,,,,,,,,,,,,,,,60.00,,,,,,,false,true,12,2019-04-01,2020-03-31,0
2020-01-30,95310,2020-03-31,3,,,,,,,,,,,,,,,,,,,,,,,,,,,,,,,,,442436059,1421660,442835529,false,false,9,2019-04-01,2019-12-31,0
2020-01-30,95310,2019-03-31,3,,,,,,,,,,,,,,,,,,,,,,,,,,,,,,,,,,,450976104,false,false,9,2018-04-01,2018-12-31,-1
2020-04-23,95310,2020-03-31,,1925000000000,-0.025,,,,,101000000000,-0.106,102000000000,-0.105,,43000000000,,97.20,,,,,,,,,,,,,,,,,,,,,,true,true,12,2019-04-01,2020-03-31,0
2020-04-23,95310,2019-03-31,,1962308000000,,,,,,93704000000,,89386000000,,,84555000000,,187.60,,,,,,,,,,,,,,,,,,,,,,true,false,12,2018-04-01,2019-03-31,-1
2020-04-23,95310,2020-03-31,,1787000000000,-0.012,,,,,62000000000,-0.114,68000000000,-0.139,56000000000,,-0.082,126.59,,,,,,,,,,,,,,,,,,,,,,false,true,12,2019-04-01,2020-03-31,0
2020-04-23,95310,2019-03-31,,1768567000000,,,,,,48920000000,,62910000000,,53717000000,,,119.18,,,,,,,,,,,,,,,,,,,,,,false,false,12,2018-04-01,2019-03-31,-1
2020-04-28,95310,2020-03-31,,1925235000000,-0.019,,,,,101508000000,0.083,102735000000,0.149,,43382000000,,98.07,,0.038,0.041,0.053,,2537724000000,1159228000000,0.452,2602.74,1147836000000,306296000000,-270798000000,23171000000,151218000000,,0.612,,,,,,true,false,12,2019-04-01,2020-03-31,0
2020-04-28,95310,2019-03-31,,1962308000000,0.104,,,,,93704000000,-0.194,89386000000,-0.199,,84555000000,,187.60,,0.074,0.038,0.048,,2428149000000,1171345000000,0.477,2575.99,1159055000000,141306000000,-203462000000,27628000000,93032000000,,0.320,,,,,,true,false,12,2018-04-01,2019-03-31,-1
2020-04-28,95310,2020-03-31,,1787975000000,0.011,,,,,62044000000,0.268,68342000000,0.086,56703000000,,0.056,128.18,,,,,,2094493000000,818433000000,0.391,1855.81,818433000000,,,,,60.00,,,,442436059,1424746,442379702,false,false,12,2019-04-01,2020-03-31,0
2020-04-28,95310,2019-03-31,,1768567000000,0.106,,,,,48920000000,-0.407,62910000000,-0.344,53717000000,,-0.292,119.18,,,,,,2078862000000,891212000000,0.429,1980.71,891212000000,,,,,60.00,,,,451355759,1410673,450718735,false,false,12,2018-04-01,2019-03-31,-1
2020-04-28,95310,2021-03-31,,,,,,,,,,,,,,,,,,,,,,,,,,,,,,60.00,,,,,,,false,true,12,2020-04-01,2021-03-31,1
2020-07-29,95310,2021-03-31,1,415654000000,-0.110,,,,,27447000000,-0.377,28040000000,-0.421,,16354000000,,37.08,,,,,,2530625000000,1161544000000,0.454,,1150133000000,,,,,,,,,,,,true,false,3,2020-04-01,2020-06-30,0
2020-07-29,95310,2020-03-31,1,467218000000,0.164,,,,,44021000000,0.891,48390000000,1.014,,34927000000,,78.23,,,,,,,,,,,,,,,,,,,,,,true,false,3,2019-04-01,2019-06-30,-1
2020-07-29,95310,2021-03-31,1,,,,,,,73000000000,-0.281,,,,,,,,,,,,,,,,,,,,,,,,,,,,true,true,12,2020-04-01,2021-03-31,0
2020-07-29,95310,2020-03-31,1,,,,,,,,,,,,,,,,,,,,2537724000000,1159228000000,0.452,,1147836000000,,,,,,,,,,,,true,false,12,2019-04-01,2020-03-31,-1
2020-07-29,95310,2020-03-31,1,,,,,,,,,,,,,,,,,,,,,,,,,,,,,60.00,,,,442436059,1424746,,false,false,12,2019-04-01,2020-03-31,-1
2020-07-29,95310,2021-03-31,1,,,,,,,,,,,,,,,,,,,,,,,,,,,,,60.00,,,,,,,false,true,12,2020-04-01,2021-03-31,0
2020-07-29,95310,2021-03-31,1,,,,,,,,,,,,,,,,,,,,,,,,,,,,,,,,,442436059,1426191,441010385,false,false,3,2020-04-01,2020-06-30,0
2020-07-29,95310,2020-03-31,1,,,,,,,,,,,,,,,,,,,,,,,,,,,,,,,,,,,446471083,false,false,3,2019-04-01,2019-06-30,-1
2020-10-29,95310,2021-03-31,2,828071000000,-0.091,,,,,51644000000,0.119,49760000000,0.029,,29350000000,,66.55,,,,,,2746284000000,1183973000000,0.421,,1157038000000,,,,,,,,,,,,true,false,6,2020-04-01,2020-09-30,0
2020-10-29,95310,2020-03-31,2,910481000000,0.094,,,,,46169000000,1.244,48347000000,1.454,,28349000000,,63.89,,,,,,,,,,,,,,,,,,,,,,true,false,6,2019-04-01,2019-09-30,-1
2020-10-29,95310,2021-03-31,2,1774000000000,-0.079,,,,,87000000000,-0.143,80000000000,-0.221,,56000000000,,126.98,,,,,,,,,,,,,,,,,,,,,,true,true,12,2020-04-01,2021-03-31,0
2020-10-29,95310,2020-03-31,2,,,,,,,,,,,,,,,,,,,,2537724000000,1159228000000,0.452,,1147836000000,,,,,,,,,,,,true,false,12,2019-04-01,2020-03-31,-1
2020-10-29,95310,2020-03-31,2,,,,,,,,,,,,,,,,,,,,,,,,,,,,,60.00,,,,442436059,1424746,,false,false,12,2019-04-01,2020-03-31,-1
2020-10-29,95310,2021-03-31,2,,,,,,,,,,,,,,,,,,,,,,,,,,,,,30.00,,,,,,,false,false,12,2020-04-01,2021-03-31,0
2020-10-29,95310,2021-03-31,2,,,,,,,,,,,,,,,,,,,,,,,,,,,,,60.00,,,,,,,false,true,12,2020-04-01,2021-03-31,0
2020-10-29,95310,2021-03-31,2,,,,,,,,,,,,,,,,,,,,,,,,,,,,,,,,,442436059,1429243,441009114,false,false,6,2020-04-01,2020-09-30,0
2020-10-29,95310,2020-03-31,2,,,,,,,,,,,,,,,,,,,,,,,,,,,,,,,,,,,443745348,false,false,6,2019-04-01,2019-09-30,-1
2021-01-28,95310,2021-03-31,3,1233505000000,-0.094,,,,,65717000000,0.200,62392000000,0.096,,45399000000,,102.95,,,,,,2732658000000,1173128000000,0.420,,1147489000000,,,,,,,,,,,,true,false,9,2020-04-01,2020-12-31,0
2021-01-28,95310,2020-03-31,3,1362084000000,0.027,,,,,54779000000,0.974,56914000000,1.171,,33657000000,,76.00,,,,,,,,,,,,,,,,,,,,,,true,false,9,2019-04-01,2019-12-31,-1
2021-01-28,95310,2021-03-31,3,1801000000000,-0.065,,,,,79000000000,-0.221,68000000000,-0.338,,49000000000,,111.11,,,,,,,,,,,,,,,,,,,,,,true,true,12,2020-04-01,2021-03-31,0
2021-01-28,95310,2020-03-31,3,,,,,,,,,,,,,,,,,,,,2539919000000,1159138000000,0.452,,1147747000000,,,,,,,,,,,,true,false,12,2019-04-01,2020-03-31,-1
2021-01-28,95310,2020-03-31,3,,,,,,,,,,,,,,,,,,,,,,,,,,,,,60.00,,,,442436059,1424746,,false,false,12,2019-04-01,2020-03-31,-1
2021-01-28,95310,2021-03-31,3,,,,,,,,,,,,,,,,,,,,,,,,,,,,,30.00,,,,,,,false,false,12,2020-04-01,2021-03-31,0
2021-01-28,95310,2021-03-31,3,,,,,,,,,,,,,,,,,,,,,,,,,,,,,60.00,,,,,,,false,true,12,2020-04-01,2021-03-31,0
2021-01-28,95310,2021-03-31,3,,,,,,,,,,,,,,,,,,,,,,,,,,,,,,,,,442436059,1433224,441007553,false,false,9,2020-04-01,2020-12-31,0
2021-01-28,95310,2020-03-31,3,,,,,,,,,,,,,,,,,,,,,,,,,,,,,,,,,,,442835529,false,false,9,2019-04-01,2019-12-31,-1
2021-04-28,95310,2021-03-31,,1765146000000,-0.083,,,,,77675000000,-0.234,70500000000,-0.313,,49505000000,,112.26,,0.043,0.027,0.044,,2738348000000,1178271000000,0.421,2616.37,1153813000000,255574000000,-295911000000,52009000000,157811000000,,0.534,,,,,,true,false,12,2020-04-01,2021-03-31,0
2021-04-28,95310,2020-03-31,,1925235000000,-0.019,,,,,101418000000,0.082,102645000000,0.148,,43293000000,,97.86,,0.038,0.041,0.053,,2539919000000,1159138000000,0.452,2602.53,1147747000000,306296000000,-270798000000,23171000000,151218000000,,0.613,,,,,,true,false,12,2019-04-01,2020-03-31,-1
2021-04-28,95310,2022-03-31,,1816000000000,0.029,,,,,87000000000,0.120,72000000000,0.021,,52000000000,,117.91,,,,,,,,,,,,,,,,,,,,,,true,true,12,2021-04-01,2022-03-31,1
2021-04-28,95310,2021-03-31,,1612911000000,-0.098,,,,,47069000000,-0.241,46764000000,-0.316,42516000000,,-0.250,96.41,,,,,,2110568000000,805000000000,0.381,1825.41,805000000000,,,,,60.00,,,,442436059,1437924,441005584,false,false,12,2020-04-01,2021-03-31,0
2021-04-28,95310,2020-03-31,,1787975000000,0.011,,,,,62044000000,0.268,68342000000,0.086,56703000000,,0.056,128.18,,,,,,2094493000000,818433000000,0.391,1855.81,818433000000,,,,,60.00,,,,442436059,1424746,442379702,false,false,12,2019-04-01,2020-03-31,-1
2021-04-28,95310,2022-03-31,,1600000000000,-0.008,,,,,46000000000,-0.023,40000000000,-0.145,30000000000,,-0.294,68.03,,,,,,,,,,,,,,,60.00,,,,,,,false,true,12,2021-04-01,2022-03-31,1
2021-07-28,95310,2022-03-31,1,408211000000,-0.018,,,,,25192000000,-0.083,23100000000,-0.177,,15808000000,,35.93,,,,,,2837924000000,1204072000000,0.416,,1179722000000,,,,,,,,,,,,true,false,3,2021-04-01,2021-06-30,0
2021-07-28,95310,2021-03-31,1,415654000000,-0.110,,,,,27469000000,-0.376,28063000000,-0.420,,16377000000,,37.14,,,,,,,,,,,,,,,,,,,,,,true,false,3,2020-04-01,2020-06-30,-1
2021-07-28,95310,2022-03-31,1,1952000000000,0.106,,,,,92000000000,0.184,83000000000,0.177,,60000000000,,136.46,,,,,,,,,,,,,,,,,,,,,,true,true,12,2021-04-01,2022-03-31,0
2021-07-28,95310,2021-03-31,1,,,,,,,,,,,,,,,,,,,,2738348000000,1178271000000,0.421,,1153813000000,,,,,,,,,,,,true,false,12,2020-04-01,2021-03-31,-1
2021-07-28,95310,2021-03-31,1,,,,,,,,,,,,,,,,,,,,,,,,,,,,,60.00,,,,442436059,1437924,,false,false,12,2020-04-01,2021-03-31,-1
2021-07-28,95310,2022-03-31,1,,,,,,,,,,,,,,,,,,,,,,,,,,,,,60.00,,,,,,,false,true,12,2021-04-01,2022-03-31,0
2021-07-28,95310,2022-03-31,1,,,,,,,,,,,,,,,,,,,,,,,,,,,,,,,,,442436059,2879781,440036974,false,false,3,2021-04-01,2021-06-30,0
2021-07-28,95310,2021-03-31,1,,,,,,,,,,,,,,,,,,,,,,,,,,,,,,,,,,,441010385,false,false,3,2020-04-01,2020-06-30,-1
2021-10-28,95310,2022-03-31,2,872616000000,0.054,,,,,45342000000,-0.122,46330000000,-0.069,,31849000000,,72.42,,,,,,2978177000000,1206026000000,0.399,,1187700000000,,,,,,,,,,,,true,false,6,2021-04-01,2021-09-30,0
2021-10-28,95310,2021-03-31,2,828071000000,-0.091,,,,,51671000000,0.119,49787000000,0.030,,27822000000,,63.09,,,,,,,,,,,,,,,,,,,,,,true,false,6,2020-04-01,2020-09-30,-1
2021-10-28,95310,2022-03-31,2,1970000000000,0.116,,,,,100000000000,0.287,93000000000,0.319,,67000000000,,152.39,,,,,,,,,,,,,,,,,,,,,,true,true,12,2021-04-01,2022-03-31,0
2021-10-28,95310,2021-03-31,2,,,,,,,,,,,,,,,,,,,,2738348000000,1178271000000,0.421,,1153813000000,,,,,,,,,,,,true,false,12,2020-04-01,2021-03-31,-1
2021-10-28,95310,2021-03-31,2,,,,,,,,,,,,,,,,,,,,,,,,,,,,,60.00,,,,442436059,1437924,,false,false,12,2020-04-01,2021-03-31,-1
2021-10-28,95310,2022-03-31,2,,,,,,,,,,,,,,,,,,,,,,,,,,,,,30.00,,,,,,,false,false,12,2021-04-01,2022-03-31,0
2021-10-28,95310,2022-03-31,2,,,,,,,,,,,,,,,,,,,,,,,,,,,,,65.00,,,,,,,false,true,12,2021-04-01,2022-03-31,0
2021-10-28,95310,2022-03-31,2,,,,,,,,,,,,,,,,,,,,,,,,,,,,,,,,,440996559,1443820,439795455,false,false,6,2021-04-01,2021-09-30,0
2021-10-28,95310,2021-03-31,2,,,,,,,,,,,,,,,,,,,,,,,,,,,,,,,,,,,441009114,false,false,6,2020-04-01,2020-09-30,-1
2022-01-28,95310,2022-03-31,3,1387506000000,0.124,,,,,37528000000,-0.434,46271000000,-0.241,,33852000000,,76.99,,,,,,3144050000000,1170700000000,0.368,,1155875000000,,,,,,,,,,,,true,false,9,2021-04-01,2021-12-31,0
2022-01-28,95310,2021-03-31,3,1234153000000,-0.094,,,,,66291000000,0.210,60963000000,0.071,,42449000000,,96.26,,,,,,,,,,,,,,,,,,,,,,true,false,9,2020-04-01,2020-12-31,-1
2022-01-28,95310,2022-03-31,3,2090000000000,0.184,,,,,105000000000,0.352,103000000000,0.461,,76000000000,,172.86,,,,,,,,,,,,,,,,,,,,,,true,true,12,2021-04-01,2022-03-31,0
2022-01-28,95310,2021-03-31,3,,,,,,,,,,,,,,,,,,,,2738348000000,1178271000000,0.421,,1153813000000,,,,,,,,,,,,true,false,12,2020-04-01,2021-03-31,-1
2022-01-28,95310,2021-03-31,3,,,,,,,,,,,,,,,,,,,,,,,,,,,,,60.00,,,,442436059,1437924,,false,false,12,2020-04-01,2021-03-31,-1
2022-01-28,95310,2022-03-31,3,,,,,,,,,,,,,,,,,,,,,,,,,,,,,30.00,,,,,,,false,false,12,2021-04-01,2022-03-31,0
2022-01-28,95310,2022-03-31,3,,,,,,,,,,,,,,,,,,,,,,,,,,,,,65.00,,,,,,,false,true,12,2021-04-01,2022-03-31,0
2022-01-28,95310,2022-03-31,3,,,,,,,,,,,,,,,,,,,,,,,,,,,,,,,,,440996559,1446213,439714082,false,false,9,2021-04-01,2021-12-31,0
2022-01-28,95310,2021-03-31,3,,,,,,,,,,,,,,,,,,,,,,,,,,,,,,,,,,,441007553,false,false,9,2020-04-01,2020-12-31,-1
2022-04-27,95310,2022-03-31,,2145197000000,0.215,,,,,117777000000,0.516,126732000000,0.798,,88745000000,,201.84,,0.075,0.043,0.055,,3216942000000,1256566000000,0.381,2791.95,1227198000000,145227000000,-224656000000,90490000000,179699000000,,0.322,,,,,,true,false,12,2021-04-01,2022-03-31,0
2022-04-27,95310,2021-03-31,,1765146000000,-0.083,,,,,77675000000,-0.234,70500000000,-0.313,,49505000000,,112.26,,0.043,0.027,0.044,,2738348000000,1178271000000,0.421,2616.37,1153813000000,255574000000,-295911000000,52009000000,157811000000,,0.534,,,,,,true,false,12,2020-04-01,2021-03-31,-1
2022-04-27,95310,2023-03-31,,2530000000000,0.179,,,,,140000000000,0.189,127000000000,0.002,,92000000000,,211.69,,,,,,,,,,,,,,,,,,,,,,true,true,12,2022-04-01,2023-03-31,1
2022-04-27,95310,2022-03-31,,1921391000000,0.191,,,,,42169000000,-0.104,38234000000,-0.182,30834000000,,-0.275,70.13,,,,,,2307392000000,811949000000,0.352,1847.24,811949000000,,,,,65.00,,,,440996559,1448431,439672718,false,false,12,2021-04-01,2022-03-31,0
2022-04-27,95310,2021-03-31,,1612911000000,-0.098,,,,,47069000000,-0.241,46764000000,-0.316,42516000000,,-0.250,96.41,,,,,,2110568000000,805000000000,0.381,1825.41,805000000000,,,,,60.00,,,,442436059,1437924,441005584,false,false,12,2020-04-01,2021-03-31,-1
2022-04-27,95310,2023-03-31,,2208300000000,0.149,,,,,70800000000,0.679,76700000000,1.006,56700000000,,0.839,130.47,,,,,,,,,,,,,,,65.00,,,,,,,false,true,12,2022-04-01,2023-03-31,1
2022-07-27,95310,2023-03-31,1,609939000000,0.520,,,,,51207000000,1.825,57700000000,2.598,,38438000000,,88.06,,,,,,3381128000000,1306160000000,0.380,,1283228000000,,,,,,,,,,,,true,false,3,2022-04-01,2022-06-30,0
2022-07-27,95310,2022-03-31,1,401146000000,-0.035,,,,,18127000000,-0.340,16035000000,-0.429,,10473000000,,23.80,,,,,,,,,,,,,,,,,,,,,,true,false,3,2021-04-01,2021-06-30,-1
2022-07-27,95310,2023-03-31,1,2948000000000,0.368,,,,,140000000000,0.099,127000000000,-0.069,,92000000000,,211.89,,,,,,,,,,,,,,,,,,,,,,true,true,12,2022-04-01,2023-03-31,0
2022-07-27,95310,2022-03-31,1,,,,,,,,,,,,,,,,,,,,3241525000000,1281150000000,0.386,,1251781000000,,,,,,,,,,,,true,false,12,2021-04-01,2022-03-31,-1
2022-07-27,95310,2022-03-31,1,,,,,,,,,,,,,,,,,,,,,,,,,,,,,65.00,,,,440996559,1448431,,false,false,12,2021-04-01,2022-03-31,-1
2022-07-27,95310,2023-03-31,1,,,,,,,,,,,,,,,,,,,,,,,,,,,,,65.00,,,,,,,false,true,12,2022-04-01,2023-03-31,0
2022-07-27,95310,2023-03-31,1,,,,,,,,,,,,,,,,,,,,,,,,,,,,,,,,,440996559,7567683,436481214,false,false,3,2022-04-01,2022-06-30,0
2022-07-27,95310,2022-03-31,1,,,,,,,,,,,,,,,,,,,,,,,,,,,,,,,,,,,440036974,false,false,3,2021-04-01,2021-06-30,-1
2022-07-27,95310,2023-03-31,,2651300000000,0.201,,,,,53100000000,-0.250,60800000000,-0.207,41800000000,,-0.263,96.27,,,,,,,,,,,,,,,,,,,,,,false,true,12,2022-04-01,2023-03-31,0
2022-07-27,95310,2022-03-31,,1931053000000,,,,,,51831000000,,47897000000,,37791000000,,,85.95,,,,,,,,,,,,,,,,,,,,,,false,false,12,2021-04-01,2022-03-31,-1
2022-10-27,95310,2023-03-31,2,1361277000000,0.571,,,,,90498000000,1.290,108652000000,1.682,,71640000000,,164.71,,,,,,3655276000000,1383154000000,0.371,,1357873000000,,,,,,,,,,,,true,false,6,2022-04-01,2022-09-30,0
2022-10-27,95310,2022-03-31,2,866756000000,0.047,,,,,39525000000,-0.235,40513000000,-0.186,,27388000000,,62.28,,,,,,,,,,,,,,,,,,,,,,true,false,6,2021-04-01,2021-09-30,-1
2022-10-27,95310,2023-03-31,2,3273000000000,0.519,,,,,150000000000,0.176,160000000000,0.172,,118000000000,,271.77,,,,,,,,,,,,,,,,,,,,,,true,true,12,2022-04-01,2023-03-31,0
2022-10-27,95310,2022-03-31,2,,,,,,,,,,,,,,,,,,,,3187627000000,1281150000000,0.393,,1251781000000,,,,,,,,,,,,true,false,12,2021-04-01,2022-03-31,-1
2022-10-27,95310,2022-03-31,2,,,,,,,,,,,,,,,,,,,,,,,,,,,,,65.00,,,,440996559,1448431,,false,false,12,2021-04-01,2022-03-31,-1
2022-10-27,95310,2023-03-31,2,,,,,,,,,,,,,,,,,,,,,,,,,,,,,32.50,,,,,,,false,false,12,2022-04-01,2023-03-31,0
2022-10-27,95310,2023-03-31,2,,,,,,,,,,,,,,,,,,,,,,,,,,,,,65.00,,,,,,,false,true,12,2022-04-01,2023-03-31,0
2022-10-27,95310,2023-03-31,2,,,,,,,,,,,,,,,,,,,,,,,,,,,,,,,,,434875059,1449235,434954007,false,false,6,2022-04-01,2022-09-30,0
2022-10-27,95310,2022-03-31,2,,,,,,,,,,,,,,,,,,,,,,,,,,,,,,,,,,,439795455,false,false,6,2021-04-01,2021-09-30,-1
2022-10-27,95310,2023-03-31,,2907300000000,0.097,,,,,48000000000,-0.096,55300000000,-0.090,40100000000,,-0.041,92.36,,,,,,,,,,,,,,,,,,,,,,false,true,12,2022-04-01,2023-03-31,0
2022-10-27,95310,2022-03-31,,1931053000000,,,,,,51917000000,,47983000000,,37791000000,,,85.95,,,,,,,,,,,,,,,,,,,,,,false,false,12,2021-04-01,2022-03-31,-1
2023-01-31,95310,2023-03-31,3,2300194000000,0.639,,,,,235692000000,3.415,238298000000,2.836,,168097000000,,386.93,,,,,,3649413000000,1484037000000,0.399,,1456764000000,,,,,,,,,,,,true,false,9,2022-04-01,2022-12-31,0
2023-01-31,95310,2022-03-31,3,1403292000000,0.137,,,,,53378000000,-0.195,62121000000,0.019,,46088000000,,104.81,,,,,,,,,,,,,,,,,,,,,,true,false,9,2021-04-01,2021-12-31,-1
2023-01-31,95310,2023-03-31,3,3377000000000,0.567,,,,,331000000000,1.596,325000000000,1.381,,236000000000,,543.54,,,,,,,,,,,,,,,,,,,,,,true,true,12,2022-04-01,2023-03-31,0
2023-01-31,95310,2022-03-31,3,,,,,,,,,,,,,,,,,,,,3187627000000,1281150000000,0.393,,1251781000000,,,,,,,,,,,,true,false,12,2021-04-01,2022-03-31,-1
2023-01-31,95310,2022-03-31,3,,,,,,,,,,,,,,,,,,,,,,,,,,,,,65.00,,,,440996559,1448431,,false,false,12,2021-04-01,2022-03-31,-1
2023-01-31,95310,2023-03-31,3,,,,,,,,,,,,,,,,,,,,,,,,,,,,,32.50,,,,,,,false,false,12,2022-04-01,2023-03-31,0
2023-01-31,95310,2023-03-31,3,,,,,,,,,,,,,,,,,,,,,,,,,,,,,65.00,,,,,,,false,true,12,2022-04-01,2023-03-31,0
2023-01-31,95310,2023-03-31,3,,,,,,,,,,,,,,,,,,,,,,,,,,,,,,,,,434875059,1452421,434443941,false,false,9,2022-04-01,2022-12-31,0
2023-01-31,95310,2022-03-31,3,,,,,,,,,,,,,,,,,,,,,,,,,,,,,,,,,,,439714082,false,false,9,2021-04-01,2021-12-31,-1
2023-01-31,95310,2023-03-31,,3018800000000,0.038,,,,,231200000000,3.817,228300000000,3.128,163900000000,,3.087,377.49,,,,,,,,,,,,,,,,,,,,,,false,true,12,2022-04-01,2023-03-31,0
2023-01-31,95310,2022-03-31,,1931053000000,,,,,,51917000000,,47983000000,,37791000000,,,85.95,,,,,,,,,,,,,,,,,,,,,,false,false,12,2021-04-01,2022-03-31,-1
2023-04-21,95310,2023-03-31,,3289000000000,-0.026,,,,,422000000000,0.275,408000000000,0.255,,280000000000,,646.99,,,,,,,,,,,,,,,,,,,,,,true,true,12,2022-04-01,2023-03-31,0
2023-04-21,95310,2022-03-31,,2154860000000,,,,,,127525000000,,136481000000,,,95702000000,,217.67,,,,,,,,,,,,,,,,,,,,,,true,false,12,2021-04-01,2022-03-31,-1
2023-04-21,95310,2023-03-31,,2999800000000,-0.006,,,,,301400000000,0.304,303600000000,0.330,205100000000,,0.251,472.54,,,,,,,,,,,,,,,,,,,,,,false,true,12,2022-04-01,2023-03-31,0
2023-04-21,95310,2022-03-31,,1931053000000,,,,,,51917000000,,47983000000,,37791000000,,,85.95,,,,,,,,,,,,,,,,,,,,,,false,false,12,2021-04-01,2022-03-31,-1
2023-04-26,95310,2023-03-31,,3289634000000,0.527,,,,,421477000000,2.305,408846000000,1.996,,280916000000,,646.99,,0.200,0.121,0.128,,3581425000000,1589301000000,0.435,3595.60,1558404000000,487030000000,-203522000000,-22403000000,453432000000,,0.100,,,,,,true,false,12,2022-04-01,2023-03-31,0
2023-04-26,95310,2022-03-31,,2154860000000,0.221,,,,,127525000000,0.642,136481000000,0.936,,95702000000,,217.67,,0.079,0.046,0.059,,3187627000000,1281150000000,0.393,2847.88,1251781000000,145227000000,-224656000000,90490000000,179699000000,,0.299,,,,,,true,false,12,2021-04-01,2022-03-31,-1
2023-04-26,95310,2024-03-31,,2897000000000,-0.119,,,,,150000000000,-0.644,137000000000,-0.665,,100000000000,,256.90,,,,,,,,,,,,,,,,,,,,,,true,true,12,2023-04-01,2024-03-31,1
2023-04-26,95310,2023-03-31,,2999878000000,0.553,,,,,301426000000,4.806,303621000000,5.328,205171000000,,4.429,472.54,,,,,,2696080000000,991764000000,0.368,2288.23,991764000000,,,,,65.00,,,,434875059,1455205,434188168,false,false,12,2022-04-01,2023-03-31,0
2023-04-26,95310,2022-03-31,,1931053000000,0.197,,,,,51917000000,0.103,47983000000,0.026,37791000000,,-0.111,85.95,,,,,,2331975000000,836532000000,0.359,1903.17,836532000000,,,,,65.00,,,,440996559,1448431,439672718,false,false,12,2021-04-01,2022-03-31,-1
2023-04-26,95310,2024-03-31,,2600800000000,-0.133,,,,,69900000000,-0.768,70500000000,-0.768,51900000000,,-0.747,133.33,,,,,,,,,,,,,,,65.00,,,,,,,false,true,12,2023-04-01,2024-03-31,1
2023-07-27,95310,2024-03-31,1,649696000000,0.065,,,,,92977000000,0.816,107245000000,0.859,,77669000000,,180.91,,,,,,3471328000000,1657097000000,0.468,,1622853000000,,,,,,,,,,,,true,false,3,2023-04-01,2023-06-30,0
2023-07-27,95310,2023-03-31,1,609939000000,0.520,,,,,51207000000,1.825,57700000000,2.598,,38438000000,,88.06,,,,,,,,,,,,,,,,,,,,,,true,false,3,2022-04-01,2022-06-30,-1
2023-07-27,95310,2024-03-31,1,2692000000000,-0.182,,,,,150000000000,-0.644,137000000000,-0.665,,101000000000,,245.27,,,,,,,,,,,,,,,,,,,,,,true,true,12,2023-04-01,2024-03-31,0
2023-07-27,95310,2023-03-31,1,,,,,,,,,,,,,,,,,,,,3581425000000,1589301000000,0.435,,1558404000000,,,,,,,,,,,,true,false,12,2022-04-01,2023-03-31,-1
2023-07-27,95310,2023-03-31,1,,,,,,,,,,,,,,,,,,,,,,,,,,,,,65.00,,,,434875059,1455205,,false,false,12,2022-04-01,2023-03-31,-1
2023-07-27,95310,2024-03-31,1,,,,,,,,,,,,,,,,,,,,,,,,,,,,,65.00,,,,,,,false,true,12,2023-04-01,2024-03-31,0
2023-07-27,95310,2024-03-31,1,,,,,,,,,,,,,,,,,,,,,,,,,,,,,,,,,434875059,9468605,429336886,false,false,3,2023-04-01,2023-06-30,0
2023-07-27,95310,2023-03-31,1,,,,,,,,,,,,,,,,,,,,,,,,,,,,,,,,,,,436481214,false,false,3,2022-04-01,2022-06-30,-1
2023-07-27,95310,2024-03-31,,2377400000000,-0.086,,,,,81300000000,0.163,111900000000,0.587,93900000000,,0.809,228.03,,,,,,,,,,,,,,,,,,,,,,false,true,12,2023-04-01,2024-03-31,0
2023-07-27,95310,2023-03-31,,2999878000000,,,,,,301426000000,,303621000000,,205171000000,,,472.54,,,,,,,,,,,,,,,,,,,,,,false,false,12,2022-04-01,2023-03-31,-1
2023-10-26,95310,2024-03-31,2,1272731000000,-0.065,,,,,129740000000,0.434,147645000000,0.359,,103983000000,,245.77,,,,,,3571631000000,1717855000000,0.471,,1682118000000,,,,,,,,,,,,true,false,6,2023-04-01,2023-09-30,0
2023-10-26,95310,2023-03-31,2,1361277000000,0.571,,,,,90498000000,1.290,108652000000,1.682,,71640000000,,164.71,,,,,,,,,,,,,,,,,,,,,,true,false,6,2022-04-01,2022-09-30,-1
2023-10-26,95310,2024-03-31,2,2761000000000,-0.161,,,,,154000000000,-0.635,158000000000,-0.614,,116000000000,,281.11,,,,,,,,,,,,,,,,,,,,,,true,true,12,2023-04-01,2024-03-31,0
2023-10-26,95310,2023-03-31,2,,,,,,,,,,,,,,,,,,,,3581425000000,1589301000000,0.435,,1558404000000,,,,,,,,,,,,true,false,12,2022-04-01,2023-03-31,-1
2023-10-26,95310,2023-03-31,2,,,,,,,,,,,,,,,,,,,,,,,,,,,,,65.00,,,,434875059,1455205,,false,false,12,2022-04-01,2023-03-31,-1
2023-10-26,95310,2024-03-31,2,,,,,,,,,,,,,,,,,,,,,,,,,,,,,32.50,,,,,,,false,false,12,2023-04-01,2024-03-31,0
2023-10-26,95310,2024-03-31,2,,,,,,,,,,,,,,,,,,,,,,,,,,,,,65.00,,,,,,,false,true,12,2023-04-01,2024-03-31,0
2023-10-26,95310,2024-03-31,2,,,,,,,,,,,,,,,,,,,,,,,,,,,,,,,,,434875059,21595887,423096957,false,false,6,2023-04-01,2023-09-30,0
2023-10-26,95310,2023-03-31,2,,,,,,,,,,,,,,,,,,,,,,,,,,,,,,,,,,,434954007,false,false,6,2022-04-01,2022-09-30,-1
2024-01-31,95310,2024-03-31,,2720000000000,-0.015,,,,,182000000000,0.182,190000000000,0.203,,141000000000,,341.75,,,,,,,,,,,,,,,,,,,,,,true,true,12,2023-04-01,2024-03-31,0
2024-01-31,95310,2023-03-31,,3289634000000,,,,,,421477000000,,408846000000,,,280916000000,,646.99,,,,,,,,,,,,,,,,,,,,,,true,false,12,2022-04-01,2023-03-31,-1
2024-01-31,95310,2024-03-31,,2408200000000,-0.006,,,,,102000000000,0.466,140000000000,0.365,113300000000,,0.299,274.61,,,,,,,,,,,,,,,,,,,,,,false,true,12,2023-04-01,2024-03-31,0
2024-01-31,95310,2023-03-31,,2999878000000,,,,,,301426000000,,303621000000,,205171000000,,,472.54,,,,,,,,,,,,,,,,,,,,,,false,false,12,2022-04-01,2023-03-31,-1
,95310,2024-03-31,,,,,,,,,,,,,,,,,,,,,,,,,,,,,,70.00,,,,,,,false,true,12,2023-04-01,2024-03-31,0
,95310,2024-03-31,,,,,,,,,,,,,,,,,,,,,,,,,,,,,,32.50,,,,,,,false,false,12,2023-04-01,2024-03-31,0
,95310,2023-03-31,,,,,,,,,,,,,,,,,,,,,,,,,,,,,,65.00,,,,,,,false,false,12,2022-04-01,2023-03-31,-1
2024-02-02,95310,2024-03-31,3,1902621000000,-0.173,,,,,162868000000,-0.309,170545000000,-0.284,,115555000000,,277.04,,,,,,3901004000000,1699958000000,0.427,,1666285000000,,,,,,,,,,,,true,false,9,2023-04-01,2023-12-31,0
2024-02-02,95310,2023-03-31,3,2300194000000,0.639,,,,,235692000000,3.415,238298000000,2.836,,168097000000,,386.93,,,,,,,,,,,,,,,,,,,,,,true,false,9,2022-04-01,2022-12-31,-1
2024-02-02,95310,2024-03-31,3,2720000000000,-0.173,,,,,182000000000,-0.568,190000000000,-0.535,,141000000000,,341.75,,,,,,,,,,,,,,,,,,,,,,true,true,12,2023-04-01,2024-03-31,0
2024-02-02,95310,2023-03-31,3,,,,,,,,,,,,,,,,,,,,3581425000000,1589301000000,0.435,,1558404000000,,,,,,,,,,,,true,false,12,2022-04-01,2023-03-31,-1
2024-02-02,95310,2023-03-31,3,,,,,,,,,,,,,,,,,,,,,,,,,,,,,65.00,,,,434875059,1455205,,false,false,12,2022-04-01,2023-03-31,-1
2024-02-02,95310,2024-03-31,3,,,,,,,,,,,,,,,,,,,,,,,,,,,,,32.50,,,,,,,false,false,12,2023-04-01,2024-03-31,0
2024-02-02,95310,2024-03-31,3,,,,,,,,,,,,,,,,,,,,,,,,,,,,,70.00,,,,,,,false,true,12,2023-04-01,2024-03-31,0
2024-02-02,95310,2024-03-31,3,,,,,,,,,,,,,,,,,,,,,,,,,,,,,,,,,434875059,33304032,417107224,false,false,9,2023-04-01,2023-12-31,0
2024-02-02,95310,2023-03-31,3,,,,,,,,,,,,,,,,,,,,,,,,,,,,,,,,,,,434443941,false,false,9,2022-04-01,2022-12-31,-1
2024-04-25,95310,2024-03-31,,2664518000000,-0.190,,,,,220308000000,-0.477,228179000000,-0.442,,169936000000,,411.88,,0.104,0.061,0.083,,3888855000000,1733218000000,0.436,4249.83,1695747000000,331210000000,-362014000000,-73214000000,363890000000,,0.170,,,,,,true,false,12,2023-04-01,2024-03-31,0
2024-04-25,95310,2023-03-31,,3289634000000,0.527,,,,,421477000000,2.305,408846000000,1.996,,280916000000,,646.99,,0.200,0.121,0.128,,3581425000000,1589301000000,0.435,3595.60,1558404000000,487030000000,-203522000000,-22403000000,453432000000,,0.100,,,,,,true,false,12,2022-04-01,2023-03-31,-1
2024-04-25,95310,2025-03-31,,2642000000000,-0.008,,,,,113000000000,-0.487,111000000000,-0.514,,80000000000,,205.40,,,,,,,,,,,,,,,,,,,,,,true,true,12,2024-04-01,2025-03-31,1
2024-04-25,95310,2024-03-31,,2376447000000,-0.208,,,,,126258000000,-0.581,155575000000,-0.488,124300000000,,-0.394,301.27,,,,,,2698141000000,980081000000,0.363,2456.25,980081000000,,,,,70.00,,,,400452159,1436376,412584717,false,false,12,2023-04-01,2024-03-31,0
2024-04-25,95310,2023-03-31,,2999878000000,0.553,,,,,301426000000,4.806,303621000000,5.328,205171000000,,4.429,472.54,,,,,,2696080000000,991764000000,0.368,2288.23,991764000000,,,,,65.00,,,,434875059,1455205,434188168,false,false,12,2022-04-01,2023-03-31,-1
2024-04-25,95310,2025-03-31,,,,,,,,,,,,,,,,,,,,,,,,,,,,,,70.00,,,,,,,false,true,12,2024-04-01,2025-03-31,1
2024-07-31,95310,2025-03-31,1,586932000000,-0.097,,,,,24913000000,-0.732,27062000000,-0.748,,19900000000,,50.17,,,,,,3819320000000,1800569000000,0.461,,1761342000000,,,,,,,,,,,,true,false,3,2024-04-01,2024-06-30,0
2024-07-31,95310,2024-03-31,1,649696000000,0.065,,,,,92977000000,0.816,107245000000,0.859,,77669000000,,180.91,,,,,,,,,,,,,,,,,,,,,,true,false,3,2023-04-01,2023-06-30,-1
2024-07-31,95310,2025-03-31,1,2638000000000,-0.010,,,,,113000000000,-0.487,111000000000,-0.514,,81000000000,,207.53,,,,,,,,,,,,,,,,,,,,,,true,true,12,2024-04-01,2025-03-31,0
2024-07-31,95310,2024-03-31,1,,,,,,,,,,,,,,,,,,,,3888855000000,1733218000000,0.436,,1695747000000,,,,,,,,,,,,true,false,12,2023-04-01,2024-03-31,-1
2024-07-31,95310,2024-03-31,1,,,,,,,,,,,,,,,,,,,,,,,,,,,,,70.00,,,,400452159,1436376,,false,false,12,2023-04-01,2024-03-31,-1
2024-07-31,95310,2025-03-31,1,,,,,,,,,,,,,,,,,,,,,,,,,,,,,70.00,,,,,,,false,true,12,2024-04-01,2025-03-31,0
2024-07-31,95310,2025-03-31,1,,,,,,,,,,,,,,,,,,,,,,,,,,,,,,,,,400452159,6019355,396662891,false,false,3,2024-04-01,2024-06-30,0
2024-07-31,95310,2024-03-31,1,,,,,,,,,,,,,,,,,,,,,,,,,,,,,,,,,,,429336886,false,false,3,2023-04-01,2023-06-30,-1
2024-10-30,95310,2025-03-31,2,1221494000000,-0.040,,,,,38231000000,-0.705,28703000000,-0.806,,17170000000,,43.71,,,,,,3882528000000,1786398000000,0.450,,1746692000000,,,,,,,,,,,,true,false,6,2024-04-01,2024-09-30,0
2024-10-30,95310,2024-03-31,2,1272731000000,-0.065,,,,,129740000000,0.434,147645000000,0.359,,103983000000,,245.77,,,,,,,,,,,,,,,,,,,,,,true,false,6,2023-04-01,2023-09-30,-1
2024-10-30,95310,2025-03-31,2,2653000000000,-0.004,,,,,125000000000,-0.433,106000000000,-0.535,,81000000000,,209.64,,,,,,,,,,,,,,,,,,,,,,true,true,12,2024-04-01,2025-03-31,0
2024-10-30,95310,2024-03-31,2,,,,,,,,,,,,,,,,,,,,3888855000000,1733218000000,0.436,,1695747000000,,,,,,,,,,,,true,false,12,2023-04-01,2024-03-31,-1
2024-10-30,95310,2024-03-31,2,,,,,,,,,,,,,,,,,,,,,,,,,,,,,70.00,,,,400452159,1436376,,false,false,12,2023-04-01,2024-03-31,-1
2024-10-30,95310,2025-03-31,2,,,,,,,,,,,,,,,,,,,,,,,,,,,,,35.00,,,,,,,false,false,12,2024-04-01,2025-03-31,0
2024-10-30,95310,2025-03-31,2,,,,,,,,,,,,,,,,,,,,,,,,,,,,,70.00,,,,,,,false,true,12,2024-04-01,2025-03-31,0
2024-10-30,95310,2025-03-31,2,,,,,,,,,,,,,,,,,,,,,,,,,,,,,,,,,400452159,12993183,392800593,false,false,6,2024-04-01,2024-09-30,0
2024-10-30,95310,2024-03-31,2,,,,,,,,,,,,,,,,,,,,,,,,,,,,,,,,,,,423096957,false,false,6,2023-04-01,2023-09-30,-1
2025-01-31,95310,2025-03-31,3,1843721000000,-0.031,,,,,72954000000,-0.552,68517000000,-0.598,,36591000000,,93.81,,,,,,3891482000000,1727623000000,0.434,,1690211000000,,,,,,,,,,,,true,false,9,2024-04-01,2024-12-31,0
2025-01-31,95310,2024-03-31,3,1902621000000,-0.173,,,,,162868000000,-0.309,170545000000,-0.284,,115555000000,,277.04,,,,,,,,,,,,,,,,,,,,,,true,false,9,2023-04-01,2023-12-31,-1
2025-01-31,95310,2025-03-31,3,2689000000000,0.009,,,,,117000000000,-0.469,103000000000,-0.549,,72000000000,,186.67,,,,,,,,,,,,,,,,,,,,,,true,true,12,2024-04-01,2025-03-31,0
2025-01-31,95310,2024-03-31,3,,,,,,,,,,,,,,,,,,,,3888855000000,1733218000000,0.436,,1695747000000,,,,,,,,,,,,true,false,12,2023-04-01,2024-03-31,-1
2025-01-31,95310,2024-03-31,3,,,,,,,,,,,,,,,,,,,,,,,,,,,,,70.00,,,,400452159,1436376,,false,false,12,2023-04-01,2024-03-31,-1
2025-01-31,95310,2025-03-31,3,,,,,,,,,,,,,,,,,,,,,,,,,,,,,35.00,,,,,,,false,false,12,2024-04-01,2025-03-31,0
2025-01-31,95310,2025-03-31,3,,,,,,,,,,,,,,,,,,,,,,,,,,,,,70.00,,,,,,,false,true,12,2024-04-01,2025-03-31,0
2025-01-31,95310,2025-03-31,3,,,,,,,,,,,,,,,,,,,,,,,,,,,,,,,,,388893859,7468063,390077991,false,false,9,2024-04-01,2024-12-31,0
2025-01-31,95310,2024-03-31,3,,,,,,,,,,,,,,,,,,,,,,,,,,,,,,,,,,,417107224,false,false,9,2023-04-01,2023-12-31,-1
,95310,2025-03-31,,,,,,,,,,,,,,,,,,,,,,,,,,,,,,80.00,,,,,,,false,true,12,2024-04-01,2025-03-31,0
,95310,2025-03-31,,,,,,,,,,,,,,,,,,,,,,,,,,,,,,35.00,,,,,,,false,false,12,2024-04-01,2025-03-31,0
,95310,2024-03-31,,,,,,,,,,,,,,,,,,,,,,,,,,,,,,70.00,,,,,,,false,false,12,2023-04-01,2024-03-31,-1
2025-04-28,95310,2025-03-31,,2636809000000,-0.010,,,,,133090000000,-0.387,113599000000,-0.490,,74194000000,,192.22,,0.043,0.029,0.050,,3855093000000,1801470000000,0.448,4669.38,1725446000000,363120000000,-263526000000,-255979000000,244320000000,,0.416,,,,,,true,false,12,2024-04-01,2025-03-31,0
2025-04-28,95310,2024-03-31,,2662420000000,,,,,,217143000000,,222766000000,,,165481000000,,401.09,,0.102,0.060,0.082,,3897608000000,1758822000000,0.434,4244.14,1693478000000,316323000000,-362014000000,-58335000000,363883000000,,0.175,,,,,,true,false,12,2023-04-01,2024-03-31,-1
2025-04-28,95310,2026-03-31,,2754000000000,0.044,,,,,159000000000,0.195,147000000000,0.294,,134000000000,,384.49,,,,,,,,,,,,,,,,,,,,,,true,true,12,2025-04-01,2026-03-31,1
2025-04-28,95310,2025-03-31,,2239451000000,-0.058,,,,,50927000000,-0.597,191326000000,0.230,178174000000,,0.433,461.60,,,,,,2764446000000,1004967000000,0.364,2719.63,1004967000000,,,,,80.00,,,,388893859,19370015,385992747,false,false,12,2024-04-01,2025-03-31,0
2025-04-28,95310,2024-03-31,,2376447000000,-0.208,,,,,126258000000,-0.581,155575000000,-0.488,124300000000,,-0.394,301.27,,,,,,2698141000000,980081000000,0.363,2456.25,980081000000,,,,,70.00,,,,400452159,1436376,412584717,false,false,12,2023-04-01,2024-03-31,-1
2025-04-28,95310,2026-03-31,,,,,,,,,,,,,,,,,,,,,,,,,,,,,,80.00,,,,,,,false,true,12,2025-04-01,2026-03-31,1
2025-06-06,95310,2026-03-31,,2574000000000,0.000,,,,,159000000000,0.000,147000000000,0.000,,183000000000,,525.09,,,,,,,,,,,,,,,,,,,,,,true,true,12,2025-04-01,2026-03-31,0
2025-06-06,95310,2025-03-31,,2636809000000,,,,,,133090000000,,113599000000,,,74194000000,,192.22,,,,,,,,,,,,,,,,,,,,,,true,false,12,2024-04-01,2025-03-31,-1
