filing_date,code,fiscal_year_end,quarterly_period,net_sales,net_sales_change,revenue,revenue_change,operating_revenue,operating_revenue_change,operating_profit,operating_profit_change,ordinary_profit,ordinary_profit_change,net_income,net_income_of_parent,net_income_change,eps,diluted_eps,roe,roa,operating_profit_to_net_sales,operating_profit_to_revenue,total_assets,net_assets,equity_ratio,bps,owner_equity,operating_cash_flow,investing_cash_flow,financing_cash_flow,cash,dividend_per_share,payout_ratio,commemorative_dividend,extra_dividend,number_of_shares,number_of_treqsury_shares,avg_number_of_shares,is_consolidated,is_forecast,duration,period_start,period_end,period_pos
2015-07-30,95320,2016-03-31,1,341532000000,-0.057,,,,,72394000000,0.840,74103000000,0.751,,52130000000,,25.05,,,,,,1834048000000,954564000000,0.503,,922790000000,,,,,,,,,,,,true,false,3,2015-04-01,2015-06-30,0
2015-07-30,95320,2015-03-31,1,362151000000,0.066,,,,,39346000000,0.401,42327000000,0.398,,36868000000,,17.72,,,,,,,,,,,,,,,,,,,,,,true,false,3,2014-04-01,2014-06-30,-1
2015-07-30,95320,2016-03-31,1,640000000000,-0.083,,,,,83500000000,0.551,85000000000,0.469,,59000000000,,28.35,,,,,,,,,,,,,,,,,,,,,,true,true,6,2015-04-01,2015-09-30,0
2015-07-30,95320,2016-03-31,1,1368500000000,-0.104,,,,,113500000000,0.080,110000000000,0.017,,73500000000,,35.32,,,,,,,,,,,,,,,,,,,,,,true,true,12,2015-04-01,2016-03-31,0
2015-07-30,95320,2015-03-31,1,,,,,,,,,,,,,,,,,,,,1862201000000,918869000000,0.477,,888496000000,,,,,,,,,,,,true,false,12,2014-04-01,2015-03-31,-1
2015-07-30,95320,2015-03-31,1,,,,,,,,,,,,,,,,,,,,,,,,,,,,,9.50,,,,2083400000,2532646,,false,false,12,2014-04-01,2015-03-31,-1
2015-07-30,95320,2016-03-31,1,,,,,,,,,,,,,,,,,,,,,,,,,,,,,10.00,,,,,,,false,true,12,2015-04-01,2016-03-31,0
2015-07-30,95320,2016-03-31,1,,,,,,,,,,,,,,,,,,,,,,,,,,,,,,,,,2083400000,2584425,2080840622,false,false,3,2015-04-01,2015-06-30,0
2015-07-30,95320,2015-03-31,1,,,,,,,,,,,,,,,,,,,,,,,,,,,,,,,,,,,2081148085,false,false,3,2014-04-01,2014-06-30,-1
2015-10-28,95320,2016-03-31,2,641418000000,-0.081,,,,,94067000000,0.747,92961000000,0.606,,65980000000,,31.71,,,,,,1849983000000,970338000000,0.508,,939376000000,,,,,,,,,,,,true,false,6,2015-04-01,2015-09-30,0
2015-10-28,95320,2015-03-31,2,697611000000,0.041,,,,,53833000000,0.202,57879000000,0.213,,47506000000,,22.83,,,,,,,,,,,,,,,,,,,,,,true,false,6,2014-04-01,2014-09-30,-1
2015-10-28,95320,2016-03-31,2,1358500000000,-0.111,,,,,138500000000,0.318,130000000000,0.202,,87500000000,,42.05,,,,,,,,,,,,,,,,,,,,,,true,true,12,2015-04-01,2016-03-31,0
2015-10-28,95320,2015-03-31,2,,,,,,,,,,,,,,,,,,,,1862201000000,918869000000,0.477,,888496000000,,,,,,,,,,,,true,false,12,2014-04-01,2015-03-31,-1
2015-10-28,95320,2015-03-31,2,,,,,,,,,,,,,,,,,,,,,,,,,,,,,9.50,,,,2083400000,2532646,,false,false,12,2014-04-01,2015-03-31,-1
2015-10-28,95320,2016-03-31,2,,,,,,,,,,,,,,,,,,,,,,,,,,,,,5.00,,,,,,,false,false,12,2015-04-01,2016-03-31,0
2015-10-28,95320,2016-03-31,2,,,,,,,,,,,,,,,,,,,,,,,,,,,,,10.00,,,,,,,false,true,12,2015-04-01,2016-03-31,0
2015-10-28,95320,2016-03-31,2,,,,,,,,,,,,,,,,,,,,,,,,,,,,,,,,,2083400000,2657996,2080806331,false,false,6,2015-04-01,2015-09-30,0
2015-10-28,95320,2015-03-31,2,,,,,,,,,,,,,,,,,,,,,,,,,,,,,,,,,,,2081097813,false,false,6,2014-04-01,2014-09-30,-1
2016-01-28,95320,2016-03-31,3,944798000000,-0.105,,,,,106402000000,0.990,103607000000,0.780,,73901000000,,35.52,,,,,,1827799000000,953414000000,0.505,,923554000000,,,,,,,,,,,,true,false,9,2015-04-01,2015-12-31,0
2016-01-28,95320,2015-03-31,3,1055301000000,0.020,,,,,53475000000,-0.102,58194000000,-0.108,,47546000000,,22.85,,,,,,,,,,,,,,,,,,,,,,true,false,9,2014-04-01,2014-12-31,-1
2016-01-28,95320,2016-03-31,3,1339000000000,-0.124,,,,,145500000000,0.385,135000000000,0.248,,92500000000,,44.46,,,,,,,,,,,,,,,,,,,,,,true,true,12,2015-04-01,2016-03-31,0
2016-01-28,95320,2015-03-31,3,,,,,,,,,,,,,,,,,,,,1862201000000,918869000000,0.477,,888496000000,,,,,,,,,,,,true,false,12,2014-04-01,2015-03-31,-1
2016-01-28,95320,2015-03-31,3,,,,,,,,,,,,,,,,,,,,,,,,,,,,,9.50,,,,2083400000,2532646,,false,false,12,2014-04-01,2015-03-31,-1
2016-01-28,95320,2016-03-31,3,,,,,,,,,,,,,,,,,,,,,,,,,,,,,5.00,,,,,,,false,false,12,2015-04-01,2016-03-31,0
2016-01-28,95320,2016-03-31,3,,,,,,,,,,,,,,,,,,,,,,,,,,,,,10.00,,,,,,,false,true,12,2015-04-01,2016-03-31,0
2016-01-28,95320,2016-03-31,3,,,,,,,,,,,,,,,,,,,,,,,,,,,,,,,,,2083400000,3152333,2080732882,false,false,9,2015-04-01,2015-12-31,0
2016-01-28,95320,2015-03-31,3,,,,,,,,,,,,,,,,,,,,,,,,,,,,,,,,,,,2081056184,false,false,9,2014-04-01,2014-12-31,-1
2016-04-27,95320,2016-03-31,,1322012000000,-0.135,,,,,146674000000,0.396,134986000000,0.248,,84324000000,,40.53,,0.094,0.073,0.111,,1829756000000,935786000000,0.495,435.85,906623000000,281819000000,-144198000000,-90716000000,209367000000,,0.247,,,,,,true,false,12,2015-04-01,2016-03-31,0
2016-04-27,95320,2015-03-31,,1528164000000,0.010,,,,,105065000000,0.057,108173000000,0.020,,76709000000,,36.86,,0.091,0.061,0.069,,1862201000000,918869000000,0.477,426.98,888496000000,156908000000,-110704000000,22892000000,162793000000,,0.258,,,,,,true,false,12,2014-04-01,2015-03-31,-1
2016-04-27,95320,2017-03-31,,533000000000,-0.169,,,,,38000000000,-0.596,38000000000,-0.591,,25500000000,,12.26,,,,,,,,,,,,,,,,,,,,,,true,true,6,2016-04-01,2016-09-30,1
2016-04-27,95320,2017-03-31,,1170500000000,-0.115,,,,,85500000000,-0.417,78000000000,-0.422,,52000000000,,24.99,,,,,,,,,,,,,,,,0.400,,,,,,true,true,12,2016-04-01,2017-03-31,1
2016-04-27,95320,2016-03-31,,1039733000000,-0.169,,,,,112054000000,0.397,113349000000,0.284,83285000000,,0.185,40.03,,,,,,1425220000000,695189000000,0.488,334.20,695189000000,,,,,10.00,,,,2083400000,3256640,2080602238,false,false,12,2015-04-01,2016-03-31,0
2016-04-27,95320,2015-03-31,,1251835000000,0.025,,,,,80190000000,0.320,88255000000,0.275,70285000000,,1.818,33.77,,,,,,1411266000000,637389000000,0.452,306.31,637389000000,,,,,9.50,,,,2083400000,2532646,2081017962,false,false,12,2014-04-01,2015-03-31,-1
2016-04-27,95320,2017-03-31,,405500000000,-0.209,,,,,24000000000,-0.690,33000000000,-0.602,26500000000,,-0.563,12.74,,,,,,,,,,,,,,,,,,,,,,false,true,6,2016-04-01,2016-09-30,1
2016-04-27,95320,2017-03-31,,887000000000,-0.147,,,,,47500000000,-0.576,57500000000,-0.493,45000000000,,-0.460,21.63,,,,,,,,,,,,,,,10.00,,,,,,,false,true,12,2016-04-01,2017-03-31,1
2016-07-28,95320,2017-03-31,1,276308000000,-0.191,,,,,38407000000,-0.469,40382000000,-0.455,,26909000000,,12.94,,,,,,1736566000000,925747000000,0.516,,896779000000,,,,,,,,,,,,true,false,3,2016-04-01,2016-06-30,0
2016-07-28,95320,2016-03-31,1,341532000000,-0.057,,,,,72394000000,0.840,74103000000,0.751,,52130000000,,25.05,,,,,,,,,,,,,,,,,,,,,,true,false,3,2015-04-01,2015-06-30,-1
2016-07-28,95320,2017-03-31,1,533000000000,-0.169,,,,,38000000000,-0.596,38000000000,-0.591,,25500000000,,12.26,,,,,,,,,,,,,,,,,,,,,,true,true,6,2016-04-01,2016-09-30,0
2016-07-28,95320,2017-03-31,1,1170500000000,-0.115,,,,,85500000000,-0.417,78000000000,-0.422,,52000000000,,24.99,,,,,,,,,,,,,,,,,,,,,,true,true,12,2016-04-01,2017-03-31,0
2016-07-28,95320,2016-03-31,1,,,,,,,,,,,,,,,,,,,,1829756000000,935786000000,0.495,,906623000000,,,,,,,,,,,,true,false,12,2015-04-01,2016-03-31,-1
2016-07-28,95320,2016-03-31,1,,,,,,,,,,,,,,,,,,,,,,,,,,,,,10.00,,,,2083400000,3256640,,false,false,12,2015-04-01,2016-03-31,-1
2016-07-28,95320,2017-03-31,1,,,,,,,,,,,,,,,,,,,,,,,,,,,,,10.00,,,,,,,false,true,12,2016-04-01,2017-03-31,0
2016-07-28,95320,2017-03-31,1,,,,,,,,,,,,,,,,,,,,,,,,,,,,,,,,,2083400000,3283470,2080131413,false,false,3,2016-04-01,2016-06-30,0
2016-07-28,95320,2016-03-31,1,,,,,,,,,,,,,,,,,,,,,,,,,,,,,,,,,,,2080840622,false,false,3,2015-04-01,2015-06-30,-1
2016-10-17,95320,2017-03-31,,532000000000,-0.002,,,,,49500000000,0.303,50000000000,0.316,,33000000000,,15.86,,,,,,,,,,,,,,,,,,,,,,true,true,6,2016-04-01,2016-09-30,0
2016-10-17,95320,2016-03-31,,641418000000,,,,,,94067000000,,92961000000,,,65980000000,,31.71,,,,,,,,,,,,,,,,,,,,,,true,false,6,2015-04-01,2015-09-30,-1
2016-10-17,95320,2017-03-31,,412000000000,0.016,,,,,37500000000,0.563,50500000000,0.530,39500000000,,0.491,18.99,,,,,,,,,,,,,,,,,,,,,,false,true,6,2016-04-01,2016-09-30,0
2016-10-17,95320,2016-03-31,,512430000000,,,,,,77441000000,,82867000000,,60590000000,,,29.12,,,,,,,,,,,,,,,,,,,,,,false,false,6,2015-04-01,2015-09-30,-1
2016-10-26,95320,2017-03-31,2,532399000000,-0.170,,,,,49917000000,-0.469,50168000000,-0.460,,33376000000,,16.05,,,,,,1711241000000,910047000000,0.515,,881605000000,,,,,,,,,,,,true,false,6,2016-04-01,2016-09-30,0
2016-10-26,95320,2016-03-31,2,641418000000,-0.081,,,,,94067000000,0.747,92961000000,0.606,,65980000000,,31.71,,,,,,,,,,,,,,,,,,,,,,true,false,6,2015-04-01,2015-09-30,-1
2016-10-26,95320,2017-03-31,2,1170500000000,-0.115,,,,,82000000000,-0.441,78000000000,-0.422,,52000000000,,25.00,,,,,,,,,,,,,,,,,,,,,,true,true,12,2016-04-01,2017-03-31,0
2016-10-26,95320,2016-03-31,2,,,,,,,,,,,,,,,,,,,,1829756000000,935786000000,0.495,,906623000000,,,,,,,,,,,,true,false,12,2015-04-01,2016-03-31,-1
2016-10-26,95320,2016-03-31,2,,,,,,,,,,,,,,,,,,,,,,,,,,,,,10.00,,,,2083400000,3256640,,false,false,12,2015-04-01,2016-03-31,-1
2016-10-26,95320,2017-03-31,2,,,,,,,,,,,,,,,,,,,,,,,,,,,,,5.00,,,,,,,false,false,12,2016-04-01,2017-03-31,0
2016-10-26,95320,2017-03-31,2,,,,,,,,,,,,,,,,,,,,,,,,,,,,,10.00,,,,,,,false,true,12,2016-04-01,2017-03-31,0
2016-10-26,95320,2017-03-31,2,,,,,,,,,,,,,,,,,,,,,,,,,,,,,,,,,2083400000,3452774,2080065531,false,false,6,2016-04-01,2016-09-30,0
2016-10-26,95320,2016-03-31,2,,,,,,,,,,,,,,,,,,,,,,,,,,,,,,,,,,,2080806331,false,false,6,2015-04-01,2015-09-30,-1
2017-01-31,95320,2017-03-31,3,807406000000,-0.145,,,,,59938000000,-0.437,59516000000,-0.426,,39448000000,,18.97,,,,,,1731996000000,913322000000,0.510,,884182000000,,,,,,,,,,,,true,false,9,2016-04-01,2016-12-31,0
2017-01-31,95320,2016-03-31,3,944798000000,-0.105,,,,,106402000000,0.990,103607000000,0.780,,73901000000,,35.52,,,,,,,,,,,,,,,,,,,,,,true,false,9,2015-04-01,2015-12-31,-1
2017-01-31,95320,2017-03-31,3,1159500000000,-0.123,,,,,95500000000,-0.349,93000000000,-0.311,,64500000000,,31.01,,,,,,,,,,,,,,,,,,,,,,true,true,12,2016-04-01,2017-03-31,0
2017-01-31,95320,2016-03-31,3,,,,,,,,,,,,,,,,,,,,1829756000000,935786000000,0.495,,906623000000,,,,,,,,,,,,true,false,12,2015-04-01,2016-03-31,-1
2017-01-31,95320,2016-03-31,3,,,,,,,,,,,,,,,,,,,,,,,,,,,,,10.00,,,,2083400000,3256640,,false,false,12,2015-04-01,2016-03-31,-1
2017-01-31,95320,2017-03-31,3,,,,,,,,,,,,,,,,,,,,,,,,,,,,,5.00,,,,,,,false,false,12,2016-04-01,2017-03-31,0
2017-01-31,95320,2017-03-31,3,,,,,,,,,,,,,,,,,,,,,,,,,,,,,10.00,,,,,,,false,true,12,2016-04-01,2017-03-31,0
2017-01-31,95320,2017-03-31,3,,,,,,,,,,,,,,,,,,,,,,,,,,,,,,,,,2083400000,3677266,2080001109,false,false,9,2016-04-01,2016-12-31,0
2017-01-31,95320,2016-03-31,3,,,,,,,,,,,,,,,,,,,,,,,,,,,,,,,,,,,2080732882,false,false,9,2015-04-01,2015-12-31,-1
2017-04-26,95320,2017-03-31,,1183846000000,-0.105,,,,,97250000000,-0.337,96276000000,-0.287,,61271000000,,29.46,,0.066,0.052,0.082,,1886577000000,991870000000,0.510,462.54,961905000000,148801000000,-137527000000,-50530000000,166912000000,,0.339,,,,,,true,false,12,2016-04-01,2017-03-31,0
2017-04-26,95320,2016-03-31,,1322012000000,-0.135,,,,,146674000000,0.396,134986000000,0.248,,84324000000,,40.53,,0.094,0.073,0.111,,1829756000000,935786000000,0.495,435.85,906623000000,281819000000,-144198000000,-90716000000,209367000000,,0.247,,,,,,true,false,12,2015-04-01,2016-03-31,-1
2017-04-26,95320,2018-03-31,,1344500000000,0.136,,,,,66500000000,-0.316,64000000000,-0.335,,42500000000,,102.18,,,,,,,,,,,,,,,,0.489,,,,,,true,true,12,2017-04-01,2018-03-31,1
2017-04-26,95320,2017-03-31,,906854000000,-0.128,,,,,55345000000,-0.506,70273000000,-0.380,54659000000,,-0.344,26.28,,,,,,1408956000000,735881000000,0.522,353.85,735881000000,,,,,10.00,,,,2083400000,3764066,2079922079,false,false,12,2016-04-01,2017-03-31,0
2017-04-26,95320,2016-03-31,,1039733000000,-0.169,,,,,112054000000,0.397,113349000000,0.284,83285000000,,0.185,40.03,,,,,,1425220000000,695189000000,0.488,334.20,695189000000,,,,,10.00,,,,2083400000,3256640,2080602238,false,false,12,2015-04-01,2016-03-31,-1
2017-04-26,95320,2018-03-31,,1053500000000,0.162,,,,,28000000000,-0.494,35000000000,-0.502,27000000000,,-0.506,64.91,,,,,,,,,,,,,,,25.00,,,,,,,false,true,12,2017-04-01,2018-03-31,1
2017-07-27,95320,2018-03-31,1,292758000000,0.060,,,,,23703000000,-0.383,25730000000,-0.363,,17414000000,,8.37,,,,,,1822751000000,996004000000,0.530,,966041000000,,,,,,,,,,,,true,false,3,2017-04-01,2017-06-30,0
2017-07-27,95320,2017-03-31,1,276308000000,-0.191,,,,,38407000000,-0.469,40382000000,-0.455,,26909000000,,12.94,,,,,,,,,,,,,,,,,,,,,,true,false,3,2016-04-01,2016-06-30,-1
2017-07-27,95320,2018-03-31,1,1344500000000,0.136,,,,,66500000000,-0.316,64000000000,-0.335,,42500000000,,102.18,,,,,,,,,,,,,,,,,,,,,,true,true,12,2017-04-01,2018-03-31,0
2017-07-27,95320,2017-03-31,1,,,,,,,,,,,,,,,,,,,,1886577000000,991870000000,0.510,,961905000000,,,,,,,,,,,,true,false,12,2016-04-01,2017-03-31,-1
2017-07-27,95320,2017-03-31,1,,,,,,,,,,,,,,,,,,,,,,,,,,,,,10.00,,,,2083400000,3764066,,false,false,12,2016-04-01,2017-03-31,-1
2017-07-27,95320,2018-03-31,1,,,,,,,,,,,,,,,,,,,,,,,,,,,,,25.00,,,,,,,false,true,12,2017-04-01,2018-03-31,0
2017-07-27,95320,2018-03-31,1,,,,,,,,,,,,,,,,,,,,,,,,,,,,,,,,,2083400000,3804461,2079614658,false,false,3,2017-04-01,2017-06-30,0
2017-07-27,95320,2017-03-31,1,,,,,,,,,,,,,,,,,,,,,,,,,,,,,,,,,,,2080131413,false,false,3,2016-04-01,2016-06-30,-1
2017-10-26,95320,2018-03-31,2,584633000000,0.098,,,,,33219000000,-0.335,36476000000,-0.273,,23838000000,,57.32,,,,,,1863636000000,1006810000000,0.524,,977026000000,,,,,,,,,,,,true,false,6,2017-04-01,2017-09-30,0
2017-10-26,95320,2017-03-31,2,532399000000,-0.170,,,,,49917000000,-0.469,50168000000,-0.460,,33376000000,,80.23,,,,,,,,,,,,,,,,,,,,,,true,false,6,2016-04-01,2016-09-30,-1
2017-10-26,95320,2018-03-31,2,1344500000000,0.136,,,,,66500000000,-0.316,64000000000,-0.335,,42500000000,,102.18,,,,,,,,,,,,,,,,,,,,,,true,true,12,2017-04-01,2018-03-31,0
2017-10-26,95320,2017-03-31,2,,,,,,,,,,,,,,,,,,,,1886577000000,991870000000,0.510,,961905000000,,,,,,,,,,,,true,false,12,2016-04-01,2017-03-31,-1
2017-10-26,95320,2017-03-31,2,,,,,,,,,,,,,,,,,,,,,,,,,,,,,10.00,,,,416680000,752813,,false,false,12,2016-04-01,2017-03-31,-1
2017-10-26,95320,2018-03-31,2,,,,,,,,,,,,,,,,,,,,,,,,,,,,,5.00,,,,,,,false,false,12,2017-04-01,2018-03-31,0
2017-10-26,95320,2018-03-31,2,,,,,,,,,,,,,,,,,,,,,,,,,,,,,25.00,,,,,,,false,true,12,2017-04-01,2018-03-31,0
2017-10-26,95320,2018-03-31,2,,,,,,,,,,,,,,,,,,,,,,,,,,,,,,,,,416680000,808949,415903897,false,false,6,2017-04-01,2017-09-30,0
2017-10-26,95320,2017-03-31,2,,,,,,,,,,,,,,,,,,,,,,,,,,,,,,,,,,,416013106,false,false,6,2016-04-01,2016-09-30,-1
2018-01-31,95320,2018-03-31,3,909589000000,0.127,,,,,48544000000,-0.190,50359000000,-0.154,,31660000000,,76.13,,,,,,1857515000000,1020714000000,0.534,,991414000000,,,,,,,,,,,,true,false,9,2017-04-01,2017-12-31,0
2018-01-31,95320,2017-03-31,3,807406000000,-0.145,,,,,59938000000,-0.437,59516000000,-0.426,,39448000000,,94.83,,,,,,,,,,,,,,,,,,,,,,true,false,9,2016-04-01,2016-12-31,-1
2018-01-31,95320,2018-03-31,3,1344500000000,0.136,,,,,66500000000,-0.316,64000000000,-0.335,,42500000000,,102.18,,,,,,,,,,,,,,,,,,,,,,true,true,12,2017-04-01,2018-03-31,0
2018-01-31,95320,2017-03-31,3,,,,,,,,,,,,,,,,,,,,1886577000000,991870000000,0.510,,961905000000,,,,,,,,,,,,true,false,12,2016-04-01,2017-03-31,-1
2018-01-31,95320,2017-03-31,3,,,,,,,,,,,,,,,,,,,,,,,,,,,,,10.00,,,,416680000,752813,,false,false,12,2016-04-01,2017-03-31,-1
2018-01-31,95320,2018-03-31,3,,,,,,,,,,,,,,,,,,,,,,,,,,,,,5.00,,,,,,,false,false,12,2017-04-01,2018-03-31,0
2018-01-31,95320,2018-03-31,3,,,,,,,,,,,,,,,,,,,,,,,,,,,,,25.00,,,,,,,false,true,12,2017-04-01,2018-03-31,0
2018-01-31,95320,2018-03-31,3,,,,,,,,,,,,,,,,,,,,,,,,,,,,,,,,,416680000,826057,415889563,false,false,9,2017-04-01,2017-12-31,0
2018-01-31,95320,2017-03-31,3,,,,,,,,,,,,,,,,,,,,,,,,,,,,,,,,,,,416000222,false,false,9,2016-04-01,2016-12-31,-1
2018-04-26,95320,2018-03-31,,1296238000000,0.095,,,,,78118000000,-0.197,77087000000,-0.199,,37724000000,,90.71,,0.038,0.041,0.060,,1905215000000,1028799000000,0.525,2403.68,999569000000,168731000000,-110456000000,-51591000000,171061000000,,0.551,,,,,,true,false,12,2017-04-01,2018-03-31,0
2018-04-26,95320,2017-03-31,,1183846000000,-0.105,,,,,97250000000,-0.337,96276000000,-0.287,,61271000000,,147.29,,0.066,0.052,0.082,,1886577000000,991870000000,0.510,2312.68,961905000000,148801000000,-137527000000,-50530000000,166912000000,,0.339,,,,,,true,false,12,2016-04-01,2017-03-31,-1
2018-04-26,95320,2019-03-31,,1360000000000,0.049,,,,,74000000000,-0.053,70000000000,-0.092,,46500000000,,111.82,,,,,,,,,,,,,,,,0.447,,,,,,true,true,12,2018-04-01,2019-03-31,1
2018-04-26,95320,2018-03-31,,1039629000000,0.146,,,,,47722000000,-0.138,58200000000,-0.172,44028000000,,-0.194,105.87,,,,,,1442980000000,766368000000,0.531,1842.90,766368000000,,,,,25.00,,,,416680000,830077,415880656,false,false,12,2017-04-01,2018-03-31,0
2018-04-26,95320,2017-03-31,,906854000000,-0.128,,,,,55345000000,-0.506,70273000000,-0.380,54659000000,,-0.344,131.40,,,,,,1408956000000,735881000000,0.522,1769.25,735881000000,,,,,10.00,,,,416680000,752813,415984416,false,false,12,2016-04-01,2017-03-31,-1
2018-04-26,95320,2019-03-31,,1090000000000,0.048,,,,,37500000000,-0.214,46500000000,-0.201,36000000000,,-0.182,86.57,,,,,,,,,,,,,,,50.00,,,,,,,false,true,12,2018-04-01,2019-03-31,1
2018-07-31,95320,2019-03-31,1,297136000000,0.015,,,,,20754000000,-0.124,23368000000,-0.092,,15638000000,,37.61,,,,,,1859803000000,1023592000000,0.534,,993910000000,,,,,,,,,,,,true,false,3,2018-04-01,2018-06-30,0
2018-07-31,95320,2018-03-31,1,292758000000,0.060,,,,,23703000000,-0.383,25730000000,-0.363,,17414000000,,41.87,,,,,,,,,,,,,,,,,,,,,,true,false,3,2017-04-01,2017-06-30,-1
2018-07-31,95320,2019-03-31,1,1360000000000,0.049,,,,,74000000000,-0.053,70000000000,-0.092,,46500000000,,111.82,,,,,,,,,,,,,,,,,,,,,,true,true,12,2018-04-01,2019-03-31,0
2018-07-31,95320,2018-03-31,1,,,,,,,,,,,,,,,,,,,,1897230000000,1028799000000,0.527,,999569000000,,,,,,,,,,,,true,false,12,2017-04-01,2018-03-31,-1
2018-07-31,95320,2018-03-31,1,,,,,,,,,,,,,,,,,,,,,,,,,,,,,25.00,,,,416680000,830077,,false,false,12,2017-04-01,2018-03-31,-1
2018-07-31,95320,2019-03-31,1,,,,,,,,,,,,,,,,,,,,,,,,,,,,,50.00,,,,,,,false,true,12,2018-04-01,2019-03-31,0
2018-07-31,95320,2019-03-31,1,,,,,,,,,,,,,,,,,,,,,,,,,,,,,,,,,416680000,832922,415848498,false,false,3,2018-04-01,2018-06-30,0
2018-07-31,95320,2018-03-31,1,,,,,,,,,,,,,,,,,,,,,,,,,,,,,,,,,,,415922932,false,false,3,2017-04-01,2017-06-30,-1
2018-10-30,95320,2019-03-31,2,607453000000,0.039,,,,,21954000000,-0.339,22862000000,-0.373,,13504000000,,32.47,,,,,,1960541000000,1035946000000,0.513,,1005646000000,,,,,,,,,,,,true,false,6,2018-04-01,2018-09-30,0
2018-10-30,95320,2018-03-31,2,584633000000,0.098,,,,,33219000000,-0.335,36476000000,-0.273,,23838000000,,57.32,,,,,,,,,,,,,,,,,,,,,,true,false,6,2017-04-01,2017-09-30,-1
2018-10-30,95320,2019-03-31,2,1400000000000,0.080,,,,,59000000000,-0.245,56000000000,-0.274,,36000000000,,86.57,,,,,,,,,,,,,,,,,,,,,,true,true,12,2018-04-01,2019-03-31,0
2018-10-30,95320,2018-03-31,2,,,,,,,,,,,,,,,,,,,,1897230000000,1028799000000,0.527,,999569000000,,,,,,,,,,,,true,false,12,2017-04-01,2018-03-31,-1
2018-10-30,95320,2018-03-31,2,,,,,,,,,,,,,,,,,,,,,,,,,,,,,25.00,,,,416680000,830077,,false,false,12,2017-04-01,2018-03-31,-1
2018-10-30,95320,2019-03-31,2,,,,,,,,,,,,,,,,,,,,,,,,,,,,,25.00,,,,,,,false,false,12,2018-04-01,2019-03-31,0
2018-10-30,95320,2019-03-31,2,,,,,,,,,,,,,,,,,,,,,,,,,,,,,50.00,,,,,,,false,true,12,2018-04-01,2019-03-31,0
2018-10-30,95320,2019-03-31,2,,,,,,,,,,,,,,,,,,,,,,,,,,,,,,,,,416680000,850104,415841425,false,false,6,2018-04-01,2018-09-30,0
2018-10-30,95320,2018-03-31,2,,,,,,,,,,,,,,,,,,,,,,,,,,,,,,,,,,,415903897,false,false,6,2017-04-01,2017-09-30,-1
2019-01-31,95320,2019-03-31,3,943610000000,0.037,,,,,23321000000,-0.520,25481000000,-0.494,,5200000000,,12.51,,,,,,2032480000000,1014439000000,0.483,,982474000000,,,,,,,,,,,,true,false,9,2018-04-01,2018-12-31,0
2019-01-31,95320,2018-03-31,3,909589000000,0.127,,,,,48544000000,-0.190,50359000000,-0.154,,31660000000,,76.13,,,,,,,,,,,,,,,,,,,,,,true,false,9,2017-04-01,2017-12-31,-1
2019-01-31,95320,2019-03-31,3,1381000000000,0.065,,,,,63000000000,-0.194,61500000000,-0.202,,30500000000,,73.35,,,,,,,,,,,,,,,,,,,,,,true,true,12,2018-04-01,2019-03-31,0
2019-01-31,95320,2018-03-31,3,,,,,,,,,,,,,,,,,,,,1897230000000,1028799000000,0.527,,999569000000,,,,,,,,,,,,true,false,12,2017-04-01,2018-03-31,-1
2019-01-31,95320,2018-03-31,3,,,,,,,,,,,,,,,,,,,,,,,,,,,,,25.00,,,,416680000,830077,,false,false,12,2017-04-01,2018-03-31,-1
2019-01-31,95320,2019-03-31,3,,,,,,,,,,,,,,,,,,,,,,,,,,,,,25.00,,,,,,,false,false,12,2018-04-01,2019-03-31,0
2019-01-31,95320,2019-03-31,3,,,,,,,,,,,,,,,,,,,,,,,,,,,,,50.00,,,,,,,false,true,12,2018-04-01,2019-03-31,0
2019-01-31,95320,2019-03-31,3,,,,,,,,,,,,,,,,,,,,,,,,,,,,,,,,,416680000,861887,415836312,false,false,9,2018-04-01,2018-12-31,0
2019-01-31,95320,2018-03-31,3,,,,,,,,,,,,,,,,,,,,,,,,,,,,,,,,,,,415889563,false,false,9,2017-04-01,2017-12-31,-1
2019-04-24,95320,2019-03-31,,1371863000000,0.058,,,,,67977000000,-0.130,63103000000,-0.181,,33601000000,,80.80,,0.034,0.032,0.050,,2029722000000,1035044000000,0.495,2415.37,1004340000000,65116000000,-204192000000,85262000000,115769000000,,0.619,,,,,,true,false,12,2018-04-01,2019-03-31,0
2019-04-24,95320,2018-03-31,,1296238000000,0.095,,,,,78118000000,-0.197,77087000000,-0.199,,37724000000,,90.71,,0.038,0.041,0.060,,1897230000000,1028799000000,0.527,2403.68,999569000000,168731000000,-110456000000,-51591000000,171061000000,,0.551,,,,,,true,false,12,2017-04-01,2018-03-31,-1
2019-04-24,95320,2020-03-31,,1426000000000,0.039,,,,,91000000000,0.339,81000000000,0.284,,55000000000,,132.27,,,,,,,,,,,,,,,,0.378,,,,,,true,true,12,2019-04-01,2020-03-31,1
2019-04-24,95320,2019-03-31,,1104537000000,0.062,,,,,27946000000,-0.414,40553000000,-0.303,25139000000,,-0.429,60.45,,,,,,1538726000000,765013000000,0.497,1839.80,765013000000,,,,,50.00,,,,416680000,867201,415831192,false,false,12,2018-04-01,2019-03-31,0
2019-04-24,95320,2018-03-31,,1039629000000,0.146,,,,,47722000000,-0.138,58200000000,-0.172,44028000000,,-0.194,105.87,,,,,,1436005000000,766368000000,0.534,1842.90,766368000000,,,,,25.00,,,,416680000,830077,415880656,false,false,12,2017-04-01,2018-03-31,-1
2019-04-24,95320,2020-03-31,,1138000000000,0.030,,,,,53000000000,0.896,56500000000,0.393,43000000000,,0.710,103.41,,,,,,,,,,,,,,,50.00,,,,,,,false,true,12,2019-04-01,2020-03-31,1
2019-07-29,95320,2020-03-31,1,335068000000,0.128,,,,,36696000000,0.768,41462000000,0.774,,28631000000,,68.86,,,,,,2042376000000,1045451000000,0.497,,1014259000000,,,,,,,,,,,,true,false,3,2019-04-01,2019-06-30,0
2019-07-29,95320,2019-03-31,1,297136000000,0.015,,,,,20754000000,-0.124,23368000000,-0.092,,15638000000,,37.61,,,,,,,,,,,,,,,,,,,,,,true,false,3,2018-04-01,2018-06-30,-1
2019-07-29,95320,2020-03-31,1,1426000000000,0.039,,,,,91000000000,0.339,81000000000,0.284,,55000000000,,132.27,,,,,,,,,,,,,,,,,,,,,,true,true,12,2019-04-01,2020-03-31,0
2019-07-29,95320,2019-03-31,1,,,,,,,,,,,,,,,,,,,,2029722000000,1035044000000,0.495,,1004340000000,,,,,,,,,,,,true,false,12,2018-04-01,2019-03-31,-1
2019-07-29,95320,2019-03-31,1,,,,,,,,,,,,,,,,,,,,,,,,,,,,,50.00,,,,416680000,867201,,false,false,12,2018-04-01,2019-03-31,-1
2019-07-29,95320,2020-03-31,1,,,,,,,,,,,,,,,,,,,,,,,,,,,,,50.00,,,,,,,false,true,12,2019-04-01,2020-03-31,0
2019-07-29,95320,2020-03-31,1,,,,,,,,,,,,,,,,,,,,,,,,,,,,,,,,,416680000,869489,415811592,false,false,3,2019-04-01,2019-06-30,0
2019-07-29,95320,2019-03-31,1,,,,,,,,,,,,,,,,,,,,,,,,,,,,,,,,,,,415848498,false,false,3,2018-04-01,2018-06-30,-1
2019-10-29,95320,2020-03-31,2,652987000000,0.075,,,,,44317000000,1.019,49881000000,1.182,,33449000000,,80.44,,,,,,2029165000000,1035597000000,0.495,,1004293000000,,,,,,,,,,,,true,false,6,2019-04-01,2019-09-30,0
2019-10-29,95320,2019-03-31,2,607453000000,0.039,,,,,21954000000,-0.339,22862000000,-0.373,,13504000000,,32.47,,,,,,,,,,,,,,,,,,,,,,true,false,6,2018-04-01,2018-09-30,-1
2019-10-29,95320,2020-03-31,2,1412000000000,0.029,,,,,85000000000,0.250,81000000000,0.284,,55000000000,,132.27,,,,,,,,,,,,,,,,,,,,,,true,true,12,2019-04-01,2020-03-31,0
2019-10-29,95320,2019-03-31,2,,,,,,,,,,,,,,,,,,,,2029722000000,1035044000000,0.495,,1004340000000,,,,,,,,,,,,true,false,12,2018-04-01,2019-03-31,-1
2019-10-29,95320,2019-03-31,2,,,,,,,,,,,,,,,,,,,,,,,,,,,,,50.00,,,,416680000,867201,,false,false,12,2018-04-01,2019-03-31,-1
2019-10-29,95320,2020-03-31,2,,,,,,,,,,,,,,,,,,,,,,,,,,,,,25.00,,,,,,,false,false,12,2019-04-01,2020-03-31,0
2019-10-29,95320,2020-03-31,2,,,,,,,,,,,,,,,,,,,,,,,,,,,,,50.00,,,,,,,false,true,12,2019-04-01,2020-03-31,0
2019-10-29,95320,2020-03-31,2,,,,,,,,,,,,,,,,,,,,,,,,,,,,,,,,,416680000,881031,415806727,false,false,6,2019-04-01,2019-09-30,0
2019-10-29,95320,2019-03-31,2,,,,,,,,,,,,,,,,,,,,,,,,,,,,,,,,,,,415841425,false,false,6,2018-04-01,2018-09-30,-1
2020-01-30,95320,2020-03-31,3,974503000000,0.033,,,,,54286000000,1.328,59396000000,1.331,,34800000000,,83.70,,,,,,2125545000000,1022978000000,0.467,,992544000000,,,,,,,,,,,,true,false,9,2019-04-01,2019-12-31,0
2020-01-30,95320,2019-03-31,3,943610000000,0.037,,,,,23321000000,-0.520,25481000000,-0.494,,5200000000,,12.51,,,,,,,,,,,,,,,,,,,,,,true,false,9,2018-04-01,2018-12-31,-1
2020-01-30,95320,2020-03-31,3,1419000000000,0.034,,,,,84000000000,0.236,81000000000,0.284,,51000000000,,122.66,,,,,,,,,,,,,,,,,,,,,,true,true,12,2019-04-01,2020-03-31,0
2020-01-30,95320,2019-03-31,3,,,,,,,,,,,,,,,,,,,,2029722000000,1035044000000,0.495,,1004340000000,,,,,,,,,,,,true,false,12,2018-04-01,2019-03-31,-1
2020-01-30,95320,2019-03-31,3,,,,,,,,,,,,,,,,,,,,,,,,,,,,,50.00,,,,416680000,867201,,false,false,12,2018-04-01,2019-03-31,-1
2020-01-30,95320,2020-03-31,3,,,,,,,,,,,,,,,,,,,,,,,,,,,,,25.00,,,,,,,false,false,12,2019-04-01,2020-03-31,0
2020-01-30,95320,2020-03-31,3,,,,,,,,,,,,,,,,,,,,,,,,,,,,,50.00,,,,,,,false,true,12,2019-04-01,2020-03-31,0
2020-01-30,95320,2020-03-31,3,,,,,,,,,,,,,,,,,,,,,,,,,,,,,,,,,416680000,891903,415802880,false,false,9,2019-04-01,2019-12-31,0
2020-01-30,95320,2019-03-31,3,,,,,,,,,,,,,,,,,,,,,,,,,,,,,,,,,,,415836312,false,false,9,2018-04-01,2018-12-31,-1
2020-05-11,95320,2020-03-31,,1368689000000,-0.002,,,,,83792000000,0.233,86018000000,0.363,,41788000000,,100.50,,0.042,0.041,0.061,,2140482000000,1027667000000,0.466,2399.06,997492000000,182892000000,-232266000000,79272000000,146813000000,,0.498,,,,,,true,false,12,2019-04-01,2020-03-31,0
2020-05-11,95320,2019-03-31,,1371863000000,0.058,,,,,67977000000,-0.130,63103000000,-0.181,,33601000000,,80.80,,0.034,0.032,0.050,,2029722000000,1035044000000,0.495,2415.37,1004340000000,65116000000,-204192000000,85262000000,115769000000,,0.619,,,,,,true,false,12,2018-04-01,2019-03-31,-1
2020-05-11,95320,2021-03-31,,1493000000000,0.091,,,,,91000000000,0.086,100000000000,0.163,,73000000000,,175.57,,,,,,,,,,,,,,,,0.285,,,,,,true,true,12,2020-04-01,2021-03-31,1
2020-05-11,95320,2020-03-31,,1084389000000,-0.018,,,,,45788000000,0.638,58496000000,0.442,44979000000,,0.789,108.18,,,,,,1643343000000,779646000000,0.474,1875.12,779646000000,,,,,50.00,,,,416680000,895971,415798713,false,false,12,2019-04-01,2020-03-31,0
2020-05-11,95320,2019-03-31,,1104537000000,0.062,,,,,27946000000,-0.414,40553000000,-0.303,25139000000,,-0.429,60.45,,,,,,1538726000000,765013000000,0.497,1839.80,765013000000,,,,,50.00,,,,416680000,867201,415831192,false,false,12,2018-04-01,2019-03-31,-1
2020-05-11,95320,2021-03-31,,1169500000000,0.078,,,,,31000000000,-0.323,39000000000,-0.333,30000000000,,-0.333,72.15,,,,,,,,,,,,,,,50.00,,,,,,,false,true,12,2020-04-01,2021-03-31,1
2020-07-30,95320,2021-03-31,1,317261000000,-0.053,,,,,25294000000,-0.311,32093000000,-0.226,,21627000000,,52.02,,,,,,2186895000000,1017832000000,0.452,,988852000000,,,,,,,,,,,,true,false,3,2020-04-01,2020-06-30,0
2020-07-30,95320,2020-03-31,1,335068000000,0.128,,,,,36696000000,0.768,41462000000,0.774,,28631000000,,68.86,,,,,,,,,,,,,,,,,,,,,,true,false,3,2019-04-01,2019-06-30,-1
2020-07-30,95320,2021-03-31,1,1380000000000,0.008,,,,,90000000000,0.074,100000000000,0.163,,71500000000,,171.96,,,,,,,,,,,,,,,,,,,,,,true,true,12,2020-04-01,2021-03-31,0
2020-07-30,95320,2020-03-31,1,,,,,,,,,,,,,,,,,,,,2140482000000,1027667000000,0.466,,997492000000,,,,,,,,,,,,true,false,12,2019-04-01,2020-03-31,-1
2020-07-30,95320,2020-03-31,1,,,,,,,,,,,,,,,,,,,,,,,,,,,,,50.00,,,,416680000,895971,,false,false,12,2019-04-01,2020-03-31,-1
2020-07-30,95320,2021-03-31,1,,,,,,,,,,,,,,,,,,,,,,,,,,,,,50.00,,,,,,,false,true,12,2020-04-01,2021-03-31,0
2020-07-30,95320,2021-03-31,1,,,,,,,,,,,,,,,,,,,,,,,,,,,,,,,,,416680000,897125,415783526,false,false,3,2020-04-01,2020-06-30,0
2020-07-30,95320,2020-03-31,1,,,,,,,,,,,,,,,,,,,,,,,,,,,,,,,,,,,415811592,false,false,3,2019-04-01,2019-06-30,-1
2020-10-29,95320,2021-03-31,2,638912000000,-0.022,,,,,51915000000,0.171,54818000000,0.099,,36799000000,,88.51,,,,,,2199512000000,1033901000000,0.456,,1004068000000,,,,,,,,,,,,true,false,6,2020-04-01,2020-09-30,0
2020-10-29,95320,2020-03-31,2,652987000000,0.075,,,,,44317000000,1.019,49881000000,1.182,,33449000000,,80.44,,,,,,,,,,,,,,,,,,,,,,true,false,6,2019-04-01,2019-09-30,-1
2020-10-29,95320,2021-03-31,2,1336500000000,-0.024,,,,,93500000000,0.116,100000000000,0.163,,71500000000,,171.96,,,,,,,,,,,,,,,,,,,,,,true,true,12,2020-04-01,2021-03-31,0
2020-10-29,95320,2020-03-31,2,,,,,,,,,,,,,,,,,,,,2140482000000,1027667000000,0.466,,997492000000,,,,,,,,,,,,true,false,12,2019-04-01,2020-03-31,-1
2020-10-29,95320,2020-03-31,2,,,,,,,,,,,,,,,,,,,,,,,,,,,,,50.00,,,,416680000,895971,,false,false,12,2019-04-01,2020-03-31,-1
2020-10-29,95320,2021-03-31,2,,,,,,,,,,,,,,,,,,,,,,,,,,,,,25.00,,,,,,,false,false,12,2020-04-01,2021-03-31,0
2020-10-29,95320,2021-03-31,2,,,,,,,,,,,,,,,,,,,,,,,,,,,,,50.00,,,,,,,false,true,12,2020-04-01,2021-03-31,0
2020-10-29,95320,2021-03-31,2,,,,,,,,,,,,,,,,,,,,,,,,,,,,,,,,,416680000,906479,415779852,false,false,6,2020-04-01,2020-09-30,0
2020-10-29,95320,2020-03-31,2,,,,,,,,,,,,,,,,,,,,,,,,,,,,,,,,,,,415806727,false,false,6,2019-04-01,2019-09-30,-1
2021-02-01,95320,2021-03-31,3,962883000000,-0.012,,,,,74876000000,0.379,81576000000,0.373,,57612000000,,138.57,,,,,,2205955000000,1043466000000,0.459,,1013056000000,,,,,,,,,,,,true,false,9,2020-04-01,2020-12-31,0
2021-02-01,95320,2020-03-31,3,974503000000,0.033,,,,,54286000000,1.328,59396000000,1.331,,34800000000,,83.70,,,,,,,,,,,,,,,,,,,,,,true,false,9,2019-04-01,2019-12-31,-1
2021-02-01,95320,2021-03-31,3,1330000000000,-0.028,,,,,88500000000,0.056,100000000000,0.163,,71500000000,,171.96,,,,,,,,,,,,,,,,,,,,,,true,true,12,2020-04-01,2021-03-31,0
2021-02-01,95320,2020-03-31,3,,,,,,,,,,,,,,,,,,,,2140482000000,1027667000000,0.466,,997492000000,,,,,,,,,,,,true,false,12,2019-04-01,2020-03-31,-1
2021-02-01,95320,2020-03-31,3,,,,,,,,,,,,,,,,,,,,,,,,,,,,,50.00,,,,416680000,895971,,false,false,12,2019-04-01,2020-03-31,-1
2021-02-01,95320,2021-03-31,3,,,,,,,,,,,,,,,,,,,,,,,,,,,,,25.00,,,,,,,false,false,12,2020-04-01,2021-03-31,0
2021-02-01,95320,2021-03-31,3,,,,,,,,,,,,,,,,,,,,,,,,,,,,,50.00,,,,,,,false,true,12,2020-04-01,2021-03-31,0
2021-02-01,95320,2021-03-31,3,,,,,,,,,,,,,,,,,,,,,,,,,,,,,,,,,416680000,915365,415776732,false,false,9,2020-04-01,2020-12-31,0
2021-02-01,95320,2020-03-31,3,,,,,,,,,,,,,,,,,,,,,,,,,,,,,,,,,,,415802880,false,false,9,2019-04-01,2019-12-31,-1
,95320,2021-03-31,,,,,,,,,,,,,,,,,,,,,,,,,,,,,,52.50,,,,,,,false,true,12,2020-04-01,2021-03-31,0
,95320,2021-03-31,,,,,,,,,,,,,,,,,,,,,,,,,,,,,,25.00,,,,,,,false,false,12,2020-04-01,2021-03-31,0
,95320,2020-03-31,,,,,,,,,,,,,,,,,,,,,,,,,,,,,,50.00,,,,,,,false,false,12,2019-04-01,2020-03-31,-1
2021-04-27,95320,2021-03-31,,1364106000000,-0.003,,,,,112491000000,0.343,127752000000,0.485,,80857000000,,194.48,,0.078,0.057,0.082,,2313357000000,1114597000000,0.468,2602.18,1081881000000,219797000000,-198354000000,-1636000000,166762000000,,0.270,,,,,,true,false,12,2020-04-01,2021-03-31,0
2021-04-27,95320,2020-03-31,,1368689000000,-0.002,,,,,83792000000,0.233,86018000000,0.363,,41788000000,,100.50,,0.042,0.041,0.061,,2140482000000,1027667000000,0.466,2399.06,997492000000,182892000000,-232266000000,79272000000,146813000000,,0.498,,,,,,true,false,12,2019-04-01,2020-03-31,-1
2021-04-27,95320,2022-03-31,,1405000000000,0.030,,,,,80500000000,-0.284,95000000000,-0.256,,70500000000,,169.56,,,,,,,,,,,,,,,,0.324,,,,,,true,true,12,2021-04-01,2022-03-31,1
2021-04-27,95320,2021-03-31,,1053584000000,-0.028,,,,,60496000000,0.321,73035000000,0.249,54641000000,,0.215,131.42,,,,,,1720358000000,832442000000,0.484,2002.22,832442000000,,,,,52.50,,,,416680000,920065,415773183,false,false,12,2020-04-01,2021-03-31,0
2021-04-27,95320,2020-03-31,,1084389000000,-0.018,,,,,45788000000,0.638,58496000000,0.442,44979000000,,0.789,108.18,,,,,,1643343000000,779646000000,0.474,1875.12,779646000000,,,,,50.00,,,,416680000,895971,415798713,false,false,12,2019-04-01,2020-03-31,-1
2021-04-27,95320,2022-03-31,,1031000000000,-0.021,,,,,22000000000,-0.636,51500000000,-0.295,45000000000,,-0.176,108.23,,,,,,,,,,,,,,,55.00,,,,,,,false,true,12,2021-04-01,2022-03-31,1
2021-07-29,95320,2022-03-31,1,314353000000,-0.009,,,,,37549000000,0.484,42157000000,0.314,,31523000000,,75.82,,,,,,2346656000000,1164019000000,0.482,,1130292000000,,,,,,,,,,,,true,false,3,2021-04-01,2021-06-30,0
2021-07-29,95320,2021-03-31,1,317261000000,-0.053,,,,,25294000000,-0.311,32093000000,-0.226,,21627000000,,52.02,,,,,,,,,,,,,,,,,,,,,,true,false,3,2020-04-01,2020-06-30,-1
2021-07-29,95320,2022-03-31,1,1510000000000,0.107,,,,,80500000000,-0.284,95000000000,-0.256,,70500000000,,169.56,,,,,,,,,,,,,,,,,,,,,,true,true,12,2021-04-01,2022-03-31,0
2021-07-29,95320,2021-03-31,1,,,,,,,,,,,,,,,,,,,,2313357000000,1114597000000,0.468,,1081881000000,,,,,,,,,,,,true,false,12,2020-04-01,2021-03-31,-1
2021-07-29,95320,2021-03-31,1,,,,,,,,,,,,,,,,,,,,,,,,,,,,,52.50,,,,416680000,920065,,false,false,12,2020-04-01,2021-03-31,-1
2021-07-29,95320,2022-03-31,1,,,,,,,,,,,,,,,,,,,,,,,,,,,,,55.00,,,,,,,false,true,12,2021-04-01,2022-03-31,0
2021-07-29,95320,2022-03-31,1,,,,,,,,,,,,,,,,,,,,,,,,,,,,,,,,,416680000,922868,415758444,false,false,3,2021-04-01,2021-06-30,0
2021-07-29,95320,2021-03-31,1,,,,,,,,,,,,,,,,,,,,,,,,,,,,,,,,,,,415783526,false,false,3,2020-04-01,2020-06-30,-1
2021-10-27,95320,2022-03-31,2,650421000000,0.018,,,,,40539000000,-0.219,47392000000,-0.135,,36794000000,,88.50,,,,,,2422773000000,1170489000000,0.468,,1134861000000,,,,,,,,,,,,true,false,6,2021-04-01,2021-09-30,0
2021-10-27,95320,2021-03-31,2,638912000000,-0.022,,,,,51915000000,0.171,54818000000,0.099,,36799000000,,88.51,,,,,,,,,,,,,,,,,,,,,,true,false,6,2020-04-01,2020-09-30,-1
2021-10-27,95320,2022-03-31,2,1510000000000,0.107,,,,,80500000000,-0.284,95000000000,-0.256,,70500000000,,169.56,,,,,,,,,,,,,,,,,,,,,,true,true,12,2021-04-01,2022-03-31,0
2021-10-27,95320,2021-03-31,2,,,,,,,,,,,,,,,,,,,,2313357000000,1114597000000,0.468,,1081881000000,,,,,,,,,,,,true,false,12,2020-04-01,2021-03-31,-1
2021-10-27,95320,2021-03-31,2,,,,,,,,,,,,,,,,,,,,,,,,,,,,,52.50,,,,416680000,920065,,false,false,12,2020-04-01,2021-03-31,-1
2021-10-27,95320,2022-03-31,2,,,,,,,,,,,,,,,,,,,,,,,,,,,,,27.50,,,,,,,false,false,12,2021-04-01,2022-03-31,0
2021-10-27,95320,2022-03-31,2,,,,,,,,,,,,,,,,,,,,,,,,,,,,,55.00,,,,,,,false,true,12,2021-04-01,2022-03-31,0
2021-10-27,95320,2022-03-31,2,,,,,,,,,,,,,,,,,,,,,,,,,,,,,,,,,416680000,884916,415774734,false,false,6,2021-04-01,2021-09-30,0
2021-10-27,95320,2021-03-31,2,,,,,,,,,,,,,,,,,,,,,,,,,,,,,,,,,,,415779852,false,false,6,2020-04-01,2020-09-30,-1
2022-01-31,95320,2022-03-31,3,1043768000000,0.084,,,,,42676000000,-0.430,57292000000,-0.298,,44816000000,,107.79,,,,,,2564786000000,1150549000000,0.434,,1113642000000,,,,,,,,,,,,true,false,9,2021-04-01,2021-12-31,0
2022-01-31,95320,2021-03-31,3,962883000000,-0.012,,,,,74876000000,0.379,81576000000,0.373,,57612000000,,138.57,,,,,,,,,,,,,,,,,,,,,,true,false,9,2020-04-01,2020-12-31,-1
2022-01-31,95320,2022-03-31,3,1547000000000,0.134,,,,,80500000000,-0.284,95000000000,-0.256,,77500000000,,186.40,,,,,,,,,,,,,,,,,,,,,,true,true,12,2021-04-01,2022-03-31,0
2022-01-31,95320,2021-03-31,3,,,,,,,,,,,,,,,,,,,,2313357000000,1114597000000,0.468,,1081881000000,,,,,,,,,,,,true,false,12,2020-04-01,2021-03-31,-1
2022-01-31,95320,2021-03-31,3,,,,,,,,,,,,,,,,,,,,,,,,,,,,,52.50,,,,416680000,920065,,false,false,12,2020-04-01,2021-03-31,-1
2022-01-31,95320,2022-03-31,3,,,,,,,,,,,,,,,,,,,,,,,,,,,,,27.50,,,,,,,false,false,12,2021-04-01,2022-03-31,0
2022-01-31,95320,2022-03-31,3,,,,,,,,,,,,,,,,,,,,,,,,,,,,,55.00,,,,,,,false,true,12,2021-04-01,2022-03-31,0
2022-01-31,95320,2022-03-31,3,,,,,,,,,,,,,,,,,,,,,,,,,,,,,,,,,416680000,890903,415779947,false,false,9,2021-04-01,2021-12-31,0
2022-01-31,95320,2021-03-31,3,,,,,,,,,,,,,,,,,,,,,,,,,,,,,,,,,,,415776732,false,false,9,2020-04-01,2020-12-31,-1
,95320,2022-03-31,,,,,,,,,,,,,,,,,,,,,,,,,,,,,,57.50,,,,,,,false,true,12,2021-04-01,2022-03-31,0
,95320,2022-03-31,,,,,,,,,,,,,,,,,,,,,,,,,,,,,,27.50,,,,,,,false,false,12,2021-04-01,2022-03-31,0
,95320,2021-03-31,,,,,,,,,,,,,,,,,,,,,,,,,,,,,,52.50,,,,,,,false,false,12,2020-04-01,2021-03-31,-1
2022-04-18,95320,2022-03-31,,1586000000000,0.025,,,,,94500000000,0.174,110000000000,0.158,,128000000000,,307.86,,,,,,,,,,,,,,,,,,,,,,true,true,12,2021-04-01,2022-03-31,0
2022-04-18,95320,2021-03-31,,1364106000000,,,,,,112491000000,,127752000000,,,80857000000,,194.48,,,,,,,,,,,,,,,,,,,,,,true,false,12,2020-04-01,2021-03-31,-1
2022-04-18,95320,2022-03-31,,1200000000000,0.038,,,,,10000000000,1.000,60000000000,0.200,56500000000,,0.177,135.89,,,,,,,,,,,,,,,,,,,,,,false,true,12,2021-04-01,2022-03-31,0
2022-04-18,95320,2021-03-31,,1053584000000,,,,,,60496000000,,73035000000,,54641000000,,,131.42,,,,,,,,,,,,,,,,,,,,,,false,false,12,2020-04-01,2021-03-31,-1
2022-04-26,95320,2022-03-31,,1586879000000,0.163,,,,,94905000000,-0.156,110464000000,-0.135,,128256000000,,308.48,,0.110,0.045,0.060,,2569819000000,1284132000000,0.490,3030.63,1259660000000,145350000000,-152163000000,-30479000000,130769000000,,0.186,,,,,,true,false,12,2021-04-01,2022-03-31,0
2022-04-26,95320,2021-03-31,,1364106000000,-0.003,,,,,112491000000,0.343,127752000000,0.485,,80857000000,,194.48,,0.078,0.057,0.082,,2313357000000,1114597000000,0.468,2602.18,1081881000000,219797000000,-198354000000,-1636000000,166762000000,,0.270,,,,,,true,false,12,2020-04-01,2021-03-31,-1
2022-04-26,95320,2023-03-31,,1853000000000,0.168,,,,,106500000000,0.122,115000000000,0.041,,82000000000,,197.22,,,,,,,,,,,,,,,,0.304,,,,,,true,true,12,2022-04-01,2023-03-31,1
2022-04-26,95320,2022-03-31,,1202275000000,0.141,,,,,10172000000,-0.832,60141000000,-0.177,56775000000,,0.039,136.56,,,,,,1763794000000,859502000000,0.487,2067.88,859502000000,,,,,57.50,,,,416680000,1036697,415770531,false,false,12,2021-04-01,2022-03-31,0
2022-04-26,95320,2021-03-31,,1053584000000,-0.028,,,,,60496000000,0.321,73035000000,0.249,54641000000,,0.215,131.42,,,,,,1720358000000,832442000000,0.484,2002.22,832442000000,,,,,52.50,,,,416680000,920065,415773183,false,false,12,2020-04-01,2021-03-31,-1
2022-04-26,95320,2023-03-31,,,,,,,,,,,,,,,,,,,,,,,,,,,,,,60.00,,,,,,,false,true,12,2022-04-01,2023-03-31,1
2022-08-01,95320,2023-03-31,1,467119000000,0.490,,,,,7366000000,-0.799,13413000000,-0.673,,11200000000,,26.95,,,,,,2847147000000,1311966000000,0.452,,1286987000000,,,,,,,,,,,,true,false,3,2022-04-01,2022-06-30,0
2022-08-01,95320,2022-03-31,1,313524000000,-0.012,,,,,36734000000,0.452,41014000000,0.278,,30690000000,,73.82,,,,,,,,,,,,,,,,,,,,,,true,false,3,2021-04-01,2021-06-30,-1
2022-08-01,95320,2023-03-31,1,2171000000000,0.364,,,,,43000000000,-0.567,46000000000,-0.595,,31500000000,,75.76,,,,,,,,,,,,,,,,,,,,,,true,true,12,2022-04-01,2023-03-31,0
2022-08-01,95320,2022-03-31,1,,,,,,,,,,,,,,,,,,,,2588086000000,1296089000000,0.491,,1271617000000,,,,,,,,,,,,true,false,12,2021-04-01,2022-03-31,-1
2022-08-01,95320,2022-03-31,1,,,,,,,,,,,,,,,,,,,,,,,,,,,,,57.50,,,,416680000,1036697,,false,false,12,2021-04-01,2022-03-31,-1
2022-08-01,95320,2023-03-31,1,,,,,,,,,,,,,,,,,,,,,,,,,,,,,60.00,,,,,,,false,true,12,2022-04-01,2023-03-31,0
2022-08-01,95320,2023-03-31,1,,,,,,,,,,,,,,,,,,,,,,,,,,,,,,,,,416680000,1039146,415642249,false,false,3,2022-04-01,2022-06-30,0
2022-08-01,95320,2022-03-31,1,,,,,,,,,,,,,,,,,,,,,,,,,,,,,,,,,,,415758444,false,false,3,2021-04-01,2021-06-30,-1
2022-10-31,95320,2023-03-31,2,981560000000,0.510,,,,,-45690000000,,-37865000000,,,-29744000000,,-71.56,,,,,,3047170000000,1338757000000,0.431,,1313750000000,,,,,,,,,,,,true,false,6,2022-04-01,2022-09-30,0
2022-10-31,95320,2022-03-31,2,649845000000,0.017,,,,,39990000000,-0.230,46224000000,-0.157,,35933000000,,86.43,,,,,,,,,,,,,,,,,,,,,,true,false,6,2021-04-01,2021-09-30,-1
2022-10-31,95320,2023-03-31,2,2250000000000,0.414,,,,,43000000000,-0.567,46000000000,-0.595,,29000000000,,69.75,,,,,,,,,,,,,,,,,,,,,,true,true,12,2022-04-01,2023-03-31,0
2022-10-31,95320,2022-03-31,2,,,,,,,,,,,,,,,,,,,,2588086000000,1296089000000,0.491,,1271617000000,,,,,,,,,,,,true,false,12,2021-04-01,2022-03-31,-1
2022-10-31,95320,2022-03-31,2,,,,,,,,,,,,,,,,,,,,,,,,,,,,,57.50,,,,416680000,1036697,,false,false,12,2021-04-01,2022-03-31,-1
2022-10-31,95320,2023-03-31,2,,,,,,,,,,,,,,,,,,,,,,,,,,,,,30.00,,,,,,,false,false,12,2022-04-01,2023-03-31,0
2022-10-31,95320,2023-03-31,2,,,,,,,,,,,,,,,,,,,,,,,,,,,,,60.00,,,,,,,false,true,12,2022-04-01,2023-03-31,0
2022-10-31,95320,2023-03-31,2,,,,,,,,,,,,,,,,,,,,,,,,,,,,,,,,,416680000,992819,415661913,false,false,6,2022-04-01,2022-09-30,0
2022-10-31,95320,2022-03-31,2,,,,,,,,,,,,,,,,,,,,,,,,,,,,,,,,,,,415774734,false,false,6,2021-04-01,2021-09-30,-1
2023-02-06,95320,2023-03-31,3,1596525000000,0.507,,,,,-14926000000,,-6820000000,,,-1396000000,,-3.36,,,,,,3106383000000,1387014000000,0.438,,1361877000000,,,,,,,,,,,,true,false,9,2022-04-01,2022-12-31,0
2023-02-06,95320,2022-03-31,3,1059067000000,0.100,,,,,58016000000,-0.225,71698000000,-0.121,,55159000000,,132.67,,,,,,,,,,,,,,,,,,,,,,true,false,9,2021-04-01,2021-12-31,-1
2023-02-06,95320,2023-03-31,3,2275000000000,0.430,,,,,43000000000,-0.567,46000000000,-0.595,,36000000000,,86.58,,,,,,,,,,,,,,,,,,,,,,true,true,12,2022-04-01,2023-03-31,0
2023-02-06,95320,2022-03-31,3,,,,,,,,,,,,,,,,,,,,2588086000000,1296089000000,0.491,,1271617000000,,,,,,,,,,,,true,false,12,2021-04-01,2022-03-31,-1
2023-02-06,95320,2022-03-31,3,,,,,,,,,,,,,,,,,,,,,,,,,,,,,57.50,,,,416680000,1036697,,false,false,12,2021-04-01,2022-03-31,-1
2023-02-06,95320,2023-03-31,3,,,,,,,,,,,,,,,,,,,,,,,,,,,,,30.00,,,,,,,false,false,12,2022-04-01,2023-03-31,0
2023-02-06,95320,2023-03-31,3,,,,,,,,,,,,,,,,,,,,,,,,,,,,,60.00,,,,,,,false,true,12,2022-04-01,2023-03-31,0
2023-02-06,95320,2023-03-31,3,,,,,,,,,,,,,,,,,,,,,,,,,,,,,,,,,416680000,997431,415668794,false,false,9,2022-04-01,2022-12-31,0
2023-02-06,95320,2022-03-31,3,,,,,,,,,,,,,,,,,,,,,,,,,,,,,,,,,,,415779947,false,false,9,2021-04-01,2021-12-31,-1
2023-04-24,95320,2023-03-31,,2275000000000,0.000,,,,,60000000000,0.395,75500000000,0.641,,57000000000,,137.09,,,,,,,,,,,,,,,,,,,,,,true,true,12,2022-04-01,2023-03-31,0
2023-04-24,95320,2022-03-31,,1591120000000,,,,,,99201000000,,113525000000,,,130421000000,,313.69,,,,,,,,,,,,,,,,,,,,,,true,false,12,2021-04-01,2022-03-31,-1
2023-05-08,95320,2023-03-31,,2275113000000,0.430,,,,,60001000000,-0.395,75649000000,-0.334,,57110000000,,137.39,,0.043,0.028,0.026,,2819589000000,1417178000000,0.493,3347.34,1391421000000,33572000000,-203938000000,119617000000,84793000000,,0.437,,,,,,true,false,12,2022-04-01,2023-03-31,0
2023-05-08,95320,2022-03-31,,1591120000000,0.166,,,,,99201000000,-0.118,113525000000,-0.111,,130421000000,,313.69,,0.110,0.046,0.062,,2588086000000,1296089000000,0.491,3059.40,1271617000000,145350000000,-152163000000,-30479000000,130769000000,,0.183,,,,,,true,false,12,2021-04-01,2022-03-31,-1
2023-05-08,95320,2024-03-31,,2017000000000,-0.113,,,,,139500000000,1.325,159000000000,1.102,,116000000000,,279.06,,,,,,,,,,,,,,,,0.233,,,,,,true,true,12,2023-04-01,2024-03-31,1
2023-05-08,95320,2023-03-31,,1716757000000,,,,,,-90251000000,,-77471000000,,-45244000000,,,-108.85,,,,,,1913653000000,791073000000,0.413,1903.09,791073000000,,,,,60.00,,,,416680000,1000693,415671496,false,false,12,2022-04-01,2023-03-31,0
2023-05-08,95320,2022-03-31,,1207683000000,0.146,,,,,15635000000,-0.742,63202000000,-0.135,58940000000,,0.079,141.76,,,,,,1782061000000,871459000000,0.489,2096.65,871459000000,,,,,57.50,,,,416680000,1036697,415770531,false,false,12,2021-04-01,2022-03-31,-1
2023-05-08,95320,2024-03-31,,,,,,,,,,,,,,,,,,,,,,,,,,,,,,65.00,,,,,,,false,true,12,2023-04-01,2024-03-31,1
2023-07-31,95320,2024-03-31,1,512611000000,0.097,,,,,73664000000,9.000,82672000000,5.163,,60560000000,,145.69,,,,,,2839226000000,1494567000000,0.517,,1469217000000,,,,,,,,,,,,true,false,3,2023-04-01,2023-06-30,0
2023-07-31,95320,2023-03-31,1,467119000000,0.490,,,,,7366000000,-0.799,13413000000,-0.673,,11200000000,,26.95,,,,,,,,,,,,,,,,,,,,,,true,false,3,2022-04-01,2022-06-30,-1
2023-07-31,95320,2024-03-31,1,2017000000000,-0.113,,,,,139500000000,1.325,159000000000,1.102,,116000000000,,279.06,,,,,,,,,,,,,,,,,,,,,,true,true,12,2023-04-01,2024-03-31,0
2023-07-31,95320,2023-03-31,1,,,,,,,,,,,,,,,,,,,,2819589000000,1417178000000,0.493,,1391421000000,,,,,,,,,,,,true,false,12,2022-04-01,2023-03-31,-1
2023-07-31,95320,2023-03-31,1,,,,,,,,,,,,,,,,,,,,,,,,,,,,,60.00,,,,416680000,1000693,,false,false,12,2022-04-01,2023-03-31,-1
2023-07-31,95320,2024-03-31,1,,,,,,,,,,,,,,,,,,,,,,,,,,,,,65.00,,,,,,,false,true,12,2023-04-01,2024-03-31,0
2023-07-31,95320,2024-03-31,1,,,,,,,,,,,,,,,,,,,,,,,,,,,,,,,,,416680000,1002924,415678250,false,false,3,2023-04-01,2023-06-30,0
2023-07-31,95320,2023-03-31,1,,,,,,,,,,,,,,,,,,,,,,,,,,,,,,,,,,,415642249,false,false,3,2022-04-01,2022-06-30,-1
2023-10-27,95320,2024-03-31,2,995693000000,0.014,,,,,96731000000,,123851000000,,,89351000000,,214.94,,,,,,2973498000000,1575527000000,0.521,,1549822000000,,,,,,,,,,,,true,false,6,2023-04-01,2023-09-30,0
2023-10-27,95320,2023-03-31,2,981560000000,0.510,,,,,-45690000000,,-37865000000,,,-29744000000,,-71.56,,,,,,,,,,,,,,,,,,,,,,true,false,6,2022-04-01,2022-09-30,-1
2023-10-27,95320,2024-03-31,2,2095000000000,-0.079,,,,,139500000000,1.325,159000000000,1.102,,116000000000,,279.06,,,,,,,,,,,,,,,,,,,,,,true,true,12,2023-04-01,2024-03-31,0
2023-10-27,95320,2023-03-31,2,,,,,,,,,,,,,,,,,,,,2819589000000,1417178000000,0.493,,1391421000000,,,,,,,,,,,,true,false,12,2022-04-01,2023-03-31,-1
2023-10-27,95320,2023-03-31,2,,,,,,,,,,,,,,,,,,,,,,,,,,,,,60.00,,,,416680000,1000693,,false,false,12,2022-04-01,2023-03-31,-1
2023-10-27,95320,2024-03-31,2,,,,,,,,,,,,,,,,,,,,,,,,,,,,,32.50,,,,,,,false,false,12,2023-04-01,2024-03-31,0
2023-10-27,95320,2024-03-31,2,,,,,,,,,,,,,,,,,,,,,,,,,,,,,65.00,,,,,,,false,true,12,2023-04-01,2024-03-31,0
2023-10-27,95320,2024-03-31,2,,,,,,,,,,,,,,,,,,,,,,,,,,,,,,,,,416680000,954891,415698963,false,false,6,2023-04-01,2023-09-30,0
2023-10-27,95320,2023-03-31,2,,,,,,,,,,,,,,,,,,,,,,,,,,,,,,,,,,,415661913,false,false,6,2022-04-01,2022-09-30,-1
2024-01-30,95320,2024-03-31,3,1510147000000,-0.054,,,,,140692000000,,174571000000,,,126405000000,,304.50,,,,,,3088426000000,1618446000000,0.515,,1591887000000,,,,,,,,,,,,true,false,9,2023-04-01,2023-12-31,0
2024-01-30,95320,2023-03-31,3,1596525000000,0.507,,,,,-14926000000,,-6820000000,,,-1396000000,,-3.36,,,,,,,,,,,,,,,,,,,,,,true,false,9,2022-04-01,2022-12-31,-1
2024-01-30,95320,2024-03-31,3,2121000000000,-0.068,,,,,139500000000,1.325,170000000000,1.247,,116000000000,,279.97,,,,,,,,,,,,,,,,,,,,,,true,true,12,2023-04-01,2024-03-31,0
2024-01-30,95320,2023-03-31,3,,,,,,,,,,,,,,,,,,,,2819589000000,1417178000000,0.493,,1391421000000,,,,,,,,,,,,true,false,12,2022-04-01,2023-03-31,-1
2024-01-30,95320,2023-03-31,3,,,,,,,,,,,,,,,,,,,,,,,,,,,,,60.00,,,,416680000,1000693,,false,false,12,2022-04-01,2023-03-31,-1
2024-01-30,95320,2024-03-31,3,,,,,,,,,,,,,,,,,,,,,,,,,,,,,32.50,,,,,,,false,false,12,2023-04-01,2024-03-31,0
2024-01-30,95320,2024-03-31,3,,,,,,,,,,,,,,,,,,,,,,,,,,,,,65.00,,,,,,,false,true,12,2023-04-01,2024-03-31,0
2024-01-30,95320,2024-03-31,3,,,,,,,,,,,,,,,,,,,,,,,,,,,,,,,,,416680000,4715497,415125330,false,false,9,2023-04-01,2023-12-31,0
2024-01-30,95320,2023-03-31,3,,,,,,,,,,,,,,,,,,,,,,,,,,,,,,,,,,,415668794,false,false,9,2022-04-01,2022-12-31,-1
,95320,2024-03-31,,,,,,,,,,,,,,,,,,,,,,,,,,,,,,72.50,,,,,,,false,true,12,2023-04-01,2024-03-31,0
,95320,2024-03-31,,,,,,,,,,,,,,,,,,,,,,,,,,,,,,32.50,,,,,,,false,false,12,2023-04-01,2024-03-31,0
,95320,2023-03-31,,,,,,,,,,,,,,,,,,,,,,,,,,,,,,60.00,,,,,,,false,false,12,2022-04-01,2023-03-31,-1
2024-04-22,95320,2024-03-31,,2083000000000,-0.018,,,,,172500000000,0.237,226500000000,0.332,,132500000000,,320.17,,,,,,,,,,,,,,,,,,,,,,true,true,12,2023-04-01,2024-03-31,0
2024-04-22,95320,2023-03-31,,2275113000000,,,,,,60001000000,,75649000000,,,57110000000,,137.39,,,,,,,,,,,,,,,,,,,,,,true,false,12,2022-04-01,2023-03-31,-1
2024-05-08,95320,2024-03-31,,2083050000000,-0.084,,,,,172553000000,1.876,226563000000,1.995,,132679000000,,320.60,,0.089,0.078,0.083,,2980127000000,1604992000000,0.529,3857.51,1577512000000,312609000000,-215944000000,-110123000000,77229000000,,0.257,,,,,,true,false,12,2023-04-01,2024-03-31,0
2024-05-08,95320,2023-03-31,,2275113000000,0.430,,,,,60001000000,-0.395,75649000000,-0.334,,57110000000,,137.39,,0.043,0.028,0.026,,2819589000000,1417178000000,0.493,3347.34,1391421000000,33572000000,-203938000000,119617000000,84793000000,,0.437,,,,,,true,false,12,2022-04-01,2023-03-31,-1
2024-05-08,95320,2025-03-31,,1986000000000,-0.047,,,,,123500000000,-0.284,153000000000,-0.325,,112000000000,,273.87,,,,,,,,,,,,,,,,0.347,,,,,,true,true,12,2024-04-01,2025-03-31,1
2024-05-08,95320,2024-03-31,,1565354000000,-0.088,,,,,45162000000,,80183000000,,68425000000,,,165.34,,,,,,1933606000000,815346000000,0.422,1993.78,815346000000,,,,,82.50,,,,409912100,966125,413844249,false,false,12,2023-04-01,2024-03-31,0
2024-05-08,95320,2023-03-31,,1716757000000,,,,,,-90251000000,,-77471000000,,-45244000000,,,-108.85,,,,,,1913653000000,791073000000,0.413,1903.09,791073000000,,,,,60.00,,,,416680000,1000693,415671496,false,false,12,2022-04-01,2023-03-31,-1
2024-05-08,95320,2025-03-31,,,,,,,,,,,,,,,,,,,,,,,,,,,,,,95.00,,,,,,,false,true,12,2024-04-01,2025-03-31,1
2024-07-29,95320,2025-03-31,1,470928000000,-0.081,,,,,28750000000,-0.610,43673000000,-0.472,,30789000000,,75.51,,,,,,3214326000000,1694201000000,0.512,,1645115000000,,,,,,,,,,,,true,false,3,2024-04-01,2024-06-30,0
2024-07-29,95320,2024-03-31,1,512611000000,0.097,,,,,73664000000,9.000,82672000000,5.163,,60560000000,,145.69,,,,,,,,,,,,,,,,,,,,,,true,false,3,2023-04-01,2023-06-30,-1
2024-07-29,95320,2025-03-31,1,1986000000000,-0.047,,,,,123500000000,-0.284,153000000000,-0.325,,112000000000,,273.87,,,,,,,,,,,,,,,,,,,,,,true,true,12,2024-04-01,2025-03-31,0
2024-07-29,95320,2024-03-31,1,,,,,,,,,,,,,,,,,,,,2980127000000,1604992000000,0.529,,1577512000000,,,,,,,,,,,,true,false,12,2023-04-01,2024-03-31,-1
2024-07-29,95320,2024-03-31,1,,,,,,,,,,,,,,,,,,,,,,,,,,,,,82.50,,,,409912100,966125,,false,false,12,2023-04-01,2024-03-31,-1
2024-07-29,95320,2025-03-31,1,,,,,,,,,,,,,,,,,,,,,,,,,,,,,95.00,,,,,,,false,true,12,2024-04-01,2025-03-31,0
2024-07-29,95320,2025-03-31,1,,,,,,,,,,,,,,,,,,,,,,,,,,,,,,,,,409912100,4054277,407778382,false,false,3,2024-04-01,2024-06-30,0
2024-07-29,95320,2024-03-31,1,,,,,,,,,,,,,,,,,,,,,,,,,,,,,,,,,,,415678250,false,false,3,2023-04-01,2023-06-30,-1
2024-10-31,95320,2025-03-31,2,950110000000,-0.046,,,,,54939000000,-0.432,71869000000,-0.420,,50797000000,,125.04,,,,,,3261513000000,1715626000000,0.511,,1665766000000,,,,,,,,,,,,true,false,6,2024-04-01,2024-09-30,0
2024-10-31,95320,2024-03-31,2,995693000000,0.014,,,,,96731000000,,123851000000,,,89351000000,,214.94,,,,,,,,,,,,,,,,,,,,,,true,false,6,2023-04-01,2023-09-30,-1
2024-10-31,95320,2025-03-31,2,1986000000000,-0.047,,,,,123500000000,-0.284,153000000000,-0.325,,112000000000,,276.64,,,,,,,,,,,,,,,,,,,,,,true,true,12,2024-04-01,2025-03-31,0
2024-10-31,95320,2024-03-31,2,,,,,,,,,,,,,,,,,,,,2980127000000,1604992000000,0.529,,1577512000000,,,,,,,,,,,,true,false,12,2023-04-01,2024-03-31,-1
2024-10-31,95320,2024-03-31,2,,,,,,,,,,,,,,,,,,,,,,,,,,,,,82.50,,,,409912100,966125,,false,false,12,2023-04-01,2024-03-31,-1
2024-10-31,95320,2025-03-31,2,,,,,,,,,,,,,,,,,,,,,,,,,,,,,47.50,,,,,,,false,false,12,2024-04-01,2025-03-31,0
2024-10-31,95320,2025-03-31,2,,,,,,,,,,,,,,,,,,,,,,,,,,,,,95.00,,,,,,,false,true,12,2024-04-01,2025-03-31,0
2024-10-31,95320,2025-03-31,2,,,,,,,,,,,,,,,,,,,,,,,,,,,,,,,,,409912100,6702811,406266465,false,false,6,2024-04-01,2024-09-30,0
2024-10-31,95320,2024-03-31,2,,,,,,,,,,,,,,,,,,,,,,,,,,,,,,,,,,,415698963,false,false,6,2023-04-01,2023-09-30,-1
2025-02-03,95320,2025-03-31,3,1444131000000,-0.044,,,,,99507000000,-0.293,125526000000,-0.281,,90882000000,,224.45,,,,,,3249980000000,1638479000000,0.490,,1590878000000,,,,,,,,,,,,true,false,9,2024-04-01,2024-12-31,0
2025-02-03,95320,2024-03-31,3,1510147000000,-0.054,,,,,140692000000,,174571000000,,,126405000000,,304.50,,,,,,,,,,,,,,,,,,,,,,true,false,9,2023-04-01,2023-12-31,-1
2025-02-03,95320,2025-03-31,3,1986000000000,-0.047,,,,,123500000000,-0.284,153000000000,-0.325,,112000000000,,276.64,,,,,,,,,,,,,,,,,,,,,,true,true,12,2024-04-01,2025-03-31,0
2025-02-03,95320,2024-03-31,3,,,,,,,,,,,,,,,,,,,,2980127000000,1604992000000,0.529,,1577512000000,,,,,,,,,,,,true,false,12,2023-04-01,2024-03-31,-1
2025-02-03,95320,2024-03-31,3,,,,,,,,,,,,,,,,,,,,,,,,,,,,,82.50,,,,409912100,966125,,false,false,12,2023-04-01,2024-03-31,-1
2025-02-03,95320,2025-03-31,3,,,,,,,,,,,,,,,,,,,,,,,,,,,,,47.50,,,,,,,false,false,12,2024-04-01,2025-03-31,0
2025-02-03,95320,2025-03-31,3,,,,,,,,,,,,,,,,,,,,,,,,,,,,,95.00,,,,,,,false,true,12,2024-04-01,2025-03-31,0
2025-02-03,95320,2025-03-31,3,,,,,,,,,,,,,,,,,,,,,,,,,,,,,,,,,404105300,3702118,404916993,false,false,9,2024-04-01,2024-12-31,0
2025-02-03,95320,2024-03-31,3,,,,,,,,,,,,,,,,,,,,,,,,,,,,,,,,,,,415125330,false,false,9,2023-04-01,2023-12-31,-1
2025-04-21,95320,2025-03-31,,2069000000000,0.042,,,,,160500000000,0.300,189500000000,0.239,,134000000000,,332.28,,,,,,,,,,,,,,,,,,,,,,true,true,12,2024-04-01,2025-03-31,0
2025-04-21,95320,2024-03-31,,2083050000000,,,,,,172553000000,,226563000000,,,132679000000,,320.60,,,,,,,,,,,,,,,,,,,,,,true,false,12,2023-04-01,2024-03-31,-1
2025-05-08,95320,2025-03-31,,2069019000000,-0.007,,,,,160731000000,-0.069,189647000000,-0.163,,134414000000,,333.31,,0.082,0.061,0.078,,3200525000000,1739291000000,0.528,4254.13,1688794000000,283681000000,-255626000000,-34085000000,82309000000,,0.285,,,,,,true,false,12,2024-04-01,2025-03-31,0
2025-05-08,95320,2024-03-31,,2083050000000,-0.084,,,,,172553000000,1.876,226563000000,1.995,,132679000000,,320.60,,0.089,0.078,0.083,,2980127000000,1604992000000,0.529,3857.51,1577512000000,312609000000,-215944000000,-110123000000,77229000000,,0.257,,,,,,true,false,12,2023-04-01,2024-03-31,-1
2025-05-08,95320,2026-03-31,,2040000000000,-0.014,,,,,139000000000,-0.135,165000000000,-0.130,,127000000000,,319.92,,,,,,,,,,,,,,,,0.328,,,,,,true,true,12,2025-04-01,2026-03-31,1
2025-05-08,95320,2025-03-31,,1514799000000,-0.032,,,,,35592000000,-0.212,54307000000,-0.323,52524000000,,-0.232,130.25,,,,,,2036209000000,770236000000,0.378,1940.25,770236000000,,,,,95.00,,,,404105300,7127258,403271147,false,false,12,2024-04-01,2025-03-31,0
2025-05-08,95320,2024-03-31,,1565354000000,-0.088,,,,,45162000000,,80183000000,,68425000000,,,165.34,,,,,,1933606000000,815346000000,0.422,1993.78,815346000000,,,,,82.50,,,,409912100,966125,413844249,false,false,12,2023-04-01,2024-03-31,-1
2025-05-08,95320,2026-03-31,,,,,,,,,,,,,,,,,,,,,,,,,,,,,,105.00,,,,,,,false,true,12,2025-04-01,2026-03-31,1
