filing_date,code,fiscal_year_end,quarterly_period,net_sales,net_sales_change,revenue,revenue_change,operating_revenue,operating_revenue_change,operating_profit,operating_profit_change,ordinary_profit,ordinary_profit_change,net_income,net_income_of_parent,net_income_change,eps,diluted_eps,roe,roa,operating_profit_to_net_sales,operating_profit_to_revenue,total_assets,net_assets,equity_ratio,bps,owner_equity,operating_cash_flow,investing_cash_flow,financing_cash_flow,cash,dividend_per_share,payout_ratio,commemorative_dividend,extra_dividend,number_of_shares,number_of_treqsury_shares,avg_number_of_shares,is_consolidated,is_forecast,duration,period_start,period_end,period_pos
2015-07-30,95330,2016-03-31,1,131286000000,-0.035,,,,,30392000000,1.313,31103000000,1.275,,22371000000,,41.22,,,,,,559913000000,304454000000,0.544,,304454000000,,,,,,,,,,,,true,false,3,2015-04-01,2015-06-30,0
2015-07-30,95330,2015-03-31,1,136064000000,0.094,,,,,13142000000,4.154,13672000000,3.598,,9558000000,,17.53,,,,,,,,,,,,,,,,,,,,,,true,false,3,2014-04-01,2014-06-30,-1
2015-07-30,95330,2016-03-31,1,243000000000,-0.084,,,,,32000000000,0.928,32000000000,0.881,,23000000000,,42.49,,,,,,,,,,,,,,,,,,,,,,true,true,6,2015-04-01,2015-09-30,0
2015-07-30,95330,2016-03-31,1,518000000000,-0.108,,,,,29000000000,0.008,30000000000,0.016,,21000000000,,38.80,,,,,,,,,,,,,,,,,,,,,,true,true,12,2015-04-01,2016-03-31,0
2015-07-30,95330,2015-03-31,1,,,,,,,,,,,,,,,,,,,,543286000000,282827000000,0.521,,282827000000,,,,,,,,,,,,true,false,12,2014-04-01,2015-03-31,-1
2015-07-30,95330,2015-03-31,1,,,,,,,,,,,,,,,,,,,,,,,,,,,,,9.50,,,,545966429,755433,,false,false,12,2014-04-01,2015-03-31,-1
2015-07-30,95330,2016-03-31,1,,,,,,,,,,,,,,,,,,,,,,,,,,,,,10.00,,,,,,,false,true,12,2015-04-01,2016-03-31,0
2015-07-30,95330,2016-03-31,1,,,,,,,,,,,,,,,,,,,,,,,,,,,,,,,,,541276429,31441,542709134,false,false,3,2015-04-01,2015-06-30,0
2015-07-30,95330,2015-03-31,1,,,,,,,,,,,,,,,,,,,,,,,,,,,,,,,,,,,545303874,false,false,3,2014-04-01,2014-06-30,-1
2015-10-30,95330,2016-03-31,2,237273000000,-0.106,,,,,39745000000,1.395,40296000000,1.369,,28994000000,,53.50,,,,,,541579000000,297967000000,0.550,,297967000000,,,,,,,,,,,,true,false,6,2015-04-01,2015-09-30,0
2015-10-30,95330,2015-03-31,2,265342000000,0.060,,,,,16595000000,2.425,17009000000,2.259,,11948000000,,21.91,,,,,,,,,,,,,,,,,,,,,,true,false,6,2014-04-01,2014-09-30,-1
2015-10-30,95330,2016-03-31,2,505000000000,-0.131,,,,,46000000000,0.599,47000000000,0.592,,33000000000,,60.97,,,,,,,,,,,,,,,,,,,,,,true,true,12,2015-04-01,2016-03-31,0
2015-10-30,95330,2015-03-31,2,,,,,,,,,,,,,,,,,,,,543286000000,282827000000,0.521,,282827000000,,,,,,,,,,,,true,false,12,2014-04-01,2015-03-31,-1
2015-10-30,95330,2015-03-31,2,,,,,,,,,,,,,,,,,,,,,,,,,,,,,9.50,,,,545966429,755433,,false,false,12,2014-04-01,2015-03-31,-1
2015-10-30,95330,2016-03-31,2,,,,,,,,,,,,,,,,,,,,,,,,,,,,,5.00,,,,,,,false,false,12,2015-04-01,2016-03-31,0
2015-10-30,95330,2016-03-31,2,,,,,,,,,,,,,,,,,,,,,,,,,,,,,10.00,,,,,,,false,true,12,2015-04-01,2016-03-31,0
2015-10-30,95330,2016-03-31,2,,,,,,,,,,,,,,,,,,,,,,,,,,,,,,,,,541276429,46305,541967547,false,false,6,2015-04-01,2015-09-30,0
2015-10-30,95330,2015-03-31,2,,,,,,,,,,,,,,,,,,,,,,,,,,,,,,,,,,,545296335,false,false,6,2014-04-01,2014-09-30,-1
2015-10-30,95330,2016-03-31,,505000000000,-0.025,,,,,46000000000,0.586,47000000000,0.567,,33000000000,,60.97,,,,,,,,,,,,,,,,,,,,,,true,true,12,2015-04-01,2016-03-31,0
2015-10-30,95330,2015-03-31,,580984000000,,,,,,28760000000,,29516000000,,,19053000000,,34.94,,,,,,,,,,,,,,,,,,,,,,true,false,12,2014-04-01,2015-03-31,-1
2015-10-30,95330,2016-03-31,,435000000000,-0.029,,,,,43000000000,0.654,45000000000,0.607,31500000000,,0.575,58.20,,,,,,,,,,,,,,,,,,,,,,false,true,12,2015-04-01,2016-03-31,0
2015-10-30,95330,2015-03-31,,506364000000,,,,,,24762000000,,26903000000,,17696000000,,,32.45,,,,,,,,,,,,,,,,,,,,,,false,false,12,2014-04-01,2015-03-31,-1
2016-01-28,95330,2016-03-31,3,343378000000,-0.150,,,,,44130000000,2.048,45294000000,2.018,,32378000000,,59.77,,,,,,554329000000,296640000000,0.535,,296640000000,,,,,,,,,,,,true,false,9,2015-04-01,2015-12-31,0
2016-01-28,95330,2015-03-31,3,404183000000,0.044,,,,,14478000000,1.381,15006000000,1.300,,10480000000,,19.22,,,,,,,,,,,,,,,,,,,,,,true,false,9,2014-04-01,2014-12-31,-1
2016-01-28,95330,2016-03-31,3,489000000000,-0.158,,,,,53000000000,0.843,54000000000,0.829,,38000000000,,70.21,,,,,,,,,,,,,,,,,,,,,,true,true,12,2015-04-01,2016-03-31,0
2016-01-28,95330,2015-03-31,3,,,,,,,,,,,,,,,,,,,,543286000000,282827000000,0.521,,282827000000,,,,,,,,,,,,true,false,12,2014-04-01,2015-03-31,-1
2016-01-28,95330,2015-03-31,3,,,,,,,,,,,,,,,,,,,,,,,,,,,,,9.50,,,,545966429,755433,,false,false,12,2014-04-01,2015-03-31,-1
2016-01-28,95330,2016-03-31,3,,,,,,,,,,,,,,,,,,,,,,,,,,,,,5.00,,,,,,,false,false,12,2015-04-01,2016-03-31,0
2016-01-28,95330,2016-03-31,3,,,,,,,,,,,,,,,,,,,,,,,,,,,,,10.00,,,,,,,false,true,12,2015-04-01,2016-03-31,0
2016-01-28,95330,2016-03-31,3,,,,,,,,,,,,,,,,,,,,,,,,,,,,,,,,,541276429,58822,541718664,false,false,9,2015-04-01,2015-12-31,0
2016-01-28,95330,2015-03-31,3,,,,,,,,,,,,,,,,,,,,,,,,,,,,,,,,,,,545287887,false,false,9,2014-04-01,2014-12-31,-1
2016-04-28,95330,2016-03-31,,479870000000,-0.174,,,,,60725000000,1.111,61132000000,1.071,,43008000000,,79.41,,0.151,0.111,0.127,,555217000000,285186000000,0.514,526.94,285186000000,114923000000,-42196000000,-31817000000,60314000000,,0.126,,,,,,true,false,12,2015-04-01,2016-03-31,0
2016-04-28,95330,2015-03-31,,580984000000,0.037,,,,,28760000000,0.826,29516000000,0.731,,19053000000,,34.94,,0.072,0.056,0.050,,543286000000,282827000000,0.521,518.75,282827000000,62320000000,-37839000000,-20156000000,19423000000,,0.272,,,,,,true,false,12,2014-04-01,2015-03-31,-1
2016-04-28,95330,2017-03-31,,180000000000,-0.241,,,,,10000000000,-0.748,10500000000,-0.739,,7500000000,,13.86,,,,,,,,,,,,,,,,,,,,,,true,true,6,2016-04-01,2016-09-30,1
2016-04-28,95330,2017-03-31,,405000000000,-0.156,,,,,23000000000,-0.621,24000000000,-0.607,,17000000000,,31.41,,,,,,,,,,,,,,,,0.318,,,,,,true,true,12,2016-04-01,2017-03-31,1
2016-04-28,95330,2016-03-31,,410868000000,-0.189,,,,,55552000000,1.243,57343000000,1.131,40800000000,,1.306,75.33,,,,,,479765000000,249975000000,0.521,461.88,249975000000,,,,,10.00,,,,541276429,68729,541592304,false,false,12,2015-04-01,2016-03-31,0
2016-04-28,95330,2015-03-31,,506364000000,0.033,,,,,24762000000,0.894,26903000000,0.724,17696000000,,0.671,32.45,,,,,,472905000000,239935000000,0.507,440.08,239935000000,,,,,9.50,,,,545966429,755433,545273899,false,false,12,2014-04-01,2015-03-31,-1
2016-04-28,95330,2017-03-31,,150000000000,-0.271,,,,,9000000000,-0.762,10500000000,-0.732,7500000000,,-0.737,13.86,,,,,,,,,,,,,,,,,,,,,,false,true,6,2016-04-01,2016-09-30,1
2016-04-28,95330,2017-03-31,,339000000000,-0.175,,,,,20000000000,-0.640,22000000000,-0.616,15500000000,,-0.620,28.64,,,,,,,,,,,,,,,10.00,,,,,,,false,true,12,2016-04-01,2017-03-31,1
2016-07-28,95330,2017-03-31,1,95861000000,-0.270,,,,,17791000000,-0.415,18429000000,-0.407,,12912000000,,23.93,,,,,,513265000000,287394000000,0.560,,287394000000,,,,,,,,,,,,true,false,3,2016-04-01,2016-06-30,0
2016-07-28,95330,2016-03-31,1,131286000000,-0.035,,,,,30392000000,1.313,31103000000,1.275,,22371000000,,41.22,,,,,,,,,,,,,,,,,,,,,,true,false,3,2015-04-01,2015-06-30,-1
2016-07-28,95330,2017-03-31,1,179000000000,-0.246,,,,,12000000000,-0.698,12500000000,-0.690,,8500000000,,15.79,,,,,,,,,,,,,,,,,,,,,,true,true,6,2016-04-01,2016-09-30,0
2016-07-28,95330,2017-03-31,1,402000000000,-0.162,,,,,23000000000,-0.621,24000000000,-0.607,,17000000000,,31.59,,,,,,,,,,,,,,,,,,,,,,true,true,12,2016-04-01,2017-03-31,0
2016-07-28,95330,2016-03-31,1,,,,,,,,,,,,,,,,,,,,555217000000,285186000000,0.514,,285186000000,,,,,,,,,,,,true,false,12,2015-04-01,2016-03-31,-1
2016-07-28,95330,2016-03-31,1,,,,,,,,,,,,,,,,,,,,,,,,,,,,,10.00,,,,541276429,68729,,false,false,12,2015-04-01,2016-03-31,-1
2016-07-28,95330,2017-03-31,1,,,,,,,,,,,,,,,,,,,,,,,,,,,,,10.00,,,,,,,false,true,12,2016-04-01,2017-03-31,0
2016-07-28,95330,2017-03-31,1,,,,,,,,,,,,,,,,,,,,,,,,,,,,,,,,,541276429,3089022,539495616,false,false,3,2016-04-01,2016-06-30,0
2016-07-28,95330,2016-03-31,1,,,,,,,,,,,,,,,,,,,,,,,,,,,,,,,,,,,542709134,false,false,3,2015-04-01,2015-06-30,-1
2016-10-26,95330,2017-03-31,,177000000000,-0.011,,,,,18000000000,0.500,18700000000,0.496,,13400000000,,24.90,,,,,,,,,,,,,,,,,,,,,,true,true,6,2016-04-01,2016-09-30,0
2016-10-26,95330,2016-03-31,,237273000000,,,,,,39745000000,,40296000000,,,28994000000,,53.50,,,,,,,,,,,,,,,,,,,,,,true,false,6,2015-04-01,2015-09-30,-1
2016-10-26,95330,2017-03-31,,147000000000,-0.013,,,,,15700000000,0.427,17600000000,0.408,13000000000,,0.529,24.16,,,,,,,,,,,,,,,,,,,,,,false,true,6,2016-04-01,2016-09-30,0
2016-10-26,95330,2016-03-31,,205734000000,,,,,,37780000000,,39248000000,,28494000000,,,52.58,,,,,,,,,,,,,,,,,,,,,,false,false,6,2015-04-01,2015-09-30,-1
2016-10-31,95330,2017-03-31,2,177094000000,-0.254,,,,,18004000000,-0.547,18739000000,-0.535,,13460000000,,24.98,,,,,,520324000000,289995000000,0.557,,289995000000,,,,,,,,,,,,true,false,6,2016-04-01,2016-09-30,0
2016-10-31,95330,2016-03-31,2,237273000000,-0.106,,,,,39745000000,1.395,40296000000,1.369,,28994000000,,53.50,,,,,,,,,,,,,,,,,,,,,,true,false,6,2015-04-01,2015-09-30,-1
2016-10-31,95330,2017-03-31,2,398000000000,-0.171,,,,,23000000000,-0.621,24000000000,-0.607,,17000000000,,31.59,,,,,,,,,,,,,,,,,,,,,,true,true,12,2016-04-01,2017-03-31,0
2016-10-31,95330,2016-03-31,2,,,,,,,,,,,,,,,,,,,,555217000000,285186000000,0.514,,285186000000,,,,,,,,,,,,true,false,12,2015-04-01,2016-03-31,-1
2016-10-31,95330,2016-03-31,2,,,,,,,,,,,,,,,,,,,,,,,,,,,,,10.00,,,,541276429,68729,,false,false,12,2015-04-01,2016-03-31,-1
2016-10-31,95330,2017-03-31,2,,,,,,,,,,,,,,,,,,,,,,,,,,,,,5.00,,,,,,,false,false,12,2016-04-01,2017-03-31,0
2016-10-31,95330,2017-03-31,2,,,,,,,,,,,,,,,,,,,,,,,,,,,,,10.00,,,,,,,false,true,12,2016-04-01,2017-03-31,0
2016-10-31,95330,2017-03-31,2,,,,,,,,,,,,,,,,,,,,,,,,,,,,,,,,,541276429,3102188,538833120,false,false,6,2016-04-01,2016-09-30,0
2016-10-31,95330,2016-03-31,2,,,,,,,,,,,,,,,,,,,,,,,,,,,,,,,,,,,541967547,false,false,6,2015-04-01,2015-09-30,-1
2017-01-31,95330,2017-03-31,3,268034000000,-0.219,,,,,16592000000,-0.624,17999000000,-0.603,,12822000000,,23.81,,,,,,532410000000,300159000000,0.564,,300159000000,,,,,,,,,,,,true,false,9,2016-04-01,2016-12-31,0
2017-01-31,95330,2016-03-31,3,343378000000,-0.150,,,,,44130000000,2.048,45294000000,2.018,,32378000000,,59.77,,,,,,,,,,,,,,,,,,,,,,true,false,9,2015-04-01,2015-12-31,-1
2017-01-31,95330,2017-03-31,3,398000000000,-0.171,,,,,21000000000,-0.654,22000000000,-0.640,,15500000000,,28.80,,,,,,,,,,,,,,,,,,,,,,true,true,12,2016-04-01,2017-03-31,0
2017-01-31,95330,2016-03-31,3,,,,,,,,,,,,,,,,,,,,555217000000,285186000000,0.514,,285186000000,,,,,,,,,,,,true,false,12,2015-04-01,2016-03-31,-1
2017-01-31,95330,2016-03-31,3,,,,,,,,,,,,,,,,,,,,,,,,,,,,,10.00,,,,541276429,68729,,false,false,12,2015-04-01,2016-03-31,-1
2017-01-31,95330,2017-03-31,3,,,,,,,,,,,,,,,,,,,,,,,,,,,,,5.00,,,,,,,false,false,12,2016-04-01,2017-03-31,0
2017-01-31,95330,2017-03-31,3,,,,,,,,,,,,,,,,,,,,,,,,,,,,,10.00,,,,,,,false,true,12,2016-04-01,2017-03-31,0
2017-01-31,95330,2017-03-31,3,,,,,,,,,,,,,,,,,,,,,,,,,,,,,,,,,541276429,3112834,538610516,false,false,9,2016-04-01,2016-12-31,0
2017-01-31,95330,2016-03-31,3,,,,,,,,,,,,,,,,,,,,,,,,,,,,,,,,,,,541718664,false,false,9,2015-04-01,2015-12-31,-1
2017-04-28,95330,2017-03-31,,390433000000,-0.186,,,,,23188000000,-0.618,24490000000,-0.599,,17749000000,,32.97,,0.060,0.045,0.059,,532931000000,306801000000,0.576,573.00,306801000000,37264000000,-57967000000,-22962000000,16497000000,,0.303,,,,,,true,false,12,2016-04-01,2017-03-31,0
2017-04-28,95330,2016-03-31,,479870000000,-0.174,,,,,60725000000,1.111,61132000000,1.071,,43008000000,,79.41,,0.151,0.111,0.127,,555217000000,285186000000,0.514,526.94,285186000000,114923000000,-42196000000,-31817000000,60314000000,,0.126,,,,,,true,false,12,2015-04-01,2016-03-31,-1
2017-04-28,95330,2018-03-31,,441000000000,0.130,,,,,24000000000,0.035,25000000000,0.021,,18000000000,,168.09,,,,,,,,,,,,,,,,0.297,,,,,,true,true,12,2017-04-01,2018-03-31,1
2017-04-28,95330,2017-03-31,,324600000000,-0.210,,,,,17664000000,-0.682,20684000000,-0.639,15300000000,,-0.625,28.43,,,,,,457793000000,264564000000,0.578,494.11,264564000000,,,,,10.00,,,,538196429,2765221,538267348,false,false,12,2016-04-01,2017-03-31,0
2017-04-28,95330,2016-03-31,,410868000000,-0.189,,,,,55552000000,1.243,57343000000,1.131,40800000000,,1.306,75.33,,,,,,479765000000,249975000000,0.521,461.88,249975000000,,,,,10.00,,,,541276429,68729,541592304,false,false,12,2015-04-01,2016-03-31,-1
2017-04-28,95330,2018-03-31,,371000000000,0.143,,,,,19000000000,0.076,22000000000,0.064,15500000000,,0.013,144.74,,,,,,,,,,,,,,,25.00,,,,,,,false,true,12,2017-04-01,2018-03-31,1
2017-07-31,95330,2018-03-31,1,97811000000,0.020,,,,,8890000000,-0.500,9906000000,-0.462,,6953000000,,13.02,,,,,,524434000000,312433000000,0.596,,312433000000,,,,,,,,,,,,true,false,3,2017-04-01,2017-06-30,0
2017-07-31,95330,2017-03-31,1,95861000000,-0.270,,,,,17791000000,-0.415,18429000000,-0.407,,12912000000,,23.93,,,,,,,,,,,,,,,,,,,,,,true,false,3,2016-04-01,2016-06-30,-1
2017-07-31,95330,2018-03-31,1,435000000000,0.114,,,,,24000000000,0.035,25000000000,0.021,,18000000000,,168.71,,,,,,,,,,,,,,,,,,,,,,true,true,12,2017-04-01,2018-03-31,0
2017-07-31,95330,2017-03-31,1,,,,,,,,,,,,,,,,,,,,532931000000,306801000000,0.576,,306801000000,,,,,,,,,,,,true,false,12,2016-04-01,2017-03-31,-1
2017-07-31,95330,2017-03-31,1,,,,,,,,,,,,,,,,,,,,,,,,,,,,,10.00,,,,538196429,2765221,,false,false,12,2016-04-01,2017-03-31,-1
2017-07-31,95330,2018-03-31,1,,,,,,,,,,,,,,,,,,,,,,,,,,,,,25.00,,,,,,,false,true,12,2017-04-01,2018-03-31,0
2017-07-31,95330,2018-03-31,1,,,,,,,,,,,,,,,,,,,,,,,,,,,,,,,,,535466429,2009601,534216021,false,false,3,2017-04-01,2017-06-30,0
2017-07-31,95330,2017-03-31,1,,,,,,,,,,,,,,,,,,,,,,,,,,,,,,,,,,,539495616,false,false,3,2016-04-01,2016-06-30,-1
2017-10-30,95330,2018-03-31,2,189857000000,0.072,,,,,9300000000,-0.483,10542000000,-0.437,,7430000000,,69.71,,,,,,531351000000,314227000000,0.591,,314227000000,,,,,,,,,,,,true,false,6,2017-04-01,2017-09-30,0
2017-10-30,95330,2017-03-31,2,177094000000,-0.254,,,,,18004000000,-0.547,18739000000,-0.535,,13460000000,,124.91,,,,,,,,,,,,,,,,,,,,,,true,false,6,2016-04-01,2016-09-30,-1
2017-10-30,95330,2018-03-31,2,428000000000,0.096,,,,,24000000000,0.035,25000000000,0.021,,18000000000,,169.26,,,,,,,,,,,,,,,,,,,,,,true,true,12,2017-04-01,2018-03-31,0
2017-10-30,95330,2017-03-31,2,,,,,,,,,,,,,,,,,,,,532931000000,306801000000,0.576,,306801000000,,,,,,,,,,,,true,false,12,2016-04-01,2017-03-31,-1
2017-10-30,95330,2017-03-31,2,,,,,,,,,,,,,,,,,,,,,,,,,,,,,10.00,,,,107639285,553044,,false,false,12,2016-04-01,2017-03-31,-1
2017-10-30,95330,2018-03-31,2,,,,,,,,,,,,,,,,,,,,,,,,,,,,,5.00,,,,,,,false,false,12,2017-04-01,2018-03-31,0
2017-10-30,95330,2018-03-31,2,,,,,,,,,,,,,,,,,,,,,,,,,,,,,25.00,,,,,,,false,true,12,2017-04-01,2018-03-31,0
2017-10-30,95330,2018-03-31,2,,,,,,,,,,,,,,,,,,,,,,,,,,,,,,,,,106351285,8739,106591957,false,false,6,2017-04-01,2017-09-30,0
2017-10-30,95330,2017-03-31,2,,,,,,,,,,,,,,,,,,,,,,,,,,,,,,,,,,,107766624,false,false,6,2016-04-01,2016-09-30,-1
2018-01-31,95330,2018-03-31,3,297637000000,0.110,,,,,13821000000,-0.167,16287000000,-0.095,,11627000000,,109.17,,,,,,551327000000,320091000000,0.581,,320091000000,,,,,,,,,,,,true,false,9,2017-04-01,2017-12-31,0
2018-01-31,95330,2017-03-31,3,268034000000,-0.219,,,,,16592000000,-0.624,17999000000,-0.603,,12822000000,,119.03,,,,,,,,,,,,,,,,,,,,,,true,false,9,2016-04-01,2016-12-31,-1
2018-01-31,95330,2018-03-31,3,428000000000,0.096,,,,,24000000000,0.035,25000000000,0.021,,18000000000,,169.27,,,,,,,,,,,,,,,,,,,,,,true,true,12,2017-04-01,2018-03-31,0
2018-01-31,95330,2017-03-31,3,,,,,,,,,,,,,,,,,,,,532931000000,306801000000,0.576,,306801000000,,,,,,,,,,,,true,false,12,2016-04-01,2017-03-31,-1
2018-01-31,95330,2017-03-31,3,,,,,,,,,,,,,,,,,,,,,,,,,,,,,10.00,,,,107639285,553044,,false,false,12,2016-04-01,2017-03-31,-1
2018-01-31,95330,2018-03-31,3,,,,,,,,,,,,,,,,,,,,,,,,,,,,,5.00,,,,,,,false,false,12,2017-04-01,2018-03-31,0
2018-01-31,95330,2018-03-31,3,,,,,,,,,,,,,,,,,,,,,,,,,,,,,25.00,,,,,,,false,true,12,2017-04-01,2018-03-31,0
2018-01-31,95330,2018-03-31,3,,,,,,,,,,,,,,,,,,,,,,,,,,,,,,,,,106351285,10771,106508071,false,false,9,2017-04-01,2017-12-31,0
2018-01-31,95330,2017-03-31,3,,,,,,,,,,,,,,,,,,,,,,,,,,,,,,,,,,,107722103,false,false,9,2016-04-01,2016-12-31,-1
2018-04-27,95330,2018-03-31,,428868000000,0.098,,,,,23984000000,0.034,25208000000,0.029,,18022000000,,169.28,,0.057,0.047,0.056,,541252000000,326279000000,0.603,3068.29,326279000000,57047000000,-43345000000,-12240000000,17876000000,,0.310,,,,,,true,false,12,2017-04-01,2018-03-31,0
2018-04-27,95330,2017-03-31,,390433000000,-0.186,,,,,23188000000,-0.618,24490000000,-0.599,,17749000000,,164.87,,0.060,0.045,0.059,,532931000000,306801000000,0.576,2865.00,306801000000,37264000000,-57967000000,-22962000000,16497000000,,0.303,,,,,,true,false,12,2016-04-01,2017-03-31,-1
2018-04-27,95330,2019-03-31,,463000000000,0.080,,,,,18000000000,-0.250,24000000000,-0.048,,17000000000,,159.87,,,,,,,,,,,,,,,,0.344,,,,,,true,true,12,2018-04-01,2019-03-31,1
2018-04-27,95330,2018-03-31,,355117000000,0.094,,,,,18278000000,0.035,20749000000,0.003,15737000000,,0.029,147.82,,,,,,465421000000,276466000000,0.594,2599.86,276466000000,,,,,27.50,,,,106351285,12002,106466520,false,false,12,2017-04-01,2018-03-31,0
2018-04-27,95330,2017-03-31,,324600000000,-0.210,,,,,17664000000,-0.682,20684000000,-0.639,15300000000,,-0.625,142.13,,,,,,457793000000,264564000000,0.578,2470.57,264564000000,,,,,10.00,,,,107639285,553044,107653470,false,false,12,2016-04-01,2017-03-31,-1
2018-04-27,95330,2019-03-31,,368000000000,0.036,,,,,15000000000,-0.179,20000000000,-0.036,14500000000,,-0.079,136.36,,,,,,,,,,,,,,,55.00,,,,,,,false,true,12,2018-04-01,2019-03-31,1
2018-07-27,95330,2019-03-31,1,100771000000,0.030,,,,,6993000000,-0.213,8426000000,-0.149,,6026000000,,56.67,,,,,,531245000000,327983000000,0.617,,327983000000,,,,,,,,,,,,true,false,3,2018-04-01,2018-06-30,0
2018-07-27,95330,2018-03-31,1,97811000000,0.020,,,,,8890000000,-0.500,9906000000,-0.462,,6953000000,,65.08,,,,,,,,,,,,,,,,,,,,,,true,false,3,2017-04-01,2017-06-30,-1
2018-07-27,95330,2019-03-31,1,463000000000,0.080,,,,,18000000000,-0.250,24000000000,-0.048,,17000000000,,159.87,,,,,,,,,,,,,,,,,,,,,,true,true,12,2018-04-01,2019-03-31,0
2018-07-27,95330,2018-03-31,1,,,,,,,,,,,,,,,,,,,,541087000000,326279000000,0.603,,326279000000,,,,,,,,,,,,true,false,12,2017-04-01,2018-03-31,-1
2018-07-27,95330,2018-03-31,1,,,,,,,,,,,,,,,,,,,,,,,,,,,,,27.50,,,,106351285,12002,,false,false,12,2017-04-01,2018-03-31,-1
2018-07-27,95330,2019-03-31,1,,,,,,,,,,,,,,,,,,,,,,,,,,,,,55.00,,,,,,,false,true,12,2018-04-01,2019-03-31,0
2018-07-27,95330,2019-03-31,1,,,,,,,,,,,,,,,,,,,,,,,,,,,,,,,,,106351285,12617,106338868,false,false,3,2018-04-01,2018-06-30,0
2018-07-27,95330,2018-03-31,1,,,,,,,,,,,,,,,,,,,,,,,,,,,,,,,,,,,106843204,false,false,3,2017-04-01,2017-06-30,-1
2018-10-30,95330,2019-03-31,2,200616000000,0.057,,,,,4187000000,-0.550,6141000000,-0.417,,4289000000,,40.34,,,,,,535661000000,330347000000,0.617,,330347000000,,,,,,,,,,,,true,false,6,2018-04-01,2018-09-30,0
2018-10-30,95330,2018-03-31,2,189857000000,0.072,,,,,9300000000,-0.483,10542000000,-0.437,,7430000000,,69.71,,,,,,,,,,,,,,,,,,,,,,true,false,6,2017-04-01,2017-09-30,-1
2018-10-30,95330,2019-03-31,2,468000000000,0.091,,,,,18000000000,-0.250,21000000000,-0.167,,15000000000,,141.06,,,,,,,,,,,,,,,,,,,,,,true,true,12,2018-04-01,2019-03-31,0
2018-10-30,95330,2018-03-31,2,,,,,,,,,,,,,,,,,,,,541087000000,326279000000,0.603,,326279000000,,,,,,,,,,,,true,false,12,2017-04-01,2018-03-31,-1
2018-10-30,95330,2018-03-31,2,,,,,,,,,,,,,,,,,,,,,,,,,,,,,27.50,,,,106351285,12002,,false,false,12,2017-04-01,2018-03-31,-1
2018-10-30,95330,2019-03-31,2,,,,,,,,,,,,,,,,,,,,,,,,,,,,,27.50,,,,,,,false,false,12,2018-04-01,2019-03-31,0
2018-10-30,95330,2019-03-31,2,,,,,,,,,,,,,,,,,,,,,,,,,,,,,55.00,,,,,,,false,true,12,2018-04-01,2019-03-31,0
2018-10-30,95330,2019-03-31,2,,,,,,,,,,,,,,,,,,,,,,,,,,,,,,,,,106351285,13484,106338461,false,false,6,2018-04-01,2018-09-30,0
2018-10-30,95330,2018-03-31,2,,,,,,,,,,,,,,,,,,,,,,,,,,,,,,,,,,,106591957,false,false,6,2017-04-01,2017-09-30,-1
2019-01-30,95330,2019-03-31,3,317390000000,0.066,,,,,3377000000,-0.756,6217000000,-0.618,,4188000000,,39.39,,,,,,541511000000,317133000000,0.586,,317133000000,,,,,,,,,,,,true,false,9,2018-04-01,2018-12-31,0
2019-01-30,95330,2018-03-31,3,297637000000,0.110,,,,,13821000000,-0.167,16287000000,-0.095,,11627000000,,109.17,,,,,,,,,,,,,,,,,,,,,,true,false,9,2017-04-01,2017-12-31,-1
2019-01-30,95330,2019-03-31,3,463000000000,0.080,,,,,18000000000,-0.250,21000000000,-0.167,,15000000000,,141.06,,,,,,,,,,,,,,,,,,,,,,true,true,12,2018-04-01,2019-03-31,0
2019-01-30,95330,2018-03-31,3,,,,,,,,,,,,,,,,,,,,541087000000,326279000000,0.603,,326279000000,,,,,,,,,,,,true,false,12,2017-04-01,2018-03-31,-1
2019-01-30,95330,2018-03-31,3,,,,,,,,,,,,,,,,,,,,,,,,,,,,,27.50,,,,106351285,12002,,false,false,12,2017-04-01,2018-03-31,-1
2019-01-30,95330,2019-03-31,3,,,,,,,,,,,,,,,,,,,,,,,,,,,,,27.50,,,,,,,false,false,12,2018-04-01,2019-03-31,0
2019-01-30,95330,2019-03-31,3,,,,,,,,,,,,,,,,,,,,,,,,,,,,,55.00,,,,,,,false,true,12,2018-04-01,2019-03-31,0
2019-01-30,95330,2019-03-31,3,,,,,,,,,,,,,,,,,,,,,,,,,,,,,,,,,106351285,14823,106338000,false,false,9,2018-04-01,2018-12-31,0
2019-01-30,95330,2018-03-31,3,,,,,,,,,,,,,,,,,,,,,,,,,,,,,,,,,,,106508071,false,false,9,2017-04-01,2017-12-31,-1
2019-04-26,95330,2019-03-31,,461199000000,0.075,,,,,17831000000,-0.257,21485000000,-0.148,,14820000000,,139.37,,0.045,0.039,0.039,,550599000000,327339000000,0.595,3078.37,327339000000,32615000000,-40011000000,8834000000,19260000000,,0.395,,,,,,true,false,12,2018-04-01,2019-03-31,0
2019-04-26,95330,2018-03-31,,428868000000,0.098,,,,,23984000000,0.034,25208000000,0.029,,18022000000,,169.28,,0.057,0.047,0.056,,541087000000,326279000000,0.603,3068.29,326279000000,57047000000,-43345000000,-12240000000,17876000000,,0.310,,,,,,true,false,12,2017-04-01,2018-03-31,-1
2019-04-26,95330,2020-03-31,,500000000000,0.084,,,,,22000000000,0.234,24000000000,0.117,,17000000000,,159.87,,,,,,,,,,,,,,,,0.344,,,,,,true,true,12,2019-04-01,2020-03-31,1
2019-04-26,95330,2019-03-31,,365015000000,0.028,,,,,11538000000,-0.369,17278000000,-0.167,12950000000,,-0.177,121.79,,,,,,467810000000,277308000000,0.593,2607.87,277308000000,,,,,55.00,,,,106351285,16095,106337419,false,false,12,2018-04-01,2019-03-31,0
2019-04-26,95330,2018-03-31,,355117000000,0.094,,,,,18278000000,0.035,20749000000,0.003,15737000000,,0.029,147.82,,,,,,465421000000,276466000000,0.594,2599.86,276466000000,,,,,27.50,,,,106351285,12002,106466520,false,false,12,2017-04-01,2018-03-31,-1
2019-04-26,95330,2020-03-31,,385000000000,0.055,,,,,16000000000,0.387,20000000000,0.158,14500000000,,0.120,136.36,,,,,,,,,,,,,,,55.00,,,,,,,false,true,12,2019-04-01,2020-03-31,1
2019-07-30,95330,2020-03-31,1,120297000000,0.194,,,,,15144000000,1.166,16094000000,0.910,,12565000000,,118.17,,,,,,552449000000,334933000000,0.606,,334933000000,,,,,,,,,,,,true,false,3,2019-04-01,2019-06-30,0
2019-07-30,95330,2019-03-31,1,100771000000,0.030,,,,,6993000000,-0.213,8426000000,-0.149,,6026000000,,56.67,,,,,,,,,,,,,,,,,,,,,,true,false,3,2018-04-01,2018-06-30,-1
2019-07-30,95330,2020-03-31,1,500000000000,0.084,,,,,22000000000,0.234,24000000000,0.117,,17000000000,,159.87,,,,,,,,,,,,,,,,,,,,,,true,true,12,2019-04-01,2020-03-31,0
2019-07-30,95330,2019-03-31,1,,,,,,,,,,,,,,,,,,,,550599000000,327339000000,0.595,,327339000000,,,,,,,,,,,,true,false,12,2018-04-01,2019-03-31,-1
2019-07-30,95330,2019-03-31,1,,,,,,,,,,,,,,,,,,,,,,,,,,,,,55.00,,,,106351285,16095,,false,false,12,2018-04-01,2019-03-31,-1
2019-07-30,95330,2020-03-31,1,,,,,,,,,,,,,,,,,,,,,,,,,,,,,55.00,,,,,,,false,true,12,2019-04-01,2020-03-31,0
2019-07-30,95330,2020-03-31,1,,,,,,,,,,,,,,,,,,,,,,,,,,,,,,,,,106351285,16689,106334787,false,false,3,2019-04-01,2019-06-30,0
2019-07-30,95330,2019-03-31,1,,,,,,,,,,,,,,,,,,,,,,,,,,,,,,,,,,,106338868,false,false,3,2018-04-01,2018-06-30,-1
2019-10-29,95330,2020-03-31,2,230116000000,0.147,,,,,18174000000,3.340,19184000000,2.124,,14786000000,,139.28,,,,,,539047000000,334100000000,0.620,,334100000000,,,,,,,,,,,,true,false,6,2019-04-01,2019-09-30,0
2019-10-29,95330,2019-03-31,2,200616000000,0.057,,,,,4187000000,-0.550,6141000000,-0.417,,4289000000,,40.34,,,,,,,,,,,,,,,,,,,,,,true,false,6,2018-04-01,2018-09-30,-1
2019-10-29,95330,2020-03-31,2,500000000000,0.084,,,,,22000000000,0.234,24000000000,0.117,,17000000000,,160.85,,,,,,,,,,,,,,,,,,,,,,true,true,12,2019-04-01,2020-03-31,0
2019-10-29,95330,2019-03-31,2,,,,,,,,,,,,,,,,,,,,550599000000,327339000000,0.595,,327339000000,,,,,,,,,,,,true,false,12,2018-04-01,2019-03-31,-1
2019-10-29,95330,2019-03-31,2,,,,,,,,,,,,,,,,,,,,,,,,,,,,,55.00,,,,106351285,16095,,false,false,12,2018-04-01,2019-03-31,-1
2019-10-29,95330,2020-03-31,2,,,,,,,,,,,,,,,,,,,,,,,,,,,,,27.50,,,,,,,false,false,12,2019-04-01,2020-03-31,0
2019-10-29,95330,2020-03-31,2,,,,,,,,,,,,,,,,,,,,,,,,,,,,,55.00,,,,,,,false,true,12,2019-04-01,2020-03-31,0
2019-10-29,95330,2020-03-31,2,,,,,,,,,,,,,,,,,,,,,,,,,,,,,,,,,106351285,662227,106166574,false,false,6,2019-04-01,2019-09-30,0
2019-10-29,95330,2019-03-31,2,,,,,,,,,,,,,,,,,,,,,,,,,,,,,,,,,,,106338461,false,false,6,2018-04-01,2018-09-30,-1
2020-01-30,95330,2020-03-31,3,339936000000,0.071,,,,,19217000000,4.689,21200000000,2.410,,16215000000,,153.01,,,,,,569831000000,338008000000,0.593,,338008000000,,,,,,,,,,,,true,false,9,2019-04-01,2019-12-31,0
2020-01-30,95330,2019-03-31,3,317390000000,0.066,,,,,3377000000,-0.756,6217000000,-0.618,,4188000000,,39.39,,,,,,,,,,,,,,,,,,,,,,true,false,9,2018-04-01,2018-12-31,-1
2020-01-30,95330,2020-03-31,3,500000000000,0.084,,,,,22000000000,0.234,24000000000,0.117,,17000000000,,160.98,,,,,,,,,,,,,,,,,,,,,,true,true,12,2019-04-01,2020-03-31,0
2020-01-30,95330,2019-03-31,3,,,,,,,,,,,,,,,,,,,,550599000000,327339000000,0.595,,327339000000,,,,,,,,,,,,true,false,12,2018-04-01,2019-03-31,-1
2020-01-30,95330,2019-03-31,3,,,,,,,,,,,,,,,,,,,,,,,,,,,,,55.00,,,,106351285,16095,,false,false,12,2018-04-01,2019-03-31,-1
2020-01-30,95330,2020-03-31,3,,,,,,,,,,,,,,,,,,,,,,,,,,,,,27.50,,,,,,,false,false,12,2019-04-01,2020-03-31,0
2020-01-30,95330,2020-03-31,3,,,,,,,,,,,,,,,,,,,,,,,,,,,,,55.00,,,,,,,false,true,12,2019-04-01,2020-03-31,0
2020-01-30,95330,2020-03-31,3,,,,,,,,,,,,,,,,,,,,,,,,,,,,,,,,,105606285,2328,105978474,false,false,9,2019-04-01,2019-12-31,0
2020-01-30,95330,2019-03-31,3,,,,,,,,,,,,,,,,,,,,,,,,,,,,,,,,,,,106338000,false,false,9,2018-04-01,2018-12-31,-1
2020-04-28,95330,2020-03-31,,485623000000,0.053,,,,,21351000000,0.197,24763000000,0.153,,16266000000,,153.62,,0.050,0.044,0.044,,564756000000,322768000000,0.572,3056.42,322768000000,68376000000,-42949000000,-10730000000,33979000000,,0.358,,,,,,true,false,12,2019-04-01,2020-03-31,0
2020-04-28,95330,2019-03-31,,461199000000,0.075,,,,,17831000000,-0.257,21485000000,-0.148,,14820000000,,139.37,,0.045,0.039,0.039,,550599000000,327339000000,0.595,3078.37,327339000000,32615000000,-40011000000,8834000000,19260000000,,0.395,,,,,,true,false,12,2018-04-01,2019-03-31,-1
2020-04-28,95330,2020-03-31,,373016000000,0.022,,,,,15789000000,0.368,20838000000,0.206,13786000000,,0.065,130.20,,,,,,478024000000,273731000000,0.573,2592.07,273731000000,,,,,55.00,,,,105606285,2773,105885277,false,false,12,2019-04-01,2020-03-31,0
2020-04-28,95330,2019-03-31,,365015000000,0.028,,,,,11538000000,-0.369,17278000000,-0.167,12950000000,,-0.177,121.79,,,,,,467810000000,277308000000,0.593,2607.87,277308000000,,,,,55.00,,,,106351285,16095,106337419,false,false,12,2018-04-01,2019-03-31,-1
2020-07-30,95330,2021-03-31,1,101640000000,-0.155,,,,,8760000000,-0.422,9737000000,-0.395,,6736000000,,63.79,,,,,,555351000000,330143000000,0.594,,330143000000,,,,,,,,,,,,true,false,3,2020-04-01,2020-06-30,0
2020-07-30,95330,2020-03-31,1,120297000000,0.194,,,,,15144000000,1.166,16094000000,0.910,,12565000000,,118.17,,,,,,,,,,,,,,,,,,,,,,true,false,3,2019-04-01,2019-06-30,-1
2020-07-30,95330,2021-03-31,1,430000000000,-0.115,,,,,10500000000,-0.508,13000000000,-0.475,,9000000000,,85.23,,,,,,,,,,,,,,,,,,,,,,true,true,12,2020-04-01,2021-03-31,0
2020-07-30,95330,2020-03-31,1,,,,,,,,,,,,,,,,,,,,564756000000,322768000000,0.572,,322768000000,,,,,,,,,,,,true,false,12,2019-04-01,2020-03-31,-1
2020-07-30,95330,2020-03-31,1,,,,,,,,,,,,,,,,,,,,,,,,,,,,,55.00,,,,105606285,2773,,false,false,12,2019-04-01,2020-03-31,-1
2020-07-30,95330,2021-03-31,1,,,,,,,,,,,,,,,,,,,,,,,,,,,,,55.00,,,,,,,false,true,12,2020-04-01,2021-03-31,0
2020-07-30,95330,2021-03-31,1,,,,,,,,,,,,,,,,,,,,,,,,,,,,,,,,,105606285,3649,105602877,false,false,3,2020-04-01,2020-06-30,0
2020-07-30,95330,2020-03-31,1,,,,,,,,,,,,,,,,,,,,,,,,,,,,,,,,,,,106334787,false,false,3,2019-04-01,2019-06-30,-1
2020-10-29,95330,2021-03-31,2,202693000000,-0.119,,,,,14859000000,-0.182,16143000000,-0.158,,11760000000,,111.37,,,,,,558836000000,336611000000,0.602,,336611000000,,,,,,,,,,,,true,false,6,2020-04-01,2020-09-30,0
2020-10-29,95330,2020-03-31,2,230116000000,0.147,,,,,18174000000,3.340,19184000000,2.124,,14786000000,,139.28,,,,,,,,,,,,,,,,,,,,,,true,false,6,2019-04-01,2019-09-30,-1
2020-10-29,95330,2021-03-31,2,430000000000,-0.115,,,,,10500000000,-0.508,13000000000,-0.475,,9000000000,,85.23,,,,,,,,,,,,,,,,,,,,,,true,true,12,2020-04-01,2021-03-31,0
2020-10-29,95330,2020-03-31,2,,,,,,,,,,,,,,,,,,,,564756000000,322768000000,0.572,,322768000000,,,,,,,,,,,,true,false,12,2019-04-01,2020-03-31,-1
2020-10-29,95330,2020-03-31,2,,,,,,,,,,,,,,,,,,,,,,,,,,,,,55.00,,,,105606285,2773,,false,false,12,2019-04-01,2020-03-31,-1
2020-10-29,95330,2021-03-31,2,,,,,,,,,,,,,,,,,,,,,,,,,,,,,27.50,,,,,,,false,false,12,2020-04-01,2021-03-31,0
2020-10-29,95330,2021-03-31,2,,,,,,,,,,,,,,,,,,,,,,,,,,,,,55.00,,,,,,,false,true,12,2020-04-01,2021-03-31,0
2020-10-29,95330,2021-03-31,2,,,,,,,,,,,,,,,,,,,,,,,,,,,,,,,,,105606285,5055,105602204,false,false,6,2020-04-01,2020-09-30,0
2020-10-29,95330,2020-03-31,2,,,,,,,,,,,,,,,,,,,,,,,,,,,,,,,,,,,106166574,false,false,6,2019-04-01,2019-09-30,-1
2021-01-29,95330,2021-03-31,3,302569000000,-0.110,,,,,15308000000,-0.203,17617000000,-0.169,,12964000000,,122.77,,,,,,566913000000,342604000000,0.604,,342604000000,,,,,,,,,,,,true,false,9,2020-04-01,2020-12-31,0
2021-01-29,95330,2020-03-31,3,339936000000,0.071,,,,,19217000000,4.689,21200000000,2.410,,16215000000,,153.01,,,,,,,,,,,,,,,,,,,,,,true,false,9,2019-04-01,2019-12-31,-1
2021-01-29,95330,2021-03-31,3,430000000000,-0.115,,,,,10500000000,-0.508,13000000000,-0.475,,9000000000,,85.23,,,,,,,,,,,,,,,,,,,,,,true,true,12,2020-04-01,2021-03-31,0
2021-01-29,95330,2020-03-31,3,,,,,,,,,,,,,,,,,,,,564756000000,322768000000,0.572,,322768000000,,,,,,,,,,,,true,false,12,2019-04-01,2020-03-31,-1
2021-01-29,95330,2020-03-31,3,,,,,,,,,,,,,,,,,,,,,,,,,,,,,55.00,,,,105606285,2773,,false,false,12,2019-04-01,2020-03-31,-1
2021-01-29,95330,2021-03-31,3,,,,,,,,,,,,,,,,,,,,,,,,,,,,,27.50,,,,,,,false,false,12,2020-04-01,2021-03-31,0
2021-01-29,95330,2021-03-31,3,,,,,,,,,,,,,,,,,,,,,,,,,,,,,55.00,,,,,,,false,true,12,2020-04-01,2021-03-31,0
2021-01-29,95330,2021-03-31,3,,,,,,,,,,,,,,,,,,,,,,,,,,,,,,,,,105606285,6141,105601648,false,false,9,2020-04-01,2020-12-31,0
2021-01-29,95330,2020-03-31,3,,,,,,,,,,,,,,,,,,,,,,,,,,,,,,,,,,,105978474,false,false,9,2019-04-01,2019-12-31,-1
2021-04-28,95330,2021-03-31,,434776000000,-0.105,,,,,13515000000,-0.367,16622000000,-0.329,,8592000000,,81.37,,0.025,0.028,0.031,,601835000000,359492000000,0.597,3404.33,359492000000,64397000000,-40972000000,-6764000000,50543000000,,0.676,,,,,,true,false,12,2020-04-01,2021-03-31,0
2021-04-28,95330,2020-03-31,,485623000000,0.053,,,,,21351000000,0.197,24763000000,0.153,,16266000000,,153.62,,0.050,0.044,0.044,,564756000000,322768000000,0.572,3056.42,322768000000,68376000000,-42949000000,-10730000000,33979000000,,0.358,,,,,,true,false,12,2019-04-01,2020-03-31,-1
2021-04-28,95330,2022-03-31,,460000000000,0.058,,,,,11000000000,-0.186,13500000000,-0.188,,9000000000,,85.23,,,,,,,,,,,,,,,,0.645,,,,,,true,true,12,2021-04-01,2022-03-31,1
2021-04-28,95330,2021-03-31,,339840000000,-0.089,,,,,6435000000,-0.592,12720000000,-0.390,10514000000,,-0.237,99.56,,,,,,516974000000,302109000000,0.584,2860.92,302109000000,,,,,55.00,,,,105606285,7792,105601026,false,false,12,2020-04-01,2021-03-31,0
2021-04-28,95330,2020-03-31,,373016000000,0.022,,,,,15789000000,0.368,20838000000,0.206,13786000000,,0.065,130.20,,,,,,478024000000,273731000000,0.573,2592.07,273731000000,,,,,55.00,,,,105606285,2773,105885277,false,false,12,2019-04-01,2020-03-31,-1
2021-04-28,95330,2022-03-31,,355000000000,0.045,,,,,5000000000,-0.223,11000000000,-0.135,8000000000,,-0.239,75.76,,,,,,,,,,,,,,,55.00,,,,,,,false,true,12,2021-04-01,2022-03-31,1
2021-07-29,95330,2022-03-31,1,102789000000,0.011,,,,,6413000000,-0.268,7479000000,-0.232,,5324000000,,50.42,,,,,,585522000000,365652000000,0.624,,365652000000,,,,,,,,,,,,true,false,3,2021-04-01,2021-06-30,0
2021-07-29,95330,2021-03-31,1,101640000000,-0.155,,,,,8760000000,-0.422,9737000000,-0.395,,6736000000,,63.79,,,,,,,,,,,,,,,,,,,,,,true,false,3,2020-04-01,2020-06-30,-1
2021-07-29,95330,2022-03-31,1,460000000000,0.058,,,,,11000000000,-0.186,13500000000,-0.188,,9000000000,,85.23,,,,,,,,,,,,,,,,,,,,,,true,true,12,2021-04-01,2022-03-31,0
2021-07-29,95330,2021-03-31,1,,,,,,,,,,,,,,,,,,,,601835000000,359492000000,0.597,,359492000000,,,,,,,,,,,,true,false,12,2020-04-01,2021-03-31,-1
2021-07-29,95330,2021-03-31,1,,,,,,,,,,,,,,,,,,,,,,,,,,,,,55.00,,,,105606285,7792,,false,false,12,2020-04-01,2021-03-31,-1
2021-07-29,95330,2022-03-31,1,,,,,,,,,,,,,,,,,,,,,,,,,,,,,55.00,,,,,,,false,true,12,2021-04-01,2022-03-31,0
2021-07-29,95330,2022-03-31,1,,,,,,,,,,,,,,,,,,,,,,,,,,,,,,,,,105606285,8294,105598163,false,false,3,2021-04-01,2021-06-30,0
2021-07-29,95330,2021-03-31,1,,,,,,,,,,,,,,,,,,,,,,,,,,,,,,,,,,,105602877,false,false,3,2020-04-01,2020-06-30,-1
2021-10-29,95330,2022-03-31,2,207880000000,0.026,,,,,2805000000,-0.811,4194000000,-0.740,,2922000000,,27.68,,,,,,593919000000,368108000000,0.620,,368108000000,,,,,,,,,,,,true,false,6,2021-04-01,2021-09-30,0
2021-10-29,95330,2021-03-31,2,202693000000,-0.119,,,,,14859000000,-0.182,16143000000,-0.158,,11760000000,,111.37,,,,,,,,,,,,,,,,,,,,,,true,false,6,2020-04-01,2020-09-30,-1
2021-10-29,95330,2022-03-31,2,480000000000,0.104,,,,,11000000000,-0.186,13500000000,-0.188,,9000000000,,85.23,,,,,,,,,,,,,,,,,,,,,,true,true,12,2021-04-01,2022-03-31,0
2021-10-29,95330,2021-03-31,2,,,,,,,,,,,,,,,,,,,,601835000000,359492000000,0.597,,359492000000,,,,,,,,,,,,true,false,12,2020-04-01,2021-03-31,-1
2021-10-29,95330,2021-03-31,2,,,,,,,,,,,,,,,,,,,,,,,,,,,,,55.00,,,,105606285,7792,,false,false,12,2020-04-01,2021-03-31,-1
2021-10-29,95330,2022-03-31,2,,,,,,,,,,,,,,,,,,,,,,,,,,,,,27.50,,,,,,,false,false,12,2021-04-01,2022-03-31,0
2021-10-29,95330,2022-03-31,2,,,,,,,,,,,,,,,,,,,,,,,,,,,,,55.00,,,,,,,false,true,12,2021-04-01,2022-03-31,0
2021-10-29,95330,2022-03-31,2,,,,,,,,,,,,,,,,,,,,,,,,,,,,,,,,,105606285,4508,105599355,false,false,6,2021-04-01,2021-09-30,0
2021-10-29,95330,2021-03-31,2,,,,,,,,,,,,,,,,,,,,,,,,,,,,,,,,,,,105602204,false,false,6,2020-04-01,2020-09-30,-1
2022-01-28,95330,2022-03-31,3,336124000000,0.111,,,,,2845000000,-0.814,5536000000,-0.686,,3904000000,,37.00,,,,,,622883000000,363492000000,0.584,,363492000000,,,,,,,,,,,,true,false,9,2021-04-01,2021-12-31,0
2022-01-28,95330,2021-03-31,3,302569000000,-0.110,,,,,15308000000,-0.203,17617000000,-0.169,,12964000000,,122.77,,,,,,,,,,,,,,,,,,,,,,true,false,9,2020-04-01,2020-12-31,-1
2022-01-28,95330,2022-03-31,3,495000000000,0.139,,,,,15500000000,0.147,18000000000,0.083,,13000000000,,123.69,,,,,,,,,,,,,,,,,,,,,,true,true,12,2021-04-01,2022-03-31,0
2022-01-28,95330,2021-03-31,3,,,,,,,,,,,,,,,,,,,,601835000000,359492000000,0.597,,359492000000,,,,,,,,,,,,true,false,12,2020-04-01,2021-03-31,-1
2022-01-28,95330,2021-03-31,3,,,,,,,,,,,,,,,,,,,,,,,,,,,,,55.00,,,,105606285,7792,,false,false,12,2020-04-01,2021-03-31,-1
2022-01-28,95330,2022-03-31,3,,,,,,,,,,,,,,,,,,,,,,,,,,,,,27.50,,,,,,,false,false,12,2021-04-01,2022-03-31,0
2022-01-28,95330,2022-03-31,3,,,,,,,,,,,,,,,,,,,,,,,,,,,,,55.00,,,,,,,false,true,12,2021-04-01,2022-03-31,0
2022-01-28,95330,2022-03-31,3,,,,,,,,,,,,,,,,,,,,,,,,,,,,,,,,,105606285,504921,105509865,false,false,9,2021-04-01,2021-12-31,0
2022-01-28,95330,2021-03-31,3,,,,,,,,,,,,,,,,,,,,,,,,,,,,,,,,,,,105601648,false,false,9,2020-04-01,2020-12-31,-1
2022-01-28,95330,2022-03-31,,495000000000,0.031,,,,,15500000000,0.409,18000000000,0.333,,13000000000,,123.69,,,,,,,,,,,,,,,,,,,,,,true,true,12,2021-04-01,2022-03-31,0
2022-01-28,95330,2021-03-31,,434776000000,,,,,,13515000000,,16622000000,,,8592000000,,81.37,,,,,,,,,,,,,,,,,,,,,,true,false,12,2020-04-01,2021-03-31,-1
2022-01-28,95330,2022-03-31,,375000000000,0.027,,,,,8500000000,0.700,15000000000,0.364,11000000000,,0.375,104.66,,,,,,,,,,,,,,,,,,,,,,false,true,12,2021-04-01,2022-03-31,0
2022-01-28,95330,2021-03-31,,339840000000,,,,,,6435000000,,12720000000,,10514000000,,,99.56,,,,,,,,,,,,,,,,,,,,,,false,false,12,2020-04-01,2021-03-31,-1
2022-04-27,95330,2022-03-31,,515313000000,0.185,,,,,17858000000,0.321,21912000000,0.318,,15459000000,,146.66,,0.042,0.035,0.035,,655593000000,382751000000,0.584,3641.75,382751000000,35436000000,-54876000000,635000000,32110000000,,0.392,,,,,,true,false,12,2021-04-01,2022-03-31,0
2022-04-27,95330,2021-03-31,,434776000000,-0.105,,,,,13515000000,-0.367,16622000000,-0.329,,8592000000,,81.37,,0.025,0.028,0.031,,601835000000,359492000000,0.597,3404.33,359492000000,64397000000,-40972000000,-6764000000,50543000000,,0.676,,,,,,true,false,12,2020-04-01,2021-03-31,-1
2022-04-27,95330,2023-03-31,,580000000000,0.126,,,,,19000000000,0.064,23000000000,0.050,,16000000000,,152.23,,,,,,,,,,,,,,,,0.394,,,,,,true,true,12,2022-04-01,2023-03-31,1
2022-04-27,95330,2022-03-31,,400181000000,0.178,,,,,10977000000,0.706,18257000000,0.435,13708000000,,0.304,130.05,,,,,,555815000000,316729000000,0.570,3013.57,316729000000,,,,,57.50,,,,105256285,155339,105409061,false,false,12,2021-04-01,2022-03-31,0
2022-04-27,95330,2021-03-31,,339840000000,-0.089,,,,,6435000000,-0.592,12720000000,-0.390,10514000000,,-0.237,99.56,,,,,,516974000000,302109000000,0.584,2860.92,302109000000,,,,,55.00,,,,105606285,7792,105601026,false,false,12,2020-04-01,2021-03-31,-1
2022-04-27,95330,2023-03-31,,,,,,,,,,,,,,,,,,,,,,,,,,,,,,60.00,,,,,,,false,true,12,2022-04-01,2023-03-31,1
2022-07-28,95330,2023-03-31,1,144515000000,0.406,,,,,13022000000,1.030,14297000000,0.912,,10321000000,,98.21,,,,,,673020000000,391168000000,0.581,,391168000000,,,,,,,,,,,,true,false,3,2022-04-01,2022-06-30,0
2022-07-28,95330,2022-03-31,1,102789000000,0.011,,,,,6413000000,-0.268,7479000000,-0.232,,5324000000,,50.42,,,,,,,,,,,,,,,,,,,,,,true,false,3,2021-04-01,2021-06-30,-1
2022-07-28,95330,2023-03-31,1,680000000000,0.320,,,,,19000000000,0.064,23000000000,0.050,,16000000000,,152.24,,,,,,,,,,,,,,,,,,,,,,true,true,12,2022-04-01,2023-03-31,0
2022-07-28,95330,2022-03-31,1,,,,,,,,,,,,,,,,,,,,655593000000,382751000000,0.584,,382751000000,,,,,,,,,,,,true,false,12,2021-04-01,2022-03-31,-1
2022-07-28,95330,2022-03-31,1,,,,,,,,,,,,,,,,,,,,,,,,,,,,,57.50,,,,105256285,155339,,false,false,12,2021-04-01,2022-03-31,-1
2022-07-28,95330,2023-03-31,1,,,,,,,,,,,,,,,,,,,,,,,,,,,,,60.00,,,,,,,false,true,12,2022-04-01,2023-03-31,0
2022-07-28,95330,2023-03-31,1,,,,,,,,,,,,,,,,,,,,,,,,,,,,,,,,,105256285,155763,105100666,false,false,3,2022-04-01,2022-06-30,0
2022-07-28,95330,2022-03-31,1,,,,,,,,,,,,,,,,,,,,,,,,,,,,,,,,,,,105598163,false,false,3,2021-04-01,2021-06-30,-1
2022-10-27,95330,2023-03-31,2,302843000000,0.457,,,,,8420000000,2.001,9803000000,1.337,,6891000000,,65.56,,,,,,705831000000,383723000000,0.544,,383723000000,,,,,,,,,,,,true,false,6,2022-04-01,2022-09-30,0
2022-10-27,95330,2022-03-31,2,207880000000,0.026,,,,,2805000000,-0.811,4194000000,-0.740,,2922000000,,27.68,,,,,,,,,,,,,,,,,,,,,,true,false,6,2021-04-01,2021-09-30,-1
2022-10-27,95330,2023-03-31,2,680000000000,0.320,,,,,19000000000,0.064,23000000000,0.050,,16000000000,,152.20,,,,,,,,,,,,,,,,,,,,,,true,true,12,2022-04-01,2023-03-31,0
2022-10-27,95330,2022-03-31,2,,,,,,,,,,,,,,,,,,,,655593000000,382751000000,0.584,,382751000000,,,,,,,,,,,,true,false,12,2021-04-01,2022-03-31,-1
2022-10-27,95330,2022-03-31,2,,,,,,,,,,,,,,,,,,,,,,,,,,,,,57.50,,,,105256285,155339,,false,false,12,2021-04-01,2022-03-31,-1
2022-10-27,95330,2023-03-31,2,,,,,,,,,,,,,,,,,,,,,,,,,,,,,30.00,,,,,,,false,false,12,2022-04-01,2023-03-31,0
2022-10-27,95330,2023-03-31,2,,,,,,,,,,,,,,,,,,,,,,,,,,,,,60.00,,,,,,,false,true,12,2022-04-01,2023-03-31,0
2022-10-27,95330,2023-03-31,2,,,,,,,,,,,,,,,,,,,,,,,,,,,,,,,,,105256285,134377,105107714,false,false,6,2022-04-01,2022-09-30,0
2022-10-27,95330,2022-03-31,2,,,,,,,,,,,,,,,,,,,,,,,,,,,,,,,,,,,105599355,false,false,6,2021-04-01,2021-09-30,-1
2023-01-27,95330,2023-03-31,3,486016000000,0.446,,,,,21207000000,6.453,24012000000,3.337,,17240000000,,164.02,,,,,,718183000000,390382000000,0.544,,390382000000,,,,,,,,,,,,true,false,9,2022-04-01,2022-12-31,0
2023-01-27,95330,2022-03-31,3,336124000000,0.111,,,,,2845000000,-0.814,5536000000,-0.686,,3904000000,,37.00,,,,,,,,,,,,,,,,,,,,,,true,false,9,2021-04-01,2021-12-31,-1
2023-01-27,95330,2023-03-31,3,680000000000,0.320,,,,,25000000000,0.400,29000000000,0.323,,21000000000,,199.77,,,,,,,,,,,,,,,,,,,,,,true,true,12,2022-04-01,2023-03-31,0
2023-01-27,95330,2022-03-31,3,,,,,,,,,,,,,,,,,,,,655593000000,382751000000,0.584,,382751000000,,,,,,,,,,,,true,false,12,2021-04-01,2022-03-31,-1
2023-01-27,95330,2022-03-31,3,,,,,,,,,,,,,,,,,,,,,,,,,,,,,57.50,,,,105256285,155339,,false,false,12,2021-04-01,2022-03-31,-1
2023-01-27,95330,2023-03-31,3,,,,,,,,,,,,,,,,,,,,,,,,,,,,,30.00,,,,,,,false,false,12,2022-04-01,2023-03-31,0
2023-01-27,95330,2023-03-31,3,,,,,,,,,,,,,,,,,,,,,,,,,,,,,60.00,,,,,,,false,true,12,2022-04-01,2023-03-31,0
2023-01-27,95330,2023-03-31,3,,,,,,,,,,,,,,,,,,,,,,,,,,,,,,,,,105256285,135048,105112292,false,false,9,2022-04-01,2022-12-31,0
2023-01-27,95330,2022-03-31,3,,,,,,,,,,,,,,,,,,,,,,,,,,,,,,,,,,,105509865,false,false,9,2021-04-01,2021-12-31,-1
2023-04-25,95330,2023-03-31,,706000000000,0.038,,,,,43000000000,0.720,48000000000,0.655,,33000000000,,313.94,,,,,,,,,,,,,,,,,,,,,,true,true,12,2022-04-01,2023-03-31,0
2023-04-25,95330,2022-03-31,,515313000000,,,,,,17858000000,,21912000000,,,15459000000,,146.66,,,,,,,,,,,,,,,,,,,,,,true,false,12,2021-04-01,2022-03-31,-1
2023-04-27,95330,2023-03-31,,706073000000,0.370,,,,,43743000000,1.449,48171000000,1.198,,33721000000,,320.80,,0.086,0.071,0.062,,693519000000,402502000000,0.580,3828.97,402502000000,56414000000,-52435000000,-2939000000,33825000000,,0.187,,,,,,true,false,12,2022-04-01,2023-03-31,0
2023-04-27,95330,2022-03-31,,515313000000,0.185,,,,,17858000000,0.321,21912000000,0.318,,15459000000,,146.66,,0.042,0.035,0.035,,655593000000,382751000000,0.584,3641.75,382751000000,35436000000,-54876000000,635000000,32110000000,,0.392,,,,,,true,false,12,2021-04-01,2022-03-31,-1
2023-04-27,95330,2024-03-31,,670000000000,-0.051,,,,,22000000000,-0.497,26000000000,-0.460,,18000000000,,171.23,,,,,,,,,,,,,,,,0.350,,,,,,true,true,12,2023-04-01,2024-03-31,1
2023-04-27,95330,2023-03-31,,563120000000,0.407,,,,,33988000000,2.096,40779000000,1.234,28821000000,,1.102,274.19,,,,,,554123000000,327157000000,0.590,3112.22,327157000000,,,,,60.00,,,,105256285,135913,105114370,false,false,12,2022-04-01,2023-03-31,0
2023-04-27,95330,2022-03-31,,400181000000,0.178,,,,,10977000000,0.706,18257000000,0.435,13708000000,,0.304,130.05,,,,,,555815000000,316729000000,0.570,3013.57,316729000000,,,,,57.50,,,,105256285,155339,105409061,false,false,12,2021-04-01,2022-03-31,-1
2023-04-27,95330,2024-03-31,,,,,,,,,,,,,,,,,,,,,,,,,,,,,,60.00,,,,,,,false,true,12,2023-04-01,2024-03-31,1
2023-07-27,95330,2024-03-31,1,155275000000,0.074,,,,,23622000000,0.814,25683000000,0.796,,18597000000,,176.91,,,,,,694004000000,426016000000,0.614,,426016000000,,,,,,,,,,,,true,false,3,2023-04-01,2023-06-30,0
2023-07-27,95330,2023-03-31,1,144515000000,0.406,,,,,13022000000,1.030,14297000000,0.912,,10321000000,,98.21,,,,,,,,,,,,,,,,,,,,,,true,false,3,2022-04-01,2022-06-30,-1
2023-07-27,95330,2024-03-31,1,670000000000,-0.051,,,,,22000000000,-0.497,26000000000,-0.460,,18000000000,,171.23,,,,,,,,,,,,,,,,,,,,,,true,true,12,2023-04-01,2024-03-31,0
2023-07-27,95330,2023-03-31,1,,,,,,,,,,,,,,,,,,,,693519000000,402502000000,0.580,,402502000000,,,,,,,,,,,,true,false,12,2022-04-01,2023-03-31,-1
2023-07-27,95330,2023-03-31,1,,,,,,,,,,,,,,,,,,,,,,,,,,,,,60.00,,,,105256285,135913,,false,false,12,2022-04-01,2023-03-31,-1
2023-07-27,95330,2024-03-31,1,,,,,,,,,,,,,,,,,,,,,,,,,,,,,60.00,,,,,,,false,true,12,2023-04-01,2024-03-31,0
2023-07-27,95330,2024-03-31,1,,,,,,,,,,,,,,,,,,,,,,,,,,,,,,,,,105256285,136436,105119957,false,false,3,2023-04-01,2023-06-30,0
2023-07-27,95330,2023-03-31,1,,,,,,,,,,,,,,,,,,,,,,,,,,,,,,,,,,,105100666,false,false,3,2022-04-01,2022-06-30,-1
2023-10-31,95330,2024-03-31,2,300906000000,-0.006,,,,,28819000000,2.423,31909000000,2.255,,24597000000,,233.98,,,,,,711083000000,442113000000,0.622,,442113000000,,,,,,,,,,,,true,false,6,2023-04-01,2023-09-30,0
2023-10-31,95330,2023-03-31,2,302843000000,0.457,,,,,8420000000,2.001,9803000000,1.337,,6891000000,,65.56,,,,,,,,,,,,,,,,,,,,,,true,false,6,2022-04-01,2022-09-30,-1
2023-10-31,95330,2024-03-31,2,660000000000,-0.065,,,,,25000000000,-0.428,29000000000,-0.398,,22000000000,,209.24,,,,,,,,,,,,,,,,,,,,,,true,true,12,2023-04-01,2024-03-31,0
2023-10-31,95330,2023-03-31,2,,,,,,,,,,,,,,,,,,,,693519000000,402502000000,0.580,,402502000000,,,,,,,,,,,,true,false,12,2022-04-01,2023-03-31,-1
2023-10-31,95330,2023-03-31,2,,,,,,,,,,,,,,,,,,,,,,,,,,,,,60.00,,,,105256285,135913,,false,false,12,2022-04-01,2023-03-31,-1
2023-10-31,95330,2024-03-31,2,,,,,,,,,,,,,,,,,,,,,,,,,,,,,30.00,,,,,,,false,false,12,2023-04-01,2024-03-31,0
2023-10-31,95330,2024-03-31,2,,,,,,,,,,,,,,,,,,,,,,,,,,,,,60.00,,,,,,,false,true,12,2023-04-01,2024-03-31,0
2023-10-31,95330,2024-03-31,2,,,,,,,,,,,,,,,,,,,,,,,,,,,,,,,,,105256285,113580,105127487,false,false,6,2023-04-01,2023-09-30,0
2023-10-31,95330,2023-03-31,2,,,,,,,,,,,,,,,,,,,,,,,,,,,,,,,,,,,105107714,false,false,6,2022-04-01,2022-09-30,-1
2024-01-30,95330,2024-03-31,3,449584000000,-0.075,,,,,28424000000,0.340,33202000000,0.383,,25474000000,,242.31,,,,,,699524000000,437429000000,0.625,,437429000000,,,,,,,,,,,,true,false,9,2023-04-01,2023-12-31,0
2024-01-30,95330,2023-03-31,3,486016000000,0.446,,,,,21207000000,6.453,24012000000,3.337,,17240000000,,164.02,,,,,,,,,,,,,,,,,,,,,,true,false,9,2022-04-01,2022-12-31,-1
2024-01-30,95330,2024-03-31,3,660000000000,-0.065,,,,,28000000000,-0.360,32000000000,-0.336,,24000000000,,228.26,,,,,,,,,,,,,,,,,,,,,,true,true,12,2023-04-01,2024-03-31,0
2024-01-30,95330,2023-03-31,3,,,,,,,,,,,,,,,,,,,,693519000000,402502000000,0.580,,402502000000,,,,,,,,,,,,true,false,12,2022-04-01,2023-03-31,-1
2024-01-30,95330,2023-03-31,3,,,,,,,,,,,,,,,,,,,,,,,,,,,,,60.00,,,,105256285,135913,,false,false,12,2022-04-01,2023-03-31,-1
2024-01-30,95330,2024-03-31,3,,,,,,,,,,,,,,,,,,,,,,,,,,,,,30.00,,,,,,,false,false,12,2023-04-01,2024-03-31,0
2024-01-30,95330,2024-03-31,3,,,,,,,,,,,,,,,,,,,,,,,,,,,,,60.00,,,,,,,false,true,12,2023-04-01,2024-03-31,0
2024-01-30,95330,2024-03-31,3,,,,,,,,,,,,,,,,,,,,,,,,,,,,,,,,,105256285,114595,105132367,false,false,9,2023-04-01,2023-12-31,0
2024-01-30,95330,2023-03-31,3,,,,,,,,,,,,,,,,,,,,,,,,,,,,,,,,,,,105112292,false,false,9,2022-04-01,2022-12-31,-1
2024-03-21,95330,2024-03-31,,660000000000,0.000,,,,,34000000000,0.214,38000000000,0.188,,25000000000,,237.79,,,,,,,,,,,,,,,,,,,,,,true,true,12,2023-04-01,2024-03-31,0
2024-03-21,95330,2023-03-31,,706073000000,,,,,,43743000000,,48171000000,,,33721000000,,320.80,,,,,,,,,,,,,,,,,,,,,,true,false,12,2022-04-01,2023-03-31,-1
2024-04-25,95330,2024-03-31,,632985000000,-0.104,,,,,33597000000,-0.232,40797000000,-0.153,,27304000000,,259.71,,0.064,0.057,0.053,,734524000000,456852000000,0.622,4345.14,456852000000,47376000000,-42078000000,-14243000000,25431000000,,0.270,,,,,,true,false,12,2023-04-01,2024-03-31,0
2024-04-25,95330,2023-03-31,,706073000000,0.370,,,,,43743000000,1.449,48171000000,1.198,,33721000000,,320.80,,0.086,0.071,0.062,,693519000000,402502000000,0.580,3828.97,402502000000,56414000000,-52435000000,-2939000000,33825000000,,0.187,,,,,,true,false,12,2022-04-01,2023-03-31,-1
2024-04-25,95330,2025-03-31,,640000000000,0.011,,,,,21000000000,-0.375,27000000000,-0.338,,21000000000,,199.73,,,,,,,,,,,,,,,,0.401,,,,,,true,true,12,2024-04-01,2025-03-31,1
2024-04-25,95330,2024-03-31,,497289000000,-0.117,,,,,22828000000,-0.328,33327000000,-0.183,23771000000,,-0.175,226.11,,,,,,574962000000,365497000000,0.636,3476.26,365497000000,,,,,70.00,,,,105256285,115320,105134573,false,false,12,2023-04-01,2024-03-31,0
2024-04-25,95330,2023-03-31,,563120000000,0.407,,,,,33988000000,2.096,40779000000,1.234,28821000000,,1.102,274.19,,,,,,554123000000,327157000000,0.590,3112.22,327157000000,,,,,60.00,,,,105256285,135913,105114370,false,false,12,2022-04-01,2023-03-31,-1
2024-04-25,95330,2025-03-31,,,,,,,,,,,,,,,,,,,,,,,,,,,,,,80.00,,,,,,,false,true,12,2024-04-01,2025-03-31,1
2024-07-31,95330,2025-03-31,1,146103000000,-0.059,,,,,15224000000,-0.355,17064000000,-0.336,,13661000000,,131.30,,,,,,733794000000,468224000000,0.638,,468224000000,,,,,,,,,,,,true,false,3,2024-04-01,2024-06-30,0
2024-07-31,95330,2024-03-31,1,155275000000,0.074,,,,,23622000000,0.814,25683000000,0.796,,18597000000,,176.91,,,,,,,,,,,,,,,,,,,,,,true,false,3,2023-04-01,2023-06-30,-1
2024-07-31,95330,2025-03-31,1,640000000000,0.011,,,,,21000000000,-0.375,27000000000,-0.338,,21000000000,,203.03,,,,,,,,,,,,,,,,,,,,,,true,true,12,2024-04-01,2025-03-31,0
2024-07-31,95330,2024-03-31,1,,,,,,,,,,,,,,,,,,,,734524000000,456852000000,0.622,,456852000000,,,,,,,,,,,,true,false,12,2023-04-01,2024-03-31,-1
2024-07-31,95330,2024-03-31,1,,,,,,,,,,,,,,,,,,,,,,,,,,,,,70.00,,,,105256285,115320,,false,false,12,2023-04-01,2024-03-31,-1
2024-07-31,95330,2025-03-31,1,,,,,,,,,,,,,,,,,,,,,,,,,,,,,80.00,,,,,,,false,true,12,2024-04-01,2025-03-31,0
2024-07-31,95330,2025-03-31,1,,,,,,,,,,,,,,,,,,,,,,,,,,,,,,,,,105256285,1825134,104049983,false,false,3,2024-04-01,2024-06-30,0
2024-07-31,95330,2024-03-31,1,,,,,,,,,,,,,,,,,,,,,,,,,,,,,,,,,,,105119957,false,false,3,2023-04-01,2023-06-30,-1
2024-10-30,95330,2025-03-31,2,293404000000,-0.025,,,,,19098000000,-0.337,22839000000,-0.284,,17989000000,,174.49,,,,,,730942000000,451359000000,0.618,,451359000000,,,,,,,,,,,,true,false,6,2024-04-01,2024-09-30,0
2024-10-30,95330,2024-03-31,2,300906000000,-0.006,,,,,28819000000,2.423,31909000000,2.255,,24597000000,,233.98,,,,,,,,,,,,,,,,,,,,,,true,false,6,2023-04-01,2023-09-30,-1
2024-10-30,95330,2025-03-31,2,640000000000,0.011,,,,,23000000000,-0.315,30000000000,-0.265,,23000000000,,226.60,,,,,,,,,,,,,,,,,,,,,,true,true,12,2024-04-01,2025-03-31,0
2024-10-30,95330,2024-03-31,2,,,,,,,,,,,,,,,,,,,,734524000000,456852000000,0.622,,456852000000,,,,,,,,,,,,true,false,12,2023-04-01,2024-03-31,-1
2024-10-30,95330,2024-03-31,2,,,,,,,,,,,,,,,,,,,,,,,,,,,,,70.00,,,,105256285,115320,,false,false,12,2023-04-01,2024-03-31,-1
2024-10-30,95330,2025-03-31,2,,,,,,,,,,,,,,,,,,,,,,,,,,,,,40.00,,,,,,,false,false,12,2024-04-01,2025-03-31,0
2024-10-30,95330,2025-03-31,2,,,,,,,,,,,,,,,,,,,,,,,,,,,,,80.00,,,,,,,false,true,12,2024-04-01,2025-03-31,0
2024-10-30,95330,2025-03-31,2,,,,,,,,,,,,,,,,,,,,,,,,,,,,,,,,,105256285,3754328,103100472,false,false,6,2024-04-01,2024-09-30,0
2024-10-30,95330,2024-03-31,2,,,,,,,,,,,,,,,,,,,,,,,,,,,,,,,,,,,105127487,false,false,6,2023-04-01,2023-09-30,-1
2025-01-30,95330,2025-03-31,3,460602000000,0.025,,,,,21806000000,-0.233,27703000000,-0.166,,22043000000,,216.06,,,,,,741074000000,444884000000,0.600,,444884000000,,,,,,,,,,,,true,false,9,2024-04-01,2024-12-31,0
2025-01-30,95330,2024-03-31,3,449584000000,-0.075,,,,,28424000000,0.340,33202000000,0.383,,25474000000,,242.31,,,,,,,,,,,,,,,,,,,,,,true,false,9,2023-04-01,2023-12-31,-1
2025-01-30,95330,2025-03-31,3,640000000000,0.011,,,,,26000000000,-0.226,33000000000,-0.191,,25000000000,,251.71,,,,,,,,,,,,,,,,,,,,,,true,true,12,2024-04-01,2025-03-31,0
2025-01-30,95330,2024-03-31,3,,,,,,,,,,,,,,,,,,,,734524000000,456852000000,0.622,,456852000000,,,,,,,,,,,,true,false,12,2023-04-01,2024-03-31,-1
2025-01-30,95330,2024-03-31,3,,,,,,,,,,,,,,,,,,,,,,,,,,,,,70.00,,,,105256285,115320,,false,false,12,2023-04-01,2024-03-31,-1
2025-01-30,95330,2025-03-31,3,,,,,,,,,,,,,,,,,,,,,,,,,,,,,40.00,,,,,,,false,false,12,2024-04-01,2025-03-31,0
2025-01-30,95330,2025-03-31,3,,,,,,,,,,,,,,,,,,,,,,,,,,,,,80.00,,,,,,,false,true,12,2024-04-01,2025-03-31,0
2025-01-30,95330,2025-03-31,3,,,,,,,,,,,,,,,,,,,,,,,,,,,,,,,,,105256285,5935258,102026075,false,false,9,2024-04-01,2024-12-31,0
2025-01-30,95330,2024-03-31,3,,,,,,,,,,,,,,,,,,,,,,,,,,,,,,,,,,,105132367,false,false,9,2023-04-01,2023-12-31,-1
2025-04-30,95330,2025-03-31,,656010000000,0.036,,,,,30887000000,-0.081,32412000000,-0.206,,25454000000,,251.78,,0.056,0.043,0.047,,758765000000,448394000000,0.591,4594.40,448394000000,83096000000,-45165000000,-18769000000,45079000000,,0.313,,,,,,true,false,12,2024-04-01,2025-03-31,0
2025-04-30,95330,2024-03-31,,632985000000,-0.104,,,,,33597000000,-0.232,40797000000,-0.153,,27304000000,,259.71,,0.064,0.057,0.053,,734524000000,456852000000,0.622,4345.14,456852000000,47376000000,-42078000000,-14243000000,25431000000,,0.270,,,,,,true,false,12,2023-04-01,2024-03-31,-1
2025-04-30,95330,2026-03-31,,610000000000,-0.070,,,,,24000000000,-0.223,30000000000,-0.074,,25000000000,,256.16,,,,,,,,,,,,,,,,0.351,,,,,,true,true,12,2025-04-01,2026-03-31,1
2025-04-30,95330,2025-03-31,,510732000000,0.027,,,,,19725000000,-0.136,31829000000,-0.045,24714000000,,0.040,244.46,,,,,,581637000000,342334000000,0.589,3507.67,342334000000,,,,,80.00,,,,98220085,624242,101096308,false,false,12,2024-04-01,2025-03-31,0
2025-04-30,95330,2024-03-31,,497289000000,-0.117,,,,,22828000000,-0.328,33327000000,-0.183,23771000000,,-0.175,226.11,,,,,,574962000000,365497000000,0.636,3476.26,365497000000,,,,,70.00,,,,105256285,115320,105134573,false,false,12,2023-04-01,2024-03-31,-1
2025-04-30,95330,2026-03-31,,,,,,,,,,,,,,,,,,,,,,,,,,,,,,90.00,,,,,,,false,true,12,2025-04-01,2026-03-31,1
2025-07-30,95330,2026-03-31,1,161470000000,0.105,,,,,19840000000,0.303,22039000000,0.292,,16614000000,,172.27,,,,,,739897000000,448714000000,0.606,,448714000000,,,,,,,,,,,,true,false,3,2025-04-01,2025-06-30,0
2025-07-30,95330,2025-03-31,1,146103000000,-0.059,,,,,15224000000,-0.355,17064000000,-0.336,,13661000000,,131.30,,,,,,,,,,,,,,,,,,,,,,true,false,3,2024-04-01,2024-06-30,-1
2025-07-30,95330,2026-03-31,1,610000000000,-0.070,,,,,24000000000,-0.223,30000000000,-0.074,,25000000000,,260.91,,,,,,,,,,,,,,,,,,,,,,true,true,12,2025-04-01,2026-03-31,0
2025-07-30,95330,2025-03-31,1,,,,,,,,,,,,,,,,,,,,758765000000,448394000000,0.591,,448394000000,,,,,,,,,,,,true,false,12,2024-04-01,2025-03-31,-1
2025-07-30,95330,2025-03-31,1,,,,,,,,,,,,,,,,,,,,,,,,,,,,,80.00,,,,98220085,624242,,false,false,12,2024-04-01,2025-03-31,-1
2025-07-30,95330,2026-03-31,1,,,,,,,,,,,,,,,,,,,,,,,,,,,,,90.00,,,,,,,false,true,12,2025-04-01,2026-03-31,0
2025-07-30,95330,2026-03-31,1,,,,,,,,,,,,,,,,,,,,,,,,,,,,,,,,,98220085,2399877,96441038,false,false,3,2025-04-01,2025-06-30,0
2025-07-30,95330,2025-03-31,1,,,,,,,,,,,,,,,,,,,,,,,,,,,,,,,,,,,104049983,false,false,3,2024-04-01,2024-06-30,-1
