filing_date,code,fiscal_year_end,quarterly_period,net_sales,net_sales_change,revenue,revenue_change,operating_revenue,operating_revenue_change,operating_profit,operating_profit_change,ordinary_profit,ordinary_profit_change,net_income,net_income_of_parent,net_income_change,eps,diluted_eps,roe,roa,operating_profit_to_net_sales,operating_profit_to_revenue,total_assets,net_assets,equity_ratio,bps,owner_equity,operating_cash_flow,investing_cash_flow,financing_cash_flow,cash,dividend_per_share,payout_ratio,commemorative_dividend,extra_dividend,number_of_shares,number_of_treqsury_shares,avg_number_of_shares,is_consolidated,is_forecast,duration,period_start,period_end,period_pos
2015-07-29,95340,2016-03-31,1,21578000000,0.005,,,,,1579000000,-0.168,1542000000,-0.153,,1083000000,,14.20,12.28,,,,,126556000000,40229000000,0.303,,38389000000,,,,,,,,,,,,true,false,3,2015-04-01,2015-06-30,0
2015-07-29,95340,2015-03-31,1,21462000000,0.092,,,,,1898000000,0.019,1820000000,0.004,,1221000000,,17.62,13.84,,,,,,,,,,,,,,,,,,,,,true,false,3,2014-04-01,2014-06-30,-1
2015-07-29,95340,2016-03-31,1,42500000000,0.058,,,,,300000000,-0.773,200000000,-0.813,,130000000,,1.70,,,,,,,,,,,,,,,,,,,,,,true,true,6,2015-04-01,2015-09-30,0
2015-07-29,95340,2016-03-31,1,102000000000,0.012,,,,,1750000000,-0.329,1200000000,-0.282,,780000000,,10.22,,,,,,,,,,,,,,,,,,,,,,true,true,12,2015-04-01,2016-03-31,0
2015-07-29,95340,2015-03-31,1,,,,,,,,,,,,,,,,,,,,130103000000,38842000000,0.284,,36996000000,,,,,,,,,,,,true,false,12,2014-04-01,2015-03-31,-1
2015-07-29,95340,2015-03-31,1,,,,,,,,,,,,,,,,,,,,,,,,,,,,,8.00,,,,75535242,566617,,false,false,12,2014-04-01,2015-03-31,-1
2015-07-29,95340,2016-03-31,1,,,,,,,,,,,,,,,,,,,,,,,,,,,,,8.00,,,,,,,false,true,12,2015-04-01,2016-03-31,0
2015-07-29,95340,2016-03-31,1,,,,,,,,,,,,,,,,,,,,,,,,,,,,,,,,,77134475,573851,76304543,false,false,3,2015-04-01,2015-06-30,0
2015-07-29,95340,2015-03-31,1,,,,,,,,,,,,,,,,,,,,,,,,,,,,,,,,,,,69323842,false,false,3,2014-04-01,2014-06-30,-1
2015-10-30,95340,2016-03-31,2,39763000000,-0.010,,,,,569000000,-0.569,388000000,-0.637,,201000000,,2.62,2.30,,,,,126826000000,39475000000,0.297,,37641000000,,,,,,,,,,,,true,false,6,2015-04-01,2015-09-30,0
2015-10-30,95340,2015-03-31,2,40177000000,0.089,,,,,1321000000,-0.212,1071000000,-0.265,,1398000000,,20.16,15.86,,,,,,,,,,,,,,,,,,,,,true,false,6,2014-04-01,2014-09-30,-1
2015-10-30,95340,2016-03-31,2,102000000000,0.012,,,,,1750000000,-0.329,1200000000,-0.282,,780000000,,10.11,,,,,,,,,,,,,,,,,,,,,,true,true,12,2015-04-01,2016-03-31,0
2015-10-30,95340,2015-03-31,2,,,,,,,,,,,,,,,,,,,,130103000000,38842000000,0.284,,36996000000,,,,,,,,,,,,true,false,12,2014-04-01,2015-03-31,-1
2015-10-30,95340,2015-03-31,2,,,,,,,,,,,,,,,,,,,,,,,,,,,,,8.00,,,,75535242,566617,,false,false,12,2014-04-01,2015-03-31,-1
2015-10-30,95340,2016-03-31,2,,,,,,,,,,,,,,,,,,,,,,,,,,,,,4.00,,,,,,,false,false,12,2015-04-01,2016-03-31,0
2015-10-30,95340,2016-03-31,2,,,,,,,,,,,,,,,,,,,,,,,,,,,,,8.00,,,,,,,false,true,12,2015-04-01,2016-03-31,0
2015-10-30,95340,2016-03-31,2,,,,,,,,,,,,,,,,,,,,,,,,,,,,,,,,,78779501,578218,77161119,false,false,6,2015-04-01,2015-09-30,0
2015-10-30,95340,2015-03-31,2,,,,,,,,,,,,,,,,,,,,,,,,,,,,,,,,,,,69337542,false,false,6,2014-04-01,2014-09-30,-1
2016-01-29,95340,2016-03-31,3,62260000000,-0.046,,,,,-518000000,,-787000000,,,-715000000,,-9.23,,,,,,128435000000,38570000000,0.286,,36701000000,,,,,,,,,,,,true,false,9,2015-04-01,2015-12-31,0
2016-01-29,95340,2015-03-31,3,65246000000,0.086,,,,,-217000000,,-605000000,,,165000000,,2.38,1.92,,,,,,,,,,,,,,,,,,,,,true,false,9,2014-04-01,2014-12-31,-1
2016-01-29,95340,2016-03-31,3,102000000000,0.012,,,,,1750000000,-0.329,1200000000,-0.282,,780000000,,10.06,,,,,,,,,,,,,,,,,,,,,,true,true,12,2015-04-01,2016-03-31,0
2016-01-29,95340,2015-03-31,3,,,,,,,,,,,,,,,,,,,,130103000000,38842000000,0.284,,36996000000,,,,,,,,,,,,true,false,12,2014-04-01,2015-03-31,-1
2016-01-29,95340,2015-03-31,3,,,,,,,,,,,,,,,,,,,,,,,,,,,,,8.00,,,,75535242,566617,,false,false,12,2014-04-01,2015-03-31,-1
2016-01-29,95340,2016-03-31,3,,,,,,,,,,,,,,,,,,,,,,,,,,,,,4.00,,,,,,,false,false,12,2015-04-01,2016-03-31,0
2016-01-29,95340,2016-03-31,3,,,,,,,,,,,,,,,,,,,,,,,,,,,,,8.00,,,,,,,false,true,12,2015-04-01,2016-03-31,0
2016-01-29,95340,2016-03-31,3,,,,,,,,,,,,,,,,,,,,,,,,,,,,,,,,,79035222,585058,77545611,false,false,9,2015-04-01,2015-12-31,0
2016-01-29,95340,2015-03-31,3,,,,,,,,,,,,,,,,,,,,,,,,,,,,,,,,,,,69370218,false,false,9,2014-04-01,2014-12-31,-1
2016-04-28,95340,2016-03-31,,93131000000,-0.076,,,,,2013000000,-0.228,1785000000,0.068,,1151000000,,14.77,13.07,0.030,0.014,0.022,,130357000000,40625000000,0.297,485.06,38696000000,14333000000,-12134000000,620000000,3963000000,,0.542,,,,,,true,false,12,2015-04-01,2016-03-31,0
2016-04-28,95340,2015-03-31,,100830000000,0.076,,,,,2608000000,0.310,1671000000,0.074,,1823000000,,26.06,20.71,0.051,0.013,0.026,,130103000000,38842000000,0.284,493.49,36996000000,11791000000,-8968000000,-3224000000,1143000000,,0.307,,,,,,true,false,12,2014-04-01,2015-03-31,-1
2016-04-28,95340,2017-03-31,,35000000000,-0.120,,,,,250000000,-0.561,200000000,-0.486,,150000000,,1.88,,,,,,,,,,,,,,,,,,,,,,true,true,6,2016-04-01,2016-09-30,1
2016-04-28,95340,2017-03-31,,88000000000,-0.055,,,,,2000000000,-0.006,1800000000,0.008,,1250000000,,15.67,,,,,,,,,,,,,,,,0.511,,,,,,true,true,12,2016-04-01,2017-03-31,1
2016-04-28,95340,2016-03-31,,78370000000,-0.080,,,,,1440000000,-0.417,1111000000,-0.241,771000000,,-0.536,9.90,8.77,,,,,116345000000,32438000000,0.279,406.57,32434000000,,,,,8.00,,,,80363464,587429,77945636,false,false,12,2015-04-01,2016-03-31,0
2016-04-28,95340,2015-03-31,,85196000000,0.094,,,,,2470000000,0.081,1464000000,-0.122,1663000000,,-0.260,23.77,18.89,,,,,115681000000,31180000000,0.270,415.92,31180000000,,,,,8.00,,,,75535242,566617,69994449,false,false,12,2014-04-01,2015-03-31,-1
2016-04-28,95340,2017-03-31,,29000000000,-0.135,,,,,200000000,-0.715,150000000,-0.707,100000000,,-0.744,1.25,,,,,,,,,,,,,,,,,,,,,,false,true,6,2016-04-01,2016-09-30,1
2016-04-28,95340,2017-03-31,,72700000000,-0.072,,,,,1200000000,-0.167,1300000000,0.170,900000000,,0.167,11.28,,,,,,,,,,,,,,,8.00,,,,,,,false,true,12,2016-04-01,2017-03-31,1
2016-07-27,95340,2017-03-31,1,18160000000,-0.158,,,,,751000000,-0.524,1177000000,-0.236,,815000000,,10.22,9.24,,,,,123106000000,41141000000,0.318,,39202000000,,,,,,,,,,,,true,false,3,2016-04-01,2016-06-30,0
2016-07-27,95340,2016-03-31,1,21578000000,0.005,,,,,1579000000,-0.168,1542000000,-0.153,,1083000000,,14.20,12.28,,,,,,,,,,,,,,,,,,,,,true,false,3,2015-04-01,2015-06-30,-1
2016-07-27,95340,2017-03-31,1,35000000000,-0.120,,,,,250000000,-0.561,200000000,-0.486,,150000000,,1.88,,,,,,,,,,,,,,,,,,,,,,true,true,6,2016-04-01,2016-09-30,0
2016-07-27,95340,2017-03-31,1,88000000000,-0.055,,,,,2000000000,-0.006,1800000000,0.008,,1250000000,,15.67,,,,,,,,,,,,,,,,,,,,,,true,true,12,2016-04-01,2017-03-31,0
2016-07-27,95340,2016-03-31,1,,,,,,,,,,,,,,,,,,,,130357000000,40625000000,0.297,,38696000000,,,,,,,,,,,,true,false,12,2015-04-01,2016-03-31,-1
2016-07-27,95340,2016-03-31,1,,,,,,,,,,,,,,,,,,,,,,,,,,,,,8.00,,,,80363464,587429,,false,false,12,2015-04-01,2016-03-31,-1
2016-07-27,95340,2017-03-31,1,,,,,,,,,,,,,,,,,,,,,,,,,,,,,8.00,,,,,,,false,true,12,2016-04-01,2017-03-31,0
2016-07-27,95340,2017-03-31,1,,,,,,,,,,,,,,,,,,,,,,,,,,,,,,,,,80371096,589943,79776440,false,false,3,2016-04-01,2016-06-30,0
2016-07-27,95340,2016-03-31,1,,,,,,,,,,,,,,,,,,,,,,,,,,,,,,,,,,,76304543,false,false,3,2015-04-01,2015-06-30,-1
2016-10-26,95340,2017-03-31,2,34264000000,-0.138,,,,,-287000000,,-11000000,,,-131000000,,-1.64,,,,,,132245000000,40380000000,0.291,,38420000000,,,,,,,,,,,,true,false,6,2016-04-01,2016-09-30,0
2016-10-26,95340,2016-03-31,2,39763000000,-0.010,,,,,569000000,-0.569,388000000,-0.637,,201000000,,2.62,2.30,,,,,,,,,,,,,,,,,,,,,true,false,6,2015-04-01,2015-09-30,-1
2016-10-26,95340,2017-03-31,2,88000000000,-0.055,,,,,2000000000,-0.006,1800000000,0.008,,1250000000,,15.66,,,,,,,,,,,,,,,,,,,,,,true,true,12,2016-04-01,2017-03-31,0
2016-10-26,95340,2016-03-31,2,,,,,,,,,,,,,,,,,,,,130357000000,40625000000,0.297,,38696000000,,,,,,,,,,,,true,false,12,2015-04-01,2016-03-31,-1
2016-10-26,95340,2016-03-31,2,,,,,,,,,,,,,,,,,,,,,,,,,,,,,8.00,,,,80363464,587429,,false,false,12,2015-04-01,2016-03-31,-1
2016-10-26,95340,2017-03-31,2,,,,,,,,,,,,,,,,,,,,,,,,,,,,,4.00,,,,,,,false,false,12,2016-04-01,2017-03-31,0
2016-10-26,95340,2017-03-31,2,,,,,,,,,,,,,,,,,,,,,,,,,,,,,8.00,,,,,,,false,true,12,2016-04-01,2017-03-31,0
2016-10-26,95340,2017-03-31,2,,,,,,,,,,,,,,,,,,,,,,,,,,,,,,,,,80584834,592285,79832782,false,false,6,2016-04-01,2016-09-30,0
2016-10-26,95340,2016-03-31,2,,,,,,,,,,,,,,,,,,,,,,,,,,,,,,,,,,,77161119,false,false,6,2015-04-01,2015-09-30,-1
2017-01-31,95340,2017-03-31,3,56014000000,-0.100,,,,,-1123000000,,-866000000,,,-883000000,,-11.06,,,,,,136323000000,39454000000,0.275,,37468000000,,,,,,,,,,,,true,false,9,2016-04-01,2016-12-31,0
2017-01-31,95340,2016-03-31,3,62260000000,-0.046,,,,,-518000000,,-787000000,,,-715000000,,-9.23,,,,,,,,,,,,,,,,,,,,,,true,false,9,2015-04-01,2015-12-31,-1
2017-01-31,95340,2017-03-31,3,88000000000,-0.055,,,,,2000000000,-0.006,1800000000,0.008,,1250000000,,15.65,,,,,,,,,,,,,,,,,,,,,,true,true,12,2016-04-01,2017-03-31,0
2017-01-31,95340,2016-03-31,3,,,,,,,,,,,,,,,,,,,,130357000000,40625000000,0.297,,38696000000,,,,,,,,,,,,true,false,12,2015-04-01,2016-03-31,-1
2017-01-31,95340,2016-03-31,3,,,,,,,,,,,,,,,,,,,,,,,,,,,,,8.00,,,,80363464,587429,,false,false,12,2015-04-01,2016-03-31,-1
2017-01-31,95340,2017-03-31,3,,,,,,,,,,,,,,,,,,,,,,,,,,,,,4.00,,,,,,,false,false,12,2016-04-01,2017-03-31,0
2017-01-31,95340,2017-03-31,3,,,,,,,,,,,,,,,,,,,,,,,,,,,,,8.00,,,,,,,false,true,12,2016-04-01,2017-03-31,0
2017-01-31,95340,2017-03-31,3,,,,,,,,,,,,,,,,,,,,,,,,,,,,,,,,,80634449,599874,79890844,false,false,9,2016-04-01,2016-12-31,0
2017-01-31,95340,2016-03-31,3,,,,,,,,,,,,,,,,,,,,,,,,,,,,,,,,,,,77545611,false,false,9,2015-04-01,2015-12-31,-1
2017-04-28,95340,2017-03-31,,87040000000,-0.065,,,,,1505000000,-0.252,1824000000,0.021,,1297000000,,16.19,14.71,0.033,0.014,0.017,,136058000000,42048000000,0.295,488.12,40072000000,11415000000,-14867000000,555000000,1066000000,,0.494,,,,,,true,false,12,2016-04-01,2017-03-31,0
2017-04-28,95340,2016-03-31,,93131000000,-0.076,,,,,2013000000,-0.228,1785000000,0.068,,1151000000,,14.77,13.07,0.030,0.014,0.022,,130357000000,40625000000,0.297,485.06,38696000000,14333000000,-12134000000,620000000,3963000000,,0.542,,,,,,true,false,12,2015-04-01,2016-03-31,-1
2017-04-28,95340,2018-03-31,,100000000000,0.149,,,,,2200000000,0.461,1900000000,0.042,1200000000,,-0.075,14.62,,,,,,,,,,,,,,,,0.547,,,,,,true,true,12,2017-04-01,2018-03-31,1
2017-04-28,95340,2017-03-31,,71895000000,-0.083,,,,,907000000,-0.370,1246000000,0.122,1084000000,,0.406,13.54,12.30,,,,,121140000000,33666000000,0.278,409.93,33653000000,,,,,8.00,,,,82703137,607047,80120274,false,false,12,2016-04-01,2017-03-31,0
2017-04-28,95340,2016-03-31,,78370000000,-0.080,,,,,1440000000,-0.417,1111000000,-0.241,771000000,,-0.536,9.90,8.77,,,,,116345000000,32438000000,0.279,406.57,32434000000,,,,,8.00,,,,80363464,587429,77945636,false,false,12,2015-04-01,2016-03-31,-1
2017-04-28,95340,2018-03-31,,89000000000,0.238,,,,,1800000000,0.984,1500000000,0.203,1050000000,,-0.032,12.79,,,,,,,,,,,,,,,8.00,,,,,,,false,true,12,2017-04-01,2018-03-31,1
2017-07-27,95340,2018-03-31,1,21559000000,0.187,,,,,1491000000,0.985,1599000000,0.358,,1182000000,,13.97,13.38,,,,,131168000000,43882000000,0.319,,41907000000,,,,,,,,,,,,true,false,3,2017-04-01,2017-06-30,0
2017-07-27,95340,2017-03-31,1,18160000000,-0.158,,,,,751000000,-0.524,1177000000,-0.236,,815000000,,10.22,9.24,,,,,,,,,,,,,,,,,,,,,true,false,3,2016-04-01,2016-06-30,-1
2017-07-27,95340,2018-03-31,1,100000000000,0.149,,,,,2200000000,0.461,1900000000,0.042,,1200000000,,14.18,,,,,,,,,,,,,,,,,,,,,,true,true,12,2017-04-01,2018-03-31,0
2017-07-27,95340,2017-03-31,1,,,,,,,,,,,,,,,,,,,,136058000000,42048000000,0.295,,40072000000,,,,,,,,,,,,true,false,12,2016-04-01,2017-03-31,-1
2017-07-27,95340,2017-03-31,1,,,,,,,,,,,,,,,,,,,,,,,,,,,,,8.00,,,,82703137,607047,,false,false,12,2016-04-01,2017-03-31,-1
2017-07-27,95340,2018-03-31,1,,,,,,,,,,,,,,,,,,,,,,,,,,,,,8.00,,,,,,,false,true,12,2017-04-01,2018-03-31,0
2017-07-27,95340,2018-03-31,1,,,,,,,,,,,,,,,,,,,,,,,,,,,,,,,,,86439761,615207,84610317,false,false,3,2017-04-01,2017-06-30,0
2017-07-27,95340,2017-03-31,1,,,,,,,,,,,,,,,,,,,,,,,,,,,,,,,,,,,79776440,false,false,3,2016-04-01,2016-06-30,-1
2017-10-27,95340,2018-03-31,2,41378000000,0.208,,,,,807000000,,865000000,,,528000000,,6.15,6.14,,,,,134389000000,43680000000,0.311,,41813000000,,,,,,,,,,,,true,false,6,2017-04-01,2017-09-30,0
2017-10-27,95340,2017-03-31,2,34264000000,-0.138,,,,,-287000000,,-11000000,,,-131000000,,-1.64,,,,,,,,,,,,,,,,,,,,,,true,false,6,2016-04-01,2016-09-30,-1
2017-10-27,95340,2018-03-31,2,100000000000,0.149,,,,,2200000000,0.461,1900000000,0.042,,1200000000,,13.97,,,,,,,,,,,,,,,,,,,,,,true,true,12,2017-04-01,2018-03-31,0
2017-10-27,95340,2017-03-31,2,,,,,,,,,,,,,,,,,,,,136058000000,42048000000,0.295,,40072000000,,,,,,,,,,,,true,false,12,2016-04-01,2017-03-31,-1
2017-10-27,95340,2017-03-31,2,,,,,,,,,,,,,,,,,,,,,,,,,,,,,8.00,,,,82703137,607047,,false,false,12,2016-04-01,2017-03-31,-1
2017-10-27,95340,2018-03-31,2,,,,,,,,,,,,,,,,,,,,,,,,,,,,,4.00,,,,,,,false,false,12,2017-04-01,2018-03-31,0
2017-10-27,95340,2018-03-31,2,,,,,,,,,,,,,,,,,,,,,,,,,,,,,8.00,,,,,,,false,true,12,2017-04-01,2018-03-31,0
2017-10-27,95340,2018-03-31,2,,,,,,,,,,,,,,,,,,,,,,,,,,,,,,,,,88691638,625557,85899123,false,false,6,2017-04-01,2017-09-30,0
2017-10-27,95340,2017-03-31,2,,,,,,,,,,,,,,,,,,,,,,,,,,,,,,,,,,,79832782,false,false,6,2016-04-01,2016-09-30,-1
2018-01-31,95340,2018-03-31,3,67956000000,0.213,,,,,237000000,,276000000,,,68000000,,0.79,0.79,,,,,141210000000,42920000000,0.291,,41029000000,,,,,,,,,,,,true,false,9,2017-04-01,2017-12-31,0
2018-01-31,95340,2017-03-31,3,56014000000,-0.100,,,,,-1123000000,,-866000000,,,-883000000,,-11.06,,,,,,,,,,,,,,,,,,,,,,true,false,9,2016-04-01,2016-12-31,-1
2018-01-31,95340,2018-03-31,3,100000000000,0.149,,,,,2200000000,0.461,1900000000,0.042,,1200000000,,13.85,,,,,,,,,,,,,,,,,,,,,,true,true,12,2017-04-01,2018-03-31,0
2018-01-31,95340,2017-03-31,3,,,,,,,,,,,,,,,,,,,,136058000000,42048000000,0.295,,40072000000,,,,,,,,,,,,true,false,12,2016-04-01,2017-03-31,-1
2018-01-31,95340,2017-03-31,3,,,,,,,,,,,,,,,,,,,,,,,,,,,,,8.00,,,,82703137,607047,,false,false,12,2016-04-01,2017-03-31,-1
2018-01-31,95340,2018-03-31,3,,,,,,,,,,,,,,,,,,,,,,,,,,,,,4.00,,,,,,,false,false,12,2017-04-01,2018-03-31,0
2018-01-31,95340,2018-03-31,3,,,,,,,,,,,,,,,,,,,,,,,,,,,,,8.00,,,,,,,false,true,12,2017-04-01,2018-03-31,0
2018-01-31,95340,2018-03-31,3,,,,,,,,,,,,,,,,,,,,,,,,,,,,,,,,,88691638,628071,86621788,false,false,9,2017-04-01,2017-12-31,0
2018-01-31,95340,2017-03-31,3,,,,,,,,,,,,,,,,,,,,,,,,,,,,,,,,,,,79890844,false,false,9,2016-04-01,2016-12-31,-1
2018-04-27,95340,2018-03-31,,103580000000,0.190,,,,,2874000000,0.910,2911000000,0.596,,1923000000,,22.11,22.08,0.046,0.021,0.028,,147250000000,44644000000,0.290,485.35,42739000000,16729000000,-17819000000,3313000000,3291000000,,0.362,,,,,,true,false,12,2017-04-01,2018-03-31,0
2018-04-27,95340,2017-03-31,,87040000000,-0.065,,,,,1505000000,-0.252,1824000000,0.021,,1297000000,,16.19,14.71,0.033,0.014,0.017,,136058000000,42048000000,0.295,488.12,40072000000,11415000000,-14867000000,555000000,1066000000,,0.494,,,,,,true,false,12,2016-04-01,2017-03-31,-1
2018-04-27,95340,2019-03-31,,117000000000,0.130,,,,,2600000000,-0.096,2600000000,-0.107,,2300000000,,130.59,,,,,,,,,,,,,,,,,,,,,,true,true,12,2018-04-01,2019-03-31,1
2018-04-27,95340,2018-03-31,,87872000000,0.222,,,,,2024000000,1.231,1897000000,0.522,1212000000,,0.118,13.94,13.92,,,,,130156000000,35607000000,0.273,404.13,35587000000,,,,,8.00,,,,88691638,632725,86981318,false,false,12,2017-04-01,2018-03-31,0
2018-04-27,95340,2017-03-31,,71895000000,-0.083,,,,,907000000,-0.370,1246000000,0.122,1084000000,,0.406,13.54,12.30,,,,,121140000000,33666000000,0.278,409.93,33653000000,,,,,8.00,,,,82703137,607047,80120274,false,false,12,2016-04-01,2017-03-31,-1
2018-04-27,95340,2019-03-31,,101000000000,0.149,,,,,2000000000,-0.012,1900000000,0.001,2300000000,,0.896,130.59,,,,,,,,,,,,,,,22.50,,,,,,,false,true,12,2018-04-01,2019-03-31,1
2018-07-31,95340,2019-03-31,1,24081000000,0.117,,,,,1230000000,-0.175,1312000000,-0.179,,949000000,,10.78,10.76,,,,,142179000000,45427000000,0.306,,43520000000,,,,,,,,,,,,true,false,3,2018-04-01,2018-06-30,0
2018-07-31,95340,2018-03-31,1,21559000000,0.187,,,,,1491000000,0.985,1599000000,0.358,,1182000000,,13.97,13.38,,,,,,,,,,,,,,,,,,,,,true,false,3,2017-04-01,2017-06-30,-1
2018-07-31,95340,2019-03-31,1,117000000000,0.130,,,,,2600000000,-0.096,2600000000,-0.107,,2300000000,,130.60,,,,,,,,,,,,,,,,,,,,,,true,true,12,2018-04-01,2019-03-31,0
2018-07-31,95340,2018-03-31,1,,,,,,,,,,,,,,,,,,,,147199000000,44644000000,0.290,,42739000000,,,,,,,,,,,,true,false,12,2017-04-01,2018-03-31,-1
2018-07-31,95340,2018-03-31,1,,,,,,,,,,,,,,,,,,,,,,,,,,,,,8.00,,,,88691638,632725,,false,false,12,2017-04-01,2018-03-31,-1
2018-07-31,95340,2019-03-31,1,,,,,,,,,,,,,,,,,,,,,,,,,,,,,22.50,,,,,,,false,true,12,2018-04-01,2019-03-31,0
2018-07-31,95340,2019-03-31,1,,,,,,,,,,,,,,,,,,,,,,,,,,,,,,,,,88691638,634642,88057982,false,false,3,2018-04-01,2018-06-30,0
2018-07-31,95340,2018-03-31,1,,,,,,,,,,,,,,,,,,,,,,,,,,,,,,,,,,,84610317,false,false,3,2017-04-01,2017-06-30,-1
2018-10-31,95340,2019-03-31,2,46494000000,0.124,,,,,661000000,-0.182,718000000,-0.170,,1006000000,,57.14,57.04,,,,,147115000000,45575000000,0.297,,43677000000,,,,,,,,,,,,true,false,6,2018-04-01,2018-09-30,0
2018-10-31,95340,2018-03-31,2,41378000000,0.208,,,,,807000000,,865000000,,,528000000,,30.74,30.70,,,,,,,,,,,,,,,,,,,,,true,false,6,2017-04-01,2017-09-30,-1
2018-10-31,95340,2019-03-31,2,117000000000,0.130,,,,,2600000000,-0.096,2600000000,-0.107,,2300000000,,130.60,,,,,,,,,,,,,,,,,,,,,,true,true,12,2018-04-01,2019-03-31,0
2018-10-31,95340,2018-03-31,2,,,,,,,,,,,,,,,,,,,,147199000000,44644000000,0.290,,42739000000,,,,,,,,,,,,true,false,12,2017-04-01,2018-03-31,-1
2018-10-31,95340,2018-03-31,2,,,,,,,,,,,,,,,,,,,,,,,,,,,,,8.00,,,,17738327,126545,,false,false,12,2017-04-01,2018-03-31,-1
2018-10-31,95340,2019-03-31,2,,,,,,,,,,,,,,,,,,,,,,,,,,,,,4.50,,,,,,,false,false,12,2018-04-01,2019-03-31,0
2018-10-31,95340,2019-03-31,2,,,,,,,,,,,,,,,,,,,,,,,,,,,,,22.50,,,,,,,false,true,12,2018-04-01,2019-03-31,0
2018-10-31,95340,2019-03-31,2,,,,,,,,,,,,,,,,,,,,,,,,,,,,,,,,,17738327,127716,17611215,false,false,6,2018-04-01,2018-09-30,0
2018-10-31,95340,2018-03-31,2,,,,,,,,,,,,,,,,,,,,,,,,,,,,,,,,,,,17179824,false,false,6,2017-04-01,2017-09-30,-1
2019-01-31,95340,2019-03-31,3,77503000000,0.140,,,,,-20000000,,175000000,-0.363,,590000000,,33.54,33.48,,,,,152295000000,44305000000,0.278,,42386000000,,,,,,,,,,,,true,false,9,2018-04-01,2018-12-31,0
2019-01-31,95340,2018-03-31,3,67956000000,0.213,,,,,237000000,,276000000,,,68000000,,3.95,3.94,,,,,,,,,,,,,,,,,,,,,true,false,9,2017-04-01,2017-12-31,-1
2019-01-31,95340,2019-03-31,3,117000000000,0.130,,,,,2600000000,-0.096,2600000000,-0.107,,2300000000,,130.60,,,,,,,,,,,,,,,,,,,,,,true,true,12,2018-04-01,2019-03-31,0
2019-01-31,95340,2018-03-31,3,,,,,,,,,,,,,,,,,,,,147199000000,44644000000,0.290,,42739000000,,,,,,,,,,,,true,false,12,2017-04-01,2018-03-31,-1
2019-01-31,95340,2018-03-31,3,,,,,,,,,,,,,,,,,,,,,,,,,,,,,8.00,,,,17738327,126545,,false,false,12,2017-04-01,2018-03-31,-1
2019-01-31,95340,2019-03-31,3,,,,,,,,,,,,,,,,,,,,,,,,,,,,,4.50,,,,,,,false,false,12,2018-04-01,2019-03-31,0
2019-01-31,95340,2019-03-31,3,,,,,,,,,,,,,,,,,,,,,,,,,,,,,22.50,,,,,,,false,true,12,2018-04-01,2019-03-31,0
2019-01-31,95340,2019-03-31,3,,,,,,,,,,,,,,,,,,,,,,,,,,,,,,,,,17737806,128231,17610781,false,false,9,2018-04-01,2018-12-31,0
2019-01-31,95340,2018-03-31,3,,,,,,,,,,,,,,,,,,,,,,,,,,,,,,,,,,,17324357,false,false,9,2017-04-01,2017-12-31,-1
2019-04-26,95340,2019-03-31,,121174000000,0.170,,,,,4060000000,0.412,4222000000,0.450,,3503000000,,198.95,198.59,0.080,0.028,0.034,,149566000000,46910000000,0.301,2552.52,44947000000,12362000000,-15840000000,1884000000,1697000000,,0.226,,,,,,true,false,12,2018-04-01,2019-03-31,0
2019-04-26,95340,2018-03-31,,103580000000,0.190,,,,,2874000000,0.910,2911000000,0.596,,1923000000,,110.56,110.40,0.046,0.021,0.028,,147199000000,44644000000,0.290,2426.77,42739000000,16729000000,-17819000000,3313000000,3291000000,,0.362,,,,,,true,false,12,2017-04-01,2018-03-31,-1
2019-04-26,95340,2020-03-31,,130000000000,0.073,,,,,3800000000,-0.064,4200000000,-0.005,,3000000000,,170.37,,,,,,,,,,,,,,,,0.264,,,,,,true,true,12,2019-04-01,2020-03-31,1
2019-04-26,95340,2019-03-31,,104696000000,0.191,,,,,2932000000,0.449,2891000000,0.524,2980000000,,1.458,169.26,168.95,,,,,133463000000,37501000000,0.281,2127.99,37471000000,,,,,22.50,,,,17737806,128725,17610409,false,false,12,2018-04-01,2019-03-31,0
2019-04-26,95340,2018-03-31,,87872000000,0.222,,,,,2024000000,1.231,1897000000,0.522,1212000000,,0.118,69.72,69.62,,,,,130156000000,35607000000,0.273,2020.64,35587000000,,,,,8.00,,,,17738327,126545,17396263,false,false,12,2017-04-01,2018-03-31,-1
2019-04-26,95340,2020-03-31,,113500000000,0.084,,,,,3000000000,0.023,3100000000,0.072,2200000000,,-0.262,124.94,,,,,,,,,,,,,,,22.50,,,,,,,false,true,12,2019-04-01,2020-03-31,1
,95340,2020-03-31,,,,,,,,,,,,,,,,,,,,,,,,,,,,,,50.00,,,,,,,false,true,12,2019-04-01,2020-03-31,0
,95340,2019-03-31,,,,,,,,,,,,,,,,,,,,,,,,,,,,,,22.50,,,,,,,false,false,12,2018-04-01,2019-03-31,-1
2019-07-31,95340,2020-03-31,1,28261000000,0.174,,,,,2126000000,0.728,2511000000,0.915,,1960000000,,111.33,111.09,,,,,152806000000,48675000000,0.306,,46702000000,,,,,,,,,,,,true,false,3,2019-04-01,2019-06-30,0
2019-07-31,95340,2019-03-31,1,24081000000,0.117,,,,,1230000000,-0.175,1312000000,-0.179,,949000000,,53.91,53.82,,,,,,,,,,,,,,,,,,,,,true,false,3,2018-04-01,2018-06-30,-1
2019-07-31,95340,2020-03-31,1,130000000000,0.073,,,,,3800000000,-0.064,4200000000,-0.005,,3000000000,,170.37,,,,,,,,,,,,,,,,,,,,,,true,true,12,2019-04-01,2020-03-31,0
2019-07-31,95340,2019-03-31,1,,,,,,,,,,,,,,,,,,,,149566000000,46910000000,0.301,,44947000000,,,,,,,,,,,,true,false,12,2018-04-01,2019-03-31,-1
2019-07-31,95340,2019-03-31,1,,,,,,,,,,,,,,,,,,,,,,,,,,,,,22.50,,,,17737806,128725,,false,false,12,2018-04-01,2019-03-31,-1
2019-07-31,95340,2020-03-31,1,,,,,,,,,,,,,,,,,,,,,,,,,,,,,50.00,,,,,,,false,true,12,2019-04-01,2020-03-31,0
2019-07-31,95340,2020-03-31,1,,,,,,,,,,,,,,,,,,,,,,,,,,,,,,,,,17737806,128781,17609052,false,false,3,2019-04-01,2019-06-30,0
2019-07-31,95340,2019-03-31,1,,,,,,,,,,,,,,,,,,,,,,,,,,,,,,,,,,,17611596,false,false,3,2018-04-01,2018-06-30,-1
2019-10-30,95340,2020-03-31,2,54526000000,0.173,,,,,590000000,-0.106,1163000000,0.619,,975000000,,55.41,55.29,,,,,149437000000,47729000000,0.306,,45747000000,,,,,,,,,,,,true,false,6,2019-04-01,2019-09-30,0
2019-10-30,95340,2019-03-31,2,46494000000,0.124,,,,,661000000,-0.182,718000000,-0.170,,1006000000,,57.14,57.04,,,,,,,,,,,,,,,,,,,,,true,false,6,2018-04-01,2018-09-30,-1
2019-10-30,95340,2020-03-31,2,130000000000,0.073,,,,,3800000000,-0.064,4200000000,-0.005,,3000000000,,170.37,,,,,,,,,,,,,,,,,,,,,,true,true,12,2019-04-01,2020-03-31,0
2019-10-30,95340,2019-03-31,2,,,,,,,,,,,,,,,,,,,,149566000000,46910000000,0.301,,44947000000,,,,,,,,,,,,true,false,12,2018-04-01,2019-03-31,-1
2019-10-30,95340,2019-03-31,2,,,,,,,,,,,,,,,,,,,,,,,,,,,,,22.50,,,,17737806,128725,,false,false,12,2018-04-01,2019-03-31,-1
2019-10-30,95340,2020-03-31,2,,,,,,,,,,,,,,,,,,,,,,,,,,,,,25.00,,,,,,,false,false,12,2019-04-01,2020-03-31,0
2019-10-30,95340,2020-03-31,2,,,,,,,,,,,,,,,,,,,,,,,,,,,,,50.00,,,,,,,false,true,12,2019-04-01,2020-03-31,0
2019-10-30,95340,2020-03-31,2,,,,,,,,,,,,,,,,,,,,,,,,,,,,,,,,,17737806,128933,17608977,false,false,6,2019-04-01,2019-09-30,0
2019-10-30,95340,2019-03-31,2,,,,,,,,,,,,,,,,,,,,,,,,,,,,,,,,,,,17611215,false,false,6,2018-04-01,2018-09-30,-1
2020-01-31,95340,2020-03-31,3,85243000000,0.100,,,,,183000000,,721000000,3.103,,613000000,,34.83,34.75,,,,,157413000000,47188000000,0.287,,45175000000,,,,,,,,,,,,true,false,9,2019-04-01,2019-12-31,0
2020-01-31,95340,2019-03-31,3,77503000000,0.140,,,,,-20000000,,175000000,-0.363,,590000000,,33.54,33.48,,,,,,,,,,,,,,,,,,,,,true,false,9,2018-04-01,2018-12-31,-1
2020-01-31,95340,2020-03-31,3,130000000000,0.073,,,,,3800000000,-0.064,4200000000,-0.005,,3000000000,,170.37,,,,,,,,,,,,,,,,,,,,,,true,true,12,2019-04-01,2020-03-31,0
2020-01-31,95340,2019-03-31,3,,,,,,,,,,,,,,,,,,,,149566000000,46910000000,0.301,,44947000000,,,,,,,,,,,,true,false,12,2018-04-01,2019-03-31,-1
2020-01-31,95340,2019-03-31,3,,,,,,,,,,,,,,,,,,,,,,,,,,,,,22.50,,,,17737806,128725,,false,false,12,2018-04-01,2019-03-31,-1
2020-01-31,95340,2020-03-31,3,,,,,,,,,,,,,,,,,,,,,,,,,,,,,25.00,,,,,,,false,false,12,2019-04-01,2020-03-31,0
2020-01-31,95340,2020-03-31,3,,,,,,,,,,,,,,,,,,,,,,,,,,,,,50.00,,,,,,,false,true,12,2019-04-01,2020-03-31,0
2020-01-31,95340,2020-03-31,3,,,,,,,,,,,,,,,,,,,,,,,,,,,,,,,,,17737806,129168,17608895,false,false,9,2019-04-01,2019-12-31,0
2020-01-31,95340,2019-03-31,3,,,,,,,,,,,,,,,,,,,,,,,,,,,,,,,,,,,17610781,false,false,9,2018-04-01,2018-12-31,-1
2020-04-30,95340,2020-03-31,,126375000000,0.043,,,,,4606000000,0.134,5194000000,0.230,,3954000000,,224.58,224.07,0.085,0.035,0.036,,150345000000,50411000000,0.322,2747.48,48378000000,15405000000,-15213000000,-353000000,1537000000,,0.223,,,,,,true,false,12,2019-04-01,2020-03-31,0
2020-04-30,95340,2019-03-31,,121174000000,0.170,,,,,4060000000,0.412,4222000000,0.450,,3503000000,,198.95,198.59,0.080,0.028,0.034,,149566000000,46910000000,0.301,2552.52,44947000000,12362000000,-15840000000,1884000000,1697000000,,0.226,,,,,,true,false,12,2018-04-01,2019-03-31,-1
2020-04-30,95340,2021-03-31,,111000000000,-0.122,,,,,2700000000,-0.414,3000000000,-0.422,,2000000000,,113.58,,,,,,,,,,,,,,,,,,,,,,true,true,12,2020-04-01,2021-03-31,1
2020-04-30,95340,2020-03-31,,108535000000,0.037,,,,,2972000000,0.013,3283000000,0.136,2444000000,,-0.180,138.82,138.50,,,,,134797000000,39392000000,0.292,2235.00,39354000000,,,,,50.00,,,,17737806,129514,17608762,false,false,12,2019-04-01,2020-03-31,0
2020-04-30,95340,2019-03-31,,104696000000,0.191,,,,,2932000000,0.449,2891000000,0.524,2980000000,,1.458,169.26,168.95,,,,,133463000000,37501000000,0.281,2127.99,37471000000,,,,,45.00,,,,17737806,128725,17610409,false,false,12,2018-04-01,2019-03-31,-1
2020-04-30,95340,2021-03-31,,96000000000,-0.115,,,,,1600000000,-0.462,1800000000,-0.452,1300000000,,-0.468,73.83,,,,,,,,,,,,,,,50.00,,,,,,,false,true,12,2020-04-01,2021-03-31,1
2020-07-30,95340,2021-03-31,1,26351000000,-0.068,,,,,2013000000,-0.053,2169000000,-0.136,,1577000000,,89.60,89.37,,,,,145739000000,51663000000,0.341,,49638000000,,,,,,,,,,,,true,false,3,2020-04-01,2020-06-30,0
2020-07-30,95340,2020-03-31,1,28261000000,0.174,,,,,2126000000,0.728,2511000000,0.915,,1960000000,,111.33,111.09,,,,,,,,,,,,,,,,,,,,,true,false,3,2019-04-01,2019-06-30,-1
2020-07-30,95340,2021-03-31,1,111000000000,-0.122,,,,,2800000000,-0.392,3000000000,-0.422,,2000000000,,113.58,,,,,,,,,,,,,,,,,,,,,,true,true,12,2020-04-01,2021-03-31,0
2020-07-30,95340,2020-03-31,1,,,,,,,,,,,,,,,,,,,,150345000000,50411000000,0.322,,48378000000,,,,,,,,,,,,true,false,12,2019-04-01,2020-03-31,-1
2020-07-30,95340,2020-03-31,1,,,,,,,,,,,,,,,,,,,,,,,,,,,,,50.00,,,,17737806,129514,,false,false,12,2019-04-01,2020-03-31,-1
2020-07-30,95340,2021-03-31,1,,,,,,,,,,,,,,,,,,,,,,,,,,,,,50.00,,,,,,,false,true,12,2020-04-01,2021-03-31,0
2020-07-30,95340,2021-03-31,1,,,,,,,,,,,,,,,,,,,,,,,,,,,,,,,,,17737806,129793,17608126,false,false,3,2020-04-01,2020-06-30,0
2020-07-30,95340,2020-03-31,1,,,,,,,,,,,,,,,,,,,,,,,,,,,,,,,,,,,17609052,false,false,3,2019-04-01,2019-06-30,-1
2020-07-30,95340,2021-03-31,1,26351000000,-0.068,,,,,2013000000,-0.053,2169000000,-0.136,,1577000000,,89.60,89.37,,,,,145739000000,51663000000,0.341,,49638000000,,,,,,,,,,,,true,false,3,2020-04-01,2020-06-30,0
2020-07-30,95340,2020-03-31,1,28261000000,0.174,,,,,2126000000,0.728,2511000000,0.915,,1960000000,,111.33,111.09,,,,,,,,,,,,,,,,,,,,,true,false,3,2019-04-01,2019-06-30,-1
2020-07-30,95340,2021-03-31,1,111000000000,-0.122,,,,,2700000000,-0.414,3000000000,-0.422,,2000000000,,113.58,,,,,,,,,,,,,,,,,,,,,,true,true,12,2020-04-01,2021-03-31,0
2020-07-30,95340,2020-03-31,1,,,,,,,,,,,,,,,,,,,,150345000000,50411000000,0.322,,48378000000,,,,,,,,,,,,true,false,12,2019-04-01,2020-03-31,-1
2020-07-30,95340,2020-03-31,1,,,,,,,,,,,,,,,,,,,,,,,,,,,,,50.00,,,,17737806,129514,,false,false,12,2019-04-01,2020-03-31,-1
2020-07-30,95340,2021-03-31,1,,,,,,,,,,,,,,,,,,,,,,,,,,,,,50.00,,,,,,,false,true,12,2020-04-01,2021-03-31,0
2020-07-30,95340,2021-03-31,1,,,,,,,,,,,,,,,,,,,,,,,,,,,,,,,,,17737806,129793,17608126,false,false,3,2020-04-01,2020-06-30,0
2020-07-30,95340,2020-03-31,1,,,,,,,,,,,,,,,,,,,,,,,,,,,,,,,,,,,17609052,false,false,3,2019-04-01,2019-06-30,-1
2020-10-30,95340,2021-03-31,2,49787000000,-0.087,,,,,794000000,0.345,954000000,-0.180,,681000000,,38.68,38.57,,,,,147400000000,50514000000,0.329,,48477000000,,,,,,,,,,,,true,false,6,2020-04-01,2020-09-30,0
2020-10-30,95340,2020-03-31,2,54526000000,0.173,,,,,590000000,-0.106,1163000000,0.619,,975000000,,55.41,55.29,,,,,,,,,,,,,,,,,,,,,true,false,6,2019-04-01,2019-09-30,-1
2020-10-30,95340,2021-03-31,2,111000000000,-0.122,,,,,2700000000,-0.414,3000000000,-0.422,,2000000000,,113.58,,,,,,,,,,,,,,,,,,,,,,true,true,12,2020-04-01,2021-03-31,0
2020-10-30,95340,2020-03-31,2,,,,,,,,,,,,,,,,,,,,150345000000,50411000000,0.322,,48378000000,,,,,,,,,,,,true,false,12,2019-04-01,2020-03-31,-1
2020-10-30,95340,2020-03-31,2,,,,,,,,,,,,,,,,,,,,,,,,,,,,,50.00,,,,17737806,129514,,false,false,12,2019-04-01,2020-03-31,-1
2020-10-30,95340,2021-03-31,2,,,,,,,,,,,,,,,,,,,,,,,,,,,,,25.00,,,,,,,false,false,12,2020-04-01,2021-03-31,0
2020-10-30,95340,2021-03-31,2,,,,,,,,,,,,,,,,,,,,,,,,,,,,,50.00,,,,,,,false,true,12,2020-04-01,2021-03-31,0
2020-10-30,95340,2021-03-31,2,,,,,,,,,,,,,,,,,,,,,,,,,,,,,,,,,17737806,128223,17608281,false,false,6,2020-04-01,2020-09-30,0
2020-10-30,95340,2020-03-31,2,,,,,,,,,,,,,,,,,,,,,,,,,,,,,,,,,,,17608977,false,false,6,2019-04-01,2019-09-30,-1
2021-01-29,95340,2021-03-31,3,78790000000,-0.076,,,,,188000000,0.025,439000000,-0.391,,644000000,,36.61,36.51,,,,,149162000000,50349000000,0.324,,48288000000,,,,,,,,,,,,true,false,9,2020-04-01,2020-12-31,0
2021-01-29,95340,2020-03-31,3,85243000000,0.100,,,,,183000000,,721000000,3.103,,613000000,,34.83,34.75,,,,,,,,,,,,,,,,,,,,,true,false,9,2019-04-01,2019-12-31,-1
2021-01-29,95340,2021-03-31,3,111000000000,-0.122,,,,,2700000000,-0.414,3000000000,-0.422,,2000000000,,113.58,,,,,,,,,,,,,,,,,,,,,,true,true,12,2020-04-01,2021-03-31,0
2021-01-29,95340,2020-03-31,3,,,,,,,,,,,,,,,,,,,,150345000000,50411000000,0.322,,48378000000,,,,,,,,,,,,true,false,12,2019-04-01,2020-03-31,-1
2021-01-29,95340,2020-03-31,3,,,,,,,,,,,,,,,,,,,,,,,,,,,,,50.00,,,,17737806,129514,,false,false,12,2019-04-01,2020-03-31,-1
2021-01-29,95340,2021-03-31,3,,,,,,,,,,,,,,,,,,,,,,,,,,,,,25.00,,,,,,,false,false,12,2020-04-01,2021-03-31,0
2021-01-29,95340,2021-03-31,3,,,,,,,,,,,,,,,,,,,,,,,,,,,,,50.00,,,,,,,false,true,12,2020-04-01,2021-03-31,0
2021-01-29,95340,2021-03-31,3,,,,,,,,,,,,,,,,,,,,,,,,,,,,,,,,,17737806,128920,17608614,false,false,9,2020-04-01,2020-12-31,0
2021-01-29,95340,2020-03-31,3,,,,,,,,,,,,,,,,,,,,,,,,,,,,,,,,,,,17608895,false,false,9,2019-04-01,2019-12-31,-1
2021-04-28,95340,2021-03-31,,118161000000,-0.065,,,,,5086000000,0.104,5456000000,0.050,,4289000000,,243.59,242.93,0.085,0.036,0.043,,151223000000,54234000000,0.345,2961.32,52146000000,22399000000,-10249000000,-7545000000,6141000000,,0.205,,,,,,true,false,12,2020-04-01,2021-03-31,0
2021-04-28,95340,2020-03-31,,126375000000,0.043,,,,,4606000000,0.134,5194000000,0.230,,3954000000,,224.58,224.07,0.085,0.035,0.036,,150345000000,50411000000,0.322,2747.48,48378000000,15405000000,-15213000000,-353000000,1537000000,,0.223,,,,,,true,false,12,2019-04-01,2020-03-31,-1
2021-04-28,95340,2022-03-31,,119000000000,0.007,,,,,6000000000,0.180,6200000000,0.136,,4400000000,,249.87,,,,,,,,,,,,,,,,,,,,,,true,true,12,2021-04-01,2022-03-31,1
2021-04-28,95340,2021-03-31,,99933000000,-0.079,,,,,3456000000,0.163,3761000000,0.146,3112000000,,0.273,176.78,176.30,,,,,134816000000,41995000000,0.311,2382.34,41951000000,,,,,50.00,,,,17737806,128449,17608745,false,false,12,2020-04-01,2021-03-31,0
2021-04-28,95340,2020-03-31,,108535000000,0.037,,,,,2972000000,0.013,3283000000,0.136,2444000000,,-0.180,138.82,138.50,,,,,134797000000,39392000000,0.292,2235.00,39354000000,,,,,50.00,,,,17737806,129514,17608762,false,false,12,2019-04-01,2020-03-31,-1
2021-04-28,95340,2022-03-31,,100000000000,0.001,,,,,5000000000,0.446,5000000000,0.329,3600000000,,0.156,204.44,,,,,,,,,,,,,,,50.00,,,,,,,false,true,12,2021-04-01,2022-03-31,1
2021-07-30,95340,2022-03-31,1,25517000000,-0.032,,,,,2970000000,0.475,3097000000,0.428,,2246000000,,127.59,127.22,,,,,147818000000,56266000000,0.366,,54170000000,,,,,,,,,,,,true,false,3,2021-04-01,2021-06-30,0
2021-07-30,95340,2021-03-31,1,26351000000,-0.068,,,,,2013000000,-0.053,2169000000,-0.136,,1577000000,,89.60,89.37,,,,,,,,,,,,,,,,,,,,,true,false,3,2020-04-01,2020-06-30,-1
2021-07-30,95340,2022-03-31,1,119000000000,0.007,,,,,6000000000,0.180,6200000000,0.136,,4400000000,,249.87,,,,,,,,,,,,,,,,,,,,,,true,true,12,2021-04-01,2022-03-31,0
2021-07-30,95340,2021-03-31,1,,,,,,,,,,,,,,,,,,,,151223000000,54234000000,0.345,,52146000000,,,,,,,,,,,,true,false,12,2020-04-01,2021-03-31,-1
2021-07-30,95340,2021-03-31,1,,,,,,,,,,,,,,,,,,,,,,,,,,,,,50.00,,,,17737806,128449,,false,false,12,2020-04-01,2021-03-31,-1
2021-07-30,95340,2022-03-31,1,,,,,,,,,,,,,,,,,,,,,,,,,,,,,50.00,,,,,,,false,true,12,2021-04-01,2022-03-31,0
2021-07-30,95340,2022-03-31,1,,,,,,,,,,,,,,,,,,,,,,,,,,,,,,,,,17737806,128415,17609368,false,false,3,2021-04-01,2021-06-30,0
2021-07-30,95340,2021-03-31,1,,,,,,,,,,,,,,,,,,,,,,,,,,,,,,,,,,,17608126,false,false,3,2020-04-01,2020-06-30,-1
2021-10-29,95340,2022-03-31,2,47807000000,-0.040,,,,,2276000000,1.864,2396000000,1.512,,1749000000,,99.32,99.01,,,,,151110000000,55949000000,0.356,,53856000000,,,,,,,,,,,,true,false,6,2021-04-01,2021-09-30,0
2021-10-29,95340,2021-03-31,2,49787000000,-0.087,,,,,794000000,0.345,954000000,-0.180,,681000000,,38.68,38.57,,,,,,,,,,,,,,,,,,,,,true,false,6,2020-04-01,2020-09-30,-1
2021-10-29,95340,2022-03-31,2,119000000000,0.007,,,,,6000000000,0.180,6200000000,0.136,,4400000000,,249.86,,,,,,,,,,,,,,,,,,,,,,true,true,12,2021-04-01,2022-03-31,0
2021-10-29,95340,2021-03-31,2,,,,,,,,,,,,,,,,,,,,151223000000,54234000000,0.345,,52146000000,,,,,,,,,,,,true,false,12,2020-04-01,2021-03-31,-1
2021-10-29,95340,2021-03-31,2,,,,,,,,,,,,,,,,,,,,,,,,,,,,,50.00,,,,17737806,128449,,false,false,12,2020-04-01,2021-03-31,-1
2021-10-29,95340,2022-03-31,2,,,,,,,,,,,,,,,,,,,,,,,,,,,,,30.00,,,,,,,false,false,12,2021-04-01,2022-03-31,0
2021-10-29,95340,2022-03-31,2,,,,,,,,,,,,,,,,,,,,,,,,,,,,,55.00,,,,,,,false,true,12,2021-04-01,2022-03-31,0
2021-10-29,95340,2022-03-31,2,,,,,,,,,,,,,,,,,,,,,,,,,,,,,,,,,17737806,127243,17609983,false,false,6,2021-04-01,2021-09-30,0
2021-10-29,95340,2021-03-31,2,,,,,,,,,,,,,,,,,,,,,,,,,,,,,,,,,,,17608281,false,false,6,2020-04-01,2020-09-30,-1
2022-01-28,95340,2022-03-31,3,78771000000,-0.000,,,,,766000000,3.065,950000000,1.164,,657000000,,37.33,37.21,,,,,150755000000,54217000000,0.346,,52107000000,,,,,,,,,,,,true,false,9,2021-04-01,2021-12-31,0
2022-01-28,95340,2021-03-31,3,78790000000,-0.076,,,,,188000000,0.025,439000000,-0.391,,644000000,,36.61,36.51,,,,,,,,,,,,,,,,,,,,,true,false,9,2020-04-01,2020-12-31,-1
2022-01-28,95340,2022-03-31,3,119000000000,0.007,,,,,6000000000,0.180,6200000000,0.136,,4400000000,,249.86,,,,,,,,,,,,,,,,,,,,,,true,true,12,2021-04-01,2022-03-31,0
2022-01-28,95340,2021-03-31,3,,,,,,,,,,,,,,,,,,,,151223000000,54234000000,0.345,,52146000000,,,,,,,,,,,,true,false,12,2020-04-01,2021-03-31,-1
2022-01-28,95340,2021-03-31,3,,,,,,,,,,,,,,,,,,,,,,,,,,,,,50.00,,,,17737806,128449,,false,false,12,2020-04-01,2021-03-31,-1
2022-01-28,95340,2022-03-31,3,,,,,,,,,,,,,,,,,,,,,,,,,,,,,30.00,,,,,,,false,false,12,2021-04-01,2022-03-31,0
2022-01-28,95340,2022-03-31,3,,,,,,,,,,,,,,,,,,,,,,,,,,,,,55.00,,,,,,,false,true,12,2021-04-01,2022-03-31,0
2022-01-28,95340,2022-03-31,3,,,,,,,,,,,,,,,,,,,,,,,,,,,,,,,,,17737806,127400,17610138,false,false,9,2021-04-01,2021-12-31,0
2022-01-28,95340,2021-03-31,3,,,,,,,,,,,,,,,,,,,,,,,,,,,,,,,,,,,17608614,false,false,9,2020-04-01,2020-12-31,-1
2022-04-28,95340,2022-03-31,,126957000000,0.074,,,,,7053000000,0.387,7303000000,0.338,,5237000000,,297.39,296.45,0.096,0.047,0.056,,160433000000,59195000000,0.356,3240.25,57065000000,19713000000,-11105000000,-5183000000,9565000000,,0.202,,,,,,true,false,12,2021-04-01,2022-03-31,0
2022-04-28,95340,2021-03-31,,118161000000,-0.065,,,,,5086000000,0.104,5456000000,0.050,,4289000000,,243.59,242.93,0.085,0.036,0.043,,151223000000,54234000000,0.345,2961.32,52146000000,22399000000,-10249000000,-7545000000,6141000000,,0.205,,,,,,true,false,12,2020-04-01,2021-03-31,-1
2022-04-28,95340,2023-03-31,,156000000000,0.229,,,,,7700000000,0.092,7500000000,0.027,,5300000000,,300.94,,,,,,,,,,,,,,,,,,,,,,true,true,12,2022-04-01,2023-03-31,1
2022-04-28,95340,2022-03-31,,107076000000,0.071,,,,,5771000000,0.670,5961000000,0.585,4360000000,,0.401,247.63,246.85,,,,,142624000000,46068000000,0.323,2612.81,46015000000,,,,,60.00,,,,17737806,126300,17610440,false,false,12,2021-04-01,2022-03-31,0
2022-04-28,95340,2021-03-31,,99933000000,-0.079,,,,,3456000000,0.163,3761000000,0.146,3112000000,,0.273,176.78,176.30,,,,,134816000000,41995000000,0.311,2382.34,41951000000,,,,,50.00,,,,17737806,128449,17608745,false,false,12,2020-04-01,2021-03-31,-1
2022-04-28,95340,2023-03-31,,136000000000,0.270,,,,,6700000000,0.161,6500000000,0.090,4800000000,,0.101,272.55,,,,,,,,,,,,,,,,,,,,,,false,true,12,2022-04-01,2023-03-31,1
2022-07-29,95340,2023-03-31,1,32825000000,0.286,,,,,3419000000,0.151,3590000000,0.159,,2601000000,,147.72,147.19,,,,,151674000000,61377000000,0.391,,59247000000,,,,,,,,,,,,true,false,3,2022-04-01,2022-06-30,0
2022-07-29,95340,2022-03-31,1,25517000000,-0.032,,,,,2970000000,0.475,3097000000,0.428,,2246000000,,127.59,127.22,,,,,,,,,,,,,,,,,,,,,true,false,3,2021-04-01,2021-06-30,-1
2022-07-29,95340,2023-03-31,1,156000000000,0.229,,,,,7700000000,0.092,7500000000,0.027,,5300000000,,300.92,,,,,,,,,,,,,,,,,,,,,,true,true,12,2022-04-01,2023-03-31,0
2022-07-29,95340,2022-03-31,1,,,,,,,,,,,,,,,,,,,,160433000000,59195000000,0.356,,57065000000,,,,,,,,,,,,true,false,12,2021-04-01,2022-03-31,-1
2022-07-29,95340,2022-03-31,1,,,,,,,,,,,,,,,,,,,,,,,,,,,,,60.00,,,,17737806,126300,,false,false,12,2021-04-01,2022-03-31,-1
2022-07-29,95340,2023-03-31,1,,,,,,,,,,,,,,,,,,,,,,,,,,,,,,,,,17737806,123920,17612564,false,false,3,2022-04-01,2022-06-30,0
2022-07-29,95340,2022-03-31,1,,,,,,,,,,,,,,,,,,,,,,,,,,,,,,,,,,,17609368,false,false,3,2021-04-01,2021-06-30,-1
2022-10-28,95340,2023-03-31,2,62546000000,0.308,,,,,3049000000,0.340,3209000000,0.339,,2318000000,,131.61,131.13,,,,,151141000000,60773000000,0.388,,58645000000,,,,,,,,,,,,true,false,6,2022-04-01,2022-09-30,0
2022-10-28,95340,2022-03-31,2,47807000000,-0.040,,,,,2276000000,1.864,2396000000,1.512,,1749000000,,99.32,99.01,,,,,,,,,,,,,,,,,,,,,true,false,6,2021-04-01,2021-09-30,-1
2022-10-28,95340,2023-03-31,2,156000000000,0.229,,,,,7700000000,0.092,7500000000,0.027,,5300000000,,300.91,,,,,,,,,,,,,,,,,,,,,,true,true,12,2022-04-01,2023-03-31,0
2022-10-28,95340,2022-03-31,2,,,,,,,,,,,,,,,,,,,,160433000000,59195000000,0.356,,57065000000,,,,,,,,,,,,true,false,12,2021-04-01,2022-03-31,-1
2022-10-28,95340,2022-03-31,2,,,,,,,,,,,,,,,,,,,,,,,,,,,,,60.00,,,,17737806,126300,,false,false,12,2021-04-01,2022-03-31,-1
2022-10-28,95340,2023-03-31,2,,,,,,,,,,,,,,,,,,,,,,,,,,,,,30.00,,,,,,,false,false,12,2022-04-01,2023-03-31,0
2022-10-28,95340,2023-03-31,2,,,,,,,,,,,,,,,,,,,,,,,,,,,,,60.00,,,,,,,false,true,12,2022-04-01,2023-03-31,0
2022-10-28,95340,2023-03-31,2,,,,,,,,,,,,,,,,,,,,,,,,,,,,,,,,,17737806,122287,17613463,false,false,6,2022-04-01,2022-09-30,0
2022-10-28,95340,2022-03-31,2,,,,,,,,,,,,,,,,,,,,,,,,,,,,,,,,,,,17609983,false,false,6,2021-04-01,2021-09-30,-1
2023-01-31,95340,2023-03-31,3,107719000000,0.367,,,,,3678000000,3.800,3687000000,2.879,,2919000000,,165.74,165.13,,,,,189193000000,60823000000,0.310,,58683000000,,,,,,,,,,,,true,false,9,2022-04-01,2022-12-31,0
2023-01-31,95340,2022-03-31,3,78771000000,-0.000,,,,,766000000,3.065,950000000,1.164,,657000000,,37.33,37.21,,,,,,,,,,,,,,,,,,,,,true,false,9,2021-04-01,2021-12-31,-1
2023-01-31,95340,2023-03-31,3,171000000000,0.347,,,,,11000000000,0.559,11000000000,0.506,,8400000000,,476.89,,,,,,,,,,,,,,,,,,,,,,true,true,12,2022-04-01,2023-03-31,0
2023-01-31,95340,2022-03-31,3,,,,,,,,,,,,,,,,,,,,160433000000,59195000000,0.356,,57065000000,,,,,,,,,,,,true,false,12,2021-04-01,2022-03-31,-1
2023-01-31,95340,2022-03-31,3,,,,,,,,,,,,,,,,,,,,,,,,,,,,,60.00,,,,17737806,126300,,false,false,12,2021-04-01,2022-03-31,-1
2023-01-31,95340,2023-03-31,3,,,,,,,,,,,,,,,,,,,,,,,,,,,,,30.00,,,,,,,false,false,12,2022-04-01,2023-03-31,0
2023-01-31,95340,2023-03-31,3,,,,,,,,,,,,,,,,,,,,,,,,,,,,,60.00,,,,,,,false,true,12,2022-04-01,2023-03-31,0
2023-01-31,95340,2023-03-31,3,,,,,,,,,,,,,,,,,,,,,,,,,,,,,,,,,17737806,122519,17614108,false,false,9,2022-04-01,2022-12-31,0
2023-01-31,95340,2022-03-31,3,,,,,,,,,,,,,,,,,,,,,,,,,,,,,,,,,,,17610138,false,false,9,2021-04-01,2021-12-31,-1
2023-01-31,95340,2023-03-31,,151000000000,0.110,,,,,10000000000,0.493,10000000000,0.538,7600000000,,0.583,431.47,,,,,,,,,,,,,,,,,,,,,,false,true,12,2022-04-01,2023-03-31,0
2023-01-31,95340,2022-03-31,,107076000000,,,,,,5771000000,,5961000000,,4360000000,,,247.63,,,,,,,,,,,,,,,,,,,,,,false,false,12,2021-04-01,2022-03-31,-1
2023-04-28,95340,2023-03-31,,174840000000,0.377,,,,,13342000000,0.892,13395000000,0.834,,9963000000,,565.62,563.55,0.162,0.078,0.076,,183797000000,67996000000,0.358,3736.41,65828000000,6695000000,-22561000000,9032000000,2719000000,,0.124,,,,,,true,false,12,2022-04-01,2023-03-31,0
2023-04-28,95340,2022-03-31,,126957000000,0.074,,,,,7053000000,0.387,7303000000,0.338,,5237000000,,297.39,296.45,0.096,0.047,0.056,,160433000000,59195000000,0.356,3240.25,57065000000,19713000000,-11105000000,-5183000000,9565000000,,0.202,,,,,,true,false,12,2021-04-01,2022-03-31,-1
2023-04-28,95340,2024-03-31,,165500000000,-0.053,,,,,13500000000,0.012,13500000000,0.008,,9700000000,,550.57,,,,,,,,,,,,,,,,,,,,,,true,true,12,2023-04-01,2024-03-31,1
2023-04-28,95340,2023-03-31,,154206000000,0.440,,,,,12089000000,1.095,11927000000,1.001,8958000000,,1.054,508.57,506.71,,,,,165741000000,54154000000,0.326,3070.48,54095000000,,,,,70.00,,,,17737806,119779,17615040,false,false,12,2022-04-01,2023-03-31,0
2023-04-28,95340,2022-03-31,,107076000000,0.071,,,,,5771000000,0.670,5961000000,0.585,4360000000,,0.401,247.63,246.85,,,,,142624000000,46068000000,0.323,2612.81,46015000000,,,,,60.00,,,,17737806,126300,17610440,false,false,12,2021-04-01,2022-03-31,-1
2023-04-28,95340,2024-03-31,,144700000000,-0.062,,,,,12200000000,0.009,12000000000,0.006,8700000000,,-0.029,493.81,,,,,,,,,,,,,,,70.00,,,,,,,false,true,12,2023-04-01,2024-03-31,1
2023-07-28,95340,2024-03-31,1,40268000000,0.227,,,,,5148000000,0.506,5364000000,0.494,,3833000000,,217.60,216.75,,,,,177064000000,71350000000,0.391,,69164000000,,,,,,,,,,,,true,false,3,2023-04-01,2023-06-30,0
2023-07-28,95340,2023-03-31,1,32825000000,0.286,,,,,3419000000,0.151,3590000000,0.159,,2601000000,,147.72,147.19,,,,,,,,,,,,,,,,,,,,,true,false,3,2022-04-01,2022-06-30,-1
2023-07-28,95340,2024-03-31,1,165500000000,-0.053,,,,,13500000000,0.012,13500000000,0.008,,9700000000,,550.57,,,,,,,,,,,,,,,,,,,,,,true,true,12,2023-04-01,2024-03-31,0
2023-07-28,95340,2023-03-31,1,,,,,,,,,,,,,,,,,,,,183797000000,67996000000,0.358,,65828000000,,,,,,,,,,,,true,false,12,2022-04-01,2023-03-31,-1
2023-07-28,95340,2023-03-31,1,,,,,,,,,,,,,,,,,,,,,,,,,,,,,70.00,,,,17737806,119779,,false,false,12,2022-04-01,2023-03-31,-1
2023-07-28,95340,2024-03-31,1,,,,,,,,,,,,,,,,,,,,,,,,,,,,,70.00,,,,,,,false,true,12,2023-04-01,2024-03-31,0
2023-07-28,95340,2024-03-31,1,,,,,,,,,,,,,,,,,,,,,,,,,,,,,,,,,17737806,119924,17617957,false,false,3,2023-04-01,2023-06-30,0
2023-07-28,95340,2023-03-31,1,,,,,,,,,,,,,,,,,,,,,,,,,,,,,,,,,,,17612564,false,false,3,2022-04-01,2022-06-30,-1
2023-10-31,95340,2024-03-31,2,72947000000,0.166,,,,,6044000000,0.982,6220000000,0.938,,4435000000,,251.77,250.76,,,,,173625000000,72214000000,0.403,,70005000000,,,,,,,,,,,,true,false,6,2023-04-01,2023-09-30,0
2023-10-31,95340,2023-03-31,2,62546000000,0.308,,,,,3049000000,0.340,3209000000,0.339,,2318000000,,131.61,131.13,,,,,,,,,,,,,,,,,,,,,true,false,6,2022-04-01,2022-09-30,-1
2023-10-31,95340,2024-03-31,2,165500000000,-0.053,,,,,13500000000,0.012,13500000000,0.008,,9700000000,,550.55,,,,,,,,,,,,,,,,,,,,,,true,true,12,2023-04-01,2024-03-31,0
2023-10-31,95340,2023-03-31,2,,,,,,,,,,,,,,,,,,,,183797000000,67996000000,0.358,,65828000000,,,,,,,,,,,,true,false,12,2022-04-01,2023-03-31,-1
2023-10-31,95340,2023-03-31,2,,,,,,,,,,,,,,,,,,,,,,,,,,,,,70.00,,,,17737806,119779,,false,false,12,2022-04-01,2023-03-31,-1
2023-10-31,95340,2024-03-31,2,,,,,,,,,,,,,,,,,,,,,,,,,,,,,35.00,,,,,,,false,false,12,2023-04-01,2024-03-31,0
2023-10-31,95340,2024-03-31,2,,,,,,,,,,,,,,,,,,,,,,,,,,,,,70.00,,,,,,,false,true,12,2023-04-01,2024-03-31,0
2023-10-31,95340,2024-03-31,2,,,,,,,,,,,,,,,,,,,,,,,,,,,,,,,,,17737806,117351,17618844,false,false,6,2023-04-01,2023-09-30,0
2023-10-31,95340,2023-03-31,2,,,,,,,,,,,,,,,,,,,,,,,,,,,,,,,,,,,17613463,false,false,6,2022-04-01,2022-09-30,-1
2024-01-31,95340,2024-03-31,3,114749000000,0.065,,,,,6753000000,0.836,6941000000,0.882,,4870000000,,276.46,275.35,,,,,178887000000,72041000000,0.390,,69812000000,,,,,,,,,,,,true,false,9,2023-04-01,2023-12-31,0
2024-01-31,95340,2023-03-31,3,107719000000,0.367,,,,,3678000000,3.800,3687000000,2.879,,2919000000,,165.74,165.13,,,,,,,,,,,,,,,,,,,,,true,false,9,2022-04-01,2022-12-31,-1
2024-01-31,95340,2024-03-31,3,165500000000,-0.053,,,,,13500000000,0.012,13500000000,0.008,,9700000000,,550.54,,,,,,,,,,,,,,,,,,,,,,true,true,12,2023-04-01,2024-03-31,0
2024-01-31,95340,2023-03-31,3,,,,,,,,,,,,,,,,,,,,183797000000,67996000000,0.358,,65828000000,,,,,,,,,,,,true,false,12,2022-04-01,2023-03-31,-1
2024-01-31,95340,2023-03-31,3,,,,,,,,,,,,,,,,,,,,,,,,,,,,,70.00,,,,17737806,119779,,false,false,12,2022-04-01,2023-03-31,-1
2024-01-31,95340,2024-03-31,3,,,,,,,,,,,,,,,,,,,,,,,,,,,,,35.00,,,,,,,false,false,12,2023-04-01,2024-03-31,0
2024-01-31,95340,2024-03-31,3,,,,,,,,,,,,,,,,,,,,,,,,,,,,,70.00,,,,,,,false,true,12,2023-04-01,2024-03-31,0
2024-01-31,95340,2024-03-31,3,,,,,,,,,,,,,,,,,,,,,,,,,,,,,,,,,17737806,117953,17619222,false,false,9,2023-04-01,2023-12-31,0
2024-01-31,95340,2023-03-31,3,,,,,,,,,,,,,,,,,,,,,,,,,,,,,,,,,,,17614108,false,false,9,2022-04-01,2022-12-31,-1
2024-04-26,95340,2024-03-31,,173885000000,-0.005,,,,,15595000000,0.169,15883000000,0.186,,11627000000,,659.92,657.29,0.163,0.086,0.090,,186366000000,79001000000,0.412,4359.53,76820000000,31677000000,-16755000000,-8171000000,9469000000,,0.121,,,,,,true,false,12,2023-04-01,2024-03-31,0
2024-04-26,95340,2023-03-31,,174840000000,0.377,,,,,13342000000,0.892,13395000000,0.834,,9963000000,,565.62,563.55,0.162,0.078,0.076,,183797000000,67996000000,0.358,3736.41,65828000000,6695000000,-22561000000,9032000000,2719000000,,0.124,,,,,,true,false,12,2022-04-01,2023-03-31,-1
2024-04-26,95340,2025-03-31,,166000000000,-0.045,,,,,13200000000,-0.154,13500000000,-0.150,,9800000000,,111.23,,,,,,,,,,,,,,,,,,,,,,true,true,12,2024-04-01,2025-03-31,1
2024-04-26,95340,2024-03-31,,151255000000,-0.019,,,,,14065000000,0.163,13876000000,0.163,10110000000,,0.129,573.81,571.53,,,,,165310000000,63578000000,0.384,3604.09,63508000000,,,,,80.00,,,,17737806,116580,17619609,false,false,12,2023-04-01,2024-03-31,0
2024-04-26,95340,2023-03-31,,154206000000,0.440,,,,,12089000000,1.095,11927000000,1.001,8958000000,,1.054,508.57,506.71,,,,,165741000000,54154000000,0.326,3070.48,54095000000,,,,,70.00,,,,17737806,119779,17615040,false,false,12,2022-04-01,2023-03-31,-1
2024-04-26,95340,2025-03-31,,144000000000,-0.048,,,,,,,12000000000,-0.135,8700000000,,-0.139,98.74,,,,,,,,,,,,,,,9.00,,,,,,,false,true,12,2024-04-01,2025-03-31,1
2024-07-31,95340,2025-03-31,1,36533000000,-0.093,,,,,4968000000,-0.035,5126000000,-0.044,,3672000000,,208.41,207.53,,,,,180364000000,81820000000,0.442,,79636000000,,,,,,,,,,,,true,false,3,2024-04-01,2024-06-30,0
2024-07-31,95340,2024-03-31,1,40268000000,0.227,,,,,5148000000,0.506,5364000000,0.494,,3833000000,,217.60,216.75,,,,,,,,,,,,,,,,,,,,,true,false,3,2023-04-01,2023-06-30,-1
2024-07-31,95340,2025-03-31,1,166000000000,-0.045,,,,,13200000000,-0.154,13500000000,-0.150,,9800000000,,111.23,,,,,,,,,,,,,,,,,,,,,,true,true,12,2024-04-01,2025-03-31,0
2024-07-31,95340,2024-03-31,1,,,,,,,,,,,,,,,,,,,,186366000000,79001000000,0.412,,76820000000,,,,,,,,,,,,true,false,12,2023-04-01,2024-03-31,-1
2024-07-31,95340,2024-03-31,1,,,,,,,,,,,,,,,,,,,,,,,,,,,,,80.00,,,,17737806,116580,,false,false,12,2023-04-01,2024-03-31,-1
2024-07-31,95340,2025-03-31,1,,,,,,,,,,,,,,,,,,,,,,,,,,,,,9.00,,,,,,,false,true,12,2024-04-01,2025-03-31,0
2024-07-31,95340,2025-03-31,1,,,,,,,,,,,,,,,,,,,,,,,,,,,,,,,,,17737806,114764,17621709,false,false,3,2024-04-01,2024-06-30,0
2024-07-31,95340,2024-03-31,1,,,,,,,,,,,,,,,,,,,,,,,,,,,,,,,,,,,17617957,false,false,3,2023-04-01,2023-06-30,-1
2024-10-31,95340,2025-03-31,2,68024000000,-0.067,,,,,4792000000,-0.207,4892000000,-0.214,,3485000000,,39.56,39.39,,,,,176780000000,81637000000,0.449,,79454000000,,,,,,,,,,,,true,false,6,2024-04-01,2024-09-30,0
2024-10-31,95340,2024-03-31,2,72947000000,0.166,,,,,6044000000,0.982,6220000000,0.938,,4435000000,,50.35,50.15,,,,,,,,,,,,,,,,,,,,,true,false,6,2023-04-01,2023-09-30,-1
2024-10-31,95340,2025-03-31,2,166000000000,-0.045,,,,,13200000000,-0.154,13500000000,-0.150,,9800000000,,111.22,,,,,,,,,,,,,,,,,,,,,,true,true,12,2024-04-01,2025-03-31,0
2024-10-31,95340,2024-03-31,2,,,,,,,,,,,,,,,,,,,,186366000000,79001000000,0.412,,76820000000,,,,,,,,,,,,true,false,12,2023-04-01,2024-03-31,-1
2024-10-31,95340,2024-03-31,2,,,,,,,,,,,,,,,,,,,,,,,,,,,,,80.00,,,,88689030,582900,,false,false,12,2023-04-01,2024-03-31,-1
2024-10-31,95340,2025-03-31,2,,,,,,,,,,,,,,,,,,,,,,,,,,,,,45.00,,,,,,,false,false,12,2024-04-01,2025-03-31,0
2024-10-31,95340,2025-03-31,2,,,,,,,,,,,,,,,,,,,,,,,,,,,,,9.00,,,,,,,false,true,12,2024-04-01,2025-03-31,0
2024-10-31,95340,2025-03-31,2,,,,,,,,,,,,,,,,,,,,,,,,,,,,,,,,,88689030,570090,88113393,false,false,6,2024-04-01,2024-09-30,0
2024-10-31,95340,2024-03-31,2,,,,,,,,,,,,,,,,,,,,,,,,,,,,,,,,,,,88094220,false,false,6,2023-04-01,2023-09-30,-1
2025-01-31,95340,2025-03-31,3,111118000000,-0.032,,,,,5179000000,-0.233,5310000000,-0.235,,3725000000,,42.27,42.10,,,,,187883000000,81361000000,0.421,,79162000000,,,,,,,,,,,,true,false,9,2024-04-01,2024-12-31,0
2025-01-31,95340,2024-03-31,3,114749000000,0.065,,,,,6753000000,0.836,6941000000,0.882,,4870000000,,55.29,55.07,,,,,,,,,,,,,,,,,,,,,true,false,9,2023-04-01,2023-12-31,-1
2025-01-31,95340,2025-03-31,3,166000000000,-0.045,,,,,13200000000,-0.154,13500000000,-0.150,,9800000000,,111.22,,,,,,,,,,,,,,,,,,,,,,true,true,12,2024-04-01,2025-03-31,0
2025-01-31,95340,2024-03-31,3,,,,,,,,,,,,,,,,,,,,186366000000,79001000000,0.412,,76820000000,,,,,,,,,,,,true,false,12,2023-04-01,2024-03-31,-1
2025-01-31,95340,2024-03-31,3,,,,,,,,,,,,,,,,,,,,,,,,,,,,,80.00,,,,88689030,582900,,false,false,12,2023-04-01,2024-03-31,-1
2025-01-31,95340,2025-03-31,3,,,,,,,,,,,,,,,,,,,,,,,,,,,,,45.00,,,,,,,false,false,12,2024-04-01,2025-03-31,0
2025-01-31,95340,2025-03-31,3,,,,,,,,,,,,,,,,,,,,,,,,,,,,,9.00,,,,,,,false,true,12,2024-04-01,2025-03-31,0
2025-01-31,95340,2025-03-31,3,,,,,,,,,,,,,,,,,,,,,,,,,,,,,,,,,88689030,567465,88115533,false,false,9,2024-04-01,2024-12-31,0
2025-01-31,95340,2024-03-31,3,,,,,,,,,,,,,,,,,,,,,,,,,,,,,,,,,,,88096112,false,false,9,2023-04-01,2023-12-31,-1
2025-04-28,95340,2025-03-31,,170295000000,-0.021,,,,,14328000000,-0.081,14428000000,-0.092,,10404000000,,118.07,117.57,0.128,0.076,0.084,,195431000000,88486000000,0.441,978.72,86268000000,29832000000,-20059000000,-7918000000,11324000000,,0.161,,,,,,true,false,12,2024-04-01,2025-03-31,0
2025-04-28,95340,2024-03-31,,173885000000,-0.005,,,,,15595000000,0.169,15883000000,0.186,,11627000000,,131.98,131.46,0.163,0.086,0.090,,186366000000,79001000000,0.412,871.91,76820000000,31677000000,-16755000000,-8171000000,9469000000,,0.121,,,,,,true,false,12,2023-04-01,2024-03-31,-1
2025-04-28,95340,2026-03-31,,168700000000,-0.009,,,,,14700000000,0.026,14500000000,0.005,,10488000000,,118.99,,,,,,,,,,,,,,,,,,,,,,true,true,12,2025-04-01,2026-03-31,1
2025-04-28,95340,2025-03-31,,148475000000,-0.018,,,,,13341000000,-0.052,12965000000,-0.066,9397000000,,-0.070,106.65,106.20,,,,,174945000000,71481000000,0.408,810.02,71398000000,,,,,10.00,,,,88689030,544745,88121755,false,false,12,2024-04-01,2025-03-31,0
2025-04-28,95340,2024-03-31,,151255000000,-0.019,,,,,14065000000,0.163,13876000000,0.163,10110000000,,0.129,114.76,114.31,,,,,165310000000,63578000000,0.384,720.82,63508000000,,,,,80.00,,,,88689030,582900,88098047,false,false,12,2023-04-01,2024-03-31,-1
2025-04-28,95340,2026-03-31,,144200000000,-0.029,,,,,,,13000000000,0.003,9421000000,,0.002,106.88,,,,,,,,,,,,,,,20.00,,,,,,,false,true,12,2025-04-01,2026-03-31,1
2025-07-31,95340,2026-03-31,1,38296000000,0.048,,,,,5811000000,0.170,5984000000,0.167,,4303000000,,48.82,48.61,,,,,180625000000,92312000000,0.499,,90089000000,,,,,,,,,,,,true,false,3,2025-04-01,2025-06-30,0
2025-07-31,95340,2025-03-31,1,36533000000,-0.093,,,,,4968000000,-0.035,5126000000,-0.044,,3672000000,,41.68,41.51,,,,,,,,,,,,,,,,,,,,,true,false,3,2024-04-01,2024-06-30,-1
2025-07-31,95340,2026-03-31,1,168700000000,-0.009,,,,,14700000000,0.026,14500000000,0.005,,10488000000,,118.97,,,,,,,,,,,,,,,,,,,,,,true,true,12,2025-04-01,2026-03-31,0
2025-07-31,95340,2025-03-31,1,,,,,,,,,,,,,,,,,,,,195431000000,88486000000,0.441,,86268000000,,,,,,,,,,,,true,false,12,2024-04-01,2025-03-31,-1
2025-07-31,95340,2025-03-31,1,,,,,,,,,,,,,,,,,,,,,,,,,,,,,10.00,,,,88689030,544745,,false,false,12,2024-04-01,2025-03-31,-1
2025-07-31,95340,2026-03-31,1,,,,,,,,,,,,,,,,,,,,,,,,,,,,,20.00,,,,,,,false,true,12,2025-04-01,2026-03-31,0
2025-07-31,95340,2026-03-31,1,,,,,,,,,,,,,,,,,,,,,,,,,,,,,,,,,88689030,508760,88156275,false,false,3,2025-04-01,2025-06-30,0
2025-07-31,95340,2025-03-31,1,,,,,,,,,,,,,,,,,,,,,,,,,,,,,,,,,,,88108546,false,false,3,2024-04-01,2024-06-30,-1
