filing_date,code,fiscal_year_end,quarterly_period,net_sales,net_sales_change,revenue,revenue_change,operating_revenue,operating_revenue_change,operating_profit,operating_profit_change,ordinary_profit,ordinary_profit_change,net_income,net_income_of_parent,net_income_change,eps,diluted_eps,roe,roa,operating_profit_to_net_sales,operating_profit_to_revenue,total_assets,net_assets,equity_ratio,bps,owner_equity,operating_cash_flow,investing_cash_flow,financing_cash_flow,cash,dividend_per_share,payout_ratio,commemorative_dividend,extra_dividend,number_of_shares,number_of_treqsury_shares,avg_number_of_shares,is_consolidated,is_forecast,duration,period_start,period_end,period_pos
2015-07-30,95360,2016-03-31,1,49125000000,-0.012,,,,,4889000000,0.539,5052000000,0.572,,3347000000,,9.02,,,,,,356202000000,77039000000,0.209,,74304000000,,,,,,,,,,,,true,false,3,2015-04-01,2015-06-30,0
2015-07-30,95360,2015-03-31,1,49699000000,0.143,,,,,3177000000,0.897,3213000000,0.772,,1916000000,,5.16,,,,,,,,,,,,,,,,,,,,,,true,false,3,2014-04-01,2014-06-30,-1
2015-07-30,95360,2016-03-31,1,94000000000,-0.012,,,,,4500000000,0.221,4300000000,0.210,,2700000000,,7.27,,,,,,,,,,,,,,,,,,,,,,true,true,6,2015-04-01,2015-09-30,0
2015-07-30,95360,2016-03-31,1,201300000000,-0.035,,,,,10700000000,0.208,10500000000,0.353,,6200000000,,16.70,,,,,,,,,,,,,,,,,,,,,,true,true,12,2015-04-01,2016-03-31,0
2015-07-30,95360,2015-03-31,1,,,,,,,,,,,,,,,,,,,,360754000000,73631000000,0.196,,70877000000,,,,,,,,,,,,true,false,12,2014-04-01,2015-03-31,-1
2015-07-30,95360,2015-03-31,1,,,,,,,,,,,,,,,,,,,,,,,,,,,,,6.00,,,,371875676,721788,,false,false,12,2014-04-01,2015-03-31,-1
2015-07-30,95360,2016-03-31,1,,,,,,,,,,,,,,,,,,,,,,,,,,,,,6.00,,,,,,,false,true,12,2015-04-01,2016-03-31,0
2015-07-30,95360,2016-03-31,1,,,,,,,,,,,,,,,,,,,,,,,,,,,,,,,,,371875676,724807,371152002,false,false,3,2015-04-01,2015-06-30,0
2015-07-30,95360,2015-03-31,1,,,,,,,,,,,,,,,,,,,,,,,,,,,,,,,,,,,371180632,false,false,3,2014-04-01,2014-06-30,-1
2015-10-28,95360,2016-03-31,2,92105000000,-0.032,,,,,5561000000,0.509,5429000000,0.527,,3443000000,,9.28,,,,,,351610000000,75142000000,0.206,,72385000000,,,,,,,,,,,,true,false,6,2015-04-01,2015-09-30,0
2015-10-28,95360,2015-03-31,2,95140000000,0.065,,,,,3686000000,2.072,3555000000,1.821,,2040000000,,5.50,,,,,,,,,,,,,,,,,,,,,,true,false,6,2014-04-01,2014-09-30,-1
2015-10-28,95360,2016-03-31,2,201300000000,-0.035,,,,,10700000000,0.208,10500000000,0.353,,6200000000,,16.70,,,,,,,,,,,,,,,,,,,,,,true,true,12,2015-04-01,2016-03-31,0
2015-10-28,95360,2015-03-31,2,,,,,,,,,,,,,,,,,,,,360754000000,73631000000,0.196,,70877000000,,,,,,,,,,,,true,false,12,2014-04-01,2015-03-31,-1
2015-10-28,95360,2015-03-31,2,,,,,,,,,,,,,,,,,,,,,,,,,,,,,6.00,,,,371875676,721788,,false,false,12,2014-04-01,2015-03-31,-1
2015-10-28,95360,2016-03-31,2,,,,,,,,,,,,,,,,,,,,,,,,,,,,,3.00,,,,,,,false,false,12,2015-04-01,2016-03-31,0
2015-10-28,95360,2016-03-31,2,,,,,,,,,,,,,,,,,,,,,,,,,,,,,6.00,,,,,,,false,true,12,2015-04-01,2016-03-31,0
2015-10-28,95360,2016-03-31,2,,,,,,,,,,,,,,,,,,,,,,,,,,,,,,,,,31875676,728657,371149720,false,false,6,2015-04-01,2015-09-30,0
2015-10-28,95360,2015-03-31,2,,,,,,,,,,,,,,,,,,,,,,,,,,,,,,,,,,,371178354,false,false,6,2014-04-01,2014-09-30,-1
2015-10-28,95360,2016-03-31,2,92105000000,-0.032,,,,,5561000000,0.509,5429000000,0.527,,3443000000,,9.28,,,,,,351610000000,75142000000,0.206,,72385000000,,,,,,,,,,,,true,false,6,2015-04-01,2015-09-30,0
2015-10-28,95360,2015-03-31,2,95140000000,0.065,,,,,3686000000,2.072,3555000000,1.821,,2040000000,,5.50,,,,,,,,,,,,,,,,,,,,,,true,false,6,2014-04-01,2014-09-30,-1
2015-10-28,95360,2016-03-31,2,201300000000,-0.035,,,,,10700000000,0.208,10500000000,0.353,,6200000000,,16.70,,,,,,,,,,,,,,,,,,,,,,true,true,12,2015-04-01,2016-03-31,0
2015-10-28,95360,2015-03-31,2,,,,,,,,,,,,,,,,,,,,360754000000,73631000000,0.196,,70877000000,,,,,,,,,,,,true,false,12,2014-04-01,2015-03-31,-1
2015-10-28,95360,2015-03-31,2,,,,,,,,,,,,,,,,,,,,,,,,,,,,,6.00,,,,371875676,721788,,false,false,12,2014-04-01,2015-03-31,-1
2015-10-28,95360,2016-03-31,2,,,,,,,,,,,,,,,,,,,,,,,,,,,,,3.00,,,,,,,false,false,12,2015-04-01,2016-03-31,0
2015-10-28,95360,2016-03-31,2,,,,,,,,,,,,,,,,,,,,,,,,,,,,,6.00,,,,,,,false,true,12,2015-04-01,2016-03-31,0
2015-10-28,95360,2016-03-31,2,,,,,,,,,,,,,,,,,,,,,,,,,,,,,,,,,371875676,728657,371149720,false,false,6,2015-04-01,2015-09-30,0
2015-10-28,95360,2015-03-31,2,,,,,,,,,,,,,,,,,,,,,,,,,,,,,,,,,,,371178354,false,false,6,2014-04-01,2014-09-30,-1
2015-12-03,95360,2016-03-31,,194500000000,-0.034,,,,,12500000000,0.168,13000000000,0.238,,1500000000,,4.04,,,,,,,,,,,,,,,,,,,,,,true,true,12,2015-04-01,2016-03-31,0
2015-12-03,95360,2015-03-31,,208673000000,,,,,,8859000000,,7759000000,,,3780000000,,10.19,,,,,,,,,,,,,,,,,,,,,,true,false,12,2014-04-01,2015-03-31,-1
2015-12-03,95360,2016-03-31,,141500000000,-0.050,,,,,9000000000,0.200,9500000000,0.188,-500000000,,,-1.35,,,,,,,,,,,,,,,,,,,,,,false,true,12,2015-04-01,2016-03-31,0
2015-12-03,95360,2015-03-31,,154412000000,,,,,,4794000000,,4950000000,,3108000000,,,8.38,,,,,,,,,,,,,,,,,,,,,,false,false,12,2014-04-01,2015-03-31,-1
2016-01-28,95360,2016-03-31,3,135803000000,-0.063,,,,,5400000000,0.933,5232000000,0.996,,-3052000000,,-8.22,,,,,,350553000000,67051000000,0.183,,64204000000,,,,,,,,,,,,true,false,9,2015-04-01,2015-12-31,0
2016-01-28,95360,2015-03-31,3,144973000000,0.049,,,,,2793000000,3.586,2621000000,3.187,,1343000000,,3.62,,,,,,,,,,,,,,,,,,,,,,true,false,9,2014-04-01,2014-12-31,-1
2016-01-28,95360,2016-03-31,3,194500000000,-0.068,,,,,12500000000,0.411,13000000000,0.675,,1500000000,,4.04,,,,,,,,,,,,,,,,,,,,,,true,true,12,2015-04-01,2016-03-31,0
2016-01-28,95360,2015-03-31,3,,,,,,,,,,,,,,,,,,,,360754000000,73631000000,0.196,,70877000000,,,,,,,,,,,,true,false,12,2014-04-01,2015-03-31,-1
2016-01-28,95360,2015-03-31,3,,,,,,,,,,,,,,,,,,,,,,,,,,,,,6.00,,,,371875676,721788,,false,false,12,2014-04-01,2015-03-31,-1
2016-01-28,95360,2016-03-31,3,,,,,,,,,,,,,,,,,,,,,,,,,,,,,3.00,,,,,,,false,false,12,2015-04-01,2016-03-31,0
2016-01-28,95360,2016-03-31,3,,,,,,,,,,,,,,,,,,,,,,,,,,,,,6.00,,,,,,,false,true,12,2015-04-01,2016-03-31,0
2016-01-28,95360,2016-03-31,3,,,,,,,,,,,,,,,,,,,,,,,,,,,,,,,,,371875676,740591,371147224,false,false,9,2015-04-01,2015-12-31,0
2016-01-28,95360,2015-03-31,3,,,,,,,,,,,,,,,,,,,,,,,,,,,,,,,,,,,371175771,false,false,9,2014-04-01,2014-12-31,-1
2016-04-11,95360,2016-03-31,,190000000000,-0.023,,,,,12000000000,-0.040,12000000000,-0.077,,2500000000,,6.74,,,,,,,,,,,,,,,,,,,,,,true,true,12,2015-04-01,2016-03-31,0
2016-04-11,95360,2015-03-31,,208673000000,,,,,,8859000000,,7759000000,,,3780000000,,10.19,,,,,,,,,,,,,,,,,,,,,,true,false,12,2014-04-01,2015-03-31,-1
2016-04-11,95360,2016-03-31,,138000000000,-0.025,,,,,8500000000,-0.056,9000000000,-0.053,100000000,,,0.27,,,,,,,,,,,,,,,,,,,,,,false,true,12,2015-04-01,2016-03-31,0
2016-04-11,95360,2015-03-31,,154412000000,,,,,,4794000000,,4950000000,,3108000000,,,8.38,,,,,,,,,,,,,,,,,,,,,,false,false,12,2014-04-01,2015-03-31,-1
2016-04-27,95360,2016-03-31,,190378000000,-0.088,,,,,12605000000,0.423,12165000000,0.568,,2242000000,,6.04,,0.033,0.035,0.066,,341231000000,68925000000,0.193,177.85,66005000000,34595000000,-14942000000,-17320000000,11690000000,,0.993,,,,,,true,false,12,2015-04-01,2016-03-31,0
2016-04-27,95360,2015-03-31,,208673000000,0.042,,,,,8859000000,0.519,7759000000,0.389,,3780000000,,10.19,,0.057,0.022,0.042,,360754000000,73631000000,0.196,190.96,70877000000,12983000000,-34829000000,21643000000,9357000000,,0.589,,,,,,true,false,12,2014-04-01,2015-03-31,-1
2016-04-27,95360,2017-03-31,,80000000000,-0.131,,,,,2800000000,-0.496,2600000000,-0.521,,1600000000,,4.31,,,,,,,,,,,,,,,,,,,,,,true,true,6,2016-04-01,2016-09-30,1
2016-04-27,95360,2017-03-31,,173500000000,-0.089,,,,,11500000000,-0.088,10500000000,-0.137,,7000000000,,18.86,,,,,,,,,,,,,,,,0.318,,,,,,true,true,12,2016-04-01,2017-03-31,1
2016-04-27,95360,2016-03-31,,138056000000,-0.106,,,,,8594000000,0.793,9179000000,0.854,141000000,,-0.955,0.38,,,,,,193120000000,55944000000,0.290,150.74,55944000000,,,,,6.00,,,,371875676,743893,371143437,false,false,12,2015-04-01,2016-03-31,0
2016-04-27,95360,2015-03-31,,154412000000,0.054,,,,,4794000000,0.772,4950000000,0.436,3108000000,,0.120,8.38,,,,,,199709000000,62453000000,0.313,168.27,62453000000,,,,,6.00,,,,371875676,721788,371170932,false,false,12,2014-04-01,2015-03-31,-1
2016-04-27,95360,2017-03-31,,55000000000,-0.185,,,,,1600000000,-0.581,2200000000,-0.501,1500000000,,-0.536,4.04,,,,,,,,,,,,,,,,,,,,,,false,true,6,2016-04-01,2016-09-30,1
2016-04-27,95360,2017-03-31,,121000000000,-0.124,,,,,7500000000,-0.127,8000000000,-0.128,5500000000,,,14.82,,,,,,,,,,,,,,,6.00,,,,,,,false,true,12,2016-04-01,2017-03-31,1
2016-07-08,95360,2017-03-31,,79000000000,-0.013,,,,,2100000000,-0.250,1900000000,-0.269,,-1500000000,,-4.04,,,,,,,,,,,,,,,,,,,,,,true,true,6,2016-04-01,2016-09-30,0
2016-07-08,95360,2016-03-31,,92105000000,,,,,,5561000000,,5429000000,,,3443000000,,9.28,,,,,,,,,,,,,,,,,,,,,,true,false,6,2015-04-01,2015-09-30,-1
2016-07-08,95360,2017-03-31,,172000000000,-0.009,,,,,10500000000,-0.087,9500000000,-0.095,,3900000000,,10.51,,,,,,,,,,,,,,,,,,,,,,true,true,12,2016-04-01,2017-03-31,0
2016-07-08,95360,2016-03-31,,190378000000,,,,,,12605000000,,12165000000,,,2242000000,,6.04,,,,,,,,,,,,,,,,,,,,,,true,false,12,2015-04-01,2016-03-31,-1
2016-07-08,95360,2017-03-31,,54000000000,-0.018,,,,,900000000,-0.438,1500000000,-0.318,-1500000000,,,-4.04,,,,,,,,,,,,,,,,,,,,,,false,true,6,2016-04-01,2016-09-30,0
2016-07-08,95360,2016-03-31,,67478000000,,,,,,3819000000,,4407000000,,3236000000,,,8.72,,,,,,,,,,,,,,,,,,,,,,false,false,6,2015-04-01,2015-09-30,-1
2016-07-08,95360,2017-03-31,,119500000000,-0.012,,,,,6500000000,-0.133,7000000000,-0.125,2500000000,,-0.545,6.74,,,,,,,,,,,,,,,,,,,,,,false,true,12,2016-04-01,2017-03-31,0
2016-07-08,95360,2016-03-31,,138056000000,,,,,,8594000000,,9179000000,,141000000,,,0.38,,,,,,,,,,,,,,,,,,,,,,false,false,12,2015-04-01,2016-03-31,-1
2016-07-28,95360,2017-03-31,1,40174000000,-0.182,,,,,4390000000,-0.102,4470000000,-0.115,,-608000000,,-1.64,,,,,,331653000000,67258000000,0.194,,64331000000,,,,,,,,,,,,true,false,3,2016-04-01,2016-06-30,0
2016-07-28,95360,2016-03-31,1,49125000000,-0.012,,,,,4889000000,0.539,5052000000,0.572,,3347000000,,9.02,,,,,,,,,,,,,,,,,,,,,,true,false,3,2015-04-01,2015-06-30,-1
2016-07-28,95360,2017-03-31,1,79000000000,-0.142,,,,,2100000000,-0.622,1900000000,-0.650,,-1500000000,,-4.04,,,,,,,,,,,,,,,,,,,,,,true,true,6,2016-04-01,2016-09-30,0
2016-07-28,95360,2017-03-31,1,172000000000,-0.097,,,,,10500000000,-0.167,9500000000,-0.219,,3900000000,,10.51,,,,,,,,,,,,,,,,,,,,,,true,true,12,2016-04-01,2017-03-31,0
2016-07-28,95360,2016-03-31,1,,,,,,,,,,,,,,,,,,,,341231000000,68925000000,0.193,,66005000000,,,,,,,,,,,,true,false,12,2015-04-01,2016-03-31,-1
2016-07-28,95360,2016-03-31,1,,,,,,,,,,,,,,,,,,,,,,,,,,,,,6.00,,,,371875676,743893,,false,false,12,2015-04-01,2016-03-31,-1
2016-07-28,95360,2017-03-31,1,,,,,,,,,,,,,,,,,,,,,,,,,,,,,6.00,,,,,,,false,true,12,2016-04-01,2017-03-31,0
2016-07-28,95360,2017-03-31,1,,,,,,,,,,,,,,,,,,,,,,,,,,,,,,,,,371875676,744671,371131024,false,false,3,2016-04-01,2016-06-30,0
2016-07-28,95360,2016-03-31,1,,,,,,,,,,,,,,,,,,,,,,,,,,,,,,,,,,,371152002,false,false,3,2015-04-01,2015-06-30,-1
2016-10-12,95360,2017-03-31,,76000000000,-0.038,,,,,3500000000,0.667,3500000000,0.842,,-700000000,,-1.89,,,,,,,,,,,,,,,,,,,,,,true,true,6,2016-04-01,2016-09-30,0
2016-10-12,95360,2016-03-31,,92105000000,,,,,,5561000000,,5429000000,,,3443000000,,9.28,,,,,,,,,,,,,,,,,,,,,,true,false,6,2015-04-01,2015-09-30,-1
2016-10-12,95360,2017-03-31,,52000000000,-0.037,,,,,2000000000,1.222,3000000000,1.000,-300000000,,,-0.81,,,,,,,,,,,,,,,,,,,,,,false,true,6,2016-04-01,2016-09-30,0
2016-10-12,95360,2016-03-31,,67478000000,,,,,,3819000000,,4407000000,,3236000000,,,8.72,,,,,,,,,,,,,,,,,,,,,,false,false,6,2015-04-01,2015-09-30,-1
2016-10-28,95360,2017-03-31,2,75542000000,-0.180,,,,,3753000000,-0.325,3579000000,-0.341,,-709000000,,-1.91,,,,,,326892000000,67931000000,0.199,,64978000000,,,,,,,,,,,,true,false,6,2016-04-01,2016-09-30,0
2016-10-28,95360,2016-03-31,2,92105000000,-0.032,,,,,5561000000,0.509,5429000000,0.527,,3443000000,,9.28,,,,,,,,,,,,,,,,,,,,,,true,false,6,2015-04-01,2015-09-30,-1
2016-10-28,95360,2017-03-31,2,170000000000,-0.107,,,,,11000000000,-0.127,10000000000,-0.178,,4000000000,,10.78,,,,,,,,,,,,,,,,,,,,,,true,true,12,2016-04-01,2017-03-31,0
2016-10-28,95360,2016-03-31,2,,,,,,,,,,,,,,,,,,,,341231000000,68925000000,0.193,,66005000000,,,,,,,,,,,,true,false,12,2015-04-01,2016-03-31,-1
2016-10-28,95360,2016-03-31,2,,,,,,,,,,,,,,,,,,,,,,,,,,,,,6.00,,,,371875676,743893,,false,false,12,2015-04-01,2016-03-31,-1
2016-10-28,95360,2017-03-31,2,,,,,,,,,,,,,,,,,,,,,,,,,,,,,3.00,,,,,,,false,false,12,2016-04-01,2017-03-31,0
2016-10-28,95360,2017-03-31,2,,,,,,,,,,,,,,,,,,,,,,,,,,,,,6.00,,,,,,,false,true,12,2016-04-01,2017-03-31,0
2016-10-28,95360,2017-03-31,2,,,,,,,,,,,,,,,,,,,,,,,,,,,,,,,,,371875676,746886,371130520,false,false,6,2016-04-01,2016-09-30,0
2016-10-28,95360,2016-03-31,2,,,,,,,,,,,,,,,,,,,,,,,,,,,,,,,,,,,371149720,false,false,6,2015-04-01,2015-09-30,-1
2017-01-23,95360,2017-03-31,3,115270000000,-0.151,,,,,3630000000,-0.328,3299000000,-0.369,,-1066000000,,-2.87,,,,,,333480000000,68458000000,0.196,,65481000000,,,,,,,,,,,,true,false,9,2016-04-01,2016-12-31,0
2017-01-23,95360,2016-03-31,3,135803000000,-0.063,,,,,5400000000,0.933,5232000000,0.996,,-3052000000,,-8.22,,,,,,,,,,,,,,,,,,,,,,true,false,9,2015-04-01,2015-12-31,-1
2017-01-23,95360,2017-03-31,3,170000000000,-0.107,,,,,11000000000,-0.127,10000000000,-0.178,,4000000000,,10.78,,,,,,,,,,,,,,,,,,,,,,true,true,12,2016-04-01,2017-03-31,0
2017-01-23,95360,2016-03-31,3,,,,,,,,,,,,,,,,,,,,341231000000,68925000000,0.193,,66005000000,,,,,,,,,,,,true,false,12,2015-04-01,2016-03-31,-1
2017-01-23,95360,2016-03-31,3,,,,,,,,,,,,,,,,,,,,,,,,,,,,,6.00,,,,371875676,743893,,false,false,12,2015-04-01,2016-03-31,-1
2017-01-23,95360,2017-03-31,3,,,,,,,,,,,,,,,,,,,,,,,,,,,,,3.00,,,,,,,false,false,12,2016-04-01,2017-03-31,0
2017-01-23,95360,2017-03-31,3,,,,,,,,,,,,,,,,,,,,,,,,,,,,,7.00,,,,,,,false,true,12,2016-04-01,2017-03-31,0
2017-01-23,95360,2017-03-31,3,,,,,,,,,,,,,,,,,,,,,,,,,,,,,,,,,371875676,756382,371128968,false,false,9,2016-04-01,2016-12-31,0
2017-01-23,95360,2016-03-31,3,,,,,,,,,,,,,,,,,,,,,,,,,,,,,,,,,,,371147224,false,false,9,2015-04-01,2015-12-31,-1
,95360,2017-03-31,,,,,,,,,,,,,,,,,,,,,,,,,,,,,,7.00,,,,,,,false,true,12,2016-04-01,2017-03-31,0
,95360,2017-03-31,,,,,,,,,,,,,,,,,,,,,,,,,,,,,,3.00,,,,,,,false,false,12,2016-04-01,2017-03-31,0
,95360,2016-03-31,,,,,,,,,,,,,,,,,,,,,,,,,,,,,,6.00,,,,,,,false,false,12,2015-04-01,2016-03-31,-1
2017-04-27,95360,2017-03-31,,168083000000,-0.117,,,,,9624000000,-0.236,9275000000,-0.238,,3445000000,,9.29,,0.051,0.027,0.057,,351542000000,75035000000,0.198,187.59,69619000000,23544000000,-14106000000,-8218000000,13328000000,,0.753,,,,,,true,false,12,2016-04-01,2017-03-31,0
2017-04-27,95360,2016-03-31,,190378000000,-0.088,,,,,12605000000,0.423,12165000000,0.568,,2242000000,,6.04,,0.033,0.035,0.066,,341231000000,68925000000,0.193,177.85,66005000000,34595000000,-14942000000,-17320000000,11690000000,,0.993,,,,,,true,false,12,2015-04-01,2016-03-31,-1
2017-04-27,95360,2018-03-31,,89000000000,0.178,,,,,2300000000,-0.387,2100000000,-0.413,,1000000000,,2.69,,,,,,,,,,,,,,,,,,,,,,true,true,6,2017-04-01,2017-09-30,1
2017-04-27,95360,2018-03-31,,198000000000,0.178,,,,,10000000000,0.039,9500000000,0.024,,6000000000,,16.17,,,,,,,,,,,,,,,,0.433,,,,,,true,true,12,2017-04-01,2018-03-31,1
2017-04-27,95360,2017-03-31,,112597000000,-0.184,,,,,5419000000,-0.369,6780000000,-0.261,2200000000,,,5.93,,,,,,190354000000,57857000000,0.304,155.90,57857000000,,,,,7.00,,,,371875676,759327,371126125,false,false,12,2016-04-01,2017-03-31,0
2017-04-27,95360,2016-03-31,,138056000000,-0.106,,,,,8594000000,0.793,9179000000,0.854,141000000,,-0.955,0.38,,,,,,193120000000,55944000000,0.290,150.74,55944000000,,,,,6.00,,,,371875676,743893,371143437,false,false,12,2015-04-01,2016-03-31,-1
2017-04-27,95360,2018-03-31,,54000000000,0.039,,,,,500000000,-0.743,1500000000,-0.518,1100000000,,,2.96,,,,,,,,,,,,,,,,,,,,,,false,true,6,2017-04-01,2017-09-30,1
2017-04-27,95360,2018-03-31,,123000000000,0.092,,,,,4500000000,-0.170,5500000000,-0.189,4000000000,,0.818,10.78,,,,,,,,,,,,,,,7.00,,,,,,,false,true,12,2017-04-01,2018-03-31,1
,95360,2018-03-31,,,,,,,,,,,,,,,,,,,,,,,,,,,,,,35.00,,,,,,,false,true,12,2017-04-01,2018-03-31,0
,95360,2017-03-31,,,,,,,,,,,,,,,,,,,,,,,,,,,,,,7.00,,,,,,,false,false,12,2016-04-01,2017-03-31,-1
2017-07-27,95360,2018-03-31,1,43061000000,0.072,,,,,2928000000,-0.333,3052000000,-0.317,,1952000000,,5.26,,,,,,348345000000,76136000000,0.203,,70853000000,,,,,,,,,,,,true,false,3,2017-04-01,2017-06-30,0
2017-07-27,95360,2017-03-31,1,40174000000,-0.182,,,,,4390000000,-0.102,4470000000,-0.115,,-608000000,,-1.64,,,,,,,,,,,,,,,,,,,,,,true,false,3,2016-04-01,2016-06-30,-1
2017-07-27,95360,2018-03-31,1,89000000000,0.178,,,,,2300000000,-0.387,2100000000,-0.413,,1000000000,,26.95,,,,,,,,,,,,,,,,,,,,,,true,true,6,2017-04-01,2017-09-30,0
2017-07-27,95360,2018-03-31,1,198000000000,0.178,,,,,10000000000,0.039,9500000000,0.024,,6000000000,,161.67,,,,,,,,,,,,,,,,,,,,,,true,true,12,2017-04-01,2018-03-31,0
2017-07-27,95360,2017-03-31,1,,,,,,,,,,,,,,,,,,,,351542000000,75035000000,0.198,,69619000000,,,,,,,,,,,,true,false,12,2016-04-01,2017-03-31,-1
2017-07-27,95360,2017-03-31,1,,,,,,,,,,,,,,,,,,,,,,,,,,,,,7.00,,,,371875676,759327,,false,false,12,2016-04-01,2017-03-31,-1
2017-07-27,95360,2018-03-31,1,,,,,,,,,,,,,,,,,,,,,,,,,,,,,35.00,,,,,,,false,true,12,2017-04-01,2018-03-31,0
2017-07-27,95360,2018-03-31,1,,,,,,,,,,,,,,,,,,,,,,,,,,,,,,,,,371875676,760833,371115330,false,false,3,2017-04-01,2017-06-30,0
2017-07-27,95360,2017-03-31,1,,,,,,,,,,,,,,,,,,,,,,,,,,,,,,,,,,,371131024,false,false,3,2016-04-01,2016-06-30,-1
2017-10-17,95360,2018-03-31,,87000000000,-0.022,,,,,3000000000,0.304,3000000000,0.429,,1500000000,,40.42,,,,,,,,,,,,,,,,,,,,,,true,true,6,2017-04-01,2017-09-30,0
2017-10-17,95360,2017-03-31,,75542000000,,,,,,3753000000,,3579000000,,,-709000000,,-19.12,,,,,,,,,,,,,,,,,,,,,,true,false,6,2016-04-01,2016-09-30,-1
2017-10-17,95360,2018-03-31,,52800000000,-0.022,,,,,500000000,0.000,1700000000,0.133,1300000000,,0.182,35.03,,,,,,,,,,,,,,,,,,,,,,false,true,6,2017-04-01,2017-09-30,0
2017-10-17,95360,2017-03-31,,51995000000,,,,,,1945000000,,3113000000,,-316000000,,,-8.53,,,,,,,,,,,,,,,,,,,,,,false,false,6,2016-04-01,2016-09-30,-1
2017-10-26,95360,2018-03-31,2,86985000000,0.151,,,,,3090000000,-0.177,3229000000,-0.098,,1708000000,,46.03,,,,,,349525000000,75922000000,0.201,,70373000000,,,,,,,,,,,,true,false,6,2017-04-01,2017-09-30,0
2017-10-26,95360,2017-03-31,2,75542000000,-0.180,,,,,3753000000,-0.325,3579000000,-0.341,,-709000000,,-19.12,,,,,,,,,,,,,,,,,,,,,,true,false,6,2016-04-01,2016-09-30,-1
2017-10-26,95360,2018-03-31,2,194000000000,0.154,,,,,9500000000,-0.013,9000000000,-0.030,,5500000000,,148.20,,,,,,,,,,,,,,,,,,,,,,true,true,12,2017-04-01,2018-03-31,0
2017-10-26,95360,2017-03-31,2,,,,,,,,,,,,,,,,,,,,351542000000,75035000000,0.198,,69619000000,,,,,,,,,,,,true,false,12,2016-04-01,2017-03-31,-1
2017-10-26,95360,2017-03-31,2,,,,,,,,,,,,,,,,,,,,,,,,,,,,,7.00,,,,37187567,75932,,false,false,12,2016-04-01,2017-03-31,-1
2017-10-26,95360,2018-03-31,2,,,,,,,,,,,,,,,,,,,,,,,,,,,,,3.50,,,,,,,false,false,12,2017-04-01,2018-03-31,0
2017-10-26,95360,2018-03-31,2,,,,,,,,,,,,,,,,,,,,,,,,,,,,,35.00,,,,,,,false,true,12,2017-04-01,2018-03-31,0
2017-10-26,95360,2018-03-31,2,,,,,,,,,,,,,,,,,,,,,,,,,,,,,,,,,37187567,76274,37111439,false,false,6,2017-04-01,2017-09-30,0
2017-10-26,95360,2017-03-31,2,,,,,,,,,,,,,,,,,,,,,,,,,,,,,,,,,,,37113052,false,false,6,2016-04-01,2016-09-30,-1
2018-01-29,95360,2018-03-31,3,133621000000,0.159,,,,,3870000000,0.066,4301000000,0.304,,2410000000,,64.96,,,,,,353703000000,77865000000,0.204,,72301000000,,,,,,,,,,,,true,false,9,2017-04-01,2017-12-31,0
2018-01-29,95360,2017-03-31,3,115270000000,-0.151,,,,,3630000000,-0.328,3299000000,-0.369,,-1066000000,,-28.74,,,,,,,,,,,,,,,,,,,,,,true,false,9,2016-04-01,2016-12-31,-1
2018-01-29,95360,2018-03-31,3,195000000000,0.160,,,,,10000000000,0.039,10000000000,0.078,,6000000000,,161.68,,,,,,,,,,,,,,,,,,,,,,true,true,12,2017-04-01,2018-03-31,0
2018-01-29,95360,2017-03-31,3,,,,,,,,,,,,,,,,,,,,351542000000,75035000000,0.198,,69619000000,,,,,,,,,,,,true,false,12,2016-04-01,2017-03-31,-1
2018-01-29,95360,2017-03-31,3,,,,,,,,,,,,,,,,,,,,,,,,,,,,,7.00,,,,37187567,75932,,false,false,12,2016-04-01,2017-03-31,-1
2018-01-29,95360,2018-03-31,3,,,,,,,,,,,,,,,,,,,,,,,,,,,,,3.50,,,,,,,false,false,12,2017-04-01,2018-03-31,0
2018-01-29,95360,2018-03-31,3,,,,,,,,,,,,,,,,,,,,,,,,,,,,,35.00,,,,,,,false,true,12,2017-04-01,2018-03-31,0
2018-01-29,95360,2018-03-31,3,,,,,,,,,,,,,,,,,,,,,,,,,,,,,,,,,37187567,78651,37110948,false,false,9,2017-04-01,2017-12-31,0
2018-01-29,95360,2017-03-31,3,,,,,,,,,,,,,,,,,,,,,,,,,,,,,,,,,,,37112897,false,false,9,2016-04-01,2016-12-31,-1
2018-04-26,95360,2018-03-31,,196621000000,0.170,,,,,10700000000,0.112,10815000000,0.166,,5929000000,,159.78,,0.082,0.031,0.054,,355865000000,81009000000,0.213,2044.24,75858000000,28336000000,-13475000000,-13860000000,14327000000,,0.438,,,,,,true,false,12,2017-04-01,2018-03-31,0
2018-04-26,95360,2017-03-31,,168083000000,-0.117,,,,,9624000000,-0.236,9275000000,-0.238,,3445000000,,92.85,,0.051,0.027,0.057,,351542000000,75035000000,0.198,1875.94,69619000000,23544000000,-14106000000,-8218000000,13328000000,,0.753,,,,,,true,false,12,2016-04-01,2017-03-31,-1
2018-04-26,95360,2019-03-31,,208000000000,0.058,,,,,10500000000,-0.019,10500000000,-0.029,,6000000000,,161.69,,,,,,,,,,,,,,,,0.433,,,,,,true,true,12,2018-04-01,2019-03-31,1
2018-04-26,95360,2018-03-31,,121347000000,0.078,,,,,4983000000,-0.080,6652000000,-0.019,3005000000,,0.366,80.99,,,,,,195566000000,59248000000,0.303,1596.64,59248000000,,,,,35.00,,,,37187567,79294,37110354,false,false,12,2017-04-01,2018-03-31,0
2018-04-26,95360,2017-03-31,,112597000000,-0.184,,,,,5419000000,-0.369,6780000000,-0.261,2200000000,,,59.30,,,,,,190354000000,57857000000,0.304,1559.01,57857000000,,,,,7.00,,,,37187567,75932,37112612,false,false,12,2016-04-01,2017-03-31,-1
2018-04-26,95360,2019-03-31,,130000000000,0.071,,,,,4500000000,-0.097,6000000000,-0.098,4000000000,,0.331,107.79,,,,,,,,,,,,,,,70.00,,,,,,,false,true,12,2018-04-01,2019-03-31,1
2018-07-31,95360,2019-03-31,1,43711000000,0.015,,,,,2589000000,-0.116,2699000000,-0.116,,1621000000,,43.69,,,,,,351851000000,82121000000,0.219,,77147000000,,,,,,,,,,,,true,false,3,2018-04-01,2018-06-30,0
2018-07-31,95360,2018-03-31,1,43061000000,0.072,,,,,2928000000,-0.333,3052000000,-0.317,,1952000000,,52.60,,,,,,,,,,,,,,,,,,,,,,true,false,3,2017-04-01,2017-06-30,-1
2018-07-31,95360,2019-03-31,1,208000000000,0.058,,,,,10500000000,-0.019,10500000000,-0.029,,6000000000,,161.69,,,,,,,,,,,,,,,,,,,,,,true,true,12,2018-04-01,2019-03-31,0
2018-07-31,95360,2018-03-31,1,,,,,,,,,,,,,,,,,,,,354710000000,81009000000,0.214,,75858000000,,,,,,,,,,,,true,false,12,2017-04-01,2018-03-31,-1
2018-07-31,95360,2018-03-31,1,,,,,,,,,,,,,,,,,,,,,,,,,,,,,35.00,,,,37187567,79294,,false,false,12,2017-04-01,2018-03-31,-1
2018-07-31,95360,2019-03-31,1,,,,,,,,,,,,,,,,,,,,,,,,,,,,,70.00,,,,,,,false,true,12,2018-04-01,2019-03-31,0
2018-07-31,95360,2019-03-31,1,,,,,,,,,,,,,,,,,,,,,,,,,,,,,,,,,37187567,79515,37108193,false,false,3,2018-04-01,2018-06-30,0
2018-07-31,95360,2018-03-31,1,,,,,,,,,,,,,,,,,,,,,,,,,,,,,,,,,,,37111533,false,false,3,2017-04-01,2017-06-30,-1
2018-10-29,95360,2019-03-31,2,86997000000,0.000,,,,,2148000000,-0.305,2229000000,-0.310,,869000000,,23.44,,,,,,354491000000,80810000000,0.214,,75719000000,,,,,,,,,,,,true,false,6,2018-04-01,2018-09-30,0
2018-10-29,95360,2018-03-31,2,86985000000,0.151,,,,,3090000000,-0.177,3229000000,-0.098,,1708000000,,46.03,,,,,,,,,,,,,,,,,,,,,,true,false,6,2017-04-01,2017-09-30,-1
2018-10-29,95360,2019-03-31,2,209000000000,0.063,,,,,10500000000,-0.019,10500000000,-0.029,,6000000000,,161.69,,,,,,,,,,,,,,,,,,,,,,true,true,12,2018-04-01,2019-03-31,0
2018-10-29,95360,2018-03-31,2,,,,,,,,,,,,,,,,,,,,354710000000,81009000000,0.214,,75858000000,,,,,,,,,,,,true,false,12,2017-04-01,2018-03-31,-1
2018-10-29,95360,2018-03-31,2,,,,,,,,,,,,,,,,,,,,,,,,,,,,,35.00,,,,37187567,79294,,false,false,12,2017-04-01,2018-03-31,-1
2018-10-29,95360,2019-03-31,2,,,,,,,,,,,,,,,,,,,,,,,,,,,,,35.00,,,,,,,false,false,12,2018-04-01,2019-03-31,0
2018-10-29,95360,2019-03-31,2,,,,,,,,,,,,,,,,,,,,,,,,,,,,,70.00,,,,,,,false,true,12,2018-04-01,2019-03-31,0
2018-10-29,95360,2019-03-31,2,,,,,,,,,,,,,,,,,,,,,,,,,,,,,,,,,37187567,79732,37108061,false,false,6,2018-04-01,2018-09-30,0
2018-10-29,95360,2018-03-31,2,,,,,,,,,,,,,,,,,,,,,,,,,,,,,,,,,,,37111439,false,false,6,2017-04-01,2017-09-30,-1
2019-01-29,95360,2019-03-31,3,137152000000,0.026,,,,,2648000000,-0.316,2853000000,-0.337,,991000000,,26.73,,,,,,363783000000,77820000000,0.199,,72564000000,,,,,,,,,,,,true,false,9,2018-04-01,2018-12-31,0
2019-01-29,95360,2018-03-31,3,133621000000,0.159,,,,,3870000000,0.066,4301000000,0.304,,2410000000,,64.96,,,,,,,,,,,,,,,,,,,,,,true,false,9,2017-04-01,2017-12-31,-1
2019-01-29,95360,2019-03-31,3,209000000000,0.063,,,,,10500000000,-0.019,10500000000,-0.029,,6000000000,,161.69,,,,,,,,,,,,,,,,,,,,,,true,true,12,2018-04-01,2019-03-31,0
2019-01-29,95360,2018-03-31,3,,,,,,,,,,,,,,,,,,,,354710000000,81009000000,0.214,,75858000000,,,,,,,,,,,,true,false,12,2017-04-01,2018-03-31,-1
2019-01-29,95360,2018-03-31,3,,,,,,,,,,,,,,,,,,,,,,,,,,,,,35.00,,,,37187567,79294,,false,false,12,2017-04-01,2018-03-31,-1
2019-01-29,95360,2019-03-31,3,,,,,,,,,,,,,,,,,,,,,,,,,,,,,35.00,,,,,,,false,false,12,2018-04-01,2019-03-31,0
2019-01-29,95360,2019-03-31,3,,,,,,,,,,,,,,,,,,,,,,,,,,,,,70.00,,,,,,,false,true,12,2018-04-01,2019-03-31,0
2019-01-29,95360,2019-03-31,3,,,,,,,,,,,,,,,,,,,,,,,,,,,,,,,,,37187567,80196,37107927,false,false,9,2018-04-01,2018-12-31,0
2019-01-29,95360,2018-03-31,3,,,,,,,,,,,,,,,,,,,,,,,,,,,,,,,,,,,37110948,false,false,9,2017-04-01,2017-12-31,-1
2019-04-26,95360,2019-03-31,,203478000000,0.035,,,,,10095000000,-0.057,9760000000,-0.098,,5496000000,,148.13,,0.072,0.027,0.050,,370423000000,82557000000,0.208,2074.76,76988000000,19020000000,-22946000000,6486000000,16888000000,,0.473,,,,,,true,false,12,2018-04-01,2019-03-31,0
2019-04-26,95360,2018-03-31,,196621000000,0.170,,,,,10700000000,0.112,10815000000,0.166,,5929000000,,159.78,,0.082,0.031,0.054,,354710000000,81009000000,0.214,2044.24,75858000000,28336000000,-13475000000,-13860000000,14327000000,,0.438,,,,,,true,false,12,2017-04-01,2018-03-31,-1
2019-04-26,95360,2020-03-31,,216000000000,0.062,,,,,10500000000,0.040,10000000000,0.025,,6000000000,,161.69,,,,,,,,,,,,,,,,0.433,,,,,,true,true,12,2019-04-01,2020-03-31,1
2019-04-26,95360,2019-03-31,,127711000000,0.052,,,,,4167000000,-0.164,5975000000,-0.102,3040000000,,0.012,81.93,,,,,,200475000000,58468000000,0.292,1575.67,58468000000,,,,,70.00,,,,37187567,80402,37107756,false,false,12,2018-04-01,2019-03-31,0
2019-04-26,95360,2018-03-31,,121347000000,0.078,,,,,4983000000,-0.080,6652000000,-0.019,3005000000,,0.366,80.99,,,,,,194455000000,59248000000,0.305,1596.64,59248000000,,,,,35.00,,,,37187567,79294,37110354,false,false,12,2017-04-01,2018-03-31,-1
2019-04-26,95360,2020-03-31,,137000000000,0.073,,,,,4500000000,0.080,6000000000,0.004,4000000000,,0.316,107.80,,,,,,,,,,,,,,,70.00,,,,,,,false,true,12,2019-04-01,2020-03-31,1
2019-07-30,95360,2020-03-31,1,48604000000,0.112,,,,,2924000000,0.129,3035000000,0.124,,2144000000,,57.78,,,,,,361793000000,81086000000,0.208,,75342000000,,,,,,,,,,,,true,false,3,2019-04-01,2019-06-30,0
2019-07-30,95360,2019-03-31,1,43711000000,0.015,,,,,2589000000,-0.116,2699000000,-0.116,,1621000000,,43.69,,,,,,,,,,,,,,,,,,,,,,true,false,3,2018-04-01,2018-06-30,-1
2019-07-30,95360,2020-03-31,1,216000000000,0.062,,,,,10500000000,0.040,10000000000,0.025,,6000000000,,161.69,,,,,,,,,,,,,,,,,,,,,,true,true,12,2019-04-01,2020-03-31,0
2019-07-30,95360,2019-03-31,1,,,,,,,,,,,,,,,,,,,,370423000000,82557000000,0.208,,76988000000,,,,,,,,,,,,true,false,12,2018-04-01,2019-03-31,-1
2019-07-30,95360,2019-03-31,1,,,,,,,,,,,,,,,,,,,,,,,,,,,,,70.00,,,,37187567,80402,,false,false,12,2018-04-01,2019-03-31,-1
2019-07-30,95360,2020-03-31,1,,,,,,,,,,,,,,,,,,,,,,,,,,,,,70.00,,,,,,,false,true,12,2019-04-01,2020-03-31,0
2019-07-30,95360,2020-03-31,1,,,,,,,,,,,,,,,,,,,,,,,,,,,,,,,,,37187567,80553,37107125,false,false,3,2019-04-01,2019-06-30,0
2019-07-30,95360,2019-03-31,1,,,,,,,,,,,,,,,,,,,,,,,,,,,,,,,,,,,37108193,false,false,3,2018-04-01,2018-06-30,-1
2019-10-29,95360,2020-03-31,2,92848000000,0.067,,,,,1796000000,-0.164,1830000000,-0.179,,1075000000,,28.99,,,,,,362665000000,80045000000,0.205,,74305000000,,,,,,,,,,,,true,false,6,2019-04-01,2019-09-30,0
2019-10-29,95360,2019-03-31,2,86997000000,0.000,,,,,2148000000,-0.305,2229000000,-0.310,,869000000,,23.44,,,,,,,,,,,,,,,,,,,,,,true,false,6,2018-04-01,2018-09-30,-1
2019-10-29,95360,2020-03-31,2,216000000000,0.062,,,,,10500000000,0.040,10000000000,0.025,,6000000000,,161.77,,,,,,,,,,,,,,,,,,,,,,true,true,12,2019-04-01,2020-03-31,0
2019-10-29,95360,2019-03-31,2,,,,,,,,,,,,,,,,,,,,370423000000,82557000000,0.208,,76988000000,,,,,,,,,,,,true,false,12,2018-04-01,2019-03-31,-1
2019-10-29,95360,2019-03-31,2,,,,,,,,,,,,,,,,,,,,,,,,,,,,,70.00,,,,37187567,80402,,false,false,12,2018-04-01,2019-03-31,-1
2019-10-29,95360,2020-03-31,2,,,,,,,,,,,,,,,,,,,,,,,,,,,,,35.00,,,,,,,false,false,12,2019-04-01,2020-03-31,0
2019-10-29,95360,2020-03-31,2,,,,,,,,,,,,,,,,,,,,,,,,,,,,,70.00,,,,,,,false,true,12,2019-04-01,2020-03-31,0
2019-10-29,95360,2020-03-31,2,,,,,,,,,,,,,,,,,,,,,,,,,,,,,,,,,37187567,162837,37088985,false,false,6,2019-04-01,2019-09-30,0
2019-10-29,95360,2019-03-31,2,,,,,,,,,,,,,,,,,,,,,,,,,,,,,,,,,,,37108061,false,false,6,2018-04-01,2018-09-30,-1
2020-01-29,95360,2020-03-31,3,139328000000,0.016,,,,,1264000000,-0.523,1564000000,-0.452,,1041000000,,28.09,,,,,,376480000000,79483000000,0.197,,73979000000,,,,,,,,,,,,true,false,9,2019-04-01,2019-12-31,0
2020-01-29,95360,2019-03-31,3,137152000000,0.026,,,,,2648000000,-0.316,2853000000,-0.337,,991000000,,26.73,,,,,,,,,,,,,,,,,,,,,,true,false,9,2018-04-01,2018-12-31,-1
2020-01-29,95360,2020-03-31,3,207000000000,0.017,,,,,8500000000,-0.158,8000000000,-0.180,,5200000000,,140.28,,,,,,,,,,,,,,,,,,,,,,true,true,12,2019-04-01,2020-03-31,0
2020-01-29,95360,2019-03-31,3,,,,,,,,,,,,,,,,,,,,370423000000,82557000000,0.208,,76988000000,,,,,,,,,,,,true,false,12,2018-04-01,2019-03-31,-1
2020-01-29,95360,2019-03-31,3,,,,,,,,,,,,,,,,,,,,,,,,,,,,,70.00,,,,37187567,80402,,false,false,12,2018-04-01,2019-03-31,-1
2020-01-29,95360,2020-03-31,3,,,,,,,,,,,,,,,,,,,,,,,,,,,,,35.00,,,,,,,false,false,12,2019-04-01,2020-03-31,0
2020-01-29,95360,2020-03-31,3,,,,,,,,,,,,,,,,,,,,,,,,,,,,,70.00,,,,,,,false,true,12,2019-04-01,2020-03-31,0
2020-01-29,95360,2020-03-31,3,,,,,,,,,,,,,,,,,,,,,,,,,,,,,,,,,37187567,163440,37069638,false,false,9,2019-04-01,2019-12-31,0
2020-01-29,95360,2019-03-31,3,,,,,,,,,,,,,,,,,,,,,,,,,,,,,,,,,,,37107927,false,false,9,2018-04-01,2018-12-31,-1
2020-04-28,95360,2020-03-31,,204445000000,0.005,,,,,7562000000,-0.251,7529000000,-0.229,,4695000000,,126.70,,0.062,0.020,0.037,,375765000000,80604000000,0.199,2020.44,74804000000,17956000000,-25489000000,10263000000,19751000000,,0.552,,,,,,true,false,12,2019-04-01,2020-03-31,0
2020-04-28,95360,2019-03-31,,203478000000,0.035,,,,,10095000000,-0.057,9760000000,-0.098,,5496000000,,148.13,,0.072,0.027,0.050,,370423000000,82557000000,0.208,2074.76,76988000000,19020000000,-22946000000,6486000000,16888000000,,0.473,,,,,,true,false,12,2018-04-01,2019-03-31,-1
2020-04-28,95360,2020-03-31,,125354000000,-0.018,,,,,2911000000,-0.301,4281000000,-0.284,1621000000,,-0.467,43.75,,,,,,207396000000,54404000000,0.262,1469.45,54404000000,,,,,70.00,,,,37187567,163728,37059093,false,false,12,2019-04-01,2020-03-31,0
2020-04-28,95360,2019-03-31,,127711000000,0.052,,,,,4167000000,-0.164,5975000000,-0.102,3040000000,,0.012,81.93,,,,,,200475000000,58468000000,0.292,1575.67,58468000000,,,,,70.00,,,,37187567,80402,37107756,false,false,12,2018-04-01,2019-03-31,-1
2020-04-28,95360,2021-03-31,,,,,,,,,,,,,,,,,,,,,,,,,,,,,,70.00,,,,,,,false,true,12,2020-04-01,2021-03-31,1
2020-07-29,95360,2021-03-31,1,43425000000,-0.107,,,,,1522000000,-0.479,1886000000,-0.379,,895000000,,24.19,,,,,,372760000000,81386000000,0.203,,75792000000,,,,,,,,,,,,true,false,3,2020-04-01,2020-06-30,0
2020-07-29,95360,2020-03-31,1,48604000000,0.112,,,,,2924000000,0.129,3035000000,0.124,,2144000000,,57.78,,,,,,,,,,,,,,,,,,,,,,true,false,3,2019-04-01,2019-06-30,-1
2020-07-29,95360,2021-03-31,1,191000000000,-0.066,,,,,4000000000,-0.471,4000000000,-0.469,,1500000000,,40.51,,,,,,,,,,,,,,,,,,,,,,true,true,12,2020-04-01,2021-03-31,0
2020-07-29,95360,2020-03-31,1,,,,,,,,,,,,,,,,,,,,375765000000,80604000000,0.199,,74804000000,,,,,,,,,,,,true,false,12,2019-04-01,2020-03-31,-1
2020-07-29,95360,2020-03-31,1,,,,,,,,,,,,,,,,,,,,,,,,,,,,,70.00,,,,37187567,163728,,false,false,12,2019-04-01,2020-03-31,-1
2020-07-29,95360,2021-03-31,1,,,,,,,,,,,,,,,,,,,,,,,,,,,,,70.00,,,,,,,false,true,12,2020-04-01,2021-03-31,0
2020-07-29,95360,2021-03-31,1,,,,,,,,,,,,,,,,,,,,,,,,,,,,,,,,,37187567,163778,37023821,false,false,3,2020-04-01,2020-06-30,0
2020-07-29,95360,2020-03-31,1,,,,,,,,,,,,,,,,,,,,,,,,,,,,,,,,,,,37107125,false,false,3,2019-04-01,2019-06-30,-1
2020-10-30,95360,2021-03-31,2,87947000000,-0.053,,,,,1779000000,-0.009,1859000000,0.016,,481000000,,12.99,,,,,,380529000000,81319000000,0.198,,75534000000,,,,,,,,,,,,true,false,6,2020-04-01,2020-09-30,0
2020-10-30,95360,2020-03-31,2,92848000000,0.067,,,,,1796000000,-0.164,1830000000,-0.179,,1075000000,,28.99,,,,,,,,,,,,,,,,,,,,,,true,false,6,2019-04-01,2019-09-30,-1
2020-10-30,95360,2021-03-31,2,191000000000,-0.066,,,,,4000000000,-0.471,4000000000,-0.469,,1500000000,,40.51,,,,,,,,,,,,,,,,,,,,,,true,true,12,2020-04-01,2021-03-31,0
2020-10-30,95360,2020-03-31,2,,,,,,,,,,,,,,,,,,,,375765000000,80604000000,0.199,,74804000000,,,,,,,,,,,,true,false,12,2019-04-01,2020-03-31,-1
2020-10-30,95360,2020-03-31,2,,,,,,,,,,,,,,,,,,,,,,,,,,,,,70.00,,,,37187567,163728,,false,false,12,2019-04-01,2020-03-31,-1
2020-10-30,95360,2021-03-31,2,,,,,,,,,,,,,,,,,,,,,,,,,,,,,35.00,,,,,,,false,false,12,2020-04-01,2021-03-31,0
2020-10-30,95360,2021-03-31,2,,,,,,,,,,,,,,,,,,,,,,,,,,,,,70.00,,,,,,,false,true,12,2020-04-01,2021-03-31,0
2020-10-30,95360,2021-03-31,2,,,,,,,,,,,,,,,,,,,,,,,,,,,,,,,,,37187567,162198,37024515,false,false,6,2020-04-01,2020-09-30,0
2020-10-30,95360,2020-03-31,2,,,,,,,,,,,,,,,,,,,,,,,,,,,,,,,,,,,37088985,false,false,6,2019-04-01,2019-09-30,-1
2021-01-28,95360,2021-03-31,3,132848000000,-0.047,,,,,1073000000,-0.151,1220000000,-0.220,,-384000000,,-10.39,,,,,,385816000000,80032000000,0.192,,74217000000,,,,,,,,,,,,true,false,9,2020-04-01,2020-12-31,0
2021-01-28,95360,2020-03-31,3,139328000000,0.016,,,,,1264000000,-0.523,1564000000,-0.452,,1041000000,,28.09,,,,,,,,,,,,,,,,,,,,,,true,false,9,2019-04-01,2019-12-31,-1
2021-01-28,95360,2021-03-31,3,191000000000,-0.066,,,,,4000000000,-0.471,4000000000,-0.469,,1500000000,,40.51,,,,,,,,,,,,,,,,,,,,,,true,true,12,2020-04-01,2021-03-31,0
2021-01-28,95360,2020-03-31,3,,,,,,,,,,,,,,,,,,,,375765000000,80604000000,0.199,,74804000000,,,,,,,,,,,,true,false,12,2019-04-01,2020-03-31,-1
2021-01-28,95360,2020-03-31,3,,,,,,,,,,,,,,,,,,,,,,,,,,,,,70.00,,,,37187567,163728,,false,false,12,2019-04-01,2020-03-31,-1
2021-01-28,95360,2021-03-31,3,,,,,,,,,,,,,,,,,,,,,,,,,,,,,35.00,,,,,,,false,false,12,2020-04-01,2021-03-31,0
2021-01-28,95360,2021-03-31,3,,,,,,,,,,,,,,,,,,,,,,,,,,,,,70.00,,,,,,,false,true,12,2020-04-01,2021-03-31,0
2021-01-28,95360,2021-03-31,3,,,,,,,,,,,,,,,,,,,,,,,,,,,,,,,,,37187567,163071,37024668,false,false,9,2020-04-01,2020-12-31,0
2021-01-28,95360,2020-03-31,3,,,,,,,,,,,,,,,,,,,,,,,,,,,,,,,,,,,37069638,false,false,9,2019-04-01,2019-12-31,-1
2021-04-27,95360,2021-03-31,,191993000000,-0.061,,,,,4851000000,-0.359,4558000000,-0.395,,1794000000,,48.47,,0.023,0.012,0.025,,389929000000,86121000000,0.205,2161.91,80042000000,20748000000,-25528000000,4854000000,19483000000,,1.444,,,,,,true,false,12,2020-04-01,2021-03-31,0
2021-04-27,95360,2020-03-31,,204445000000,0.005,,,,,7562000000,-0.251,7529000000,-0.229,,4695000000,,126.70,,0.062,0.020,0.037,,375765000000,80604000000,0.199,2020.44,74804000000,17956000000,-25489000000,10263000000,19751000000,,0.552,,,,,,true,false,12,2019-04-01,2020-03-31,-1
2021-04-27,95360,2022-03-31,,200000000000,0.042,,,,,7000000000,0.443,7000000000,0.536,,4000000000,,108.04,,,,,,,,,,,,,,,,0.648,,,,,,true,true,12,2021-04-01,2022-03-31,1
2021-04-27,95360,2021-03-31,,115610000000,-0.078,,,,,23000000,-0.992,981000000,-0.771,304000000,,-0.812,8.23,,,,,,214051000000,55706000000,0.260,1504.60,55706000000,,,,,70.00,,,,37187567,163485,37024569,false,false,12,2020-04-01,2021-03-31,0
2021-04-27,95360,2020-03-31,,125354000000,-0.018,,,,,2911000000,-0.301,4281000000,-0.284,1621000000,,-0.467,43.75,,,,,,207396000000,54404000000,0.262,1469.45,54404000000,,,,,70.00,,,,37187567,163728,37059093,false,false,12,2019-04-01,2020-03-31,-1
2021-04-27,95360,2022-03-31,,,,,,,,,,,,,,,,,,,,,,,,,,,,,,70.00,,,,,,,false,true,12,2021-04-01,2022-03-31,1
2021-07-29,95360,2022-03-31,1,50083000000,0.153,,,,,1926000000,0.265,2068000000,0.097,,1481000000,,40.01,,,,,,387582000000,85362000000,0.205,,79309000000,,,,,,,,,,,,true,false,3,2021-04-01,2021-06-30,0
2021-07-29,95360,2021-03-31,1,43425000000,-0.107,,,,,1522000000,-0.479,1886000000,-0.379,,895000000,,24.19,,,,,,,,,,,,,,,,,,,,,,true,false,3,2020-04-01,2020-06-30,-1
2021-07-29,95360,2022-03-31,1,200000000000,0.042,,,,,7000000000,0.443,7000000000,0.536,,4000000000,,108.04,,,,,,,,,,,,,,,,,,,,,,true,true,12,2021-04-01,2022-03-31,0
2021-07-29,95360,2021-03-31,1,,,,,,,,,,,,,,,,,,,,389929000000,86121000000,0.205,,80042000000,,,,,,,,,,,,true,false,12,2020-04-01,2021-03-31,-1
2021-07-29,95360,2021-03-31,1,,,,,,,,,,,,,,,,,,,,,,,,,,,,,70.00,,,,37187567,163485,,false,false,12,2020-04-01,2021-03-31,-1
2021-07-29,95360,2022-03-31,1,,,,,,,,,,,,,,,,,,,,,,,,,,,,,70.00,,,,,,,false,true,12,2021-04-01,2022-03-31,0
2021-07-29,95360,2022-03-31,1,,,,,,,,,,,,,,,,,,,,,,,,,,,,,,,,,37187567,163743,37023956,false,false,3,2021-04-01,2021-06-30,0
2021-07-29,95360,2021-03-31,1,,,,,,,,,,,,,,,,,,,,,,,,,,,,,,,,,,,37023821,false,false,3,2020-04-01,2020-06-30,-1
2021-10-29,95360,2022-03-31,2,92527000000,0.052,,,,,-606000000,,-293000000,,,184000000,,5.00,,,,,,378207000000,83782000000,0.205,,77690000000,,,,,,,,,,,,true,false,6,2021-04-01,2021-09-30,0
2021-10-29,95360,2021-03-31,2,87947000000,-0.053,,,,,1779000000,-0.009,1859000000,0.016,,481000000,,12.99,,,,,,,,,,,,,,,,,,,,,,true,false,6,2020-04-01,2020-09-30,-1
2021-10-29,95360,2022-03-31,2,205000000000,0.068,,,,,6000000000,0.237,6000000000,0.316,,3500000000,,94.53,,,,,,,,,,,,,,,,,,,,,,true,true,12,2021-04-01,2022-03-31,0
2021-10-29,95360,2021-03-31,2,,,,,,,,,,,,,,,,,,,,389929000000,86121000000,0.205,,80042000000,,,,,,,,,,,,true,false,12,2020-04-01,2021-03-31,-1
2021-10-29,95360,2021-03-31,2,,,,,,,,,,,,,,,,,,,,,,,,,,,,,70.00,,,,37187567,163485,,false,false,12,2020-04-01,2021-03-31,-1
2021-10-29,95360,2022-03-31,2,,,,,,,,,,,,,,,,,,,,,,,,,,,,,35.00,,,,,,,false,false,12,2021-04-01,2022-03-31,0
2021-10-29,95360,2022-03-31,2,,,,,,,,,,,,,,,,,,,,,,,,,,,,,70.00,,,,,,,false,true,12,2021-04-01,2022-03-31,0
2021-10-29,95360,2022-03-31,2,,,,,,,,,,,,,,,,,,,,,,,,,,,,,,,,,37187567,161564,37024887,false,false,6,2021-04-01,2021-09-30,0
2021-10-29,95360,2021-03-31,2,,,,,,,,,,,,,,,,,,,,,,,,,,,,,,,,,,,37024515,false,false,6,2020-04-01,2020-09-30,-1
2021-12-22,95360,2022-03-31,,205000000000,,,,,,500000000,-0.917,500000000,-0.917,,500000000,,13.50,,,,,,,,,,,,,,,,,,,,,,true,true,12,2021-04-01,2022-03-31,0
2021-12-22,95360,2021-03-31,,191993000000,,,,,,4851000000,,4558000000,,,1794000000,,48.47,,,,,,,,,,,,,,,,,,,,,,true,false,12,2020-04-01,2021-03-31,-1
2022-01-28,95360,2022-03-31,3,144079000000,0.085,,,,,-3599000000,,-2784000000,,,-2064000000,,-55.76,,,,,,395647000000,79322000000,0.185,,73262000000,,,,,,,,,,,,true,false,9,2021-04-01,2021-12-31,0
2022-01-28,95360,2021-03-31,3,132848000000,-0.047,,,,,1073000000,-0.151,1220000000,-0.220,,-384000000,,-10.39,,,,,,,,,,,,,,,,,,,,,,true,false,9,2020-04-01,2020-12-31,-1
2022-01-28,95360,2022-03-31,3,205000000000,0.068,,,,,500000000,-0.897,500000000,-0.890,,500000000,,13.50,,,,,,,,,,,,,,,,,,,,,,true,true,12,2021-04-01,2022-03-31,0
2022-01-28,95360,2021-03-31,3,,,,,,,,,,,,,,,,,,,,389929000000,86121000000,0.205,,80042000000,,,,,,,,,,,,true,false,12,2020-04-01,2021-03-31,-1
2022-01-28,95360,2021-03-31,3,,,,,,,,,,,,,,,,,,,,,,,,,,,,,70.00,,,,37187567,163485,,false,false,12,2020-04-01,2021-03-31,-1
2022-01-28,95360,2022-03-31,3,,,,,,,,,,,,,,,,,,,,,,,,,,,,,35.00,,,,,,,false,false,12,2021-04-01,2022-03-31,0
2022-01-28,95360,2022-03-31,3,,,,,,,,,,,,,,,,,,,,,,,,,,,,,70.00,,,,,,,false,true,12,2021-04-01,2022-03-31,0
2022-01-28,95360,2022-03-31,3,,,,,,,,,,,,,,,,,,,,,,,,,,,,,,,,,37187567,161997,37025179,false,false,9,2021-04-01,2021-12-31,0
2022-01-28,95360,2021-03-31,3,,,,,,,,,,,,,,,,,,,,,,,,,,,,,,,,,,,37024668,false,false,9,2020-04-01,2020-12-31,-1
2022-04-27,95360,2022-03-31,,215273000000,0.121,,,,,451000000,-0.907,571000000,-0.875,,495000000,,13.37,,0.006,0.001,0.002,,395664000000,80639000000,0.188,2007.69,74335000000,10542000000,-14125000000,7634000000,24411000000,,5.236,,,,,,true,false,12,2021-04-01,2022-03-31,0
2022-04-27,95360,2021-03-31,,191993000000,-0.061,,,,,4851000000,-0.359,4558000000,-0.395,,1794000000,,48.47,,0.023,0.012,0.025,,389929000000,86121000000,0.205,2161.91,80042000000,20748000000,-25528000000,4854000000,19483000000,,1.444,,,,,,true,false,12,2020-04-01,2021-03-31,-1
2022-04-27,95360,2023-03-31,,240000000000,0.115,,,,,8500000000,,8500000000,,,6000000000,,162.05,,,,,,,,,,,,,,,,0.432,,,,,,true,true,12,2022-04-01,2023-03-31,1
2022-04-27,95360,2022-03-31,,9475000000,,,,,,1351000000,,2304000000,,2056000000,,,55.53,,,,,,266006000000,50926000000,0.191,1375.46,50926000000,,,,,70.00,,,,37187567,162173,37025238,false,false,12,2021-04-01,2022-03-31,0
2022-04-27,95360,2021-03-31,,115610000000,-0.078,,,,,23000000,-0.992,981000000,-0.771,304000000,,-0.812,8.23,,,,,,214051000000,55706000000,0.260,1504.60,55706000000,,,,,70.00,,,,37187567,163485,37024569,false,false,12,2020-04-01,2021-03-31,-1
2022-04-27,95360,2023-03-31,,,,,,,,,,,,,,,,,,,,,,,,,,,,,,70.00,,,,,,,false,true,12,2022-04-01,2023-03-31,1
2022-07-29,95360,2023-03-31,1,55298000000,0.104,,,,,2233000000,0.159,2852000000,0.379,,1799000000,,48.61,,,,,,392643000000,81915000000,0.193,,75680000000,,,,,,,,,,,,true,false,3,2022-04-01,2022-06-30,0
2022-07-29,95360,2022-03-31,1,50083000000,0.153,,,,,1926000000,0.265,2068000000,0.097,,1481000000,,40.01,,,,,,,,,,,,,,,,,,,,,,true,false,3,2021-04-01,2021-06-30,-1
2022-07-29,95360,2023-03-31,1,250000000000,0.042,,,,,6500000000,-0.235,6500000000,-0.235,,4500000000,,121.54,,,,,,,,,,,,,,,,,,,,,,true,true,12,2022-04-01,2023-03-31,0
2022-07-29,95360,2022-03-31,1,,,,,,,,,,,,,,,,,,,,395664000000,80639000000,0.188,,74335000000,,,,,,,,,,,,true,false,12,2021-04-01,2022-03-31,-1
2022-07-29,95360,2022-03-31,1,,,,,,,,,,,,,,,,,,,,,,,,,,,,,70.00,,,,37187567,162173,,false,false,12,2021-04-01,2022-03-31,-1
2022-07-29,95360,2023-03-31,1,,,,,,,,,,,,,,,,,,,,,,,,,,,,,70.00,,,,,,,false,true,12,2022-04-01,2023-03-31,0
2022-07-29,95360,2023-03-31,1,,,,,,,,,,,,,,,,,,,,,,,,,,,,,,,,,37187567,162306,37025304,false,false,3,2022-04-01,2022-06-30,0
2022-07-29,95360,2022-03-31,1,,,,,,,,,,,,,,,,,,,,,,,,,,,,,,,,,,,37023956,false,false,3,2021-04-01,2021-06-30,-1
2022-07-29,95360,2023-03-31,1,55298000000,0.104,,,,,2233000000,0.159,2852000000,0.379,,1799000000,,48.61,,,,,,392643000000,81915000000,0.193,,75680000000,,,,,,,,,,,,true,false,3,2022-04-01,2022-06-30,0
2022-07-29,95360,2022-03-31,1,50083000000,0.153,,,,,1926000000,0.265,2068000000,0.097,,1481000000,,40.01,,,,,,,,,,,,,,,,,,,,,,true,false,3,2021-04-01,2021-06-30,-1
2022-07-29,95360,2023-03-31,1,250000000000,0.161,,,,,6500000000,,6500000000,,,4500000000,,121.54,,,,,,,,,,,,,,,,,,,,,,true,true,12,2022-04-01,2023-03-31,0
2022-07-29,95360,2022-03-31,1,,,,,,,,,,,,,,,,,,,,395664000000,80639000000,0.188,,74335000000,,,,,,,,,,,,true,false,12,2021-04-01,2022-03-31,-1
2022-07-29,95360,2022-03-31,1,,,,,,,,,,,,,,,,,,,,,,,,,,,,,70.00,,,,37187567,162173,,false,false,12,2021-04-01,2022-03-31,-1
2022-07-29,95360,2023-03-31,1,,,,,,,,,,,,,,,,,,,,,,,,,,,,,70.00,,,,,,,false,true,12,2022-04-01,2023-03-31,0
2022-07-29,95360,2023-03-31,1,,,,,,,,,,,,,,,,,,,,,,,,,,,,,,,,,37187567,162306,37025304,false,false,3,2022-04-01,2022-06-30,0
2022-07-29,95360,2022-03-31,1,,,,,,,,,,,,,,,,,,,,,,,,,,,,,,,,,,,37023956,false,false,3,2021-04-01,2021-06-30,-1
2022-08-30,95360,2023-03-31,,250000000000,,,,,,6500000000,,6500000000,,,10000000000,,270.09,,,,,,,,,,,,,,,,,,,,,,true,true,12,2022-04-01,2023-03-31,0
2022-08-30,95360,2022-03-31,,215273000000,,,,,,451000000,,571000000,,,495000000,,13.37,,,,,,,,,,,,,,,,,,,,,,true,false,12,2021-04-01,2022-03-31,-1
2022-10-31,95360,2023-03-31,2,112642000000,0.217,,,,,407000000,,1300000000,,,7192000000,,194.25,,,,,,405524000000,88607000000,0.203,,82140000000,,,,,,,,,,,,true,false,6,2022-04-01,2022-09-30,0
2022-10-31,95360,2022-03-31,2,92527000000,0.052,,,,,-606000000,,-293000000,,,184000000,,5.00,,,,,,,,,,,,,,,,,,,,,,true,false,6,2021-04-01,2021-09-30,-1
2022-10-31,95360,2023-03-31,2,250000000000,0.161,,,,,6500000000,,6500000000,,,10000000000,,270.08,,,,,,,,,,,,,,,,,,,,,,true,true,12,2022-04-01,2023-03-31,0
2022-10-31,95360,2022-03-31,2,,,,,,,,,,,,,,,,,,,,395664000000,80639000000,0.188,,74335000000,,,,,,,,,,,,true,false,12,2021-04-01,2022-03-31,-1
2022-10-31,95360,2022-03-31,2,,,,,,,,,,,,,,,,,,,,,,,,,,,,,70.00,,,,37187567,162173,,false,false,12,2021-04-01,2022-03-31,-1
2022-10-31,95360,2023-03-31,2,,,,,,,,,,,,,,,,,,,,,,,,,,,,,35.00,,,,,,,false,false,12,2022-04-01,2023-03-31,0
2022-10-31,95360,2023-03-31,2,,,,,,,,,,,,,,,,,,,,,,,,,,,,,70.00,,,,,,,false,true,12,2022-04-01,2023-03-31,0
2022-10-31,95360,2023-03-31,2,,,,,,,,,,,,,,,,,,,,,,,,,,,,,,,,,37187567,160844,37025916,false,false,6,2022-04-01,2022-09-30,0
2022-10-31,95360,2022-03-31,2,,,,,,,,,,,,,,,,,,,,,,,,,,,,,,,,,,,37024887,false,false,6,2021-04-01,2021-09-30,-1
2023-01-31,95360,2023-03-31,3,178186000000,0.237,,,,,1055000000,,2041000000,,,7820000000,,211.21,,,,,,427720000000,89617000000,0.194,,83131000000,,,,,,,,,,,,true,false,9,2022-04-01,2022-12-31,0
2023-01-31,95360,2022-03-31,3,144079000000,0.085,,,,,-3599000000,,-2784000000,,,-2064000000,,-55.76,,,,,,,,,,,,,,,,,,,,,,true,false,9,2021-04-01,2021-12-31,-1
2023-01-31,95360,2023-03-31,3,250000000000,0.161,,,,,6500000000,,6500000000,,,10000000000,,270.08,,,,,,,,,,,,,,,,,,,,,,true,true,12,2022-04-01,2023-03-31,0
2023-01-31,95360,2022-03-31,3,,,,,,,,,,,,,,,,,,,,395664000000,80639000000,0.188,,74335000000,,,,,,,,,,,,true,false,12,2021-04-01,2022-03-31,-1
2023-01-31,95360,2022-03-31,3,,,,,,,,,,,,,,,,,,,,,,,,,,,,,70.00,,,,37187567,162173,,false,false,12,2021-04-01,2022-03-31,-1
2023-01-31,95360,2023-03-31,3,,,,,,,,,,,,,,,,,,,,,,,,,,,,,35.00,,,,,,,false,false,12,2022-04-01,2023-03-31,0
2023-01-31,95360,2023-03-31,3,,,,,,,,,,,,,,,,,,,,,,,,,,,,,70.00,,,,,,,false,true,12,2022-04-01,2023-03-31,0
2023-01-31,95360,2023-03-31,3,,,,,,,,,,,,,,,,,,,,,,,,,,,,,,,,,37187567,161008,37026132,false,false,9,2022-04-01,2022-12-31,0
2023-01-31,95360,2022-03-31,3,,,,,,,,,,,,,,,,,,,,,,,,,,,,,,,,,,,37025179,false,false,9,2021-04-01,2021-12-31,-1
2023-04-27,95360,2023-03-31,,266319000000,0.237,,,,,10811000000,,11759000000,,,13215000000,,356.92,,0.164,0.029,0.041,,414268000000,93624000000,0.209,2343.90,86785000000,21749000000,-15969000000,2959000000,35720000000,,0.196,,,,,,true,false,12,2022-04-01,2023-03-31,0
2023-04-27,95360,2022-03-31,,215273000000,0.121,,,,,451000000,-0.907,571000000,-0.875,,495000000,,13.37,,0.006,0.001,0.002,,395664000000,80639000000,0.188,2007.69,74335000000,10542000000,-14125000000,7634000000,24411000000,,5.236,,,,,,true,false,12,2021-04-01,2022-03-31,-1
2023-04-27,95360,2024-03-31,,270000000000,0.014,,,,,10000000000,-0.075,10000000000,-0.150,,7000000000,,189.06,,,,,,,,,,,,,,,,0.370,,,,,,true,true,12,2023-04-01,2024-03-31,1
2023-04-27,95360,2023-03-31,,9856000000,0.040,,,,,2077000000,0.537,3476000000,0.509,8553000000,,3.160,231.01,,,,,,283236000000,58115000000,0.205,1569.57,58115000000,,,,,70.00,,,,37187567,161388,37026170,false,false,12,2022-04-01,2023-03-31,0
2023-04-27,95360,2022-03-31,,9475000000,,,,,,1351000000,,2304000000,,2056000000,,,55.53,,,,,,266006000000,50926000000,0.191,1375.46,50926000000,,,,,70.00,,,,37187567,162173,37025238,false,false,12,2021-04-01,2022-03-31,-1
2023-04-27,95360,2024-03-31,,,,,,,,,,,,,,,,,,,,,,,,,,,,,,70.00,,,,,,,false,true,12,2023-04-01,2024-03-31,1
2023-07-31,95360,2024-03-31,1,61632000000,0.115,,,,,3214000000,0.439,3759000000,0.318,,2610000000,,70.52,,,,,,416209000000,96427000000,0.216,,89765000000,,,,,,,,,,,,true,false,3,2023-04-01,2023-06-30,0
2023-07-31,95360,2023-03-31,1,55298000000,0.104,,,,,2233000000,0.159,2852000000,0.379,,1799000000,,48.61,,,,,,,,,,,,,,,,,,,,,,true,false,3,2022-04-01,2022-06-30,-1
2023-07-31,95360,2024-03-31,1,270000000000,0.014,,,,,10000000000,-0.075,10000000000,-0.150,,7000000000,,189.06,,,,,,,,,,,,,,,,,,,,,,true,true,12,2023-04-01,2024-03-31,0
2023-07-31,95360,2023-03-31,1,,,,,,,,,,,,,,,,,,,,414268000000,93624000000,0.209,,86785000000,,,,,,,,,,,,true,false,12,2022-04-01,2023-03-31,-1
2023-07-31,95360,2023-03-31,1,,,,,,,,,,,,,,,,,,,,,,,,,,,,,70.00,,,,37187567,161388,,false,false,12,2022-04-01,2023-03-31,-1
2023-07-31,95360,2024-03-31,1,,,,,,,,,,,,,,,,,,,,,,,,,,,,,70.00,,,,,,,false,true,12,2023-04-01,2024-03-31,0
2023-07-31,95360,2024-03-31,1,,,,,,,,,,,,,,,,,,,,,,,,,,,,,,,,,37187567,161515,37026118,false,false,3,2023-04-01,2023-06-30,0
2023-07-31,95360,2023-03-31,1,,,,,,,,,,,,,,,,,,,,,,,,,,,,,,,,,,,37025304,false,false,3,2022-04-01,2022-06-30,-1
2023-10-30,95360,2024-03-31,2,121157000000,0.076,,,,,2641000000,5.489,3213000000,1.472,,2216000000,,59.87,,,,,,418226000000,99200000000,0.221,,92440000000,,,,,,,,,,,,true,false,6,2023-04-01,2023-09-30,0
2023-10-30,95360,2023-03-31,2,112642000000,0.217,,,,,407000000,,1300000000,,,7192000000,,194.25,,,,,,,,,,,,,,,,,,,,,,true,false,6,2022-04-01,2022-09-30,-1
2023-10-30,95360,2024-03-31,2,270000000000,0.014,,,,,10000000000,-0.075,10000000000,-0.150,,7000000000,,189.06,,,,,,,,,,,,,,,,,,,,,,true,true,12,2023-04-01,2024-03-31,0
2023-10-30,95360,2023-03-31,2,,,,,,,,,,,,,,,,,,,,414268000000,93624000000,0.209,,86785000000,,,,,,,,,,,,true,false,12,2022-04-01,2023-03-31,-1
2023-10-30,95360,2023-03-31,2,,,,,,,,,,,,,,,,,,,,,,,,,,,,,70.00,,,,37187567,161388,,false,false,12,2022-04-01,2023-03-31,-1
2023-10-30,95360,2024-03-31,2,,,,,,,,,,,,,,,,,,,,,,,,,,,,,35.00,,,,,,,false,false,12,2023-04-01,2024-03-31,0
2023-10-30,95360,2024-03-31,2,,,,,,,,,,,,,,,,,,,,,,,,,,,,,70.00,,,,,,,false,true,12,2023-04-01,2024-03-31,0
2023-10-30,95360,2024-03-31,2,,,,,,,,,,,,,,,,,,,,,,,,,,,,,,,,,37187567,158584,37027361,false,false,6,2023-04-01,2023-09-30,0
2023-10-30,95360,2023-03-31,2,,,,,,,,,,,,,,,,,,,,,,,,,,,,,,,,,,,37025916,false,false,6,2022-04-01,2022-09-30,-1
2024-01-30,95360,2024-03-31,3,181573000000,0.019,,,,,2194000000,1.080,2955000000,0.448,,1954000000,,52.78,,,,,,421778000000,97287000000,0.214,,90455000000,,,,,,,,,,,,true,false,9,2023-04-01,2023-12-31,0
2024-01-30,95360,2023-03-31,3,178186000000,0.237,,,,,1055000000,,2041000000,,,7820000000,,211.21,,,,,,,,,,,,,,,,,,,,,,true,false,9,2022-04-01,2022-12-31,-1
2024-01-30,95360,2024-03-31,3,265000000000,-0.005,,,,,8000000000,-0.260,8500000000,-0.277,,5500000000,,148.54,,,,,,,,,,,,,,,,,,,,,,true,true,12,2023-04-01,2024-03-31,0
2024-01-30,95360,2023-03-31,3,,,,,,,,,,,,,,,,,,,,414268000000,93624000000,0.209,,86785000000,,,,,,,,,,,,true,false,12,2022-04-01,2023-03-31,-1
2024-01-30,95360,2023-03-31,3,,,,,,,,,,,,,,,,,,,,,,,,,,,,,70.00,,,,37187567,161388,,false,false,12,2022-04-01,2023-03-31,-1
2024-01-30,95360,2024-03-31,3,,,,,,,,,,,,,,,,,,,,,,,,,,,,,35.00,,,,,,,false,false,12,2023-04-01,2024-03-31,0
2024-01-30,95360,2024-03-31,3,,,,,,,,,,,,,,,,,,,,,,,,,,,,,70.00,,,,,,,false,true,12,2023-04-01,2024-03-31,0
2024-01-30,95360,2024-03-31,3,,,,,,,,,,,,,,,,,,,,,,,,,,,,,,,,,37187567,158717,37027819,false,false,9,2023-04-01,2023-12-31,0
2024-01-30,95360,2023-03-31,3,,,,,,,,,,,,,,,,,,,,,,,,,,,,,,,,,,,37026132,false,false,9,2022-04-01,2022-12-31,-1
2024-04-26,9536,2024-03-31,,256328000000,-0.038,,,,,9672000000,-0.105,10377000000,-0.118,,6155000000,,166.24,,0.067,0.025,0.038,,431703000000,105493000000,0.228,2653.92,98271000000,22124000000,-28151000000,-4018000000,26446000000,,0.421,,,,,,true,false,12,2023-04-01,2024-03-31,0
2024-04-26,9536,2023-03-31,,266319000000,0.237,,,,,10811000000,,11759000000,,,13215000000,,356.92,,0.164,0.029,0.041,,414268000000,93624000000,0.209,2343.90,86785000000,21749000000,-15969000000,2959000000,35720000000,,0.196,,,,,,true,false,12,2022-04-01,2023-03-31,-1
2024-04-26,9536,2025-03-31,,260000000000,0.014,,,,,7500000000,-0.225,8000000000,-0.229,,5000000000,,135.03,,,,,,,,,,,,,,,,0.518,,,,,,true,true,12,2024-04-01,2025-03-31,1
2024-04-26,9536,2024-03-31,,9356000000,-0.051,,,,,1994000000,-0.040,2867000000,-0.175,2575000000,,-0.699,69.55,,,,,,298239000000,64188000000,0.215,1733.49,64188000000,,,,,70.00,,,,37187567,158841,37028041,false,false,12,2023-04-01,2024-03-31,0
2024-04-26,9536,2023-03-31,,9856000000,0.040,,,,,2077000000,0.537,3476000000,0.509,8553000000,,3.160,231.01,,,,,,283236000000,58115000000,0.205,1569.57,58115000000,,,,,70.00,,,,37187567,161388,37026170,false,false,12,2022-04-01,2023-03-31,-1
2024-04-26,9536,2025-03-31,,,,,,,,,,,,,,,,,,,,,,,,,,,,,,70.00,,,,,,,false,true,12,2024-04-01,2025-03-31,1
2024-07-31,9536,2025-03-31,1,58557000000,-0.050,,,,,2602000000,-0.190,3135000000,-0.166,,1899000000,,51.30,,,,,,424779000000,107834000000,0.237,,100676000000,,,,,,,,,,,,true,false,3,2024-04-01,2024-06-30,0
2024-07-31,9536,2024-03-31,1,61632000000,0.115,,,,,3214000000,0.439,3759000000,0.318,,2610000000,,70.52,,,,,,,,,,,,,,,,,,,,,,true,false,3,2023-04-01,2023-06-30,-1
2024-07-31,9536,2025-03-31,1,260000000000,0.014,,,,,7500000000,-0.225,8000000000,-0.229,,5000000000,,135.03,,,,,,,,,,,,,,,,,,,,,,true,true,12,2024-04-01,2025-03-31,0
2024-07-31,9536,2024-03-31,1,,,,,,,,,,,,,,,,,,,,431785000000,105574000000,0.228,,98352000000,,,,,,,,,,,,true,false,12,2023-04-01,2024-03-31,-1
2024-07-31,9536,2024-03-31,1,,,,,,,,,,,,,,,,,,,,,,,,,,,,,70.00,,,,37187567,158841,,false,false,12,2023-04-01,2024-03-31,-1
2024-07-31,9536,2025-03-31,1,,,,,,,,,,,,,,,,,,,,,,,,,,,,,70.00,,,,,,,false,true,12,2024-04-01,2025-03-31,0
2024-07-31,9536,2025-03-31,1,,,,,,,,,,,,,,,,,,,,,,,,,,,,,,,,,37187567,158876,37028702,false,false,3,2024-04-01,2024-06-30,0
2024-07-31,9536,2024-03-31,1,,,,,,,,,,,,,,,,,,,,,,,,,,,,,,,,,,,37026118,false,false,3,2023-04-01,2023-06-30,-1
2024-10-31,9536,2025-03-31,2,112295000000,-0.073,,,,,1679000000,-0.364,2139000000,-0.334,,1115000000,,30.12,,,,,,415418000000,103205000000,0.231,,96018000000,,,,,,,,,,,,true,false,6,2024-04-01,2024-09-30,0
2024-10-31,9536,2024-03-31,2,121157000000,0.076,,,,,2641000000,5.489,3213000000,1.472,,2216000000,,59.87,,,,,,,,,,,,,,,,,,,,,,true,false,6,2023-04-01,2023-09-30,-1
2024-10-31,9536,2025-03-31,2,260000000000,0.014,,,,,7500000000,-0.225,8000000000,-0.229,,5000000000,,135.03,,,,,,,,,,,,,,,,,,,,,,true,true,12,2024-04-01,2025-03-31,0
2024-10-31,9536,2024-03-31,2,,,,,,,,,,,,,,,,,,,,431785000000,105574000000,0.228,,98352000000,,,,,,,,,,,,true,false,12,2023-04-01,2024-03-31,-1
2024-10-31,9536,2024-03-31,2,,,,,,,,,,,,,,,,,,,,,,,,,,,,,70.00,,,,37187567,158841,,false,false,12,2023-04-01,2024-03-31,-1
2024-10-31,9536,2025-03-31,2,,,,,,,,,,,,,,,,,,,,,,,,,,,,,35.00,,,,,,,false,false,12,2024-04-01,2025-03-31,0
2024-10-31,9536,2025-03-31,2,,,,,,,,,,,,,,,,,,,,,,,,,,,,,70.00,,,,,,,false,true,12,2024-04-01,2025-03-31,0
2024-10-31,9536,2025-03-31,2,,,,,,,,,,,,,,,,,,,,,,,,,,,,,,,,,37187567,150622,37032237,false,false,6,2024-04-01,2024-09-30,0
2024-10-31,9536,2024-03-31,2,,,,,,,,,,,,,,,,,,,,,,,,,,,,,,,,,,,37027361,false,false,6,2023-04-01,2023-09-30,-1
2025-01-31,9536,2025-03-31,3,175665000000,-0.033,,,,,3061000000,0.395,3917000000,0.326,,2387000000,,64.46,,,,,,436532000000,106032000000,0.226,,98707000000,,,,,,,,,,,,true,false,9,2024-04-01,2024-12-31,0
2025-01-31,9536,2024-03-31,3,181573000000,0.019,,,,,2194000000,1.080,2955000000,0.448,,1954000000,,52.78,,,,,,,,,,,,,,,,,,,,,,true,false,9,2023-04-01,2023-12-31,-1
2025-01-31,9536,2025-03-31,3,260000000000,0.014,,,,,7500000000,-0.225,8000000000,-0.229,,5000000000,,135.03,,,,,,,,,,,,,,,,,,,,,,true,true,12,2024-04-01,2025-03-31,0
2025-01-31,9536,2024-03-31,3,,,,,,,,,,,,,,,,,,,,431785000000,105574000000,0.228,,98352000000,,,,,,,,,,,,true,false,12,2023-04-01,2024-03-31,-1
2025-01-31,9536,2024-03-31,3,,,,,,,,,,,,,,,,,,,,,,,,,,,,,70.00,,,,37187567,158841,,false,false,12,2023-04-01,2024-03-31,-1
2025-01-31,9536,2025-03-31,3,,,,,,,,,,,,,,,,,,,,,,,,,,,,,35.00,,,,,,,false,false,12,2024-04-01,2025-03-31,0
2025-01-31,9536,2025-03-31,3,,,,,,,,,,,,,,,,,,,,,,,,,,,,,70.00,,,,,,,false,true,12,2024-04-01,2025-03-31,0
2025-01-31,9536,2025-03-31,3,,,,,,,,,,,,,,,,,,,,,,,,,,,,,,,,,37187567,150622,37033649,false,false,9,2024-04-01,2024-12-31,0
2025-01-31,9536,2024-03-31,3,,,,,,,,,,,,,,,,,,,,,,,,,,,,,,,,,,,37027819,false,false,9,2023-04-01,2023-12-31,-1
2025-03-27,95360,2025-03-31,,250000000000,-0.038,,,,,9000000000,0.200,9500000000,0.188,,6000000000,,162.01,,,,,,,,,,,,,,,,,,,,,,true,true,12,2024-04-01,2025-03-31,0
2025-03-27,95360,2024-03-31,,256328000000,,,,,,9672000000,,10377000000,,,6155000000,,166.24,,,,,,,,,,,,,,,,,,,,,,true,false,12,2023-04-01,2024-03-31,-1
2025-04-30,9536,2025-03-31,,254442000000,-0.007,,,,,10530000000,0.089,10611000000,0.023,,6362000000,,171.81,,0.063,0.024,0.041,,447774000000,111709000000,0.232,2803.49,103832000000,38557000000,-29951000000,-6699000000,28355000000,,0.407,,,,,,true,false,12,2024-04-01,2025-03-31,0
2025-04-30,9536,2024-03-31,,256328000000,-0.038,,,,,9672000000,-0.105,10377000000,-0.118,,6155000000,,166.24,,0.066,0.025,0.038,,431785000000,105574000000,0.228,2656.12,98352000000,22124000000,-28151000000,-4018000000,26446000000,,0.421,,,,,,true,false,12,2023-04-01,2024-03-31,-1
2025-04-30,9536,2026-03-31,,256000000000,0.006,,,,,10500000000,-0.003,11000000000,0.037,,7000000000,,189.00,,,,,,,,,,,,,,,,0.370,,,,,,true,true,12,2025-04-01,2026-03-31,1
2025-04-30,9536,2025-03-31,,10305000000,0.101,,,,,2803000000,0.405,3873000000,0.351,3382000000,,0.313,91.34,,,,,,307688000000,65905000000,0.214,1779.47,65905000000,,,,,70.00,,,,37187567,150815,37034385,false,false,12,2024-04-01,2025-03-31,0
2025-04-30,9536,2024-03-31,,9356000000,-0.051,,,,,1994000000,-0.040,2867000000,-0.175,2575000000,,-0.699,69.55,,,,,,298239000000,64188000000,0.215,1733.49,64188000000,,,,,70.00,,,,37187567,158841,37028041,false,false,12,2023-04-01,2024-03-31,-1
2025-04-30,9536,2026-03-31,,,,,,,,,,,,,,,,,,,,,,,,,,,,,,70.00,,,,,,,false,true,12,2025-04-01,2026-03-31,1
