filing_date,code,fiscal_year_end,quarterly_period,net_sales,net_sales_change,revenue,revenue_change,operating_revenue,operating_revenue_change,operating_profit,operating_profit_change,ordinary_profit,ordinary_profit_change,net_income,net_income_of_parent,net_income_change,eps,diluted_eps,roe,roa,operating_profit_to_net_sales,operating_profit_to_revenue,total_assets,net_assets,equity_ratio,bps,owner_equity,operating_cash_flow,investing_cash_flow,financing_cash_flow,cash,dividend_per_share,payout_ratio,commemorative_dividend,extra_dividend,number_of_shares,number_of_treqsury_shares,avg_number_of_shares,is_consolidated,is_forecast,duration,period_start,period_end,period_pos
2015-07-27,95510,2016-03-31,1,7625000000,,,,,,-3122000000,,-3030000000,,,-2099000000,,-80.98,,,,,,104783000000,44988000000,0.428,,44884000000,,,,,,,,,,,,true,false,3,2015-04-01,2015-06-30,0
2015-07-27,95510,2016-03-31,1,111000000000,0.038,,,,,8400000000,0.022,8100000000,-0.014,,5200000000,,200.59,,,,,,,,,,,,,,,,,,,,,,true,true,12,2015-04-01,2016-03-31,0
2015-07-27,95510,2015-03-31,1,,,,,,,,,,,,,,,,,,,,114257000000,47773000000,0.417,,47674000000,,,,,,,,,,,,true,false,12,2014-04-01,2015-03-31,-1
2015-07-27,95510,2015-03-31,1,,,,,,,,,,,,,,,,,,,,,,,,,,,,,29.00,,,,25923500,,,false,false,12,2014-04-01,2015-03-31,-1
2015-07-27,95510,2016-03-31,1,,,,,,,,,,,,,,,,,,,,,,,,,,,,,58.00,,,,,,,false,true,12,2015-04-01,2016-03-31,0
2015-07-27,95510,2016-03-31,1,,,,,,,,,,,,,,,,,,,,,,,,,,,,,,,,,25923500,,25923500,false,false,3,2015-04-01,2015-06-30,0
2015-10-28,95510,2016-03-31,2,21469000000,-0.072,,,,,-5662000000,,-5627000000,,,-3860000000,,-148.91,,,,,,91496000000,43352000000,0.473,,43243000000,,,,,,,,,,,,true,false,6,2015-04-01,2015-09-30,0
2015-10-28,95510,2015-03-31,2,23142000000,,,,,,-3883000000,,-3819000000,,,-2455000000,,-163.71,,,,,,,,,,,,,,,,,,,,,,true,false,6,2014-04-01,2014-09-30,-1
2015-10-28,95510,2016-03-31,2,111000000000,0.038,,,,,8400000000,0.022,8100000000,-0.014,,5200000000,,200.59,,,,,,,,,,,,,,,,,,,,,,true,true,12,2015-04-01,2016-03-31,0
2015-10-28,95510,2015-03-31,2,,,,,,,,,,,,,,,,,,,,114257000000,47773000000,0.417,,47674000000,,,,,,,,,,,,true,false,12,2014-04-01,2015-03-31,-1
2015-10-28,95510,2015-03-31,2,,,,,,,,,,,,,,,,,,,,,,,,,,,,,29.00,,,,25923500,,,false,false,12,2014-04-01,2015-03-31,-1
2015-10-28,95510,2016-03-31,2,,,,,,,,,,,,,,,,,,,,,,,,,,,,,29.00,,,,,,,false,false,12,2015-04-01,2016-03-31,0
2015-10-28,95510,2016-03-31,2,,,,,,,,,,,,,,,,,,,,,,,,,,,,,58.00,,,,,,,false,true,12,2015-04-01,2016-03-31,0
2015-10-28,95510,2016-03-31,2,,,,,,,,,,,,,,,,,,,,,,,,,,,,,,,,,25923500,,25923500,false,false,6,2015-04-01,2015-09-30,0
2015-10-28,95510,2015-03-31,2,,,,,,,,,,,,,,,,,,,,,,,,,,,,,,,,,,,15000000,false,false,6,2014-04-01,2014-09-30,-1
2016-01-27,95510,2016-03-31,3,37448000000,-0.104,,,,,-6233000000,,-6223000000,,,-4446000000,,-171.52,,,,,,94426000000,42083000000,0.444,,41969000000,,,,,,,,,,,,true,false,9,2015-04-01,2015-12-31,0
2016-01-27,95510,2015-03-31,3,41792000000,,,,,,-3273000000,,-3124000000,,,-2004000000,,-129.26,,,,,,,,,,,,,,,,,,,,,,true,false,9,2014-04-01,2014-12-31,-1
2016-01-27,95510,2016-03-31,3,103000000000,-0.037,,,,,5200000000,-0.367,5200000000,-0.367,,2700000000,,104.15,,,,,,,,,,,,,,,,,,,,,,true,true,12,2015-04-01,2016-03-31,0
2016-01-27,95510,2015-03-31,3,,,,,,,,,,,,,,,,,,,,114257000000,47773000000,0.417,,47674000000,,,,,,,,,,,,true,false,12,2014-04-01,2015-03-31,-1
2016-01-27,95510,2015-03-31,3,,,,,,,,,,,,,,,,,,,,,,,,,,,,,29.00,,,,25923500,,,false,false,12,2014-04-01,2015-03-31,-1
2016-01-27,95510,2016-03-31,3,,,,,,,,,,,,,,,,,,,,,,,,,,,,,29.00,,,,,,,false,false,12,2015-04-01,2016-03-31,0
2016-01-27,95510,2016-03-31,3,,,,,,,,,,,,,,,,,,,,,,,,,,,,,58.00,,,,,,,false,true,12,2015-04-01,2016-03-31,0
2016-01-27,95510,2016-03-31,3,,,,,,,,,,,,,,,,,,,,,,,,,,,,,,,,,25923500,,25923500,false,false,9,2015-04-01,2015-12-31,0
2016-01-27,95510,2015-03-31,3,,,,,,,,,,,,,,,,,,,,,,,,,,,,,,,,,,,15509091,false,false,9,2014-04-01,2014-12-31,-1
2016-01-27,95510,2016-03-31,,103000000000,-0.072,,,,,5200000000,-0.381,5200000000,-0.358,,2700000000,,104.15,,,,,,,,,,,,,,,,,,,,,,true,true,12,2015-04-01,2016-03-31,0
2016-01-27,95510,2015-03-31,,106945000000,,,,,,8220000000,,8213000000,,,4989000000,,276.71,,,,,,,,,,,,,,,,,,,,,,true,false,12,2014-04-01,2015-03-31,-1
2016-04-26,95510,2016-03-31,,103098000000,-0.036,,,,,5399000000,-0.343,5144000000,-0.374,,2778000000,,107.17,,0.058,0.044,0.052,,120865000000,48161000000,0.398,1853.68,48053000000,95000000,-11023000000,874000000,19997000000,,0.541,,,,,,true,false,12,2015-04-01,2016-03-31,0
2016-04-26,95510,2015-03-31,,106945000000,0.014,,,,,8220000000,0.009,8213000000,0.023,,4989000000,,276.71,,0.148,0.082,0.077,,114257000000,47773000000,0.417,1839.04,47674000000,5320000000,-1502000000,22721000000,29605000000,,0.210,,,,,,true,false,12,2014-04-01,2015-03-31,-1
2016-04-26,95510,2017-03-31,,112000000000,0.086,,,,,6200000000,0.148,6100000000,0.186,,4000000000,,154.30,,,,,,,,,,,,,,,,0.376,,,,,,true,true,12,2016-04-01,2017-03-31,1
2016-04-26,95510,2016-03-31,,92028000000,-0.037,,,,,5596000000,-0.249,5505000000,-0.267,3555000000,,-0.219,137.15,,,,,,101566000000,50481000000,0.497,1947.32,50481000000,,,,,58.00,,,,25923500,,25923500,false,false,12,2015-04-01,2016-03-31,0
2016-04-26,95510,2015-03-31,,95612000000,0.005,,,,,7451000000,-0.053,7509000000,-0.051,4550000000,,0.052,252.36,,,,,,96255000000,48439000000,0.503,1868.55,48439000000,,,,,29.00,,,,25923500,,18031485,false,false,12,2014-04-01,2015-03-31,-1
2016-04-26,95510,2017-03-31,,,,,,,,,,,,,,,,,,,,,,,,,,,,,,58.00,,,,,,,false,true,12,2016-04-01,2017-03-31,1
2016-07-25,95510,2017-03-31,1,11219000000,0.471,,,,,-2469000000,,-2779000000,,,-1311000000,,-50.60,,,,,,106868000000,46071000000,0.430,,45960000000,,,,,,,,,,,,true,false,3,2016-04-01,2016-06-30,0
2016-07-25,95510,2016-03-31,1,7625000000,,,,,,-3122000000,,-3030000000,,,-2099000000,,-80.98,,,,,,,,,,,,,,,,,,,,,,true,false,3,2015-04-01,2015-06-30,-1
2016-07-25,95510,2017-03-31,1,112000000000,0.086,,,,,6200000000,0.148,6100000000,0.186,,4000000000,,154.30,,,,,,,,,,,,,,,,,,,,,,true,true,12,2016-04-01,2017-03-31,0
2016-07-25,95510,2016-03-31,1,,,,,,,,,,,,,,,,,,,,120865000000,48161000000,0.398,,48053000000,,,,,,,,,,,,true,false,12,2015-04-01,2016-03-31,-1
2016-07-25,95510,2016-03-31,1,,,,,,,,,,,,,,,,,,,,,,,,,,,,,58.00,,,,25923500,,,false,false,12,2015-04-01,2016-03-31,-1
2016-07-25,95510,2017-03-31,1,,,,,,,,,,,,,,,,,,,,,,,,,,,,,58.00,,,,,,,false,true,12,2016-04-01,2017-03-31,0
2016-07-25,95510,2017-03-31,1,,,,,,,,,,,,,,,,,,,,,,,,,,,,,,,,,25923500,,25923500,false,false,3,2016-04-01,2016-06-30,0
2016-07-25,95510,2016-03-31,1,,,,,,,,,,,,,,,,,,,,,,,,,,,,,,,,,,,25923500,false,false,3,2015-04-01,2015-06-30,-1
2016-10-26,95510,2017-03-31,2,29252000000,0.363,,,,,-4000000000,,-4383000000,,,-2548000000,,-98.31,,,,,,94254000000,43991000000,0.465,,43874000000,,,,,,,,,,,,true,false,6,2016-04-01,2016-09-30,0
2016-10-26,95510,2016-03-31,2,21469000000,-0.072,,,,,-5662000000,,-5627000000,,,-3860000000,,-148.91,,,,,,,,,,,,,,,,,,,,,,true,false,6,2015-04-01,2015-09-30,-1
2016-10-26,95510,2017-03-31,2,112000000000,0.086,,,,,6200000000,0.148,6100000000,0.186,,4000000000,,154.30,,,,,,,,,,,,,,,,,,,,,,true,true,12,2016-04-01,2017-03-31,0
2016-10-26,95510,2016-03-31,2,,,,,,,,,,,,,,,,,,,,120865000000,48161000000,0.398,,48053000000,,,,,,,,,,,,true,false,12,2015-04-01,2016-03-31,-1
2016-10-26,95510,2016-03-31,2,,,,,,,,,,,,,,,,,,,,,,,,,,,,,58.00,,,,25923500,,,false,false,12,2015-04-01,2016-03-31,-1
2016-10-26,95510,2017-03-31,2,,,,,,,,,,,,,,,,,,,,,,,,,,,,,29.00,,,,,,,false,false,12,2016-04-01,2017-03-31,0
2016-10-26,95510,2017-03-31,2,,,,,,,,,,,,,,,,,,,,,,,,,,,,,58.00,,,,,,,false,true,12,2016-04-01,2017-03-31,0
2016-10-26,95510,2017-03-31,2,,,,,,,,,,,,,,,,,,,,,,,,,,,,,,,,,25923500,44,25923478,false,false,6,2016-04-01,2016-09-30,0
2016-10-26,95510,2016-03-31,2,,,,,,,,,,,,,,,,,,,,,,,,,,,,,,,,,,,25923500,false,false,6,2015-04-01,2015-09-30,-1
2017-01-30,95510,2017-03-31,3,47277000000,0.262,,,,,-4181000000,,-4003000000,,,-2300000000,,-88.75,,,,,,96601000000,42581000000,0.440,,42458000000,,,,,,,,,,,,true,false,9,2016-04-01,2016-12-31,0
2017-01-30,95510,2016-03-31,3,37448000000,-0.104,,,,,-6233000000,,-6223000000,,,-4446000000,,-171.52,,,,,,,,,,,,,,,,,,,,,,true,false,9,2015-04-01,2015-12-31,-1
2017-01-30,95510,2017-03-31,3,112000000000,0.086,,,,,6200000000,0.148,6100000000,0.186,,4000000000,,154.30,,,,,,,,,,,,,,,,,,,,,,true,true,12,2016-04-01,2017-03-31,0
2017-01-30,95510,2016-03-31,3,,,,,,,,,,,,,,,,,,,,120865000000,48161000000,0.398,,48053000000,,,,,,,,,,,,true,false,12,2015-04-01,2016-03-31,-1
2017-01-30,95510,2016-03-31,3,,,,,,,,,,,,,,,,,,,,,,,,,,,,,58.00,,,,25923500,,,false,false,12,2015-04-01,2016-03-31,-1
2017-01-30,95510,2017-03-31,3,,,,,,,,,,,,,,,,,,,,,,,,,,,,,29.00,,,,,,,false,false,12,2016-04-01,2017-03-31,0
2017-01-30,95510,2017-03-31,3,,,,,,,,,,,,,,,,,,,,,,,,,,,,,58.00,,,,,,,false,true,12,2016-04-01,2017-03-31,0
2017-01-30,95510,2017-03-31,3,,,,,,,,,,,,,,,,,,,,,,,,,,,,,,,,,25923500,44,25923471,false,false,9,2016-04-01,2016-12-31,0
2017-01-30,95510,2016-03-31,3,,,,,,,,,,,,,,,,,,,,,,,,,,,,,,,,,,,25923500,false,false,9,2015-04-01,2015-12-31,-1
2017-04-26,95510,2017-03-31,,111688000000,0.083,,,,,6328000000,0.172,6251000000,0.215,,4742000000,,182.95,,0.095,0.052,0.057,,120961000000,52260000000,0.431,2011.42,52142000000,7769000000,-1531000000,-2697000000,23352000000,,0.317,,,,,,true,false,12,2016-04-01,2017-03-31,0
2017-04-26,95510,2016-03-31,,103098000000,-0.036,,,,,5399000000,-0.343,5144000000,-0.374,,2778000000,,107.17,,0.058,0.044,0.052,,120865000000,48161000000,0.398,1853.68,48053000000,95000000,-11023000000,874000000,19997000000,,0.541,,,,,,true,false,12,2015-04-01,2016-03-31,-1
2017-04-26,95510,2018-03-31,,115000000000,0.030,,,,,6500000000,0.027,6400000000,0.024,,4200000000,,162.00,,,,,,,,,,,,,,,,0.358,,,,,,true,true,12,2017-04-01,2018-03-31,1
2017-04-26,95510,2017-03-31,,90170000000,-0.020,,,,,4834000000,-0.136,5121000000,-0.070,3400000000,,-0.044,131.16,,,,,,102308000000,52386000000,0.512,2020.83,52386000000,,,,,58.00,,,,25923500,44,25923467,false,false,12,2016-04-01,2017-03-31,0
2017-04-26,95510,2016-03-31,,92028000000,-0.037,,,,,5596000000,-0.249,5505000000,-0.267,3555000000,,-0.219,137.15,,,,,,101566000000,50481000000,0.497,1947.32,50481000000,,,,,58.00,,,,25923500,,25923500,false,false,12,2015-04-01,2016-03-31,-1
2017-04-26,95510,2018-03-31,,,,,,,,,,,,,,,,,,,,,,,,,,,,,,58.00,,,,,,,false,true,12,2017-04-01,2018-03-31,1
2017-07-31,95510,2018-03-31,1,10202000000,-0.091,,,,,-2822000000,,-2823000000,,,-1995000000,,-76.96,,,,,,110594000000,49199000000,0.444,,49079000000,,,,,,,,,,,,true,false,3,2017-04-01,2017-06-30,0
2017-07-31,95510,2017-03-31,1,11219000000,0.471,,,,,-2469000000,,-2779000000,,,-1311000000,,-50.60,,,,,,,,,,,,,,,,,,,,,,true,false,3,2016-04-01,2016-06-30,-1
2017-07-31,95510,2018-03-31,1,115000000000,0.030,,,,,6500000000,0.027,6400000000,0.024,,4200000000,,162.00,,,,,,,,,,,,,,,,,,,,,,true,true,12,2017-04-01,2018-03-31,0
2017-07-31,95510,2017-03-31,1,,,,,,,,,,,,,,,,,,,,120961000000,52260000000,0.431,,52142000000,,,,,,,,,,,,true,false,12,2016-04-01,2017-03-31,-1
2017-07-31,95510,2017-03-31,1,,,,,,,,,,,,,,,,,,,,,,,,,,,,,58.00,,,,25923500,44,,false,false,12,2016-04-01,2017-03-31,-1
2017-07-31,95510,2018-03-31,1,,,,,,,,,,,,,,,,,,,,,,,,,,,,,58.00,,,,,,,false,true,12,2017-04-01,2018-03-31,0
2017-07-31,95510,2018-03-31,1,,,,,,,,,,,,,,,,,,,,,,,,,,,,,,,,,25923500,44,25923456,false,false,3,2017-04-01,2017-06-30,0
2017-07-31,95510,2017-03-31,1,,,,,,,,,,,,,,,,,,,,,,,,,,,,,,,,,,,25923500,false,false,3,2016-04-01,2016-06-30,-1
2017-10-30,95510,2018-03-31,2,24517000000,-0.162,,,,,-5123000000,,-5121000000,,,-3583000000,,-138.23,,,,,,100105000000,47707000000,0.475,,47584000000,,,,,,,,,,,,true,false,6,2017-04-01,2017-09-30,0
2017-10-30,95510,2017-03-31,2,29252000000,0.363,,,,,-4004000000,,-4387000000,,,-2551000000,,-98.43,,,,,,,,,,,,,,,,,,,,,,true,false,6,2016-04-01,2016-09-30,-1
2017-10-30,95510,2018-03-31,2,115000000000,0.030,,,,,6500000000,0.027,6400000000,0.024,,4200000000,,162.00,,,,,,,,,,,,,,,,,,,,,,true,true,12,2017-04-01,2018-03-31,0
2017-10-30,95510,2017-03-31,2,,,,,,,,,,,,,,,,,,,,120961000000,52260000000,0.431,,52142000000,,,,,,,,,,,,true,false,12,2016-04-01,2017-03-31,-1
2017-10-30,95510,2017-03-31,2,,,,,,,,,,,,,,,,,,,,,,,,,,,,,58.00,,,,25923500,44,,false,false,12,2016-04-01,2017-03-31,-1
2017-10-30,95510,2018-03-31,2,,,,,,,,,,,,,,,,,,,,,,,,,,,,,29.00,,,,,,,false,false,12,2017-04-01,2018-03-31,0
2017-10-30,95510,2018-03-31,2,,,,,,,,,,,,,,,,,,,,,,,,,,,,,58.00,,,,,,,false,true,12,2017-04-01,2018-03-31,0
2017-10-30,95510,2018-03-31,2,,,,,,,,,,,,,,,,,,,,,,,,,,,,,,,,,25923500,44,25923456,false,false,6,2017-04-01,2017-09-30,0
2017-10-30,95510,2017-03-31,2,,,,,,,,,,,,,,,,,,,,,,,,,,,,,,,,,,,25923478,false,false,6,2016-04-01,2016-09-30,-1
2018-01-31,95510,2018-03-31,3,44110000000,-0.067,,,,,-5194000000,,-5200000000,,,-3674000000,,-141.76,,,,,,104422000000,47061000000,0.449,,46928000000,,,,,,,,,,,,true,false,9,2017-04-01,2017-12-31,0
2018-01-31,95510,2017-03-31,3,47277000000,0.262,,,,,-4195000000,,-4016000000,,,-2314000000,,-89.27,,,,,,,,,,,,,,,,,,,,,,true,false,9,2016-04-01,2016-12-31,-1
2018-01-31,95510,2018-03-31,3,115000000000,0.030,,,,,6500000000,0.027,6400000000,0.024,,4200000000,,162.00,,,,,,,,,,,,,,,,,,,,,,true,true,12,2017-04-01,2018-03-31,0
2018-01-31,95510,2017-03-31,3,,,,,,,,,,,,,,,,,,,,120961000000,52260000000,0.431,,52142000000,,,,,,,,,,,,true,false,12,2016-04-01,2017-03-31,-1
2018-01-31,95510,2017-03-31,3,,,,,,,,,,,,,,,,,,,,,,,,,,,,,58.00,,,,25923500,44,,false,false,12,2016-04-01,2017-03-31,-1
2018-01-31,95510,2018-03-31,3,,,,,,,,,,,,,,,,,,,,,,,,,,,,,29.00,,,,,,,false,false,12,2017-04-01,2018-03-31,0
2018-01-31,95510,2018-03-31,3,,,,,,,,,,,,,,,,,,,,,,,,,,,,,58.00,,,,,,,false,true,12,2017-04-01,2018-03-31,0
2018-01-31,95510,2018-03-31,3,,,,,,,,,,,,,,,,,,,,,,,,,,,,,,,,,25923500,44,25923456,false,false,9,2017-04-01,2017-12-31,0
2018-01-31,95510,2017-03-31,3,,,,,,,,,,,,,,,,,,,,,,,,,,,,,,,,,,,25923471,false,false,9,2016-04-01,2016-12-31,-1
2018-04-25,95510,2018-03-31,,110895000000,-0.007,,,,,6745000000,0.066,6465000000,0.034,,3931000000,,151.65,,0.073,0.053,0.061,,122991000000,55042000000,0.446,2118.02,54906000000,5175000000,-868000000,-2619000000,24977000000,,0.382,,,,,,true,false,12,2017-04-01,2018-03-31,0
2018-04-25,95510,2017-03-31,,111688000000,0.083,,,,,6328000000,0.172,6251000000,0.215,,4742000000,,182.95,,0.095,0.052,0.057,,120961000000,52260000000,0.431,2011.42,52142000000,7769000000,-1531000000,-2697000000,23352000000,,0.317,,,,,,true,false,12,2016-04-01,2017-03-31,-1
2018-04-25,95510,2019-03-31,,120000000000,0.082,,,,,7000000000,0.038,6900000000,0.067,,4700000000,,181.30,,,,,,,,,,,,,,,,0.342,,,,,,true,true,12,2018-04-01,2019-03-31,1
2018-04-25,95510,2018-03-31,,87439000000,-0.030,,,,,4633000000,-0.042,4687000000,-0.085,3062000000,,-0.099,118.15,,,,,,103943000000,53967000000,0.519,2081.80,53967000000,,,,,58.00,,,,25923500,91,25923452,false,false,12,2017-04-01,2018-03-31,0
2018-04-25,95510,2017-03-31,,90170000000,-0.020,,,,,4834000000,-0.136,5121000000,-0.070,3400000000,,-0.044,131.16,,,,,,102308000000,52386000000,0.512,2020.83,52386000000,,,,,58.00,,,,25923500,44,25923467,false,false,12,2016-04-01,2017-03-31,-1
2018-04-25,95510,2019-03-31,,,,,,,,,,,,,,,,,,,,,,,,,,,,,,62.00,,,,,,,false,true,12,2018-04-01,2019-03-31,1
2018-07-30,95510,2019-03-31,1,11582000000,0.135,,,,,-2316000000,,-2096000000,,,-1486000000,,-57.34,,,,,,116026000000,52045000000,0.447,,51901000000,,,,,,,,,,,,true,false,3,2018-04-01,2018-06-30,0
2018-07-30,95510,2018-03-31,1,10202000000,-0.091,,,,,-2822000000,,-2823000000,,,-1995000000,,-76.96,,,,,,,,,,,,,,,,,,,,,,true,false,3,2017-04-01,2017-06-30,-1
2018-07-30,95510,2019-03-31,1,120000000000,0.082,,,,,7000000000,0.038,6900000000,0.067,,4700000000,,181.30,,,,,,,,,,,,,,,,,,,,,,true,true,12,2018-04-01,2019-03-31,0
2018-07-30,95510,2018-03-31,1,,,,,,,,,,,,,,,,,,,,122991000000,55042000000,0.446,,54906000000,,,,,,,,,,,,true,false,12,2017-04-01,2018-03-31,-1
2018-07-30,95510,2018-03-31,1,,,,,,,,,,,,,,,,,,,,,,,,,,,,,58.00,,,,25923500,91,,false,false,12,2017-04-01,2018-03-31,-1
2018-07-30,95510,2019-03-31,1,,,,,,,,,,,,,,,,,,,,,,,,,,,,,62.00,,,,,,,false,true,12,2018-04-01,2019-03-31,0
2018-07-30,95510,2019-03-31,1,,,,,,,,,,,,,,,,,,,,,,,,,,,,,,,,,25923500,91,25923409,false,false,3,2018-04-01,2018-06-30,0
2018-07-30,95510,2018-03-31,1,,,,,,,,,,,,,,,,,,,,,,,,,,,,,,,,,,,25923456,false,false,3,2017-04-01,2017-06-30,-1
2018-10-31,95510,2019-03-31,2,29534000000,0.205,,,,,-3651000000,,-3355000000,,,-2368000000,,-91.37,,,,,,106640000000,51528000000,0.482,,51370000000,,,,,,,,,,,,true,false,6,2018-04-01,2018-09-30,0
2018-10-31,95510,2018-03-31,2,24517000000,-0.162,,,,,-5123000000,,-5121000000,,,-3583000000,,-138.23,,,,,,,,,,,,,,,,,,,,,,true,false,6,2017-04-01,2017-09-30,-1
2018-10-31,95510,2019-03-31,2,120000000000,0.082,,,,,7200000000,0.067,7100000000,0.098,,4800000000,,185.20,,,,,,,,,,,,,,,,,,,,,,true,true,12,2018-04-01,2019-03-31,0
2018-10-31,95510,2018-03-31,2,,,,,,,,,,,,,,,,,,,,122991000000,55042000000,0.446,,54906000000,,,,,,,,,,,,true,false,12,2017-04-01,2018-03-31,-1
2018-10-31,95510,2018-03-31,2,,,,,,,,,,,,,,,,,,,,,,,,,,,,,58.00,,,,25923500,91,,false,false,12,2017-04-01,2018-03-31,-1
2018-10-31,95510,2019-03-31,2,,,,,,,,,,,,,,,,,,,,,,,,,,,,,31.00,,,,,,,false,false,12,2018-04-01,2019-03-31,0
2018-10-31,95510,2019-03-31,2,,,,,,,,,,,,,,,,,,,,,,,,,,,,,62.00,,,,,,,false,true,12,2018-04-01,2019-03-31,0
2018-10-31,95510,2019-03-31,2,,,,,,,,,,,,,,,,,,,,,,,,,,,,,,,,,25923500,123,25923398,false,false,6,2018-04-01,2018-09-30,0
2018-10-31,95510,2018-03-31,2,,,,,,,,,,,,,,,,,,,,,,,,,,,,,,,,,,,25923456,false,false,6,2017-04-01,2017-09-30,-1
2019-01-29,95510,2019-03-31,3,50130000000,0.136,,,,,-3893000000,,-3733000000,,,-2648000000,,-102.17,,,,,,108060000000,51036000000,0.471,,50865000000,,,,,,,,,,,,true,false,9,2018-04-01,2018-12-31,0
2019-01-29,95510,2018-03-31,3,44110000000,-0.067,,,,,-5194000000,,-5200000000,,,-3674000000,,-141.76,,,,,,,,,,,,,,,,,,,,,,true,false,9,2017-04-01,2017-12-31,-1
2019-01-29,95510,2019-03-31,3,118000000000,0.064,,,,,7500000000,0.112,7300000000,0.129,,5000000000,,192.86,,,,,,,,,,,,,,,,,,,,,,true,true,12,2018-04-01,2019-03-31,0
2019-01-29,95510,2018-03-31,3,,,,,,,,,,,,,,,,,,,,122991000000,55042000000,0.446,,54906000000,,,,,,,,,,,,true,false,12,2017-04-01,2018-03-31,-1
2019-01-29,95510,2018-03-31,3,,,,,,,,,,,,,,,,,,,,,,,,,,,,,58.00,,,,25923500,91,,false,false,12,2017-04-01,2018-03-31,-1
2019-01-29,95510,2019-03-31,3,,,,,,,,,,,,,,,,,,,,,,,,,,,,,31.00,,,,,,,false,false,12,2018-04-01,2019-03-31,0
2019-01-29,95510,2019-03-31,3,,,,,,,,,,,,,,,,,,,,,,,,,,,,,62.00,,,,,,,false,true,12,2018-04-01,2019-03-31,0
2019-01-29,95510,2019-03-31,3,,,,,,,,,,,,,,,,,,,,,,,,,,,,,,,,,25923500,150,25923388,false,false,9,2018-04-01,2018-12-31,0
2019-01-29,95510,2018-03-31,3,,,,,,,,,,,,,,,,,,,,,,,,,,,,,,,,,,,25923456,false,false,9,2017-04-01,2017-12-31,-1
2019-04-25,95510,2019-03-31,,117342000000,0.058,,,,,7607000000,0.128,7624000000,0.179,,5170000000,,199.46,,0.091,0.060,0.065,,132620000000,59031000000,0.444,2271.67,58889000000,6236000000,-805000000,-2617000000,27796000000,,0.311,,,,,,true,false,12,2018-04-01,2019-03-31,0
2019-04-25,95510,2018-03-31,,110895000000,-0.007,,,,,6745000000,0.066,6465000000,0.034,,3931000000,,151.65,,0.073,0.053,0.061,,122952000000,55042000000,0.446,2118.02,54906000000,5175000000,-868000000,-2619000000,24977000000,,0.382,,,,,,true,false,12,2017-04-01,2018-03-31,-1
2019-04-25,95510,2020-03-31,,125000000000,0.065,,,,,8000000000,0.052,8000000000,0.049,,5500000000,,212.16,,,,,,,,,,,,,,,,0.292,,,,,,true,true,12,2019-04-01,2020-03-31,1
2019-04-25,95510,2019-03-31,,92383000000,0.057,,,,,5117000000,0.105,5538000000,0.182,3840000000,,0.254,148.13,,,,,,113515000000,56247000000,0.496,2169.75,56247000000,,,,,62.00,,,,25923500,150,25923379,false,false,12,2018-04-01,2019-03-31,0
2019-04-25,95510,2018-03-31,,87439000000,-0.030,,,,,4633000000,-0.042,4687000000,-0.085,3062000000,,-0.099,118.15,,,,,,103943000000,53967000000,0.519,2081.80,53967000000,,,,,58.00,,,,25923500,91,25923452,false,false,12,2017-04-01,2018-03-31,-1
2019-04-25,95510,2020-03-31,,,,,,,,,,,,,,,,,,,,,,,,,,,,,,62.00,,,,,,,false,true,12,2019-04-01,2020-03-31,1
2019-07-25,95510,2020-03-31,1,14848000000,0.282,,,,,-1563000000,,-1659000000,,,-1162000000,,-44.85,,,,,,122645000000,57314000000,0.466,,57173000000,,,,,,,,,,,,true,false,3,2019-04-01,2019-06-30,0
2019-07-25,95510,2019-03-31,1,11582000000,0.135,,,,,-2316000000,,-2096000000,,,-1486000000,,-57.34,,,,,,,,,,,,,,,,,,,,,,true,false,3,2018-04-01,2018-06-30,-1
2019-07-25,95510,2020-03-31,1,125000000000,0.065,,,,,8000000000,0.052,8000000000,0.049,,5500000000,,212.16,,,,,,,,,,,,,,,,,,,,,,true,true,12,2019-04-01,2020-03-31,0
2019-07-25,95510,2019-03-31,1,,,,,,,,,,,,,,,,,,,,132620000000,59031000000,0.444,,58889000000,,,,,,,,,,,,true,false,12,2018-04-01,2019-03-31,-1
2019-07-25,95510,2019-03-31,1,,,,,,,,,,,,,,,,,,,,,,,,,,,,,62.00,,,,25923500,150,,false,false,12,2018-04-01,2019-03-31,-1
2019-07-25,95510,2020-03-31,1,,,,,,,,,,,,,,,,,,,,,,,,,,,,,62.00,,,,,,,false,true,12,2019-04-01,2020-03-31,0
2019-07-25,95510,2020-03-31,1,,,,,,,,,,,,,,,,,,,,,,,,,,,,,,,,,25923500,150,25923350,false,false,3,2019-04-01,2019-06-30,0
2019-07-25,95510,2019-03-31,1,,,,,,,,,,,,,,,,,,,,,,,,,,,,,,,,,,,25923409,false,false,3,2018-04-01,2018-06-30,-1
2019-10-29,95510,2020-03-31,2,34052000000,0.153,,,,,-2957000000,,-3077000000,,,-2202000000,,-84.95,,,,,,114111000000,56075000000,0.490,,55932000000,,,,,,,,,,,,true,false,6,2019-04-01,2019-09-30,0
2019-10-29,95510,2019-03-31,2,29534000000,0.205,,,,,-3651000000,,-3355000000,,,-2368000000,,-91.37,,,,,,,,,,,,,,,,,,,,,,true,false,6,2018-04-01,2018-09-30,-1
2019-10-29,95510,2020-03-31,2,125000000000,0.065,,,,,8200000000,0.078,8200000000,0.075,,5600000000,,216.02,,,,,,,,,,,,,,,,,,,,,,true,true,12,2019-04-01,2020-03-31,0
2019-10-29,95510,2019-03-31,2,,,,,,,,,,,,,,,,,,,,132620000000,59031000000,0.444,,58889000000,,,,,,,,,,,,true,false,12,2018-04-01,2019-03-31,-1
2019-10-29,95510,2019-03-31,2,,,,,,,,,,,,,,,,,,,,,,,,,,,,,62.00,,,,25923500,150,,false,false,12,2018-04-01,2019-03-31,-1
2019-10-29,95510,2020-03-31,2,,,,,,,,,,,,,,,,,,,,,,,,,,,,,31.00,,,,,,,false,false,12,2019-04-01,2020-03-31,0
2019-10-29,95510,2020-03-31,2,,,,,,,,,,,,,,,,,,,,,,,,,,,,,62.00,,,,,,,false,true,12,2019-04-01,2020-03-31,0
2019-10-29,95510,2020-03-31,2,,,,,,,,,,,,,,,,,,,,,,,,,,,,,,,,,25923500,186,25923338,false,false,6,2019-04-01,2019-09-30,0
2019-10-29,95510,2019-03-31,2,,,,,,,,,,,,,,,,,,,,,,,,,,,,,,,,,,,25923398,false,false,6,2018-04-01,2018-09-30,-1
2020-01-29,95510,2020-03-31,3,56502000000,0.127,,,,,-3473000000,,-3494000000,,,-2563000000,,-100.73,,,,,,102300000000,40635000000,0.395,,40448000000,,,,,,,,,,,,true,false,9,2019-04-01,2019-12-31,0
2020-01-29,95510,2019-03-31,3,50130000000,0.136,,,,,-3893000000,,-3733000000,,,-2648000000,,-102.17,,,,,,,,,,,,,,,,,,,,,,true,false,9,2018-04-01,2018-12-31,-1
2020-01-29,95510,2020-03-31,3,125000000000,0.065,,,,,8200000000,0.078,8200000000,0.075,,5600000000,,257.79,,,,,,,,,,,,,,,,,,,,,,true,true,12,2019-04-01,2020-03-31,0
2020-01-29,95510,2019-03-31,3,,,,,,,,,,,,,,,,,,,,132620000000,59031000000,0.444,,58889000000,,,,,,,,,,,,true,false,12,2018-04-01,2019-03-31,-1
2020-01-29,95510,2019-03-31,3,,,,,,,,,,,,,,,,,,,,,,,,,,,,,62.00,,,,25923500,150,,false,false,12,2018-04-01,2019-03-31,-1
2020-01-29,95510,2020-03-31,3,,,,,,,,,,,,,,,,,,,,,,,,,,,,,31.00,,,,,,,false,false,12,2019-04-01,2020-03-31,0
2020-01-29,95510,2020-03-31,3,,,,,,,,,,,,,,,,,,,,,,,,,,,,,71.00,,,,,,,false,true,12,2019-04-01,2020-03-31,0
2020-01-29,95510,2020-03-31,3,,,,,,,,,,,,,,,,,,,,,,,,,,,,,,,,,25923500,4200186,25449875,false,false,9,2019-04-01,2019-12-31,0
2020-01-29,95510,2019-03-31,3,,,,,,,,,,,,,,,,,,,,,,,,,,,,,,,,,,,25923388,false,false,9,2018-04-01,2018-12-31,-1
2020-04-27,95510,2020-03-31,,128723000000,0.097,,,,,8223000000,0.081,8132000000,0.067,,5677000000,,231.52,,0.105,0.065,0.064,,119469000000,49592000000,0.414,2276.07,49443000000,3521000000,-1380000000,-17072000000,12876000000,,0.307,,,,,,true,false,12,2019-04-01,2020-03-31,0
2020-04-27,95510,2019-03-31,,117342000000,0.058,,,,,7607000000,0.128,7624000000,0.179,,5170000000,,199.46,,0.091,0.060,0.065,,132620000000,59031000000,0.444,2271.67,58889000000,6236000000,-805000000,-2617000000,27796000000,,0.311,,,,,,true,false,12,2018-04-01,2019-03-31,-1
2020-04-27,95510,2021-03-31,,130000000000,0.010,,,,,9000000000,0.094,9000000000,0.107,,6200000000,,285.41,,,,,,,,,,,,,,,,0.280,,,,,,true,true,12,2020-04-01,2021-03-31,1
2020-04-27,95510,2020-03-31,,103317000000,0.118,,,,,5754000000,0.124,6121000000,0.105,4368000000,,0.138,178.14,,,,,,100318000000,44724000000,0.446,2058.83,44724000000,,,,,71.00,,,,25923500,4200186,24523326,false,false,12,2019-04-01,2020-03-31,0
2020-04-27,95510,2019-03-31,,92383000000,0.057,,,,,5117000000,0.105,5538000000,0.182,3840000000,,0.254,148.13,,,,,,113515000000,56247000000,0.496,2169.75,56247000000,,,,,62.00,,,,25923500,150,25923379,false,false,12,2018-04-01,2019-03-31,-1
2020-04-27,95510,2021-03-31,,,,,,,,,,,,,,,,,,,,,,,,,,,,,,80.00,,,,,,,false,true,12,2020-04-01,2021-03-31,1
2020-07-31,95510,2021-03-31,1,14185000000,-0.045,,,,,-2377000000,,-2393000000,,,-1861000000,,-85.67,,,,,,111031000000,46910000000,0.421,,46766000000,,,,,,,,,,,,true,false,3,2020-04-01,2020-06-30,0
2020-07-31,95510,2020-03-31,1,14848000000,0.282,,,,,-1563000000,,-1659000000,,,-1162000000,,-44.85,,,,,,,,,,,,,,,,,,,,,,true,false,3,2019-04-01,2019-06-30,-1
2020-07-31,95510,2021-03-31,1,130000000000,0.010,,,,,9000000000,0.094,9000000000,0.107,,6200000000,,285.41,,,,,,,,,,,,,,,,,,,,,,true,true,12,2020-04-01,2021-03-31,0
2020-07-31,95510,2020-03-31,1,,,,,,,,,,,,,,,,,,,,119469000000,49592000000,0.414,,49443000000,,,,,,,,,,,,true,false,12,2019-04-01,2020-03-31,-1
2020-07-31,95510,2020-03-31,1,,,,,,,,,,,,,,,,,,,,,,,,,,,,,71.00,,,,25923500,4200186,,false,false,12,2019-04-01,2020-03-31,-1
2020-07-31,95510,2021-03-31,1,,,,,,,,,,,,,,,,,,,,,,,,,,,,,80.00,,,,,,,false,true,12,2020-04-01,2021-03-31,0
2020-07-31,95510,2021-03-31,1,,,,,,,,,,,,,,,,,,,,,,,,,,,,,,,,,25923500,4200186,21723314,false,false,3,2020-04-01,2020-06-30,0
2020-07-31,95510,2020-03-31,1,,,,,,,,,,,,,,,,,,,,,,,,,,,,,,,,,,,25923350,false,false,3,2019-04-01,2019-06-30,-1
,95510,2021-03-31,,,,,,,,,,,,,,,,,,,,,,,,,,,,,,20.00,,,,,,,false,true,12,2020-04-01,2021-03-31,0
,95510,2020-03-31,,,,,,,,,,,,,,,,,,,,,,,,,,,,,,71.00,,,,,,,false,false,12,2019-04-01,2020-03-31,-1
2020-10-28,95510,2021-03-31,2,33980000000,-0.002,,,,,-3458000000,,-3547000000,,,-2706000000,,-62.31,,,,,,105861000000,46181000000,0.435,,46032000000,,,,,,,,,,,,true,false,6,2020-04-01,2020-09-30,0
2020-10-28,95510,2020-03-31,2,34052000000,0.153,,,,,-2957000000,,-3077000000,,,-2202000000,,-42.48,,,,,,,,,,,,,,,,,,,,,,true,false,6,2019-04-01,2019-09-30,-1
2020-10-28,95510,2021-03-31,2,130000000000,0.010,,,,,10500000000,0.277,10500000000,0.291,,6800000000,,156.51,,,,,,,,,,,,,,,,,,,,,,true,true,12,2020-04-01,2021-03-31,0
2020-10-28,95510,2020-03-31,2,,,,,,,,,,,,,,,,,,,,119469000000,49592000000,0.414,,49443000000,,,,,,,,,,,,true,false,12,2019-04-01,2020-03-31,-1
2020-10-28,95510,2020-03-31,2,,,,,,,,,,,,,,,,,,,,,,,,,,,,,71.00,,,,51847000,8400372,,false,false,12,2019-04-01,2020-03-31,-1
2020-10-28,95510,2021-03-31,2,,,,,,,,,,,,,,,,,,,,,,,,,,,,,40.00,,,,,,,false,false,12,2020-04-01,2021-03-31,0
2020-10-28,95510,2021-03-31,2,,,,,,,,,,,,,,,,,,,,,,,,,,,,,20.00,,,,,,,false,true,12,2020-04-01,2021-03-31,0
2020-10-28,95510,2021-03-31,2,,,,,,,,,,,,,,,,,,,,,,,,,,,,,,,,,51847000,8400432,43446597,false,false,6,2020-04-01,2020-09-30,0
2020-10-28,95510,2020-03-31,2,,,,,,,,,,,,,,,,,,,,,,,,,,,,,,,,,,,51846676,false,false,6,2019-04-01,2019-09-30,-1
2021-01-27,95510,2021-03-31,3,58497000000,0.035,,,,,-1086000000,,-1235000000,,,-1077000000,,-24.81,,,,,,110006000000,46043000000,0.417,,45893000000,,,,,,,,,,,,true,false,9,2020-04-01,2020-12-31,0
2021-01-27,95510,2020-03-31,3,56502000000,0.127,,,,,-3473000000,,-3494000000,,,-2563000000,,-50.37,,,,,,,,,,,,,,,,,,,,,,true,false,9,2019-04-01,2019-12-31,-1
2021-01-27,95510,2021-03-31,3,130000000000,0.010,,,,,10500000000,0.277,10500000000,0.291,,6800000000,,156.51,,,,,,,,,,,,,,,,,,,,,,true,true,12,2020-04-01,2021-03-31,0
2021-01-27,95510,2020-03-31,3,,,,,,,,,,,,,,,,,,,,119469000000,49592000000,0.414,,49443000000,,,,,,,,,,,,true,false,12,2019-04-01,2020-03-31,-1
2021-01-27,95510,2020-03-31,3,,,,,,,,,,,,,,,,,,,,,,,,,,,,,71.00,,,,51847000,8400372,,false,false,12,2019-04-01,2020-03-31,-1
2021-01-27,95510,2021-03-31,3,,,,,,,,,,,,,,,,,,,,,,,,,,,,,40.00,,,,,,,false,false,12,2020-04-01,2021-03-31,0
2021-01-27,95510,2021-03-31,3,,,,,,,,,,,,,,,,,,,,,,,,,,,,,20.00,,,,,,,false,true,12,2020-04-01,2021-03-31,0
2021-01-27,95510,2021-03-31,3,,,,,,,,,,,,,,,,,,,,,,,,,,,,,,,,,51847000,8400432,43446587,false,false,9,2020-04-01,2020-12-31,0
2021-01-27,95510,2020-03-31,3,,,,,,,,,,,,,,,,,,,,,,,,,,,,,,,,,,,50899751,false,false,9,2019-04-01,2019-12-31,-1
2021-04-27,95510,2021-03-31,,133355000000,0.036,,,,,10863000000,0.321,11053000000,0.359,,6542000000,,150.50,,0.127,0.088,0.081,,131194000000,53432000000,0.406,1223.53,53266000000,10404000000,-3252000000,-2103000000,18044000000,,0.266,,,,,,true,false,12,2020-04-01,2021-03-31,0
2021-04-27,95510,2020-03-31,,128723000000,0.097,,,,,8223000000,0.081,8132000000,0.067,,5677000000,,115.76,,0.105,0.065,0.064,,119469000000,49592000000,0.414,1138.03,49443000000,3521000000,-1380000000,-17072000000,12876000000,,0.307,,,,,,true,false,12,2019-04-01,2020-03-31,-1
2021-04-27,95510,2022-03-31,,135000000000,0.012,,,,,8500000000,-0.218,8500000000,-0.231,,5800000000,,133.23,,,,,,,,,,,,,,,,0.300,,,,,,true,true,12,2021-04-01,2022-03-31,1
2021-04-27,95510,2021-03-31,,104063000000,0.007,,,,,8383000000,0.457,8960000000,0.464,5172000000,,0.184,119.00,,,,,,109071000000,48396000000,0.444,1111.66,48396000000,,,,,20.00,,,,51758500,8223432,43468404,false,false,12,2020-04-01,2021-03-31,0
2021-04-27,95510,2020-03-31,,103317000000,0.118,,,,,5754000000,0.124,6121000000,0.105,4368000000,,0.138,89.07,,,,,,100318000000,44724000000,0.446,1029.42,44724000000,,,,,71.00,,,,51847000,8400372,49046652,false,false,12,2019-04-01,2020-03-31,-1
2021-04-27,95510,2022-03-31,,,,,,,,,,,,,,,,,,,,,,,,,,,,,,40.00,,,,,,,false,true,12,2021-04-01,2022-03-31,1
2021-07-28,95510,2022-03-31,1,15934000000,0.123,,,,,-2828000000,,-2697000000,,,-2078000000,,-47.73,,,,,,115431000000,51861000000,0.449,,51772000000,,,,,,,,,,,,true,false,3,2021-04-01,2021-06-30,0
2021-07-28,95510,2021-03-31,1,14185000000,-0.045,,,,,-2377000000,,-2393000000,,,-1861000000,,-42.84,,,,,,,,,,,,,,,,,,,,,,true,false,3,2020-04-01,2020-06-30,-1
2021-07-28,95510,2022-03-31,1,135000000000,0.012,,,,,8500000000,-0.218,8500000000,-0.231,,5800000000,,133.23,,,,,,,,,,,,,,,,,,,,,,true,true,12,2021-04-01,2022-03-31,0
2021-07-28,95510,2021-03-31,1,,,,,,,,,,,,,,,,,,,,131194000000,53432000000,0.406,,53266000000,,,,,,,,,,,,true,false,12,2020-04-01,2021-03-31,-1
2021-07-28,95510,2021-03-31,1,,,,,,,,,,,,,,,,,,,,,,,,,,,,,20.00,,,,51758500,8223432,,false,false,12,2020-04-01,2021-03-31,-1
2021-07-28,95510,2022-03-31,1,,,,,,,,,,,,,,,,,,,,,,,,,,,,,40.00,,,,,,,false,true,12,2021-04-01,2022-03-31,0
2021-07-28,95510,2022-03-31,1,,,,,,,,,,,,,,,,,,,,,,,,,,,,,,,,,51758500,8223432,43535068,false,false,3,2021-04-01,2021-06-30,0
2021-07-28,95510,2021-03-31,1,,,,,,,,,,,,,,,,,,,,,,,,,,,,,,,,,,,43446628,false,false,3,2020-04-01,2020-06-30,-1
2021-10-27,95510,2022-03-31,2,39482000000,0.162,,,,,-3209000000,,-3082000000,,,-2391000000,,-54.93,,,,,,107552000000,51631000000,0.478,,51445000000,,,,,,,,,,,,true,false,6,2021-04-01,2021-09-30,0
2021-10-27,95510,2021-03-31,2,33980000000,-0.002,,,,,-3458000000,,-3547000000,,,-2706000000,,-62.31,,,,,,,,,,,,,,,,,,,,,,true,false,6,2020-04-01,2020-09-30,-1
2021-10-27,95510,2022-03-31,2,135000000000,0.012,,,,,7500000000,-0.310,7400000000,-0.331,,5400000000,,123.96,,,,,,,,,,,,,,,,,,,,,,true,true,12,2021-04-01,2022-03-31,0
2021-10-27,95510,2021-03-31,2,,,,,,,,,,,,,,,,,,,,131194000000,53432000000,0.406,,53266000000,,,,,,,,,,,,true,false,12,2020-04-01,2021-03-31,-1
2021-10-27,95510,2021-03-31,2,,,,,,,,,,,,,,,,,,,,,,,,,,,,,20.00,,,,51758500,8223432,,false,false,12,2020-04-01,2021-03-31,-1
2021-10-27,95510,2022-03-31,2,,,,,,,,,,,,,,,,,,,,,,,,,,,,,20.00,,,,,,,false,false,12,2021-04-01,2022-03-31,0
2021-10-27,95510,2022-03-31,2,,,,,,,,,,,,,,,,,,,,,,,,,,,,,40.00,,,,,,,false,true,12,2021-04-01,2022-03-31,0
2021-10-27,95510,2022-03-31,2,,,,,,,,,,,,,,,,,,,,,,,,,,,,,,,,,51758500,8196032,43545848,false,false,6,2021-04-01,2021-09-30,0
2021-10-27,95510,2021-03-31,2,,,,,,,,,,,,,,,,,,,,,,,,,,,,,,,,,,,43446597,false,false,6,2020-04-01,2020-09-30,-1
2022-01-27,95510,2022-03-31,3,66597000000,0.138,,,,,-2640000000,,-2380000000,,,-1824000000,,-41.89,,,,,,111291000000,51834000000,0.460,,51212000000,,,,,,,,,,,,true,false,9,2021-04-01,2021-12-31,0
2022-01-27,95510,2021-03-31,3,58497000000,0.035,,,,,-1086000000,,-1235000000,,,-1077000000,,-24.81,,,,,,,,,,,,,,,,,,,,,,true,false,9,2020-04-01,2020-12-31,-1
2022-01-27,95510,2022-03-31,3,135000000000,0.012,,,,,7500000000,-0.310,7400000000,-0.331,,5400000000,,123.96,,,,,,,,,,,,,,,,,,,,,,true,true,12,2021-04-01,2022-03-31,0
2022-01-27,95510,2021-03-31,3,,,,,,,,,,,,,,,,,,,,131194000000,53432000000,0.406,,53266000000,,,,,,,,,,,,true,false,12,2020-04-01,2021-03-31,-1
2022-01-27,95510,2021-03-31,3,,,,,,,,,,,,,,,,,,,,,,,,,,,,,20.00,,,,51758500,8223432,,false,false,12,2020-04-01,2021-03-31,-1
2022-01-27,95510,2022-03-31,3,,,,,,,,,,,,,,,,,,,,,,,,,,,,,20.00,,,,,,,false,false,12,2021-04-01,2022-03-31,0
2022-01-27,95510,2022-03-31,3,,,,,,,,,,,,,,,,,,,,,,,,,,,,,40.00,,,,,,,false,true,12,2021-04-01,2022-03-31,0
2022-01-27,95510,2022-03-31,3,,,,,,,,,,,,,,,,,,,,,,,,,,,,,,,,,47758500,4196064,43551406,false,false,9,2021-04-01,2021-12-31,0
2022-01-27,95510,2021-03-31,3,,,,,,,,,,,,,,,,,,,,,,,,,,,,,,,,,,,43446587,false,false,9,2020-04-01,2020-12-31,-1
2022-04-27,95510,2022-03-31,,135557000000,0.017,,,,,8146000000,-0.250,8751000000,-0.208,,6245000000,,143.39,,0.111,0.066,0.060,,133065000000,59548000000,0.445,1360.03,59246000000,6635000000,-3846000000,-628000000,20613000000,,0.279,,,,,,true,false,12,2021-04-01,2022-03-31,0
2022-04-27,95510,2021-03-31,,133355000000,0.036,,,,,10863000000,0.321,11053000000,0.359,,6542000000,,150.50,,0.127,0.088,0.081,,131194000000,53432000000,0.406,1223.53,53266000000,10404000000,-3252000000,-2103000000,18044000000,,0.266,,,,,,true,false,12,2020-04-01,2021-03-31,-1
2022-04-27,95510,2023-03-31,,149000000000,0.099,,,,,9300000000,0.142,9300000000,0.063,,6300000000,,144.62,,,,,,,,,,,,,,,,0.277,,,,,,true,true,12,2022-04-01,2023-03-31,1
2022-04-27,95510,2022-03-31,,102322000000,-0.017,,,,,5794000000,-0.309,6942000000,-0.225,4801000000,,-0.072,110.25,,,,,,106511000000,51656000000,0.485,1185.81,51656000000,,,,,40.00,,,,47758500,4196064,43554126,false,false,12,2021-04-01,2022-03-31,0
2022-04-27,95510,2021-03-31,,104063000000,0.007,,,,,8383000000,0.457,8960000000,0.464,5172000000,,0.184,119.00,,,,,,109071000000,48396000000,0.444,1111.66,48396000000,,,,,20.00,,,,51758500,8223432,43468404,false,false,12,2020-04-01,2021-03-31,-1
2022-04-27,95510,2023-03-31,,,,,,,,,,,,,,,,,,,,,,,,,,,,,,40.00,,,,,,,false,true,12,2022-04-01,2023-03-31,1
2022-07-27,95510,2023-03-31,1,19918000000,0.250,,,,,-1932000000,,-1142000000,,,-951000000,,-21.85,,,,,,129182000000,59197000000,0.449,,57987000000,,,,,,,,,,,,true,false,3,2022-04-01,2022-06-30,0
2022-07-27,95510,2022-03-31,1,15934000000,0.123,,,,,-2828000000,,-2697000000,,,-2078000000,,-47.73,,,,,,,,,,,,,,,,,,,,,,true,false,3,2021-04-01,2021-06-30,-1
2022-07-27,95510,2023-03-31,1,149000000000,0.099,,,,,9300000000,0.142,9300000000,0.063,,6300000000,,144.62,,,,,,,,,,,,,,,,,,,,,,true,true,12,2022-04-01,2023-03-31,0
2022-07-27,95510,2022-03-31,1,,,,,,,,,,,,,,,,,,,,133065000000,59548000000,0.445,,59246000000,,,,,,,,,,,,true,false,12,2021-04-01,2022-03-31,-1
2022-07-27,95510,2022-03-31,1,,,,,,,,,,,,,,,,,,,,,,,,,,,,,40.00,,,,47758500,4196064,,false,false,12,2021-04-01,2022-03-31,-1
2022-07-27,95510,2023-03-31,1,,,,,,,,,,,,,,,,,,,,,,,,,,,,,40.00,,,,,,,false,true,12,2022-04-01,2023-03-31,0
2022-07-27,95510,2023-03-31,1,,,,,,,,,,,,,,,,,,,,,,,,,,,,,,,,,47758500,4196064,43562436,false,false,3,2022-04-01,2022-06-30,0
2022-07-27,95510,2022-03-31,1,,,,,,,,,,,,,,,,,,,,,,,,,,,,,,,,,,,43535068,false,false,3,2021-04-01,2021-06-30,-1
2022-10-28,95510,2023-03-31,2,46730000000,0.184,,,,,-2984000000,,-1919000000,,,-1587000000,,-36.44,,,,,,120457000000,60296000000,0.490,,59010000000,,,,,,,,,,,,true,false,6,2022-04-01,2022-09-30,0
2022-10-28,95510,2022-03-31,2,39482000000,0.162,,,,,-3209000000,,-3082000000,,,-2391000000,,-54.93,,,,,,,,,,,,,,,,,,,,,,true,false,6,2021-04-01,2021-09-30,-1
2022-10-28,95510,2023-03-31,2,149000000000,0.099,,,,,9300000000,0.142,9300000000,0.063,,6300000000,,144.53,,,,,,,,,,,,,,,,,,,,,,true,true,12,2022-04-01,2023-03-31,0
2022-10-28,95510,2022-03-31,2,,,,,,,,,,,,,,,,,,,,133065000000,59548000000,0.445,,59246000000,,,,,,,,,,,,true,false,12,2021-04-01,2022-03-31,-1
2022-10-28,95510,2022-03-31,2,,,,,,,,,,,,,,,,,,,,,,,,,,,,,40.00,,,,47758500,4196064,,false,false,12,2021-04-01,2022-03-31,-1
2022-10-28,95510,2023-03-31,2,,,,,,,,,,,,,,,,,,,,,,,,,,,,,20.00,,,,,,,false,false,12,2022-04-01,2023-03-31,0
2022-10-28,95510,2023-03-31,2,,,,,,,,,,,,,,,,,,,,,,,,,,,,,40.00,,,,,,,false,true,12,2022-04-01,2023-03-31,0
2022-10-28,95510,2023-03-31,2,,,,,,,,,,,,,,,,,,,,,,,,,,,,,,,,,47758500,4168064,43573605,false,false,6,2022-04-01,2022-09-30,0
2022-10-28,95510,2022-03-31,2,,,,,,,,,,,,,,,,,,,,,,,,,,,,,,,,,,,43545848,false,false,6,2021-04-01,2021-09-30,-1
2023-01-31,95510,2023-03-31,3,77748000000,0.167,,,,,-2023000000,,-1428000000,,,-1316000000,,-30.21,,,,,,125098000000,60735000000,0.474,,59309000000,,,,,,,,,,,,true,false,9,2022-04-01,2022-12-31,0
2023-01-31,95510,2022-03-31,3,66597000000,0.138,,,,,-2640000000,,-2380000000,,,-1824000000,,-41.89,,,,,,,,,,,,,,,,,,,,,,true,false,9,2021-04-01,2021-12-31,-1
2023-01-31,95510,2023-03-31,3,149000000000,0.099,,,,,9300000000,0.142,9300000000,0.063,,6300000000,,144.53,,,,,,,,,,,,,,,,,,,,,,true,true,12,2022-04-01,2023-03-31,0
2023-01-31,95510,2022-03-31,3,,,,,,,,,,,,,,,,,,,,133065000000,59548000000,0.445,,59246000000,,,,,,,,,,,,true,false,12,2021-04-01,2022-03-31,-1
2023-01-31,95510,2022-03-31,3,,,,,,,,,,,,,,,,,,,,,,,,,,,,,40.00,,,,47758500,4196064,,false,false,12,2021-04-01,2022-03-31,-1
2023-01-31,95510,2023-03-31,3,,,,,,,,,,,,,,,,,,,,,,,,,,,,,20.00,,,,,,,false,false,12,2022-04-01,2023-03-31,0
2023-01-31,95510,2023-03-31,3,,,,,,,,,,,,,,,,,,,,,,,,,,,,,40.00,,,,,,,false,true,12,2022-04-01,2023-03-31,0
2023-01-31,95510,2023-03-31,3,,,,,,,,,,,,,,,,,,,,,,,,,,,,,,,,,47758500,4168064,43579236,false,false,9,2022-04-01,2022-12-31,0
2023-01-31,95510,2022-03-31,3,,,,,,,,,,,,,,,,,,,,,,,,,,,,,,,,,,,43551406,false,false,9,2021-04-01,2021-12-31,-1
2023-04-26,95510,2023-03-31,,150716000000,0.112,,,,,8688000000,0.067,9068000000,0.036,,6252000000,,143.48,,0.101,0.066,0.058,,142695000000,66639000000,0.457,1495.54,65191000000,-4340000000,-6452000000,717000000,11085000000,,0.293,,,,,,true,false,12,2022-04-01,2023-03-31,0
2023-04-26,95510,2022-03-31,,135557000000,0.017,,,,,8146000000,-0.250,8751000000,-0.208,,6245000000,,143.39,,0.111,0.066,0.060,,133065000000,59548000000,0.445,1360.03,59246000000,6635000000,-3846000000,-628000000,20613000000,,0.279,,,,,,true,false,12,2021-04-01,2022-03-31,-1
2023-04-26,95510,2024-03-31,,155000000000,0.028,,,,,10000000000,0.151,9500000000,0.048,,6400000000,,146.82,,,,,,,,,,,,,,,,0.300,,,,,,true,true,12,2023-04-01,2024-03-31,1
2023-04-26,95510,2023-03-31,,103701000000,0.013,,,,,4630000000,-0.201,5414000000,-0.220,3930000000,,-0.182,90.18,,,,,,108561000000,53647000000,0.494,1230.72,53647000000,,,,,42.00,,,,47758500,4168064,43581997,false,false,12,2022-04-01,2023-03-31,0
2023-04-26,95510,2022-03-31,,102322000000,-0.017,,,,,5794000000,-0.309,6942000000,-0.225,4801000000,,-0.072,110.25,,,,,,106511000000,51656000000,0.485,1185.81,51656000000,,,,,40.00,,,,47758500,4196064,43554126,false,false,12,2021-04-01,2022-03-31,-1
2023-04-26,95510,2024-03-31,,,,,,,,,,,,,,,,,,,,,,,,,,,,,,44.00,,,,,,,false,true,12,2023-04-01,2024-03-31,1
2023-07-26,95510,2024-03-31,1,21161000000,0.062,,,,,-2522000000,,-2141000000,,,-1895000000,,-43.48,,,,,,135926000000,65022000000,0.461,,62691000000,,,,,,,,,,,,true,false,3,2023-04-01,2023-06-30,0
2023-07-26,95510,2023-03-31,1,19918000000,0.250,,,,,-1932000000,,-1142000000,,,-951000000,,-21.85,,,,,,,,,,,,,,,,,,,,,,true,false,3,2022-04-01,2022-06-30,-1
2023-07-26,95510,2024-03-31,1,155000000000,0.028,,,,,10000000000,0.151,9500000000,0.048,,6400000000,,146.83,,,,,,,,,,,,,,,,,,,,,,true,true,12,2023-04-01,2024-03-31,0
2023-07-26,95510,2023-03-31,1,,,,,,,,,,,,,,,,,,,,142695000000,66639000000,0.457,,65191000000,,,,,,,,,,,,true,false,12,2022-04-01,2023-03-31,-1
2023-07-26,95510,2023-03-31,1,,,,,,,,,,,,,,,,,,,,,,,,,,,,,42.00,,,,47758500,4168064,,false,false,12,2022-04-01,2023-03-31,-1
2023-07-26,95510,2024-03-31,1,,,,,,,,,,,,,,,,,,,,,,,,,,,,,44.00,,,,,,,false,true,12,2023-04-01,2024-03-31,0
2023-07-26,95510,2024-03-31,1,,,,,,,,,,,,,,,,,,,,,,,,,,,,,,,,,45758500,2170964,43589639,false,false,3,2023-04-01,2023-06-30,0
2023-07-26,95510,2023-03-31,1,,,,,,,,,,,,,,,,,,,,,,,,,,,,,,,,,,,43562436,false,false,3,2022-04-01,2022-06-30,-1
2023-10-26,95510,2024-03-31,2,53011000000,0.134,,,,,-2782000000,,-2280000000,,,-2199000000,,-50.45,,,,,,131627000000,66746000000,0.488,,64197000000,,,,,,,,,,,,true,false,6,2023-04-01,2023-09-30,0
2023-10-26,95510,2023-03-31,2,46730000000,0.184,,,,,-2984000000,,-1919000000,,,-1587000000,,-36.44,,,,,,,,,,,,,,,,,,,,,,true,false,6,2022-04-01,2022-09-30,-1
2023-10-26,95510,2024-03-31,2,155000000000,0.028,,,,,10000000000,0.151,9500000000,0.048,,6400000000,,146.74,,,,,,,,,,,,,,,,,,,,,,true,true,12,2023-04-01,2024-03-31,0
2023-10-26,95510,2023-03-31,2,,,,,,,,,,,,,,,,,,,,142695000000,66639000000,0.457,,65191000000,,,,,,,,,,,,true,false,12,2022-04-01,2023-03-31,-1
2023-10-26,95510,2023-03-31,2,,,,,,,,,,,,,,,,,,,,,,,,,,,,,42.00,,,,47758500,4168064,,false,false,12,2022-04-01,2023-03-31,-1
2023-10-26,95510,2024-03-31,2,,,,,,,,,,,,,,,,,,,,,,,,,,,,,22.00,,,,,,,false,false,12,2023-04-01,2024-03-31,0
2023-10-26,95510,2024-03-31,2,,,,,,,,,,,,,,,,,,,,,,,,,,,,,44.00,,,,,,,false,true,12,2023-04-01,2024-03-31,0
2023-10-26,95510,2024-03-31,2,,,,,,,,,,,,,,,,,,,,,,,,,,,,,,,,,45758500,2142964,43599904,false,false,6,2023-04-01,2023-09-30,0
2023-10-26,95510,2023-03-31,2,,,,,,,,,,,,,,,,,,,,,,,,,,,,,,,,,,,43573605,false,false,6,2022-04-01,2022-09-30,-1
2024-01-31,95510,2024-03-31,3,90730000000,0.167,,,,,91000000,,322000000,,,-439000000,,-10.07,,,,,,144511000000,68661000000,0.457,,66021000000,,,,,,,,,,,,true,false,9,2023-04-01,2023-12-31,0
2024-01-31,95510,2023-03-31,3,77748000000,0.167,,,,,-2023000000,,-1428000000,,,-1316000000,,-30.21,,,,,,,,,,,,,,,,,,,,,,true,false,9,2022-04-01,2022-12-31,-1
2024-01-31,95510,2024-03-31,3,155000000000,0.028,,,,,10000000000,0.151,9500000000,0.048,,6400000000,,146.74,,,,,,,,,,,,,,,,,,,,,,true,true,12,2023-04-01,2024-03-31,0
2024-01-31,95510,2023-03-31,3,,,,,,,,,,,,,,,,,,,,142695000000,66639000000,0.457,,65191000000,,,,,,,,,,,,true,false,12,2022-04-01,2023-03-31,-1
2024-01-31,95510,2023-03-31,3,,,,,,,,,,,,,,,,,,,,,,,,,,,,,42.00,,,,47758500,4168064,,false,false,12,2022-04-01,2023-03-31,-1
2024-01-31,95510,2024-03-31,3,,,,,,,,,,,,,,,,,,,,,,,,,,,,,22.00,,,,,,,false,false,12,2023-04-01,2024-03-31,0
2024-01-31,95510,2024-03-31,3,,,,,,,,,,,,,,,,,,,,,,,,,,,,,44.00,,,,,,,false,true,12,2023-04-01,2024-03-31,0
2024-01-31,95510,2024-03-31,3,,,,,,,,,,,,,,,,,,,,,,,,,,,,,,,,,45758500,2142964,43605133,false,false,9,2023-04-01,2023-12-31,0
2024-01-31,95510,2023-03-31,3,,,,,,,,,,,,,,,,,,,,,,,,,,,,,,,,,,,43579236,false,false,9,2022-04-01,2022-12-31,-1
,95510,2024-03-31,,,,,,,,,,,,,,,,,,,,,,,,,,,,,,46.00,,,,,,,false,true,12,2023-04-01,2024-03-31,0
,95510,2024-03-31,,,,,,,,,,,,,,,,,,,,,,,,,,,,,,22.00,,,,,,,false,false,12,2023-04-01,2024-03-31,0
,95510,2023-03-31,,,,,,,,,,,,,,,,,,,,,,,,,,,,,,42.00,,,,,,,false,false,12,2022-04-01,2023-03-31,-1
2024-04-24,95510,2024-03-31,,165561000000,0.099,,,,,9903000000,0.140,10490000000,0.157,,6875000000,,157.67,,0.100,0.067,0.060,,168843000000,75676000000,0.432,1672.17,72932000000,-5486000000,-3098000000,11338000000,14219000000,,0.292,,,,,,true,false,12,2023-04-01,2024-03-31,0
2024-04-24,95510,2023-03-31,,150716000000,0.112,,,,,8688000000,0.067,9068000000,0.036,,6252000000,,143.48,,0.101,0.066,0.058,,142695000000,66639000000,0.457,1495.54,65191000000,-4340000000,-6452000000,717000000,11085000000,,0.293,,,,,,true,false,12,2022-04-01,2023-03-31,-1
2024-04-24,95510,2025-03-31,,170000000000,0.027,,,,,9000000000,-0.091,8700000000,-0.171,,6100000000,,139.86,,,,,,,,,,,,,,,,,,,,,,true,true,12,2024-04-01,2025-03-31,1
2024-04-24,95510,2024-03-31,,111155000000,0.072,,,,,4458000000,-0.037,5677000000,0.049,4068000000,,0.035,93.30,,,,,,123418000000,56207000000,0.455,1288.70,56207000000,,,,,46.00,,,,45758500,2142964,43607720,false,false,12,2023-04-01,2024-03-31,0
2024-04-24,95510,2023-03-31,,103701000000,0.013,,,,,4630000000,-0.201,5414000000,-0.220,3930000000,,-0.182,90.18,,,,,,108561000000,53647000000,0.494,1230.72,53647000000,,,,,42.00,,,,47758500,4168064,43581997,false,false,12,2022-04-01,2023-03-31,-1
2024-04-24,95510,2025-03-31,,,,,,,,,,,,,,,,,,,,,,,,,,,,,,48.00,,,,,,,false,true,12,2024-04-01,2025-03-31,1
2024-07-25,95510,2025-03-31,1,25015000000,0.182,,,,,-2068000000,,-1666000000,,,-1578000000,,-36.20,,,,,,153317000000,75022000000,0.466,,71370000000,,,,,,,,,,,,true,false,3,2024-04-01,2024-06-30,0
2024-07-25,95510,2024-03-31,1,21161000000,0.062,,,,,-2522000000,,-2141000000,,,-1895000000,,-43.48,,,,,,,,,,,,,,,,,,,,,,true,false,3,2023-04-01,2023-06-30,-1
2024-07-25,95510,2025-03-31,1,170000000000,0.027,,,,,9000000000,-0.091,8700000000,-0.171,,6100000000,,139.86,,,,,,,,,,,,,,,,,,,,,,true,true,12,2024-04-01,2025-03-31,0
2024-07-25,95510,2024-03-31,1,,,,,,,,,,,,,,,,,,,,168843000000,75676000000,0.432,,72932000000,,,,,,,,,,,,true,false,12,2023-04-01,2024-03-31,-1
2024-07-25,95510,2024-03-31,1,,,,,,,,,,,,,,,,,,,,,,,,,,,,,46.00,,,,45758500,2142964,,false,false,12,2023-04-01,2024-03-31,-1
2024-07-25,95510,2025-03-31,1,,,,,,,,,,,,,,,,,,,,,,,,,,,,,48.00,,,,,,,false,true,12,2024-04-01,2025-03-31,0
2024-07-25,95510,2025-03-31,1,,,,,,,,,,,,,,,,,,,,,,,,,,,,,,,,,45758500,2142964,43615536,false,false,3,2024-04-01,2024-06-30,0
2024-07-25,95510,2024-03-31,1,,,,,,,,,,,,,,,,,,,,,,,,,,,,,,,,,,,43589639,false,false,3,2023-04-01,2023-06-30,-1
2024-10-30,95510,2025-03-31,2,59195000000,0.117,,,,,-2069000000,,-2531000000,,,-2492000000,,-57.15,,,,,,149230000000,76405000000,0.487,,72661000000,,,,,,,,,,,,true,false,6,2024-04-01,2024-09-30,0
2024-10-30,95510,2024-03-31,2,53011000000,0.134,,,,,-2782000000,,-2280000000,,,-2199000000,,-50.45,,,,,,,,,,,,,,,,,,,,,,true,false,6,2023-04-01,2023-09-30,-1
2024-10-30,95510,2025-03-31,2,170000000000,0.027,,,,,9000000000,-0.091,8700000000,-0.171,,6100000000,,139.78,,,,,,,,,,,,,,,,,,,,,,true,true,12,2024-04-01,2025-03-31,0
2024-10-30,95510,2024-03-31,2,,,,,,,,,,,,,,,,,,,,168843000000,75676000000,0.432,,72932000000,,,,,,,,,,,,true,false,12,2023-04-01,2024-03-31,-1
2024-10-30,95510,2024-03-31,2,,,,,,,,,,,,,,,,,,,,,,,,,,,,,46.00,,,,45758500,2142964,,false,false,12,2023-04-01,2024-03-31,-1
2024-10-30,95510,2025-03-31,2,,,,,,,,,,,,,,,,,,,,,,,,,,,,,24.00,,,,,,,false,false,12,2024-04-01,2025-03-31,0
2024-10-30,95510,2025-03-31,2,,,,,,,,,,,,,,,,,,,,,,,,,,,,,48.00,,,,,,,false,true,12,2024-04-01,2025-03-31,0
2024-10-30,95510,2025-03-31,2,,,,,,,,,,,,,,,,,,,,,,,,,,,,,,,,,45758500,2119714,43624302,false,false,6,2024-04-01,2024-09-30,0
2024-10-30,95510,2024-03-31,2,,,,,,,,,,,,,,,,,,,,,,,,,,,,,,,,,,,43599904,false,false,6,2023-04-01,2023-09-30,-1
2025-01-30,95510,2025-03-31,3,98456000000,0.085,,,,,-352000000,,-338000000,,,-984000000,,-22.57,,,,,,156470000000,73991000000,0.448,,70109000000,,,,,,,,,,,,true,false,9,2024-04-01,2024-12-31,0
2025-01-30,95510,2024-03-31,3,90730000000,0.167,,,,,91000000,,322000000,,,-439000000,,-10.07,,,,,,,,,,,,,,,,,,,,,,true,false,9,2023-04-01,2023-12-31,-1
2025-01-30,95510,2025-03-31,3,180000000000,0.087,,,,,9700000000,-0.021,9100000000,-0.133,,6200000000,,142.08,,,,,,,,,,,,,,,,,,,,,,true,true,12,2024-04-01,2025-03-31,0
2025-01-30,95510,2024-03-31,3,,,,,,,,,,,,,,,,,,,,168843000000,75676000000,0.432,,72932000000,,,,,,,,,,,,true,false,12,2023-04-01,2024-03-31,-1
2025-01-30,95510,2024-03-31,3,,,,,,,,,,,,,,,,,,,,,,,,,,,,,46.00,,,,45758500,2142964,,false,false,12,2023-04-01,2024-03-31,-1
2025-01-30,95510,2025-03-31,3,,,,,,,,,,,,,,,,,,,,,,,,,,,,,24.00,,,,,,,false,false,12,2024-04-01,2025-03-31,0
2025-01-30,95510,2025-03-31,3,,,,,,,,,,,,,,,,,,,,,,,,,,,,,50.00,,,,,,,false,true,12,2024-04-01,2025-03-31,0
2025-01-30,95510,2025-03-31,3,,,,,,,,,,,,,,,,,,,,,,,,,,,,,,,,,45758500,2119714,43629148,false,false,9,2024-04-01,2024-12-31,0
2025-01-30,95510,2024-03-31,3,,,,,,,,,,,,,,,,,,,,,,,,,,,,,,,,,,,43605133,false,false,9,2023-04-01,2023-12-31,-1
2025-04-24,95510,2025-03-31,,179094000000,0.082,,,,,10626000000,0.073,9951000000,-0.051,,6852000000,,157.06,,0.089,0.054,0.059,,196783000000,85350000000,0.413,1863.12,81304000000,13316000000,-4094000000,12005000000,35683000000,,0.318,,,,,,true,false,12,2024-04-01,2025-03-31,0
2025-04-24,95510,2024-03-31,,165561000000,0.099,,,,,9903000000,0.140,10490000000,0.157,,6875000000,,157.67,,0.100,0.067,0.060,,168843000000,75676000000,0.432,1672.17,72932000000,-5486000000,-3098000000,11338000000,14219000000,,0.292,,,,,,true,false,12,2023-04-01,2024-03-31,-1
2025-04-24,95510,2026-03-31,,200000000000,0.117,,,,,11500000000,0.082,10900000000,0.095,,7500000000,,171.87,,,,,,,,,,,,,,,,,,,,,,true,true,12,2025-04-01,2026-03-31,1
2025-04-24,95510,2025-03-31,,114927000000,0.034,,,,,3691000000,-0.172,3747000000,-0.340,2807000000,,-0.310,64.34,,,,,,140479000000,57004000000,0.406,1306.28,57004000000,,,,,50.00,,,,44258500,619714,43631524,false,false,12,2024-04-01,2025-03-31,0
2025-04-24,95510,2024-03-31,,111155000000,0.072,,,,,4458000000,-0.037,5677000000,0.049,4068000000,,0.035,93.30,,,,,,123418000000,56207000000,0.455,1288.70,56207000000,,,,,46.00,,,,45758500,2142964,43607720,false,false,12,2023-04-01,2024-03-31,-1
2025-04-24,95510,2026-03-31,,,,,,,,,,,,,,,,,,,,,,,,,,,,,,56.00,,,,,,,false,true,12,2025-04-01,2026-03-31,1
