filing_date,code,fiscal_year_end,quarterly_period,net_sales,net_sales_change,revenue,revenue_change,operating_revenue,operating_revenue_change,operating_profit,operating_profit_change,ordinary_profit,ordinary_profit_change,net_income,net_income_of_parent,net_income_change,eps,diluted_eps,roe,roa,operating_profit_to_net_sales,operating_profit_to_revenue,total_assets,net_assets,equity_ratio,bps,owner_equity,operating_cash_flow,investing_cash_flow,financing_cash_flow,cash,dividend_per_share,payout_ratio,commemorative_dividend,extra_dividend,number_of_shares,number_of_treqsury_shares,avg_number_of_shares,is_consolidated,is_forecast,duration,period_start,period_end,period_pos
2015-05-08,96000,2015-03-31,,23229000000,0.031,,,,,1598000000,-0.040,1546000000,-0.009,982000000,,0.090,66.57,,0.088,0.061,0.069,,25962000000,12147000000,0.458,806.20,11896000000,2648000000,-622000000,-1675000000,2533000000,,0.451,,,,,,true,false,12,2014-04-01,2015-03-31,0
2015-05-08,96000,2014-03-31,,22528000000,0.044,,,,,1664000000,0.082,1561000000,0.050,901000000,,0.019,63.67,,0.095,0.066,0.074,,24514000000,10571000000,0.423,702.23,10362000000,1171000000,-3741000000,2278000000,2183000000,,0.424,,,,,,true,false,12,2013-04-01,2014-03-31,-1
2015-05-08,96000,2016-03-31,,11750000000,0.055,,,,,780000000,0.145,720000000,0.094,,440000000,,29.82,,,,,,,,,,,,,,,,,,,,,,true,true,6,2015-04-01,2015-09-30,1
2015-05-08,96000,2016-03-31,,24200000000,0.042,,,,,1820000000,0.139,1700000000,0.099,,1050000000,,71.16,,,,,,,,,,,,,,,,0.450,,,,,,true,true,12,2015-04-01,2016-03-31,1
2015-05-08,96000,2015-03-31,,17533000000,0.023,,,,,1344000000,-0.063,1305000000,-0.032,865000000,,0.072,58.68,,,,,,24427000000,11417000000,0.467,773.73,11417000000,,,,,30.00,,,,14765840,9905,14755935,false,false,12,2014-04-01,2015-03-31,0
2015-05-08,96000,2014-03-31,,17141000000,0.055,,,,,1434000000,0.062,1348000000,0.040,807000000,,0.016,57.04,,,,,,23473000000,10317000000,0.440,699.22,10317000000,,,,,27.00,,,,14765840,9905,14160250,false,false,12,2013-04-01,2014-03-31,-1
2015-05-08,96000,2016-03-31,,,,,,,,,,,,,,,,,,,,,,,,,,,,,,32.00,,,,,,,false,true,12,2015-04-01,2016-03-31,1
2015-07-31,96000,2016-03-31,1,5750000000,0.089,,,,,328000000,0.707,312000000,0.816,,192000000,,13.05,,,,,,24881000000,12136000000,0.478,,11886000000,,,,,,,,,,,,true,false,3,2015-04-01,2015-06-30,0
2015-07-31,96000,2015-03-31,1,5282000000,0.002,,,,,192000000,-0.308,171000000,-0.324,,97000000,,6.58,,,,,,,,,,,,,,,,,,,,,,true,false,3,2014-04-01,2014-06-30,-1
2015-07-31,96000,2016-03-31,1,11750000000,0.055,,,,,780000000,0.145,720000000,0.094,,440000000,,29.82,,,,,,,,,,,,,,,,,,,,,,true,true,6,2015-04-01,2015-09-30,0
2015-07-31,96000,2016-03-31,1,24200000000,0.042,,,,,1820000000,0.139,1700000000,0.099,,1050000000,,71.16,,,,,,,,,,,,,,,,,,,,,,true,true,12,2015-04-01,2016-03-31,0
2015-07-31,96000,2015-03-31,1,,,,,,,,,,,,,,,,,,,,25962000000,12147000000,0.458,,11896000000,,,,,,,,,,,,true,false,12,2014-04-01,2015-03-31,-1
2015-07-31,96000,2015-03-31,1,,,,,,,,,,,,,,,,,,,,,,,,,,,,,30.00,,,,14765840,9905,,false,false,12,2014-04-01,2015-03-31,-1
2015-07-31,96000,2016-03-31,1,,,,,,,,,,,,,,,,,,,,,,,,,,,,,32.00,,,,,,,false,true,12,2015-04-01,2016-03-31,0
2015-07-31,96000,2016-03-31,1,,,,,,,,,,,,,,,,,,,,,,,,,,,,,,,,,14765840,9905,14755935,false,false,3,2015-04-01,2015-06-30,0
2015-07-31,96000,2015-03-31,1,,,,,,,,,,,,,,,,,,,,,,,,,,,,,,,,,,,14755935,false,false,3,2014-04-01,2014-06-30,-1
,96000,2016-03-31,,,,,,,,,,,,,,,,,,,,,,,,,,,,,,34.00,,,,,,,false,true,12,2015-04-01,2016-03-31,0
,96000,2015-03-31,,,,,,,,,,,,,,,,,,,,,,,,,,,,,,30.00,,,,,,,false,false,12,2014-04-01,2015-03-31,-1
2015-10-30,96000,2016-03-31,2,11975000000,0.075,,,,,816000000,0.198,775000000,0.178,,473000000,,32.38,,,,,,25980000000,11990000000,0.452,,11734000000,,,,,,,,,,,,true,false,6,2015-04-01,2015-09-30,0
2015-10-30,96000,2015-03-31,2,11141000000,0.001,,,,,681000000,-0.186,658000000,-0.126,,395000000,,26.80,,,,,,,,,,,,,,,,,,,,,,true,false,6,2014-04-01,2014-09-30,-1
2015-10-30,96000,2016-03-31,2,24200000000,0.042,,,,,1820000000,0.139,1700000000,0.099,,1050000000,,72.63,,,,,,,,,,,,,,,,,,,,,,true,true,12,2015-04-01,2016-03-31,0
2015-10-30,96000,2015-03-31,2,,,,,,,,,,,,,,,,,,,,25962000000,12147000000,0.458,,11896000000,,,,,,,,,,,,true,false,12,2014-04-01,2015-03-31,-1
2015-10-30,96000,2015-03-31,2,,,,,,,,,,,,,,,,,,,,,,,,,,,,,30.00,,,,14765840,9905,,false,false,12,2014-04-01,2015-03-31,-1
2015-10-30,96000,2016-03-31,2,,,,,,,,,,,,,,,,,,,,,,,,,,,,,17.00,,,,,,,false,false,12,2015-04-01,2016-03-31,0
2015-10-30,96000,2016-03-31,2,,,,,,,,,,,,,,,,,,,,,,,,,,,,,34.00,,,,,,,false,true,12,2015-04-01,2016-03-31,0
2015-10-30,96000,2016-03-31,2,,,,,,,,,,,,,,,,,,,,,,,,,,,,,,,,,14765840,309957,14629322,false,false,6,2015-04-01,2015-09-30,0
2015-10-30,96000,2015-03-31,2,,,,,,,,,,,,,,,,,,,,,,,,,,,,,,,,,,,14755935,false,false,6,2014-04-01,2014-09-30,-1
2016-01-29,96000,2016-03-31,3,18093000000,0.077,,,,,1283000000,0.232,1232000000,0.235,,764000000,,52.47,,,,,,26326000000,12062000000,0.448,,11801000000,,,,,,,,,,,,true,false,9,2015-04-01,2015-12-31,0
2016-01-29,96000,2015-03-31,3,16800000000,0.016,,,,,1041000000,-0.081,997000000,-0.030,,604000000,,40.99,,,,,,,,,,,,,,,,,,,,,,true,false,9,2014-04-01,2014-12-31,-1
2016-01-29,96000,2016-03-31,3,24200000000,0.042,,,,,1820000000,0.139,1700000000,0.099,,1050000000,,72.63,,,,,,,,,,,,,,,,,,,,,,true,true,12,2015-04-01,2016-03-31,0
2016-01-29,96000,2015-03-31,3,,,,,,,,,,,,,,,,,,,,25962000000,12147000000,0.458,,11896000000,,,,,,,,,,,,true,false,12,2014-04-01,2015-03-31,-1
2016-01-29,96000,2015-03-31,3,,,,,,,,,,,,,,,,,,,,,,,,,,,,,30.00,,,,14765840,9905,,false,false,12,2014-04-01,2015-03-31,-1
2016-01-29,96000,2016-03-31,3,,,,,,,,,,,,,,,,,,,,,,,,,,,,,17.00,,,,,,,false,false,12,2015-04-01,2016-03-31,0
2016-01-29,96000,2016-03-31,3,,,,,,,,,,,,,,,,,,,,,,,,,,,,,34.00,,,,,,,false,true,12,2015-04-01,2016-03-31,0
2016-01-29,96000,2016-03-31,3,,,,,,,,,,,,,,,,,,,,,,,,,,,,,,,,,14765840,309977,14571292,false,false,9,2015-04-01,2015-12-31,0
2016-01-29,96000,2015-03-31,3,,,,,,,,,,,,,,,,,,,,,,,,,,,,,,,,,,,14755935,false,false,9,2014-04-01,2014-12-31,-1
2016-04-19,96000,2016-03-31,,24500000000,0.012,,,,,1920000000,0.055,1840000000,0.082,,1115000000,,76.67,,,,,,,,,,,,,,,,,,,,,,true,true,12,2015-04-01,2016-03-31,0
2016-04-19,96000,2015-03-31,,23229000000,,,,,,1598000000,,1546000000,,,982000000,,66.57,,,,,,,,,,,,,,,,,,,,,,true,false,12,2014-04-01,2015-03-31,-1
2016-05-09,96000,2016-03-31,,24434000000,0.052,,,,,1918000000,0.201,1838000000,0.189,,1114000000,,76.67,,0.094,0.072,0.079,,25110000000,11793000000,0.470,815.84,11793000000,2523000000,-468000000,-1892000000,2696000000,,0.443,,,,,,true,false,12,2015-04-01,2016-03-31,0
2016-05-09,96000,2015-03-31,,23229000000,0.031,,,,,1598000000,-0.040,1546000000,-0.009,,982000000,,66.57,,0.088,0.061,0.069,,25962000000,12147000000,0.458,806.20,11896000000,2648000000,-622000000,-1675000000,2533000000,,0.451,,,,,,true,false,12,2014-04-01,2015-03-31,-1
2016-05-09,96000,2017-03-31,,12600000000,0.052,,,,,860000000,0.053,820000000,0.057,,530000000,,36.66,,,,,,,,,,,,,,,,,,,,,,true,true,6,2016-04-01,2016-09-30,1
2016-05-09,96000,2017-03-31,,25700000000,0.052,,,,,2050000000,0.068,1950000000,0.061,,1280000000,,88.55,,,,,,,,,,,,,,,,0.407,,,,,,true,true,12,2016-04-01,2017-03-31,1
2016-05-09,96000,2016-03-31,,18617000000,0.062,,,,,1633000000,0.215,1572000000,0.205,975000000,,0.126,67.07,,,,,,24076000000,11465000000,0.476,793.17,11465000000,,,,,34.00,,,,14765840,309977,14542593,false,false,12,2015-04-01,2016-03-31,0
2016-05-09,96000,2015-03-31,,17533000000,0.023,,,,,1344000000,-0.063,1305000000,-0.032,865000000,,0.072,58.68,,,,,,24427000000,11417000000,0.467,773.73,11417000000,,,,,30.00,,,,14765840,9905,14755935,false,false,12,2014-04-01,2015-03-31,-1
2016-05-09,96000,2017-03-31,,,,,,,,,,,,,,,,,,,,,,,,,,,,,,36.00,,,,,,,false,true,12,2016-04-01,2017-03-31,1
2016-07-29,96000,2017-03-31,1,5846000000,0.017,,,,,316000000,-0.035,302000000,-0.033,,196000000,,13.56,,,,,,25211000000,11684000000,0.463,,11684000000,,,,,,,,,,,,true,false,3,2016-04-01,2016-06-30,0
2016-07-29,96000,2016-03-31,1,5750000000,0.089,,,,,328000000,0.707,312000000,0.816,,192000000,,13.05,,,,,,,,,,,,,,,,,,,,,,true,false,3,2015-04-01,2015-06-30,-1
2016-07-29,96000,2017-03-31,1,12600000000,0.052,,,,,860000000,0.053,820000000,0.057,,530000000,,36.66,,,,,,,,,,,,,,,,,,,,,,true,true,6,2016-04-01,2016-09-30,0
2016-07-29,96000,2017-03-31,1,25700000000,0.052,,,,,2050000000,0.068,1950000000,0.061,,1280000000,,80.50,,,,,,,,,,,,,,,,,,,,,,true,true,12,2016-04-01,2017-03-31,0
2016-07-29,96000,2016-03-31,1,,,,,,,,,,,,,,,,,,,,25110000000,11793000000,0.470,,11793000000,,,,,,,,,,,,true,false,12,2015-04-01,2016-03-31,-1
2016-07-29,96000,2016-03-31,1,,,,,,,,,,,,,,,,,,,,,,,,,,,,,34.00,,,,14765840,309977,,false,false,12,2015-04-01,2016-03-31,-1
2016-07-29,96000,2017-03-31,1,,,,,,,,,,,,,,,,,,,,,,,,,,,,,36.00,,,,,,,false,true,12,2016-04-01,2017-03-31,0
2016-07-29,96000,2017-03-31,1,,,,,,,,,,,,,,,,,,,,,,,,,,,,,,,,,14765840,309977,14455863,false,false,3,2016-04-01,2016-06-30,0
2016-07-29,96000,2016-03-31,1,,,,,,,,,,,,,,,,,,,,,,,,,,,,,,,,,,,14755935,false,false,3,2015-04-01,2015-06-30,-1
2016-10-31,96000,2017-03-31,2,12268000000,0.024,,,,,926000000,0.135,886000000,0.142,,589000000,,37.09,,,,,,25514000000,12223000000,0.479,,12223000000,,,,,,,,,,,,true,false,6,2016-04-01,2016-09-30,0
2016-10-31,96000,2016-03-31,2,11975000000,0.075,,,,,816000000,0.198,775000000,0.178,,473000000,,29.43,,,,,,,,,,,,,,,,,,,,,,true,false,6,2015-04-01,2015-09-30,-1
2016-10-31,96000,2017-03-31,2,25700000000,0.052,,,,,2050000000,0.068,1950000000,0.061,,1280000000,,80.50,,,,,,,,,,,,,,,,,,,,,,true,true,12,2016-04-01,2017-03-31,0
2016-10-31,96000,2016-03-31,2,,,,,,,,,,,,,,,,,,,,25110000000,11793000000,0.470,,11793000000,,,,,,,,,,,,true,false,12,2015-04-01,2016-03-31,-1
2016-10-31,96000,2016-03-31,2,,,,,,,,,,,,,,,,,,,,,,,,,,,,,34.00,,,,16242424,341041,,false,false,12,2015-04-01,2016-03-31,-1
2016-10-31,96000,2017-03-31,2,,,,,,,,,,,,,,,,,,,,,,,,,,,,,18.00,,,,,,,false,false,12,2016-04-01,2017-03-31,0
2016-10-31,96000,2017-03-31,2,,,,,,,,,,,,,,,,,,,,,,,,,,,,,36.00,,,,,,,false,true,12,2016-04-01,2017-03-31,0
2016-10-31,96000,2017-03-31,2,,,,,,,,,,,,,,,,,,,,,,,,,,,,,,,,,16242424,341041,15901449,false,false,6,2016-04-01,2016-09-30,0
2016-10-31,96000,2016-03-31,2,,,,,,,,,,,,,,,,,,,,,,,,,,,,,,,,,,,16092254,false,false,6,2015-04-01,2015-09-30,-1
2017-01-31,96000,2017-03-31,3,18287000000,0.011,,,,,1384000000,0.079,1335000000,0.084,,887000000,,55.80,,,,,,25149000000,12263000000,0.488,,12263000000,,,,,,,,,,,,true,false,9,2016-04-01,2016-12-31,0
2017-01-31,96000,2016-03-31,3,18093000000,0.077,,,,,1283000000,0.232,1232000000,0.235,,764000000,,47.70,,,,,,,,,,,,,,,,,,,,,,true,false,9,2015-04-01,2015-12-31,-1
2017-01-31,96000,2017-03-31,3,25700000000,0.052,,,,,2050000000,0.068,1950000000,0.061,,1280000000,,80.50,,,,,,,,,,,,,,,,,,,,,,true,true,12,2016-04-01,2017-03-31,0
2017-01-31,96000,2016-03-31,3,,,,,,,,,,,,,,,,,,,,25110000000,11793000000,0.470,,11793000000,,,,,,,,,,,,true,false,12,2015-04-01,2016-03-31,-1
2017-01-31,96000,2016-03-31,3,,,,,,,,,,,,,,,,,,,,,,,,,,,,,34.00,,,,16242424,341041,,false,false,12,2015-04-01,2016-03-31,-1
2017-01-31,96000,2017-03-31,3,,,,,,,,,,,,,,,,,,,,,,,,,,,,,18.00,,,,,,,false,false,12,2016-04-01,2017-03-31,0
2017-01-31,96000,2017-03-31,3,,,,,,,,,,,,,,,,,,,,,,,,,,,,,36.00,,,,,,,false,true,12,2016-04-01,2017-03-31,0
2017-01-31,96000,2017-03-31,3,,,,,,,,,,,,,,,,,,,,,,,,,,,,,,,,,16242424,342590,15900876,false,false,9,2016-04-01,2016-12-31,0
2017-01-31,96000,2016-03-31,3,,,,,,,,,,,,,,,,,,,,,,,,,,,,,,,,,,,16028421,false,false,9,2015-04-01,2015-12-31,-1
2017-05-08,96000,2017-03-31,,24617000000,0.007,,,,,1992000000,0.038,1939000000,0.055,,1314000000,,82.68,,0.107,0.077,0.081,,25043000000,12684000000,0.507,797.79,12684000000,2932000000,-979000000,-1728000000,2920000000,,0.435,,,,,,true,false,12,2016-04-01,2017-03-31,0
2017-05-08,96000,2016-03-31,,24434000000,0.052,,,,,1918000000,0.201,1838000000,0.189,,1114000000,,69.70,,0.094,0.072,0.079,,25110000000,11793000000,0.470,741.67,11793000000,2523000000,-468000000,-1892000000,2696000000,,0.443,,,,,,true,false,12,2015-04-01,2016-03-31,-1
2017-05-08,96000,2018-03-31,,12700000000,0.035,,,,,960000000,0.036,920000000,0.039,,610000000,,38.37,,,,,,,,,,,,,,,,,,,,,,true,true,6,2017-04-01,2017-09-30,1
2017-05-08,96000,2018-03-31,,25600000000,0.040,,,,,2100000000,0.054,2050000000,0.057,,1360000000,,85.54,,,,,,,,,,,,,,,,0.444,,,,,,true,true,12,2017-04-01,2018-03-31,1
2017-05-08,96000,2017-03-31,,18734000000,0.006,,,,,1708000000,0.046,1671000000,0.063,1147000000,,0.176,72.14,,,,,,23982000000,12179000000,0.508,766.03,12179000000,,,,,18.00,,,,16242424,342782,15900587,false,false,12,2016-04-01,2017-03-31,0
2017-05-08,96000,2016-03-31,,18617000000,0.062,,,,,1633000000,0.215,1572000000,0.205,975000000,,0.126,60.97,,,,,,24076000000,11465000000,0.476,721.06,11465000000,,,,,34.00,,,,16242424,341041,15996852,false,false,12,2015-04-01,2016-03-31,-1
2017-05-08,96000,2018-03-31,,,,,,,,,,,,,,,,,,,,,,,,,,,,,,38.00,,,,,,,false,true,12,2017-04-01,2018-03-31,1
2017-07-31,96000,2018-03-31,1,5949000000,0.018,,,,,206000000,-0.346,199000000,-0.341,,127000000,,8.05,,,,,,25119000000,12597000000,0.501,,12597000000,,,,,,,,,,,,true,false,3,2017-04-01,2017-06-30,0
2017-07-31,96000,2017-03-31,1,5846000000,0.017,,,,,316000000,-0.035,302000000,-0.033,,196000000,,12.33,,,,,,,,,,,,,,,,,,,,,,true,false,3,2016-04-01,2016-06-30,-1
2017-07-31,96000,2018-03-31,1,12700000000,0.035,,,,,960000000,0.036,920000000,0.039,,610000000,,38.37,,,,,,,,,,,,,,,,,,,,,,true,true,6,2017-04-01,2017-09-30,0
2017-07-31,96000,2018-03-31,1,25600000000,0.040,,,,,2100000000,0.054,2050000000,0.057,,1360000000,,85.54,,,,,,,,,,,,,,,,,,,,,,true,true,12,2017-04-01,2018-03-31,0
2017-07-31,96000,2017-03-31,1,,,,,,,,,,,,,,,,,,,,25043000000,12684000000,0.507,,12684000000,,,,,,,,,,,,true,false,12,2016-04-01,2017-03-31,-1
2017-07-31,96000,2017-03-31,1,,,,,,,,,,,,,,,,,,,,,,,,,,,,,18.00,,,,16242424,342782,,false,false,12,2016-04-01,2017-03-31,-1
2017-07-31,96000,2018-03-31,1,,,,,,,,,,,,,,,,,,,,,,,,,,,,,38.00,,,,,,,false,true,12,2017-04-01,2018-03-31,0
2017-07-31,96000,2018-03-31,1,,,,,,,,,,,,,,,,,,,,,,,,,,,,,,,,,16242424,342972,15899518,false,false,3,2017-04-01,2017-06-30,0
2017-07-31,96000,2017-03-31,1,,,,,,,,,,,,,,,,,,,,,,,,,,,,,,,,,,,15901449,false,false,3,2016-04-01,2016-06-30,-1
2017-10-31,96000,2018-03-31,2,12518000000,0.020,,,,,872000000,-0.058,849000000,-0.041,,571000000,,35.96,,,,,,26472000000,13025000000,0.492,,13025000000,,,,,,,,,,,,true,false,6,2017-04-01,2017-09-30,0
2017-10-31,96000,2017-03-31,2,12268000000,0.024,,,,,926000000,0.135,886000000,0.142,,589000000,,37.09,,,,,,,,,,,,,,,,,,,,,,true,false,6,2016-04-01,2016-09-30,-1
2017-10-31,96000,2018-03-31,2,25600000000,0.040,,,,,2100000000,0.054,2050000000,0.057,,1360000000,,85.54,,,,,,,,,,,,,,,,,,,,,,true,true,12,2017-04-01,2018-03-31,0
2017-10-31,96000,2017-03-31,2,,,,,,,,,,,,,,,,,,,,25043000000,12684000000,0.507,,12684000000,,,,,,,,,,,,true,false,12,2016-04-01,2017-03-31,-1
2017-10-31,96000,2017-03-31,2,,,,,,,,,,,,,,,,,,,,,,,,,,,,,18.00,,,,16242424,342782,,false,false,12,2016-04-01,2017-03-31,-1
2017-10-31,96000,2018-03-31,2,,,,,,,,,,,,,,,,,,,,,,,,,,,,,19.00,,,,,,,false,false,12,2017-04-01,2018-03-31,0
2017-10-31,96000,2018-03-31,2,,,,,,,,,,,,,,,,,,,,,,,,,,,,,38.00,,,,,,,false,true,12,2017-04-01,2018-03-31,0
2017-10-31,96000,2018-03-31,2,,,,,,,,,,,,,,,,,,,,,,,,,,,,,,,,,16242424,343182,15899430,false,false,6,2017-04-01,2017-09-30,0
2017-10-31,96000,2017-03-31,2,,,,,,,,,,,,,,,,,,,,,,,,,,,,,,,,,,,15901449,false,false,6,2016-04-01,2016-09-30,-1
2018-01-31,96000,2018-03-31,3,18770000000,0.026,,,,,1414000000,0.021,1391000000,0.042,,941000000,,59.19,,,,,,26298000000,13082000000,0.497,,13082000000,,,,,,,,,,,,true,false,9,2017-04-01,2017-12-31,0
2018-01-31,96000,2017-03-31,3,18287000000,0.011,,,,,1384000000,0.079,1335000000,0.084,,887000000,,55.80,,,,,,,,,,,,,,,,,,,,,,true,false,9,2016-04-01,2016-12-31,-1
2018-01-31,96000,2018-03-31,3,25600000000,0.040,,,,,2100000000,0.054,2050000000,0.057,,1360000000,,85.54,,,,,,,,,,,,,,,,,,,,,,true,true,12,2017-04-01,2018-03-31,0
2018-01-31,96000,2017-03-31,3,,,,,,,,,,,,,,,,,,,,25043000000,12684000000,0.507,,12684000000,,,,,,,,,,,,true,false,12,2016-04-01,2017-03-31,-1
2018-01-31,96000,2017-03-31,3,,,,,,,,,,,,,,,,,,,,,,,,,,,,,18.00,,,,16242424,342782,,false,false,12,2016-04-01,2017-03-31,-1
2018-01-31,96000,2018-03-31,3,,,,,,,,,,,,,,,,,,,,,,,,,,,,,19.00,,,,,,,false,false,12,2017-04-01,2018-03-31,0
2018-01-31,96000,2018-03-31,3,,,,,,,,,,,,,,,,,,,,,,,,,,,,,38.00,,,,,,,false,true,12,2017-04-01,2018-03-31,0
2018-01-31,96000,2018-03-31,3,,,,,,,,,,,,,,,,,,,,,,,,,,,,,,,,,16242424,343372,15899328,false,false,9,2017-04-01,2017-12-31,0
2018-01-31,96000,2017-03-31,3,,,,,,,,,,,,,,,,,,,,,,,,,,,,,,,,,,,15900876,false,false,9,2016-04-01,2016-12-31,-1
2018-05-07,96000,2018-03-31,,25615000000,0.041,,,,,2081000000,0.045,2051000000,0.058,,1368000000,,86.06,,0.104,0.080,0.081,,26188000000,13507000000,0.516,849.55,13507000000,2937000000,-1223000000,-1330000000,3303000000,,0.442,,,,,,true,false,12,2017-04-01,2018-03-31,0
2018-05-07,96000,2017-03-31,,24617000000,0.007,,,,,1992000000,0.038,1939000000,0.055,,1314000000,,82.68,,0.107,0.077,0.081,,25043000000,12684000000,0.507,797.79,12684000000,2932000000,-979000000,-1728000000,2920000000,,0.435,,,,,,true,false,12,2016-04-01,2017-03-31,-1
2018-05-07,96000,2019-03-31,,13000000000,0.038,,,,,930000000,0.066,900000000,0.059,,600000000,,37.74,,,,,,,,,,,,,,,,,,,,,,true,true,6,2018-04-01,2018-09-30,1
2018-05-07,96000,2019-03-31,,26700000000,0.042,,,,,2190000000,0.052,2140000000,0.043,,1430000000,,89.94,,,,,,,,,,,,,,,,0.445,,,,,,true,true,12,2018-04-01,2019-03-31,1
2018-05-07,96000,2018-03-31,,19563000000,0.044,,,,,1774000000,0.039,1752000000,0.049,1178000000,,0.027,74.11,,,,,,24840000000,12780000000,0.515,803.87,12780000000,,,,,38.00,,,,16242424,343422,15899253,false,false,12,2017-04-01,2018-03-31,0
2018-05-07,96000,2017-03-31,,18734000000,0.006,,,,,1708000000,0.046,1671000000,0.063,1147000000,,0.176,72.14,,,,,,23982000000,12179000000,0.508,766.03,12179000000,,,,,18.00,,,,16242424,342782,15900587,false,false,12,2016-04-01,2017-03-31,-1
2018-05-07,96000,2019-03-31,,,,,,,,,,,,,,,,,,,,,,,,,,,,,,40.00,,,,,,,false,true,12,2018-04-01,2019-03-31,1
2018-07-31,96000,2019-03-31,1,6112000000,0.027,,,,,321000000,0.553,321000000,0.612,,209000000,,13.21,,,,,,24900000000,13408000000,0.538,,13408000000,,,,,,,,,,,,true,false,3,2018-04-01,2018-06-30,0
2018-07-31,96000,2018-03-31,1,5949000000,0.018,,,,,206000000,-0.346,199000000,-0.341,,127000000,,8.05,,,,,,,,,,,,,,,,,,,,,,true,false,3,2017-04-01,2017-06-30,-1
2018-07-31,96000,2019-03-31,1,13000000000,0.038,,,,,930000000,0.066,900000000,0.059,,600000000,,37.74,,,,,,,,,,,,,,,,,,,,,,true,true,6,2018-04-01,2018-09-30,0
2018-07-31,96000,2019-03-31,1,26700000000,0.042,,,,,2190000000,0.052,2140000000,0.043,,1430000000,,89.94,,,,,,,,,,,,,,,,,,,,,,true,true,12,2018-04-01,2019-03-31,0
2018-07-31,96000,2018-03-31,1,,,,,,,,,,,,,,,,,,,,26007000000,13507000000,0.519,,13507000000,,,,,,,,,,,,true,false,12,2017-04-01,2018-03-31,-1
2018-07-31,96000,2018-03-31,1,,,,,,,,,,,,,,,,,,,,,,,,,,,,,38.00,,,,16242424,343422,,false,false,12,2017-04-01,2018-03-31,-1
2018-07-31,96000,2019-03-31,1,,,,,,,,,,,,,,,,,,,,,,,,,,,,,40.00,,,,,,,false,true,12,2018-04-01,2019-03-31,0
2018-07-31,96000,2019-03-31,1,,,,,,,,,,,,,,,,,,,,,,,,,,,,,,,,,16242424,343628,15898832,false,false,3,2018-04-01,2018-06-30,0
2018-07-31,96000,2018-03-31,1,,,,,,,,,,,,,,,,,,,,,,,,,,,,,,,,,,,15899518,false,false,3,2017-04-01,2017-06-30,-1
2018-10-31,96000,2019-03-31,2,12957000000,0.035,,,,,1007000000,0.155,1002000000,0.180,,670000000,,42.20,,,,,,26148000000,13894000000,0.531,,13894000000,,,,,,,,,,,,true,false,6,2018-04-01,2018-09-30,0
2018-10-31,96000,2018-03-31,2,12518000000,0.020,,,,,872000000,-0.058,849000000,-0.041,,571000000,,35.96,,,,,,,,,,,,,,,,,,,,,,true,false,6,2017-04-01,2017-09-30,-1
2018-10-31,96000,2019-03-31,2,26700000000,0.042,,,,,2190000000,0.052,2140000000,0.043,,1430000000,,89.94,,,,,,,,,,,,,,,,,,,,,,true,true,12,2018-04-01,2019-03-31,0
2018-10-31,96000,2018-03-31,2,,,,,,,,,,,,,,,,,,,,26007000000,13507000000,0.519,,13507000000,,,,,,,,,,,,true,false,12,2017-04-01,2018-03-31,-1
2018-10-31,96000,2018-03-31,2,,,,,,,,,,,,,,,,,,,,,,,,,,,,,38.00,,,,16242424,343422,,false,false,12,2017-04-01,2018-03-31,-1
2018-10-31,96000,2019-03-31,2,,,,,,,,,,,,,,,,,,,,,,,,,,,,,20.00,,,,,,,false,false,12,2018-04-01,2019-03-31,0
2018-10-31,96000,2019-03-31,2,,,,,,,,,,,,,,,,,,,,,,,,,,,,,40.00,,,,,,,false,true,12,2018-04-01,2019-03-31,0
2018-10-31,96000,2019-03-31,2,,,,,,,,,,,,,,,,,,,,,,,,,,,,,,,,,16242424,343648,15898804,false,false,6,2018-04-01,2018-09-30,0
2018-10-31,96000,2018-03-31,2,,,,,,,,,,,,,,,,,,,,,,,,,,,,,,,,,,,15899430,false,false,6,2017-04-01,2017-09-30,-1
2019-01-31,96000,2019-03-31,3,19910000000,0.061,,,,,1620000000,0.146,1610000000,0.157,,1067000000,,67.12,,,,,,27896000000,13858000000,0.497,,13858000000,,,,,,,,,,,,true,false,9,2018-04-01,2018-12-31,0
2019-01-31,96000,2018-03-31,3,18770000000,0.026,,,,,1414000000,0.021,1391000000,0.042,,941000000,,59.19,,,,,,,,,,,,,,,,,,,,,,true,false,9,2017-04-01,2017-12-31,-1
2019-01-31,96000,2019-03-31,3,26700000000,0.042,,,,,2190000000,0.052,2140000000,0.043,,1430000000,,89.94,,,,,,,,,,,,,,,,,,,,,,true,true,12,2018-04-01,2019-03-31,0
2019-01-31,96000,2018-03-31,3,,,,,,,,,,,,,,,,,,,,26007000000,13507000000,0.519,,13507000000,,,,,,,,,,,,true,false,12,2017-04-01,2018-03-31,-1
2019-01-31,96000,2018-03-31,3,,,,,,,,,,,,,,,,,,,,,,,,,,,,,38.00,,,,16242424,343422,,false,false,12,2017-04-01,2018-03-31,-1
2019-01-31,96000,2019-03-31,3,,,,,,,,,,,,,,,,,,,,,,,,,,,,,20.00,,,,,,,false,false,12,2018-04-01,2019-03-31,0
2019-01-31,96000,2019-03-31,3,,,,,,,,,,,,,,,,,,,,,,,,,,,,,40.00,,,,,,,false,true,12,2018-04-01,2019-03-31,0
2019-01-31,96000,2019-03-31,3,,,,,,,,,,,,,,,,,,,,,,,,,,,,,,,,,16242424,343648,15898795,false,false,9,2018-04-01,2018-12-31,0
2019-01-31,96000,2018-03-31,3,,,,,,,,,,,,,,,,,,,,,,,,,,,,,,,,,,,15899328,false,false,9,2017-04-01,2017-12-31,-1
2019-05-07,96000,2019-03-31,,27591000000,0.077,,,,,2345000000,0.127,2347000000,0.145,,1521000000,,95.72,,0.109,0.086,0.085,,28515000000,14357000000,0.503,903.04,14357000000,3052000000,-3074000000,17000000,3299000000,,0.418,,,,,,true,false,12,2018-04-01,2019-03-31,0
2019-05-07,96000,2018-03-31,,25615000000,0.041,,,,,2081000000,0.045,2051000000,0.058,,1368000000,,86.06,,0.104,0.081,0.081,,26007000000,13507000000,0.519,849.55,13507000000,2937000000,-1223000000,-1330000000,3303000000,,0.442,,,,,,true,false,12,2017-04-01,2018-03-31,-1
2019-05-07,96000,2020-03-31,,30000000000,0.087,,,,,2450000000,0.044,2390000000,0.018,,1590000000,,100.01,,,,,,,,,,,,,,,,0.430,,,,,,true,true,12,2019-04-01,2020-03-31,1
2019-05-07,96000,2019-03-31,,20034000000,0.024,,,,,1882000000,0.061,1884000000,0.075,1256000000,,0.067,79.04,,,,,,26626000000,13358000000,0.502,840.22,13358000000,,,,,40.00,,,,16242424,343711,15898781,false,false,12,2018-04-01,2019-03-31,0
2019-05-07,96000,2018-03-31,,19563000000,0.044,,,,,1774000000,0.039,1752000000,0.049,1178000000,,0.027,74.11,,,,,,24659000000,12780000000,0.518,803.87,12780000000,,,,,38.00,,,,16242424,343422,15899253,false,false,12,2017-04-01,2018-03-31,-1
2019-05-07,96000,2020-03-31,,,,,,,,,,,,,,,,,,,,,,,,,,,,,,43.00,,,,,,,false,true,12,2019-04-01,2020-03-31,1
2019-07-31,96000,2020-03-31,1,7280000000,0.191,,,,,568000000,0.770,573000000,0.785,,371000000,,23.38,,,,,,29332000000,14355000000,0.489,,14355000000,,,,,,,,,,,,true,false,3,2019-04-01,2019-06-30,0
2019-07-31,96000,2019-03-31,1,6112000000,0.027,,,,,321000000,0.553,321000000,0.612,,209000000,,13.21,,,,,,,,,,,,,,,,,,,,,,true,false,3,2018-04-01,2018-06-30,-1
2019-07-31,96000,2020-03-31,1,30000000000,0.087,,,,,2450000000,0.044,2390000000,0.018,,1590000000,,100.01,,,,,,,,,,,,,,,,,,,,,,true,true,12,2019-04-01,2020-03-31,0
2019-07-31,96000,2019-03-31,1,,,,,,,,,,,,,,,,,,,,28515000000,14357000000,0.503,,14357000000,,,,,,,,,,,,true,false,12,2018-04-01,2019-03-31,-1
2019-07-31,96000,2019-03-31,1,,,,,,,,,,,,,,,,,,,,,,,,,,,,,40.00,,,,16242424,343711,,false,false,12,2018-04-01,2019-03-31,-1
2019-07-31,96000,2020-03-31,1,,,,,,,,,,,,,,,,,,,,,,,,,,,,,43.00,,,,,,,false,true,12,2019-04-01,2020-03-31,0
2019-07-31,96000,2020-03-31,1,,,,,,,,,,,,,,,,,,,,,,,,,,,,,,,,,16242424,343711,15898713,false,false,3,2019-04-01,2019-06-30,0
2019-07-31,96000,2019-03-31,1,,,,,,,,,,,,,,,,,,,,,,,,,,,,,,,,,,,15898832,false,false,3,2018-04-01,2018-06-30,-1
2019-10-29,96000,2020-03-31,,31000000000,0.033,,,,,2500000000,0.020,2440000000,0.021,,1630000000,,102.45,,,,,,,,,,,,,,,,,,,,,,true,true,12,2019-04-01,2020-03-31,0
2019-10-29,96000,2019-03-31,,27591000000,,,,,,2345000000,,2347000000,,,1521000000,,95.72,,,,,,,,,,,,,,,,,,,,,,true,false,12,2018-04-01,2019-03-31,-1
2019-10-31,96000,2020-03-31,2,15360000000,0.185,,,,,1257000000,0.248,1250000000,0.247,,827000000,,52.01,,,,,,29307000000,14853000000,0.507,,14853000000,,,,,,,,,,,,true,false,6,2019-04-01,2019-09-30,0
2019-10-31,96000,2019-03-31,2,12957000000,0.035,,,,,1007000000,0.155,1002000000,0.180,,670000000,,42.20,,,,,,,,,,,,,,,,,,,,,,true,false,6,2018-04-01,2018-09-30,-1
2019-10-31,96000,2020-03-31,2,31000000000,0.124,,,,,2500000000,0.066,2440000000,0.039,,1630000000,,102.45,,,,,,,,,,,,,,,,,,,,,,true,true,12,2019-04-01,2020-03-31,0
2019-10-31,96000,2019-03-31,2,,,,,,,,,,,,,,,,,,,,28515000000,14357000000,0.503,,14357000000,,,,,,,,,,,,true,false,12,2018-04-01,2019-03-31,-1
2019-10-31,96000,2019-03-31,2,,,,,,,,,,,,,,,,,,,,,,,,,,,,,40.00,,,,16242424,343711,,false,false,12,2018-04-01,2019-03-31,-1
2019-10-31,96000,2020-03-31,2,,,,,,,,,,,,,,,,,,,,,,,,,,,,,21.50,,,,,,,false,false,12,2019-04-01,2020-03-31,0
2019-10-31,96000,2020-03-31,2,,,,,,,,,,,,,,,,,,,,,,,,,,,,,43.00,,,,,,,false,true,12,2019-04-01,2020-03-31,0
2019-10-31,96000,2020-03-31,2,,,,,,,,,,,,,,,,,,,,,,,,,,,,,,,,,16242424,331792,15904719,false,false,6,2019-04-01,2019-09-30,0
2019-10-31,96000,2019-03-31,2,,,,,,,,,,,,,,,,,,,,,,,,,,,,,,,,,,,15898804,false,false,6,2018-04-01,2018-09-30,-1
2020-01-31,96000,2020-03-31,3,23139000000,0.162,,,,,1873000000,0.156,1872000000,0.163,,1246000000,,78.37,,,,,,29742000000,15003000000,0.504,,15003000000,,,,,,,,,,,,true,false,9,2019-04-01,2019-12-31,0
2020-01-31,96000,2019-03-31,3,19910000000,0.061,,,,,1620000000,0.146,1610000000,0.157,,1067000000,,67.12,,,,,,,,,,,,,,,,,,,,,,true,false,9,2018-04-01,2018-12-31,-1
2020-01-31,96000,2020-03-31,3,31000000000,0.124,,,,,2500000000,0.066,2440000000,0.039,,1630000000,,102.45,,,,,,,,,,,,,,,,,,,,,,true,true,12,2019-04-01,2020-03-31,0
2020-01-31,96000,2019-03-31,3,,,,,,,,,,,,,,,,,,,,28515000000,14357000000,0.503,,14357000000,,,,,,,,,,,,true,false,12,2018-04-01,2019-03-31,-1
2020-01-31,96000,2019-03-31,3,,,,,,,,,,,,,,,,,,,,,,,,,,,,,40.00,,,,16242424,343711,,false,false,12,2018-04-01,2019-03-31,-1
2020-01-31,96000,2020-03-31,3,,,,,,,,,,,,,,,,,,,,,,,,,,,,,21.50,,,,,,,false,false,12,2019-04-01,2020-03-31,0
2020-01-31,96000,2020-03-31,3,,,,,,,,,,,,,,,,,,,,,,,,,,,,,43.00,,,,,,,false,true,12,2019-04-01,2020-03-31,0
2020-01-31,96000,2020-03-31,3,,,,,,,,,,,,,,,,,,,,,,,,,,,,,,,,,16242424,331882,15906676,false,false,9,2019-04-01,2019-12-31,0
2020-01-31,96000,2019-03-31,3,,,,,,,,,,,,,,,,,,,,,,,,,,,,,,,,,,,15898795,false,false,9,2018-04-01,2018-12-31,-1
2020-05-07,96000,2020-03-31,,31097000000,0.127,,,,,2501000000,0.066,2531000000,0.078,,1672000000,,105.13,,0.113,0.087,0.080,,29589000000,15224000000,0.515,956.89,15224000000,3965000000,-3872000000,-308000000,3083000000,,0.409,,,,,,true,false,12,2019-04-01,2020-03-31,0
2020-05-07,96000,2019-03-31,,27591000000,0.077,,,,,2345000000,0.127,2347000000,0.145,,1521000000,,95.72,,0.109,0.086,0.085,,28515000000,14357000000,0.503,903.04,14357000000,3052000000,-3074000000,17000000,3299000000,,0.418,,,,,,true,false,12,2018-04-01,2019-03-31,-1
2020-05-07,96000,2020-03-31,,21979000000,0.097,,,,,1947000000,0.035,1999000000,0.061,1350000000,,0.075,84.92,,,,,,27681000000,14002000000,0.506,880.06,14002000000,,,,,43.00,,,,16242424,332038,15907601,false,false,12,2019-04-01,2020-03-31,0
2020-05-07,96000,2019-03-31,,20034000000,0.024,,,,,1882000000,0.061,1884000000,0.075,1256000000,,0.067,79.04,,,,,,26626000000,13358000000,0.502,840.22,13358000000,,,,,40.00,,,,16242424,343711,15898781,false,false,12,2018-04-01,2019-03-31,-1
2020-07-31,96000,2021-03-31,1,7341000000,0.008,,,,,343000000,-0.396,369000000,-0.355,,42000000,,2.70,,,,,,29793000000,15030000000,0.504,,15030000000,,,,,,,,,,,,true,false,3,2020-04-01,2020-06-30,0
2020-07-31,96000,2020-03-31,1,7280000000,0.191,,,,,568000000,0.770,573000000,0.785,,371000000,,23.38,,,,,,,,,,,,,,,,,,,,,,true,false,3,2019-04-01,2019-06-30,-1
2020-07-31,96000,2021-03-31,1,31500000000,0.013,,,,,2580000000,0.031,2540000000,0.003,1675000000,,0.002,105.28,,,,,,,,,,,,,,,,,,,,,,true,true,12,2020-04-01,2021-03-31,0
2020-07-31,96000,2020-03-31,1,,,,,,,,,,,,,,,,,,,,29589000000,15224000000,0.515,,15224000000,,,,,,,,,,,,true,false,12,2019-04-01,2020-03-31,-1
2020-07-31,96000,2020-03-31,1,,,,,,,,,,,,,,,,,,,,,,,,,,,,,43.00,,,,16242424,332038,,false,false,12,2019-04-01,2020-03-31,-1
2020-07-31,96000,2021-03-31,1,,,,,,,,,,,,,,,,,,,,,,,,,,,,,46.00,,,,,,,false,true,12,2020-04-01,2021-03-31,0
2020-07-31,96000,2021-03-31,1,,,,,,,,,,,,,,,,,,,,,,,,,,,,,,,,,16242424,332168,15910316,false,false,3,2020-04-01,2020-06-30,0
2020-07-31,96000,2020-03-31,1,,,,,,,,,,,,,,,,,,,,,,,,,,,,,,,,,,,15898713,false,false,3,2019-04-01,2019-06-30,-1
2020-10-30,96000,2021-03-31,2,14884000000,-0.031,,,,,829000000,-0.340,854000000,-0.317,,372000000,,23.34,,,,,,29148000000,15346000000,0.526,,15346000000,,,,,,,,,,,,true,false,6,2020-04-01,2020-09-30,0
2020-10-30,96000,2020-03-31,2,15360000000,0.185,,,,,1257000000,0.248,1250000000,0.247,,827000000,,52.01,,,,,,,,,,,,,,,,,,,,,,true,false,6,2019-04-01,2019-09-30,-1
2020-10-30,96000,2021-03-31,2,31500000000,0.013,,,,,2580000000,0.031,2540000000,0.003,,1675000000,,104.84,,,,,,,,,,,,,,,,,,,,,,true,true,12,2020-04-01,2021-03-31,0
2020-10-30,96000,2020-03-31,2,,,,,,,,,,,,,,,,,,,,29589000000,15224000000,0.515,,15224000000,,,,,,,,,,,,true,false,12,2019-04-01,2020-03-31,-1
2020-10-30,96000,2020-03-31,2,,,,,,,,,,,,,,,,,,,,,,,,,,,,,43.00,,,,16242424,332038,,false,false,12,2019-04-01,2020-03-31,-1
2020-10-30,96000,2021-03-31,2,,,,,,,,,,,,,,,,,,,,,,,,,,,,,22.00,,,,,,,false,false,12,2020-04-01,2021-03-31,0
2020-10-30,96000,2021-03-31,2,,,,,,,,,,,,,,,,,,,,,,,,,,,,,46.00,,,,,,,false,true,12,2020-04-01,2021-03-31,0
2020-10-30,96000,2021-03-31,2,,,,,,,,,,,,,,,,,,,,,,,,,,,,,,,,,16242424,266128,15955515,false,false,6,2020-04-01,2020-09-30,0
2020-10-30,96000,2020-03-31,2,,,,,,,,,,,,,,,,,,,,,,,,,,,,,,,,,,,15904719,false,false,6,2019-04-01,2019-09-30,-1
2021-01-29,96000,2021-03-31,3,21887000000,-0.054,,,,,1267000000,-0.324,1368000000,-0.269,,712000000,,44.62,,,,,,30205000000,15358000000,0.508,,15358000000,,,,,,,,,,,,true,false,9,2020-04-01,2020-12-31,0
2021-01-29,96000,2020-03-31,3,23139000000,0.162,,,,,1873000000,0.156,1872000000,0.163,,1246000000,,78.37,,,,,,,,,,,,,,,,,,,,,,true,false,9,2019-04-01,2019-12-31,-1
2021-01-29,96000,2021-03-31,3,30000000000,-0.035,,,,,2000000000,-0.201,2060000000,-0.186,,1380000000,,86.38,,,,,,,,,,,,,,,,,,,,,,true,true,12,2020-04-01,2021-03-31,0
2021-01-29,96000,2020-03-31,3,,,,,,,,,,,,,,,,,,,,29589000000,15224000000,0.515,,15224000000,,,,,,,,,,,,true,false,12,2019-04-01,2020-03-31,-1
2021-01-29,96000,2020-03-31,3,,,,,,,,,,,,,,,,,,,,,,,,,,,,,43.00,,,,16242424,332038,,false,false,12,2019-04-01,2020-03-31,-1
2021-01-29,96000,2021-03-31,3,,,,,,,,,,,,,,,,,,,,,,,,,,,,,22.00,,,,,,,false,false,12,2020-04-01,2021-03-31,0
2021-01-29,96000,2021-03-31,3,,,,,,,,,,,,,,,,,,,,,,,,,,,,,46.00,,,,,,,false,true,12,2020-04-01,2021-03-31,0
2021-01-29,96000,2021-03-31,3,,,,,,,,,,,,,,,,,,,,,,,,,,,,,,,,,16242424,266178,15962461,false,false,9,2020-04-01,2020-12-31,0
2021-01-29,96000,2020-03-31,3,,,,,,,,,,,,,,,,,,,,,,,,,,,,,,,,,,,15906676,false,false,9,2019-04-01,2019-12-31,-1
2021-05-07,96000,2021-03-31,,30016000000,-0.035,,,,,2155000000,-0.138,2279000000,-0.099,,1494000000,,93.62,,0.095,0.074,0.072,,32056000000,16212000000,0.506,1014.82,16212000000,3419000000,-2929000000,454000000,4027000000,,0.491,,,,,,true,false,12,2020-04-01,2021-03-31,0
2021-05-07,96000,2020-03-31,,31097000000,0.127,,,,,2501000000,0.066,2531000000,0.078,,1672000000,,105.13,,0.113,0.087,0.080,,29589000000,15224000000,0.515,956.89,15224000000,3965000000,-3872000000,-308000000,3083000000,,0.409,,,,,,true,false,12,2019-04-01,2020-03-31,-1
2021-05-07,96000,2022-03-31,,32500000000,0.083,,,,,2330000000,0.081,2330000000,0.022,,1600000000,,100.15,,,,,,,,,,,,,,,,0.469,,,,,,true,true,12,2021-04-01,2022-03-31,1
2021-05-07,96000,2021-03-31,,21636000000,-0.016,,,,,1719000000,-0.117,1771000000,-0.114,1175000000,,-0.130,73.64,,,,,,30058000000,14470000000,0.481,905.79,14470000000,,,,,46.00,,,,16242424,266328,15965830,false,false,12,2020-04-01,2021-03-31,0
2021-05-07,96000,2020-03-31,,21979000000,0.097,,,,,1947000000,0.035,1999000000,0.061,1350000000,,0.075,84.92,,,,,,27681000000,14002000000,0.506,880.06,14002000000,,,,,43.00,,,,16242424,332038,15907601,false,false,12,2019-04-01,2020-03-31,-1
2021-05-07,96000,2022-03-31,,,,,,,,,,,,,,,,,,,,,,,,,,,,,,47.00,,,,,,,false,true,12,2021-04-01,2022-03-31,1
2021-07-30,96000,2022-03-31,1,7157000000,-0.025,,,,,301000000,-0.122,354000000,-0.041,,241000000,,15.11,,,,,,31383000000,16357000000,0.521,,16357000000,,,,,,,,,,,,true,false,3,2021-04-01,2021-06-30,0
2021-07-30,96000,2021-03-31,1,7341000000,0.008,,,,,343000000,-0.396,369000000,-0.355,,42000000,,2.70,,,,,,,,,,,,,,,,,,,,,,true,false,3,2020-04-01,2020-06-30,-1
2021-07-30,96000,2022-03-31,1,32500000000,0.083,,,,,2330000000,0.081,2330000000,0.022,,1600000000,,100.15,,,,,,,,,,,,,,,,,,,,,,true,true,12,2021-04-01,2022-03-31,0
2021-07-30,96000,2021-03-31,1,,,,,,,,,,,,,,,,,,,,32056000000,16212000000,0.506,,16212000000,,,,,,,,,,,,true,false,12,2020-04-01,2021-03-31,-1
2021-07-30,96000,2021-03-31,1,,,,,,,,,,,,,,,,,,,,,,,,,,,,,46.00,,,,16242424,266328,,false,false,12,2020-04-01,2021-03-31,-1
2021-07-30,96000,2022-03-31,1,,,,,,,,,,,,,,,,,,,,,,,,,,,,,47.00,,,,,,,false,true,12,2021-04-01,2022-03-31,0
2021-07-30,96000,2022-03-31,1,,,,,,,,,,,,,,,,,,,,,,,,,,,,,,,,,16242424,266248,15976150,false,false,3,2021-04-01,2021-06-30,0
2021-07-30,96000,2021-03-31,1,,,,,,,,,,,,,,,,,,,,,,,,,,,,,,,,,,,15910316,false,false,3,2020-04-01,2020-06-30,-1
2021-10-29,96000,2022-03-31,2,14935000000,0.003,,,,,986000000,0.189,1095000000,0.282,,715000000,,44.78,,,,,,31785000000,16898000000,0.532,,16898000000,,,,,,,,,,,,true,false,6,2021-04-01,2021-09-30,0
2021-10-29,96000,2021-03-31,2,14884000000,-0.031,,,,,829000000,-0.340,854000000,-0.317,,372000000,,23.34,,,,,,,,,,,,,,,,,,,,,,true,false,6,2020-04-01,2020-09-30,-1
2021-10-29,96000,2022-03-31,2,32500000000,0.083,,,,,2330000000,0.081,2330000000,0.022,,1600000000,,100.15,,,,,,,,,,,,,,,,,,,,,,true,true,12,2021-04-01,2022-03-31,0
2021-10-29,96000,2021-03-31,2,,,,,,,,,,,,,,,,,,,,32056000000,16212000000,0.506,,16212000000,,,,,,,,,,,,true,false,12,2020-04-01,2021-03-31,-1
2021-10-29,96000,2021-03-31,2,,,,,,,,,,,,,,,,,,,,,,,,,,,,,46.00,,,,16242424,266328,,false,false,12,2020-04-01,2021-03-31,-1
2021-10-29,96000,2022-03-31,2,,,,,,,,,,,,,,,,,,,,,,,,,,,,,23.50,,,,,,,false,false,12,2021-04-01,2022-03-31,0
2021-10-29,96000,2022-03-31,2,,,,,,,,,,,,,,,,,,,,,,,,,,,,,47.00,,,,,,,false,true,12,2021-04-01,2022-03-31,0
2021-10-29,96000,2022-03-31,2,,,,,,,,,,,,,,,,,,,,,,,,,,,,,,,,,16242424,266258,15976161,false,false,6,2021-04-01,2021-09-30,0
2021-10-29,96000,2021-03-31,2,,,,,,,,,,,,,,,,,,,,,,,,,,,,,,,,,,,15955515,false,false,6,2020-04-01,2020-09-30,-1
2022-01-31,96000,2022-03-31,3,22616000000,0.033,,,,,1535000000,0.211,1667000000,0.219,,1118000000,,69.98,,,,,,32388000000,16766000000,0.518,,16766000000,,,,,,,,,,,,true,false,9,2021-04-01,2021-12-31,0
2022-01-31,96000,2021-03-31,3,21887000000,-0.054,,,,,1267000000,-0.324,1368000000,-0.269,,712000000,,44.62,,,,,,,,,,,,,,,,,,,,,,true,false,9,2020-04-01,2020-12-31,-1
2022-01-31,96000,2022-03-31,3,32500000000,0.083,,,,,2330000000,0.081,2330000000,0.022,,1600000000,,100.15,,,,,,,,,,,,,,,,,,,,,,true,true,12,2021-04-01,2022-03-31,0
2022-01-31,96000,2021-03-31,3,,,,,,,,,,,,,,,,,,,,32056000000,16212000000,0.506,,16212000000,,,,,,,,,,,,true,false,12,2020-04-01,2021-03-31,-1
2022-01-31,96000,2021-03-31,3,,,,,,,,,,,,,,,,,,,,,,,,,,,,,46.00,,,,16242424,266328,,false,false,12,2020-04-01,2021-03-31,-1
2022-01-31,96000,2022-03-31,3,,,,,,,,,,,,,,,,,,,,,,,,,,,,,23.50,,,,,,,false,false,12,2021-04-01,2022-03-31,0
2022-01-31,96000,2022-03-31,3,,,,,,,,,,,,,,,,,,,,,,,,,,,,,47.00,,,,,,,false,true,12,2021-04-01,2022-03-31,0
2022-01-31,96000,2022-03-31,3,,,,,,,,,,,,,,,,,,,,,,,,,,,,,,,,,16242424,266258,15976163,false,false,9,2021-04-01,2021-12-31,0
2022-01-31,96000,2021-03-31,3,,,,,,,,,,,,,,,,,,,,,,,,,,,,,,,,,,,15962461,false,false,9,2020-04-01,2020-12-31,-1
2022-05-06,96000,2022-03-31,,31169000000,0.038,,,,,2367000000,0.098,2542000000,0.115,,1694000000,,106.08,,0.101,0.078,0.076,,33503000000,17304000000,0.516,1083.14,17304000000,3715000000,-2185000000,-1873000000,3684000000,,0.443,,,,,,true,false,12,2021-04-01,2022-03-31,0
2022-05-06,96000,2021-03-31,,30016000000,-0.035,,,,,2155000000,-0.138,2279000000,-0.099,,1494000000,,93.62,,0.095,0.074,0.072,,32056000000,16212000000,0.506,1014.82,16212000000,3419000000,-2929000000,454000000,4027000000,,0.491,,,,,,true,false,12,2020-04-01,2021-03-31,-1
2022-05-06,96000,2023-03-31,,33500000000,0.075,,,,,2640000000,0.115,2770000000,0.090,,1830000000,,114.55,,,,,,,,,,,,,,,,0.419,,,,,,true,true,12,2022-04-01,2023-03-31,1
2022-05-06,96000,2022-03-31,,22595000000,0.044,,,,,1892000000,0.101,2061000000,0.164,1421000000,,0.209,88.99,,,,,,31481000000,15332000000,0.487,959.74,15332000000,,,,,47.00,,,,16242424,266281,15976158,false,false,12,2021-04-01,2022-03-31,0
2022-05-06,96000,2021-03-31,,21636000000,-0.016,,,,,1719000000,-0.117,1771000000,-0.114,1175000000,,-0.130,73.64,,,,,,30058000000,14470000000,0.481,905.79,14470000000,,,,,46.00,,,,16242424,266328,15965830,false,false,12,2020-04-01,2021-03-31,-1
2022-05-06,96000,2023-03-31,,,,,,,,,,,,,,,,,,,,,,,,,,,,,,48.00,,,,,,,false,true,12,2022-04-01,2023-03-31,1
2022-07-29,96000,2023-03-31,1,7905000000,0.104,,,,,323000000,0.072,360000000,0.017,,215000000,,13.46,,,,,,32970000000,16912000000,0.513,,16912000000,,,,,,,,,,,,true,false,3,2022-04-01,2022-06-30,0
2022-07-29,96000,2022-03-31,1,7157000000,-0.025,,,,,301000000,-0.122,354000000,-0.041,,241000000,,15.11,,,,,,,,,,,,,,,,,,,,,,true,false,3,2021-04-01,2021-06-30,-1
2022-07-29,96000,2023-03-31,1,33500000000,0.075,,,,,2640000000,0.115,2770000000,0.090,,1830000000,,114.55,,,,,,,,,,,,,,,,,,,,,,true,true,12,2022-04-01,2023-03-31,0
2022-07-29,96000,2022-03-31,1,,,,,,,,,,,,,,,,,,,,33503000000,17304000000,0.516,,17304000000,,,,,,,,,,,,true,false,12,2021-04-01,2022-03-31,-1
2022-07-29,96000,2022-03-31,1,,,,,,,,,,,,,,,,,,,,,,,,,,,,,47.00,,,,16242424,266281,,false,false,12,2021-04-01,2022-03-31,-1
2022-07-29,96000,2023-03-31,1,,,,,,,,,,,,,,,,,,,,,,,,,,,,,48.00,,,,,,,false,true,12,2022-04-01,2023-03-31,0
2022-07-29,96000,2023-03-31,1,,,,,,,,,,,,,,,,,,,,,,,,,,,,,,,,,16242424,266291,15976133,false,false,3,2022-04-01,2022-06-30,0
2022-07-29,96000,2022-03-31,1,,,,,,,,,,,,,,,,,,,,,,,,,,,,,,,,,,,15976150,false,false,3,2021-04-01,2021-06-30,-1
2022-10-31,96000,2023-03-31,2,16808000000,0.125,,,,,1059000000,0.074,1074000000,-0.019,,648000000,,40.57,,,,,,33181000000,17363000000,0.523,,17363000000,,,,,,,,,,,,true,false,6,2022-04-01,2022-09-30,0
2022-10-31,96000,2022-03-31,2,14935000000,0.003,,,,,986000000,0.189,1095000000,0.282,,715000000,,44.78,,,,,,,,,,,,,,,,,,,,,,true,false,6,2021-04-01,2021-09-30,-1
2022-10-31,96000,2023-03-31,2,33500000000,0.075,,,,,2640000000,0.115,2770000000,0.090,,1830000000,,114.48,,,,,,,,,,,,,,,,,,,,,,true,true,12,2022-04-01,2023-03-31,0
2022-10-31,96000,2022-03-31,2,,,,,,,,,,,,,,,,,,,,33503000000,17304000000,0.516,,17304000000,,,,,,,,,,,,true,false,12,2021-04-01,2022-03-31,-1
2022-10-31,96000,2022-03-31,2,,,,,,,,,,,,,,,,,,,,,,,,,,,,,47.00,,,,16242424,266281,,false,false,12,2021-04-01,2022-03-31,-1
2022-10-31,96000,2023-03-31,2,,,,,,,,,,,,,,,,,,,,,,,,,,,,,24.00,,,,,,,false,false,12,2022-04-01,2023-03-31,0
2022-10-31,96000,2023-03-31,2,,,,,,,,,,,,,,,,,,,,,,,,,,,,,48.00,,,,,,,false,true,12,2022-04-01,2023-03-31,0
2022-10-31,96000,2023-03-31,2,,,,,,,,,,,,,,,,,,,,,,,,,,,,,,,,,16242424,256871,15980886,false,false,6,2022-04-01,2022-09-30,0
2022-10-31,96000,2022-03-31,2,,,,,,,,,,,,,,,,,,,,,,,,,,,,,,,,,,,15976161,false,false,6,2021-04-01,2021-09-30,-1
2023-01-31,96000,2023-03-31,3,25520000000,0.128,,,,,1352000000,-0.119,1386000000,-0.168,,850000000,,53.23,,,,,,33044000000,17195000000,0.520,,17195000000,,,,,,,,,,,,true,false,9,2022-04-01,2022-12-31,0
2023-01-31,96000,2022-03-31,3,22616000000,0.033,,,,,1535000000,0.211,1667000000,0.219,,1118000000,,69.98,,,,,,,,,,,,,,,,,,,,,,true,false,9,2021-04-01,2021-12-31,-1
2023-01-31,96000,2023-03-31,3,35000000000,0.123,,,,,1800000000,-0.240,1875000000,-0.262,,1143000000,,71.50,,,,,,,,,,,,,,,,,,,,,,true,true,12,2022-04-01,2023-03-31,0
2023-01-31,96000,2022-03-31,3,,,,,,,,,,,,,,,,,,,,33503000000,17304000000,0.516,,17304000000,,,,,,,,,,,,true,false,12,2021-04-01,2022-03-31,-1
2023-01-31,96000,2022-03-31,3,,,,,,,,,,,,,,,,,,,,,,,,,,,,,47.00,,,,16242424,266281,,false,false,12,2021-04-01,2022-03-31,-1
2023-01-31,96000,2023-03-31,3,,,,,,,,,,,,,,,,,,,,,,,,,,,,,24.00,,,,,,,false,false,12,2022-04-01,2023-03-31,0
2023-01-31,96000,2023-03-31,3,,,,,,,,,,,,,,,,,,,,,,,,,,,,,48.00,,,,,,,false,true,12,2022-04-01,2023-03-31,0
2023-01-31,96000,2023-03-31,3,,,,,,,,,,,,,,,,,,,,,,,,,,,,,,,,,16242424,257381,15982279,false,false,9,2022-04-01,2022-12-31,0
2023-01-31,96000,2022-03-31,3,,,,,,,,,,,,,,,,,,,,,,,,,,,,,,,,,,,15976163,false,false,9,2021-04-01,2021-12-31,-1
2023-05-09,96000,2023-03-31,,34988000000,0.123,,,,,2129000000,-0.101,2175000000,-0.144,,1343000000,,84.06,,0.077,0.066,0.061,,32630000000,17581000000,0.539,1099.90,17581000000,2239000000,-2118000000,-1496000000,2310000000,,0.571,,,,,,true,false,12,2022-04-01,2023-03-31,0
2023-05-09,96000,2022-03-31,,31169000000,0.038,,,,,2367000000,0.098,2542000000,0.115,,1694000000,,106.08,,0.101,0.078,0.076,,33503000000,17304000000,0.516,1083.14,17304000000,3715000000,-2185000000,-1873000000,3684000000,,0.443,,,,,,true,false,12,2021-04-01,2022-03-31,-1
2023-05-09,96000,2024-03-31,,37700000000,0.077,,,,,2750000000,0.292,2900000000,0.333,,2020000000,,126.37,,,,,,,,,,,,,,,,0.411,,,,,,true,true,12,2023-04-01,2024-03-31,1
2023-05-09,96000,2023-03-31,,25224000000,0.116,,,,,1441000000,-0.238,1538000000,-0.254,998000000,,-0.298,62.45,,,,,,31398000000,15413000000,0.491,964.26,15413000000,,,,,48.00,,,,16242424,257521,15982944,false,false,12,2022-04-01,2023-03-31,0
2023-05-09,96000,2022-03-31,,22595000000,0.044,,,,,1892000000,0.101,2061000000,0.164,1421000000,,0.209,88.99,,,,,,31481000000,15332000000,0.487,959.74,15332000000,,,,,47.00,,,,16242424,266281,15976158,false,false,12,2021-04-01,2022-03-31,-1
2023-05-09,96000,2024-03-31,,,,,,,,,,,,,,,,,,,,,,,,,,,,,,52.00,,,,,,,false,true,12,2023-04-01,2024-03-31,1
2023-07-31,96000,2024-03-31,1,9184000000,0.162,,,,,657000000,1.034,702000000,0.951,,438000000,,27.41,,,,,,34430000000,17869000000,0.519,,17869000000,,,,,,,,,,,,true,false,3,2023-04-01,2023-06-30,0
2023-07-31,96000,2023-03-31,1,7905000000,0.104,,,,,323000000,0.072,360000000,0.017,,215000000,,13.46,,,,,,,,,,,,,,,,,,,,,,true,false,3,2022-04-01,2022-06-30,-1
2023-07-31,96000,2024-03-31,1,37700000000,0.077,,,,,2750000000,0.292,2900000000,0.333,,2020000000,,126.37,,,,,,,,,,,,,,,,,,,,,,true,true,12,2023-04-01,2024-03-31,0
2023-07-31,96000,2023-03-31,1,,,,,,,,,,,,,,,,,,,,32630000000,17581000000,0.539,,17581000000,,,,,,,,,,,,true,false,12,2022-04-01,2023-03-31,-1
2023-07-31,96000,2023-03-31,1,,,,,,,,,,,,,,,,,,,,,,,,,,,,,48.00,,,,16242424,257521,,false,false,12,2022-04-01,2023-03-31,-1
2023-07-31,96000,2024-03-31,1,,,,,,,,,,,,,,,,,,,,,,,,,,,,,52.00,,,,,,,false,true,12,2023-04-01,2024-03-31,0
2023-07-31,96000,2024-03-31,1,,,,,,,,,,,,,,,,,,,,,,,,,,,,,,,,,16242424,257541,15984893,false,false,3,2023-04-01,2023-06-30,0
2023-07-31,96000,2023-03-31,1,,,,,,,,,,,,,,,,,,,,,,,,,,,,,,,,,,,15976133,false,false,3,2022-04-01,2022-06-30,-1
2023-10-31,96000,2024-03-31,2,18979000000,0.129,,,,,1575000000,0.487,1601000000,0.490,,1041000000,,65.19,,,,,,35352000000,18743000000,0.530,,18743000000,,,,,,,,,,,,true,false,6,2023-04-01,2023-09-30,0
2023-10-31,96000,2023-03-31,2,16808000000,0.125,,,,,1059000000,0.074,1074000000,-0.019,,648000000,,40.57,,,,,,,,,,,,,,,,,,,,,,true,false,6,2022-04-01,2022-09-30,-1
2023-10-31,96000,2024-03-31,2,37700000000,0.077,,,,,2750000000,0.292,2900000000,0.333,,2020000000,,126.37,,,,,,,,,,,,,,,,,,,,,,true,true,12,2023-04-01,2024-03-31,0
2023-10-31,96000,2023-03-31,2,,,,,,,,,,,,,,,,,,,,32630000000,17581000000,0.539,,17581000000,,,,,,,,,,,,true,false,12,2022-04-01,2023-03-31,-1
2023-10-31,96000,2023-03-31,2,,,,,,,,,,,,,,,,,,,,,,,,,,,,,48.00,,,,16242424,257521,,false,false,12,2022-04-01,2023-03-31,-1
2023-10-31,96000,2024-03-31,2,,,,,,,,,,,,,,,,,,,,,,,,,,,,,26.00,,,,,,,false,false,12,2023-04-01,2024-03-31,0
2023-10-31,96000,2024-03-31,2,,,,,,,,,,,,,,,,,,,,,,,,,,,,,52.00,,,,,,,false,true,12,2023-04-01,2024-03-31,0
2023-10-31,96000,2024-03-31,2,,,,,,,,,,,,,,,,,,,,,,,,,,,,,,,,,16242424,257584,15984872,false,false,6,2023-04-01,2023-09-30,0
2023-10-31,96000,2023-03-31,2,,,,,,,,,,,,,,,,,,,,,,,,,,,,,,,,,,,15980886,false,false,6,2022-04-01,2022-09-30,-1
2024-01-31,96000,2024-03-31,3,28213000000,0.106,,,,,2233000000,0.651,2291000000,0.652,,1501000000,,93.92,,,,,,35019000000,18688000000,0.534,,18688000000,,,,,,,,,,,,true,false,9,2023-04-01,2023-12-31,0
2024-01-31,96000,2023-03-31,3,25520000000,0.128,,,,,1352000000,-0.119,1386000000,-0.168,,850000000,,53.23,,,,,,,,,,,,,,,,,,,,,,true,false,9,2022-04-01,2022-12-31,-1
2024-01-31,96000,2024-03-31,3,37700000000,0.077,,,,,2750000000,0.292,2900000000,0.333,,2020000000,,126.37,,,,,,,,,,,,,,,,,,,,,,true,true,12,2023-04-01,2024-03-31,0
2024-01-31,96000,2023-03-31,3,,,,,,,,,,,,,,,,,,,,32630000000,17581000000,0.539,,17581000000,,,,,,,,,,,,true,false,12,2022-04-01,2023-03-31,-1
2024-01-31,96000,2023-03-31,3,,,,,,,,,,,,,,,,,,,,,,,,,,,,,48.00,,,,16242424,257521,,false,false,12,2022-04-01,2023-03-31,-1
2024-01-31,96000,2024-03-31,3,,,,,,,,,,,,,,,,,,,,,,,,,,,,,26.00,,,,,,,false,false,12,2023-04-01,2024-03-31,0
2024-01-31,96000,2024-03-31,3,,,,,,,,,,,,,,,,,,,,,,,,,,,,,52.00,,,,,,,false,true,12,2023-04-01,2024-03-31,0
2024-01-31,96000,2024-03-31,3,,,,,,,,,,,,,,,,,,,,,,,,,,,,,,,,,16242424,257648,15984849,false,false,9,2023-04-01,2023-12-31,0
2024-01-31,96000,2023-03-31,3,,,,,,,,,,,,,,,,,,,,,,,,,,,,,,,,,,,15982279,false,false,9,2022-04-01,2022-12-31,-1
,96000,2024-03-31,,,,,,,,,,,,,,,,,,,,,,,,,,,,,,53.00,,,,,,,false,true,12,2023-04-01,2024-03-31,0
,96000,2024-03-31,,,,,,,,,,,,,,,,,,,,,,,,,,,,,,26.00,,,,,,,false,false,12,2023-04-01,2024-03-31,0
,96000,2023-03-31,,,,,,,,,,,,,,,,,,,,,,,,,,,,,,48.00,,,,,,,false,false,12,2022-04-01,2023-03-31,-1
2024-05-09,96000,2024-03-31,,37763000000,0.079,,,,,2887000000,0.356,2935000000,0.349,,2197000000,,137.50,,0.117,0.084,0.076,,37607000000,20097000000,0.534,1257.26,20097000000,6665000000,-1793000000,-1902000000,5279000000,,0.385,,,,,,true,false,12,2023-04-01,2024-03-31,0
2024-05-09,96000,2023-03-31,,34988000000,0.123,,,,,2129000000,-0.101,2175000000,-0.144,,1343000000,,84.06,,0.077,0.066,0.061,,32630000000,17581000000,0.539,1099.90,17581000000,2239000000,-2118000000,-1496000000,2310000000,,0.571,,,,,,true,false,12,2022-04-01,2023-03-31,-1
2024-05-09,96000,2025-03-31,,40420000000,0.070,,,,,3250000000,0.126,3225000000,0.099,,2625000000,,164.22,,,,,,,,,,,,,,,,0.341,,,,,,true,true,12,2024-04-01,2025-03-31,1
2024-05-09,96000,2024-03-31,,27412000000,0.087,,,,,2051000000,0.423,2182000000,0.418,1723000000,,0.727,107.82,,,,,,35010000000,16881000000,0.482,1056.11,16881000000,,,,,53.00,,,,16242424,257684,15984824,false,false,12,2023-04-01,2024-03-31,0
2024-05-09,96000,2023-03-31,,25224000000,0.116,,,,,1441000000,-0.238,1538000000,-0.254,998000000,,-0.298,62.45,,,,,,31398000000,15413000000,0.491,964.26,15413000000,,,,,48.00,,,,16242424,257521,15982944,false,false,12,2022-04-01,2023-03-31,-1
2024-05-09,96000,2025-03-31,,,,,,,,,,,,,,,,,,,,,,,,,,,,,,56.00,,,,,,,false,true,12,2024-04-01,2025-03-31,1
2024-07-31,96000,2025-03-31,1,8926000000,-0.028,,,,,221000000,-0.663,264000000,-0.624,,76000000,,4.86,,,,,,35399000000,17819000000,0.503,,17819000000,,,,,,,,,,,,true,false,3,2024-04-01,2024-06-30,0
2024-07-31,96000,2024-03-31,1,9184000000,0.162,,,,,657000000,1.034,702000000,0.951,,438000000,,27.41,,,,,,,,,,,,,,,,,,,,,,true,false,3,2023-04-01,2023-06-30,-1
2024-07-31,96000,2025-03-31,1,40420000000,0.070,,,,,3250000000,0.126,3225000000,0.099,,2625000000,,171.63,,,,,,,,,,,,,,,,,,,,,,true,true,12,2024-04-01,2025-03-31,0
2024-07-31,96000,2024-03-31,1,,,,,,,,,,,,,,,,,,,,37607000000,20097000000,0.534,,20097000000,,,,,,,,,,,,true,false,12,2023-04-01,2024-03-31,-1
2024-07-31,96000,2024-03-31,1,,,,,,,,,,,,,,,,,,,,,,,,,,,,,53.00,,,,16242424,257684,,false,false,12,2023-04-01,2024-03-31,-1
2024-07-31,96000,2025-03-31,1,,,,,,,,,,,,,,,,,,,,,,,,,,,,,56.00,,,,,,,false,true,12,2024-04-01,2025-03-31,0
2024-07-31,96000,2025-03-31,1,,,,,,,,,,,,,,,,,,,,,,,,,,,,,,,,,16242424,947782,15757232,false,false,3,2024-04-01,2024-06-30,0
2024-07-31,96000,2024-03-31,1,,,,,,,,,,,,,,,,,,,,,,,,,,,,,,,,,,,15984893,false,false,3,2023-04-01,2023-06-30,-1
2024-10-31,96000,2025-03-31,2,18875000000,-0.005,,,,,1025000000,-0.349,1020000000,-0.363,,1005000000,,65.11,,,,,,36436000000,18549000000,0.509,,18549000000,,,,,,,,,,,,true,false,6,2024-04-01,2024-09-30,0
2024-10-31,96000,2024-03-31,2,18979000000,0.129,,,,,1575000000,0.487,1601000000,0.490,,1041000000,,65.19,,,,,,,,,,,,,,,,,,,,,,true,false,6,2023-04-01,2023-09-30,-1
2024-10-31,96000,2025-03-31,2,40420000000,0.070,,,,,3250000000,0.126,3225000000,0.099,,2625000000,,172.04,,,,,,,,,,,,,,,,,,,,,,true,true,12,2024-04-01,2025-03-31,0
2024-10-31,96000,2024-03-31,2,,,,,,,,,,,,,,,,,,,,37607000000,20097000000,0.534,,20097000000,,,,,,,,,,,,true,false,12,2023-04-01,2024-03-31,-1
2024-10-31,96000,2024-03-31,2,,,,,,,,,,,,,,,,,,,,,,,,,,,,,53.00,,,,16242424,257684,,false,false,12,2023-04-01,2024-03-31,-1
2024-10-31,96000,2025-03-31,2,,,,,,,,,,,,,,,,,,,,,,,,,,,,,28.00,,,,,,,false,false,12,2024-04-01,2025-03-31,0
2024-10-31,96000,2025-03-31,2,,,,,,,,,,,,,,,,,,,,,,,,,,,,,56.00,,,,,,,false,true,12,2024-04-01,2025-03-31,0
2024-10-31,96000,2025-03-31,2,,,,,,,,,,,,,,,,,,,,,,,,,,,,,,,,,16242424,984732,15443965,false,false,6,2024-04-01,2024-09-30,0
2024-10-31,96000,2024-03-31,2,,,,,,,,,,,,,,,,,,,,,,,,,,,,,,,,,,,15984872,false,false,6,2023-04-01,2023-09-30,-1
2025-01-31,96000,2025-03-31,3,28684000000,0.017,,,,,1648000000,-0.262,1676000000,-0.268,,1440000000,,93.62,,,,,,36484000000,18542000000,0.508,,18542000000,,,,,,,,,,,,true,false,9,2024-04-01,2024-12-31,0
2025-01-31,96000,2024-03-31,3,28213000000,0.106,,,,,2233000000,0.651,2291000000,0.652,,1501000000,,93.92,,,,,,,,,,,,,,,,,,,,,,true,false,9,2023-04-01,2023-12-31,-1
2025-01-31,96000,2025-03-31,3,39500000000,0.044,,,,,2500000000,-0.155,2500000000,-0.174,,2200000000,,143.31,,,,,,,,,,,,,,,,,,,,,,true,true,12,2024-04-01,2025-03-31,0
2025-01-31,96000,2024-03-31,3,,,,,,,,,,,,,,,,,,,,37607000000,20097000000,0.534,,20097000000,,,,,,,,,,,,true,false,12,2023-04-01,2024-03-31,-1
2025-01-31,96000,2024-03-31,3,,,,,,,,,,,,,,,,,,,,,,,,,,,,,53.00,,,,16242424,257684,,false,false,12,2023-04-01,2024-03-31,-1
2025-01-31,96000,2025-03-31,3,,,,,,,,,,,,,,,,,,,,,,,,,,,,,28.00,,,,,,,false,false,12,2024-04-01,2025-03-31,0
2025-01-31,96000,2025-03-31,3,,,,,,,,,,,,,,,,,,,,,,,,,,,,,56.00,,,,,,,false,true,12,2024-04-01,2025-03-31,0
2025-01-31,96000,2025-03-31,3,,,,,,,,,,,,,,,,,,,,,,,,,,,,,,,,,16242424,984732,15381368,false,false,9,2024-04-01,2024-12-31,0
2025-01-31,96000,2024-03-31,3,,,,,,,,,,,,,,,,,,,,,,,,,,,,,,,,,,,15984849,false,false,9,2023-04-01,2023-12-31,-1
2025-05-09,96000,2025-03-31,,38987000000,0.032,,,,,2640000000,-0.085,2681000000,-0.086,,2259000000,,147.22,,0.115,0.072,0.068,,37062000000,19312000000,0.521,1265.76,19312000000,2487000000,-2572000000,-458000000,4736000000,,0.380,,,,,,true,false,12,2024-04-01,2025-03-31,0
2025-05-09,96000,2024-03-31,,37763000000,0.079,,,,,2887000000,0.356,2935000000,0.349,,2197000000,,137.50,,0.117,0.084,0.076,,37607000000,20097000000,0.534,1257.26,20097000000,6665000000,-1793000000,-1902000000,5279000000,,0.385,,,,,,true,false,12,2023-04-01,2024-03-31,-1
2025-05-09,96000,2026-03-31,,42250000000,0.084,,,,,2750000000,0.041,2800000000,0.044,,1850000000,,121.25,,,,,,,,,,,,,,,,0.478,,,,,,true,true,12,2025-04-01,2026-03-31,1
2025-05-09,96000,2025-03-31,,27995000000,0.021,,,,,1657000000,-0.192,1837000000,-0.158,1795000000,,0.042,116.94,,,,,,34615000000,15620000000,0.451,1023.78,15620000000,,,,,56.00,,,,15475524,217902,15350866,false,false,12,2024-04-01,2025-03-31,0
2025-05-09,96000,2024-03-31,,27412000000,0.087,,,,,2051000000,0.423,2182000000,0.418,1723000000,,0.727,107.82,,,,,,35010000000,16881000000,0.482,1056.11,16881000000,,,,,53.00,,,,16242424,257684,15984824,false,false,12,2023-04-01,2024-03-31,-1
2025-05-09,96000,2026-03-31,,,,,,,,,,,,,,,,,,,,,,,,,,,,,,58.00,,,,,,,false,true,12,2025-04-01,2026-03-31,1
