filing_date,code,fiscal_year_end,quarterly_period,net_sales,net_sales_change,revenue,revenue_change,operating_revenue,operating_revenue_change,operating_profit,operating_profit_change,ordinary_profit,ordinary_profit_change,net_income,net_income_of_parent,net_income_change,eps,diluted_eps,roe,roa,operating_profit_to_net_sales,operating_profit_to_revenue,total_assets,net_assets,equity_ratio,bps,owner_equity,operating_cash_flow,investing_cash_flow,financing_cash_flow,cash,dividend_per_share,payout_ratio,commemorative_dividend,extra_dividend,number_of_shares,number_of_treqsury_shares,avg_number_of_shares,is_consolidated,is_forecast,duration,period_start,period_end,period_pos
2015-07-31,96120,2015-12-31,2,14065000000,0.215,,,,,245000000,2.762,262000000,2.031,159000000,,3.015,21.45,20.34,,,,,16676000000,5055000000,0.302,672.20,5036000000,,,,,,,,,,,,true,false,6,2015-01-01,2015-06-30,0
2015-07-31,96120,2014-12-31,2,11580000000,0.363,,,,,65000000,-0.651,86000000,-0.557,39000000,,-0.669,5.42,5.21,,,,,,,,,,,,,,,,,,,,,true,false,6,2014-01-01,2014-06-30,-1
2015-07-31,96120,2015-12-31,2,27500000000,0.094,,,,,680000000,0.135,720000000,0.107,400000000,,0.189,53.72,,,,,,,,,,,,,,,,,,,,,,true,true,12,2015-01-01,2015-12-31,0
2015-07-31,96120,2014-12-31,2,,,,,,,,,,,,,,,,,,,,14769000000,4843000000,0.326,642.76,4820000000,,,,,,,,,,,,true,false,12,2014-01-01,2014-12-31,-1
2015-07-31,96120,2014-12-31,2,,,,,,,,,,,,,,,,,,,,,,,,,,,,,15.00,,,,7864000,364743,,false,false,12,2014-01-01,2014-12-31,-1
2015-07-31,96120,2015-12-31,2,,,,,,,,,,,,,,,,,,,,,,,,,,,,,5.00,,,,,,,false,false,12,2015-01-01,2015-12-31,0
2015-07-31,96120,2015-12-31,2,,,,,,,,,,,,,,,,,,,,,,,,,,,,,20.00,,,,,,,false,true,12,2015-01-01,2015-12-31,0
2015-07-31,96120,2015-12-31,2,,,,,,,,,,,,,,,,,,,,,,,,,,,,,,,,,7864000,370875,7445605,false,false,6,2015-01-01,2015-06-30,0
2015-07-31,96120,2014-12-31,2,,,,,,,,,,,,,,,,,,,,,,,,,,,,,,,,,,,7341362,false,false,6,2014-01-01,2014-06-30,-1
2015-11-04,96120,2015-12-31,3,21280000000,0.177,,,,,494000000,0.448,511000000,0.355,339000000,,0.621,45.50,43.27,,,,,18571000000,5079000000,0.273,675.59,5062000000,,,,,,,,,,,,true,false,9,2015-01-01,2015-09-30,0
2015-11-04,96120,2014-12-31,3,18087000000,0.396,,,,,341000000,0.607,377000000,0.741,209000000,,0.860,28.56,27.19,,,,,,,,,,,,,,,,,,,,,true,false,9,2014-01-01,2014-09-30,-1
2015-11-04,96120,2015-12-31,3,27500000000,0.094,,,,,680000000,0.135,720000000,0.107,400000000,,0.189,53.61,,,,,,,,,,,,,,,,,,,,,,true,true,12,2015-01-01,2015-12-31,0
2015-11-04,96120,2014-12-31,3,,,,,,,,,,,,,,,,,,,,14769000000,4843000000,0.326,642.76,4820000000,,,,,,,,,,,,true,false,12,2014-01-01,2014-12-31,-1
2015-11-04,96120,2014-12-31,3,,,,,,,,,,,,,,,,,,,,,,,,,,,,,15.00,,,,7864000,364743,,false,false,12,2014-01-01,2014-12-31,-1
2015-11-04,96120,2015-12-31,3,,,,,,,,,,,,,,,,,,,,,,,,,,,,,5.00,,,,,,,false,false,12,2015-01-01,2015-12-31,0
2015-11-04,96120,2015-12-31,3,,,,,,,,,,,,,,,,,,,,,,,,,,,,,20.00,,,,,,,false,true,12,2015-01-01,2015-12-31,0
2015-11-04,96120,2015-12-31,3,,,,,,,,,,,,,,,,,,,,,,,,,,,,,,,,,7864000,370875,7461619,false,false,9,2015-01-01,2015-09-30,0
2015-11-04,96120,2014-12-31,3,,,,,,,,,,,,,,,,,,,,,,,,,,,,,,,,,,,7331000,false,false,9,2014-01-01,2014-09-30,-1
2016-02-12,96120,2015-12-31,,29706000000,0.181,,,,,715000000,0.194,755000000,0.161,478000000,,0.422,63.88,60.80,0.087,0.044,0.024,,19802000000,6174000000,0.311,784.46,6160000000,-19000000,-1065000000,831000000,3537000000,,0.313,,,,,,true,false,12,2015-01-01,2015-12-31,0
2016-02-12,96120,2014-12-31,,25144000000,0.191,,,,,599000000,0.150,650000000,0.231,336000000,,0.167,45.93,43.39,0.072,0.046,0.024,,14769000000,4843000000,0.326,642.76,4820000000,478000000,-437000000,199000000,3791000000,,0.327,,,,,,true,false,12,2014-01-01,2014-12-31,-1
2016-02-12,96120,2016-12-31,,15500000000,0.102,,,,,350000000,0.426,375000000,0.427,233000000,,0.460,29.68,,,,,,,,,,,,,,,,,,,,,,true,true,6,2016-01-01,2016-06-30,1
2016-02-12,96120,2016-12-31,,32000000000,0.077,,,,,965000000,0.350,1000000000,0.324,636000000,,0.331,81.05,,,,,,,,,,,,,,,,0.308,,,,,,true,true,12,2016-01-01,2016-12-31,1
2016-02-12,96120,2015-12-31,,28208000000,0.147,,,,,717000000,0.309,762000000,0.232,482000000,,0.527,64.44,61.33,,,,,19405000000,6171000000,0.317,784.42,6160000000,,,,,20.00,,,,7864000,10875,7487277,false,false,12,2015-01-01,2015-12-31,0
2016-02-12,96120,2014-12-31,,24600000000,0.172,,,,,548000000,0.112,618000000,0.191,316000000,,0.120,43.15,40.76,,,,,14562000000,4834000000,0.331,642.06,4814000000,,,,,15.00,,,,7864000,364743,7323549,false,false,12,2014-01-01,2014-12-31,-1
2016-02-12,96120,2016-12-31,,,,,,,,,,,,,,,,,,,,,,,,,,,,,,25.00,,,,,,,false,true,12,2016-01-01,2016-12-31,1
2016-04-28,96120,2016-12-31,1,8579000000,0.308,,,,,221000000,0.096,219000000,0.041,,123000000,,15.75,15.13,,,,,20556000000,6081000000,0.295,772.96,6070000000,,,,,,,,,,,,true,false,3,2016-01-01,2016-03-31,0
2016-04-28,96120,2015-12-31,1,6557000000,0.125,,,,,201000000,,210000000,,,132000000,,17.81,16.88,,,,,,,,,,,,,,,,,,,,,true,false,3,2015-01-01,2015-03-31,-1
2016-04-28,96120,2016-12-31,1,15500000000,0.102,,,,,350000000,0.426,375000000,0.427,,233000000,,29.68,,,,,,,,,,,,,,,,,,,,,,true,true,6,2016-01-01,2016-06-30,0
2016-04-28,96120,2016-12-31,1,32000000000,0.077,,,,,956000000,0.350,1000000000,0.324,,636000000,,81.05,,,,,,,,,,,,,,,,,,,,,,true,true,12,2016-01-01,2016-12-31,0
2016-04-28,96120,2015-12-31,1,,,,,,,,,,,,,,,,,,,,19802000000,6174000000,0.311,784.46,6160000000,,,,,,,,,,,,true,false,12,2015-01-01,2015-12-31,-1
2016-04-28,96120,2015-12-31,1,,,,,,,,,,,,,,,,,,,,,,,,,,,,,20.00,,,,7864000,10875,,false,false,12,2015-01-01,2015-12-31,-1
2016-04-28,96120,2016-12-31,1,,,,,,,,,,,,,,,,,,,,,,,,,,,,,25.00,,,,,,,false,true,12,2016-01-01,2016-12-31,0
2016-04-28,96120,2016-12-31,1,,,,,,,,,,,,,,,,,,,,,,,,,,,,,,,,,7864000,10875,7853125,false,false,3,2016-01-01,2016-03-31,0
2016-04-28,96120,2015-12-31,1,,,,,,,,,,,,,,,,,,,,,,,,,,,,,,,,,,,7460702,false,false,3,2015-01-01,2015-03-31,-1
2016-04-28,96120,2016-12-31,1,8579000000,0.308,,,,,221000000,0.096,219000000,0.041,,123000000,,15.75,15.13,,,,,20556000000,6081000000,0.295,772.96,6070000000,,,,,,,,,,,,true,false,3,2016-01-01,2016-03-31,0
2016-04-28,96120,2015-12-31,1,6557000000,0.125,,,,,201000000,,210000000,,,132000000,,17.81,16.88,,,,,,,,,,,,,,,,,,,,,true,false,3,2015-01-01,2015-03-31,-1
2016-04-28,96120,2016-12-31,1,15500000000,0.102,,,,,350000000,0.426,375000000,0.427,,233000000,,29.68,,,,,,,,,,,,,,,,,,,,,,true,true,6,2016-01-01,2016-06-30,0
2016-04-28,96120,2016-12-31,1,32000000000,0.077,,,,,965000000,0.350,1000000000,0.324,,636000000,,81.05,,,,,,,,,,,,,,,,,,,,,,true,true,12,2016-01-01,2016-12-31,0
2016-04-28,96120,2015-12-31,1,,,,,,,,,,,,,,,,,,,,19802000000,6174000000,0.311,784.46,6160000000,,,,,,,,,,,,true,false,12,2015-01-01,2015-12-31,-1
2016-04-28,96120,2015-12-31,1,,,,,,,,,,,,,,,,,,,,,,,,,,,,,20.00,,,,7864000,10875,,false,false,12,2015-01-01,2015-12-31,-1
2016-04-28,96120,2016-12-31,1,,,,,,,,,,,,,,,,,,,,,,,,,,,,,25.00,,,,,,,false,true,12,2016-01-01,2016-12-31,0
2016-04-28,96120,2016-12-31,1,,,,,,,,,,,,,,,,,,,,,,,,,,,,,,,,,7864000,10875,7853125,false,false,3,2016-01-01,2016-03-31,0
2016-04-28,96120,2015-12-31,1,,,,,,,,,,,,,,,,,,,,,,,,,,,,,,,,,,,7460702,false,false,3,2015-01-01,2015-03-31,-1
2016-07-29,96120,2016-12-31,2,16506000000,0.174,,,,,333000000,0.358,307000000,0.168,,165000000,,21.02,20.11,,,,,18912000000,6042000000,0.318,764.97,6007000000,,,,,,,,,,,,true,false,6,2016-01-01,2016-06-30,0
2016-07-29,96120,2015-12-31,2,14065000000,0.215,,,,,245000000,2.762,262000000,2.031,,159000000,,21.45,20.34,,,,,,,,,,,,,,,,,,,,,true,false,6,2015-01-01,2015-06-30,-1
2016-07-29,96120,2016-12-31,2,32000000000,0.077,,,,,965000000,0.350,1000000000,0.324,,636000000,,81.05,,,,,,,,,,,,,,,,,,,,,,true,true,12,2016-01-01,2016-12-31,0
2016-07-29,96120,2015-12-31,2,,,,,,,,,,,,,,,,,,,,19802000000,6174000000,0.311,784.46,6160000000,,,,,,,,,,,,true,false,12,2015-01-01,2015-12-31,-1
2016-07-29,96120,2015-12-31,2,,,,,,,,,,,,,,,,,,,,,,,,,,,,,20.00,,,,7864000,10875,,false,false,12,2015-01-01,2015-12-31,-1
2016-07-29,96120,2016-12-31,2,,,,,,,,,,,,,,,,,,,,,,,,,,,,,10.00,,,,,,,false,false,12,2016-01-01,2016-12-31,0
2016-07-29,96120,2016-12-31,2,,,,,,,,,,,,,,,,,,,,,,,,,,,,,25.00,,,,,,,false,true,12,2016-01-01,2016-12-31,0
2016-07-29,96120,2016-12-31,2,,,,,,,,,,,,,,,,,,,,,,,,,,,,,,,,,7864000,10875,7853125,false,false,6,2016-01-01,2016-06-30,0
2016-07-29,96120,2015-12-31,2,,,,,,,,,,,,,,,,,,,,,,,,,,,,,,,,,,,7445605,false,false,6,2015-01-01,2015-06-30,-1
2016-10-31,96120,2016-12-31,3,23505000000,0.105,,,,,180000000,-0.635,152000000,-0.703,,92000000,,11.81,11.27,,,,,18507000000,5652000000,0.304,724.65,5618000000,,,,,,,,,,,,true,false,9,2016-01-01,2016-09-30,0
2016-10-31,96120,2015-12-31,3,21280000000,0.177,,,,,494000000,0.448,511000000,0.355,,339000000,,45.50,43.27,,,,,,,,,,,,,,,,,,,,,true,false,9,2015-01-01,2015-09-30,-1
2016-10-31,96120,2016-12-31,3,32000000000,0.077,,,,,965000000,0.350,1000000000,0.324,,636000000,,81.16,,,,,,,,,,,,,,,,,,,,,,true,true,12,2016-01-01,2016-12-31,0
2016-10-31,96120,2015-12-31,3,,,,,,,,,,,,,,,,,,,,19802000000,6174000000,0.311,784.46,6160000000,,,,,,,,,,,,true,false,12,2015-01-01,2015-12-31,-1
2016-10-31,96120,2015-12-31,3,,,,,,,,,,,,,,,,,,,,,,,,,,,,,20.00,,,,7864000,10875,,false,false,12,2015-01-01,2015-12-31,-1
2016-10-31,96120,2016-12-31,3,,,,,,,,,,,,,,,,,,,,,,,,,,,,,10.00,,,,,,,false,false,12,2016-01-01,2016-12-31,0
2016-10-31,96120,2016-12-31,3,,,,,,,,,,,,,,,,,,,,,,,,,,,,,25.00,,,,,,,false,true,12,2016-01-01,2016-12-31,0
2016-10-31,96120,2016-12-31,3,,,,,,,,,,,,,,,,,,,,,,,,,,,,,,,,,7864000,110875,7842405,false,false,9,2016-01-01,2016-09-30,0
2016-10-31,96120,2015-12-31,3,,,,,,,,,,,,,,,,,,,,,,,,,,,,,,,,,,,7461619,false,false,9,2015-01-01,2015-09-30,-1
2017-02-14,96120,2016-12-31,,34954000000,0.177,,,,,1086000000,0.520,1110000000,0.471,,709000000,,90.89,86.32,0.115,0.054,0.031,,21221000000,6223000000,0.292,808.41,6186000000,1133000000,-1086000000,768000000,4346000000,,0.275,,,,,,true,false,12,2016-01-01,2016-12-31,0
2017-02-14,96120,2015-12-31,,29706000000,0.181,,,,,715000000,0.194,755000000,0.161,,478000000,,63.88,60.80,0.087,0.044,0.024,,19802000000,6174000000,0.311,784.46,6160000000,-19000000,-1065000000,831000000,3537000000,,0.313,,,,,,true,false,12,2015-01-01,2015-12-31,-1
2017-02-14,96120,2017-12-31,,17500000000,0.060,,,,,354000000,0.064,373000000,0.216,,170000000,,22.21,,,,,,,,,,,,,,,,,,,,,,true,true,6,2017-01-01,2017-06-30,1
2017-02-14,96120,2017-12-31,,37000000000,0.059,,,,,1170000000,0.077,1200000000,0.080,,710000000,,92.77,,,,,,,,,,,,,,,,0.269,,,,,,true,true,12,2017-01-01,2017-12-31,1
2017-02-14,96120,2016-12-31,,32033000000,0.136,,,,,1010000000,0.408,1063000000,0.395,712000000,,0.477,91.22,86.63,,,,,20540000000,6225000000,0.301,808.92,6190000000,,,,,25.00,,,,7864000,210875,7810382,false,false,12,2016-01-01,2016-12-31,0
2017-02-14,96120,2015-12-31,,28208000000,0.147,,,,,717000000,0.309,762000000,0.232,482000000,,0.527,64.44,61.33,,,,,19405000000,6171000000,0.317,784.42,6160000000,,,,,20.00,,,,7864000,10875,7487277,false,false,12,2015-01-01,2015-12-31,-1
2017-02-14,96120,2017-12-31,,,,,,,,,,,,,,,,,,,,,,,,,,,,,,25.00,,,,,,,false,true,12,2017-01-01,2017-12-31,1
2017-04-28,96120,2017-12-31,1,5208000000,-0.393,,,,,4000000,-0.981,4000000,-0.977,,-10000000,,-1.43,,,,,,19844000000,5967000000,0.299,783.38,5933000000,,,,,,,,,,,,true,false,3,2017-01-01,2017-03-31,0
2017-04-28,96120,2016-12-31,1,8579000000,0.308,,,,,221000000,0.096,219000000,0.041,,123000000,,15.75,15.13,,,,,,,,,,,,,,,,,,,,,true,false,3,2016-01-01,2016-03-31,-1
2017-04-28,96120,2017-12-31,1,17500000000,0.060,,,,,354000000,0.064,373000000,0.216,,170000000,,22.29,,,,,,,,,,,,,,,,,,,,,,true,true,6,2017-01-01,2017-06-30,0
2017-04-28,96120,2017-12-31,1,37000000000,0.059,,,,,1170000000,0.077,1200000000,0.080,,710000000,,93.10,,,,,,,,,,,,,,,,,,,,,,true,true,12,2017-01-01,2017-12-31,0
2017-04-28,96120,2016-12-31,1,,,,,,,,,,,,,,,,,,,,21221000000,6223000000,0.292,808.41,6186000000,,,,,,,,,,,,true,false,12,2016-01-01,2016-12-31,-1
2017-04-28,96120,2016-12-31,1,,,,,,,,,,,,,,,,,,,,,,,,,,,,,25.00,,,,7864000,210875,,false,false,12,2016-01-01,2016-12-31,-1
2017-04-28,96120,2017-12-31,1,,,,,,,,,,,,,,,,,,,,,,,,,,,,,25.00,,,,,,,false,true,12,2017-01-01,2017-12-31,0
2017-04-28,96120,2017-12-31,1,,,,,,,,,,,,,,,,,,,,,,,,,,,,,,,,,7864000,290175,7628426,false,false,3,2017-01-01,2017-03-31,0
2017-04-28,96120,2016-12-31,1,,,,,,,,,,,,,,,,,,,,,,,,,,,,,,,,,,,7853125,false,false,3,2016-01-01,2016-03-31,-1
2017-07-31,96120,2017-12-31,2,12134000000,-0.265,,,,,77000000,-0.768,118000000,-0.616,,57000000,,7.64,7.17,,,,,20598000000,6054000000,0.292,795.50,6022000000,,,,,,,,,,,,true,false,6,2017-01-01,2017-06-30,0
2017-07-31,96120,2016-12-31,2,16506000000,0.174,,,,,333000000,0.358,307000000,0.168,,165000000,,21.02,20.11,,,,,,,,,,,,,,,,,,,,,true,false,6,2016-01-01,2016-06-30,-1
2017-07-31,96120,2017-12-31,2,37000000000,0.059,,,,,1170000000,0.077,1200000000,0.080,,710000000,,93.50,,,,,,,,,,,,,,,,,,,,,,true,true,12,2017-01-01,2017-12-31,0
2017-07-31,96120,2016-12-31,2,,,,,,,,,,,,,,,,,,,,21221000000,6223000000,0.292,808.41,6186000000,,,,,,,,,,,,true,false,12,2016-01-01,2016-12-31,-1
2017-07-31,96120,2016-12-31,2,,,,,,,,,,,,,,,,,,,,,,,,,,,,,25.00,,,,7864000,210875,,false,false,12,2016-01-01,2016-12-31,-1
2017-07-31,96120,2017-12-31,2,,,,,,,,,,,,,,,,,,,,,,,,,,,,,10.00,,,,,,,false,false,12,2017-01-01,2017-12-31,0
2017-07-31,96120,2017-12-31,2,,,,,,,,,,,,,,,,,,,,,,,,,,,,,25.00,,,,,,,false,true,12,2017-01-01,2017-12-31,0
2017-07-31,96120,2017-12-31,2,,,,,,,,,,,,,,,,,,,,,,,,,,,,,,,,,7864000,293919,7593375,false,false,6,2017-01-01,2017-06-30,0
2017-07-31,96120,2016-12-31,2,,,,,,,,,,,,,,,,,,,,,,,,,,,,,,,,,,,7853125,false,false,6,2016-01-01,2016-06-30,-1
2017-10-31,96120,2017-12-31,3,20204000000,-0.140,,,,,337000000,0.873,393000000,1.589,,219000000,,28.68,26.98,,,,,23093000000,6198000000,0.267,809.32,6166000000,,,,,,,,,,,,true,false,9,2017-01-01,2017-09-30,0
2017-10-31,96120,2016-12-31,3,23505000000,0.105,,,,,180000000,-0.635,152000000,-0.703,,92000000,,11.81,11.27,,,,,,,,,,,,,,,,,,,,,true,false,9,2016-01-01,2016-09-30,-1
2017-10-31,96120,2017-12-31,3,37000000000,0.059,,,,,1170000000,0.077,1200000000,0.080,,710000000,,92.60,,,,,,,,,,,,,,,,,,,,,,true,true,12,2017-01-01,2017-12-31,0
2017-10-31,96120,2016-12-31,3,,,,,,,,,,,,,,,,,,,,21221000000,6223000000,0.292,808.41,6186000000,,,,,,,,,,,,true,false,12,2016-01-01,2016-12-31,-1
2017-10-31,96120,2016-12-31,3,,,,,,,,,,,,,,,,,,,,,,,,,,,,,25.00,,,,7864000,210875,,false,false,12,2016-01-01,2016-12-31,-1
2017-10-31,96120,2017-12-31,3,,,,,,,,,,,,,,,,,,,,,,,,,,,,,10.00,,,,,,,false,false,12,2017-01-01,2017-12-31,0
2017-10-31,96120,2017-12-31,3,,,,,,,,,,,,,,,,,,,,,,,,,,,,,25.00,,,,,,,false,true,12,2017-01-01,2017-12-31,0
2017-10-31,96120,2017-12-31,3,,,,,,,,,,,,,,,,,,,,,,,,,,,,,,,,,7864000,244219,7667184,false,false,9,2017-01-01,2017-09-30,0
2017-10-31,96120,2016-12-31,3,,,,,,,,,,,,,,,,,,,,,,,,,,,,,,,,,,,7842405,false,false,9,2016-01-01,2016-09-30,-1
2018-02-13,96120,2017-12-31,,31110000000,-0.110,,,,,857000000,-0.211,960000000,-0.136,,677000000,,89.08,83.05,0.103,0.039,0.028,,27419000000,6950000000,0.252,905.11,6910000000,-1622000000,-890000000,3123000000,4942000000,,0.281,,,,,,true,false,12,2017-01-01,2017-12-31,0
2018-02-13,96120,2016-12-31,,34954000000,0.177,,,,,1086000000,0.520,1110000000,0.471,,709000000,,90.89,86.32,0.115,0.054,0.031,,21221000000,6223000000,0.292,808.41,6186000000,1133000000,-1086000000,768000000,4346000000,,0.275,,,,,,true,false,12,2016-01-01,2016-12-31,-1
2018-02-13,96120,2018-12-31,,19500000000,0.607,,,,,500000000,5.470,520000000,3.407,,300000000,,39.29,,,,,,,,,,,,,,,,,,,,,,true,true,6,2018-01-01,2018-06-30,1
2018-02-13,96120,2018-12-31,,40000000000,0.286,,,,,1470000000,0.714,1500000000,0.562,,900000000,,117.87,,,,,,,,,,,,,,,,0.212,,,,,,true,true,12,2018-01-01,2018-12-31,1
2018-02-13,96120,2017-12-31,,27198000000,-0.151,,,,,839000000,-0.169,974000000,-0.084,424000000,,-0.405,55.78,52.00,,,,,25129000000,6718000000,0.266,875.94,6687000000,,,,,25.00,,,,7864000,228747,7603865,false,false,12,2017-01-01,2017-12-31,0
2018-02-13,96120,2016-12-31,,32033000000,0.136,,,,,1010000000,0.408,1063000000,0.395,712000000,,0.477,91.22,86.63,,,,,20540000000,6225000000,0.301,808.92,6190000000,,,,,25.00,,,,7864000,210875,7810382,false,false,12,2016-01-01,2016-12-31,-1
2018-02-13,96120,2018-12-31,,,,,,,,,,,,,,,,,,,,,,,,,,,,,,25.00,,,,,,,false,true,12,2018-01-01,2018-12-31,1
2018-04-27,96120,2018-12-31,1,10823000000,1.078,,,,,160000000,,123000000,,,62000000,,8.07,7.65,,,,,27669000000,6890000000,0.247,877.23,6845000000,,,,,,,,,,,,true,false,3,2018-01-01,2018-03-31,0
2018-04-27,96120,2017-12-31,1,5208000000,-0.393,,,,,4000000,-0.981,4000000,-0.977,,-10000000,,-1.43,,,,,,,,,,,,,,,,,,,,,,true,false,3,2017-01-01,2017-03-31,-1
2018-04-27,96120,2018-12-31,1,19500000000,0.607,,,,,500000000,5.470,520000000,3.407,,300000000,,38.80,,,,,,,,,,,,,,,,,,,,,,true,true,6,2018-01-01,2018-06-30,0
2018-04-27,96120,2018-12-31,1,40000000000,0.286,,,,,1470000000,0.714,1500000000,0.562,,900000000,,116.40,,,,,,,,,,,,,,,,,,,,,,true,true,12,2018-01-01,2018-12-31,0
2018-04-27,96120,2017-12-31,1,,,,,,,,,,,,,,,,,,,,27419000000,6950000000,0.252,905.11,6910000000,,,,,,,,,,,,true,false,12,2017-01-01,2017-12-31,-1
2018-04-27,96120,2017-12-31,1,,,,,,,,,,,,,,,,,,,,,,,,,,,,,25.00,,,,7864000,228747,,false,false,12,2017-01-01,2017-12-31,-1
2018-04-27,96120,2018-12-31,1,,,,,,,,,,,,,,,,,,,,,,,,,,,,,25.00,,,,,,,false,true,12,2018-01-01,2018-12-31,0
2018-04-27,96120,2018-12-31,1,,,,,,,,,,,,,,,,,,,,,,,,,,,,,,,,,7864000,60289,7731727,false,false,3,2018-01-01,2018-03-31,0
2018-04-27,96120,2017-12-31,1,,,,,,,,,,,,,,,,,,,,,,,,,,,,,,,,,,,7628426,false,false,3,2017-01-01,2017-03-31,-1
2018-07-31,96120,2018-12-31,2,20072000000,0.654,,,,,501000000,5.484,495000000,3.203,,282000000,,36.27,33.55,,,,,27536000000,7413000000,0.265,929.91,7288000000,,,,,,,,,,,,true,false,6,2018-01-01,2018-06-30,0
2018-07-31,96120,2017-12-31,2,12134000000,-0.265,,,,,77000000,-0.768,118000000,-0.616,,57000000,,7.64,7.17,,,,,,,,,,,,,,,,,,,,,true,false,6,2017-01-01,2017-06-30,-1
2018-07-31,96120,2018-12-31,2,40000000000,0.286,,,,,1470000000,0.714,1500000000,0.562,,900000000,,115.67,,,,,,,,,,,,,,,,,,,,,,true,true,12,2018-01-01,2018-12-31,0
2018-07-31,96120,2017-12-31,2,,,,,,,,,,,,,,,,,,,,27419000000,6950000000,0.252,905.11,6910000000,,,,,,,,,,,,true,false,12,2017-01-01,2017-12-31,-1
2018-07-31,96120,2017-12-31,2,,,,,,,,,,,,,,,,,,,,,,,,,,,,,25.00,,,,7864000,228747,,false,false,12,2017-01-01,2017-12-31,-1
2018-07-31,96120,2018-12-31,2,,,,,,,,,,,,,,,,,,,,,,,,,,,,,10.00,,,,,,,false,false,12,2018-01-01,2018-12-31,0
2018-07-31,96120,2018-12-31,2,,,,,,,,,,,,,,,,,,,,,,,,,,,,,25.00,,,,,,,false,true,12,2018-01-01,2018-12-31,0
2018-07-31,96120,2018-12-31,2,,,,,,,,,,,,,,,,,,,,,,,,,,,,,,,,,7864000,26627,7781106,false,false,6,2018-01-01,2018-06-30,0
2018-07-31,96120,2017-12-31,2,,,,,,,,,,,,,,,,,,,,,,,,,,,,,,,,,,,7593375,false,false,6,2017-01-01,2017-06-30,-1
2018-10-31,96120,2018-12-31,3,27727000000,0.372,,,,,131000000,-0.612,144000000,-0.633,,8000000,,1.15,1.05,,,,,26723000000,7041000000,0.259,880.62,6917000000,,,,,,,,,,,,true,false,9,2018-01-01,2018-09-30,0
2018-10-31,96120,2017-12-31,3,20204000000,-0.140,,,,,337000000,0.873,393000000,1.589,,219000000,,28.95,27.22,,,,,,,,,,,,,,,,,,,,,true,false,9,2017-01-01,2017-09-30,-1
2018-10-31,96120,2018-12-31,3,40000000000,0.286,,,,,1470000000,0.714,1500000000,0.562,,900000000,,115.67,,,,,,,,,,,,,,,,,,,,,,true,true,12,2018-01-01,2018-12-31,0
2018-10-31,96120,2017-12-31,3,,,,,,,,,,,,,,,,,,,,27419000000,6950000000,0.252,905.11,6910000000,,,,,,,,,,,,true,false,12,2017-01-01,2017-12-31,-1
2018-10-31,96120,2017-12-31,3,,,,,,,,,,,,,,,,,,,,,,,,,,,,,25.00,,,,7864000,228747,,false,false,12,2017-01-01,2017-12-31,-1
2018-10-31,96120,2018-12-31,3,,,,,,,,,,,,,,,,,,,,,,,,,,,,,10.00,,,,,,,false,false,12,2018-01-01,2018-12-31,0
2018-10-31,96120,2018-12-31,3,,,,,,,,,,,,,,,,,,,,,,,,,,,,,25.00,,,,,,,false,true,12,2018-01-01,2018-12-31,0
2018-10-31,96120,2018-12-31,3,,,,,,,,,,,,,,,,,,,,,,,,,,,,,,,,,7864000,8427,7803405,false,false,9,2018-01-01,2018-09-30,0
2018-10-31,96120,2017-12-31,3,,,,,,,,,,,,,,,,,,,,,,,,,,,,,,,,,,,7596120,false,false,9,2017-01-01,2017-09-30,-1
2018-12-21,96120,2018-12-31,,40000000000,,,,,,1470000000,,1500000000,,,900000000,,117.87,,,,,,,,,,,,,,,,,,,,,,true,true,12,2018-01-01,2018-12-31,0
2018-12-21,96120,2018-12-31,,40000000000,0.000,,,,,200000000,-0.863,200000000,-0.866,,0,,0.00,,,,,,,,,,,,,,,,,,,,,,true,true,12,2018-01-01,2018-12-31,0
2018-12-21,96120,2018-12-31,,43000000000,0.075,,,,,300000000,-0.795,300000000,-0.800,,100000000,,12.77,,,,,,,,,,,,,,,,,,,,,,true,true,12,2018-01-01,2018-12-31,0
2018-12-21,96120,2017-12-31,,31110000000,,,,,,857000000,,960000000,,,677000000,,89.08,,,,,,,,,,,,,,,,,,,,,,true,false,12,2017-01-01,2017-12-31,-1
2019-02-14,96120,2018-12-31,,42842000000,0.377,,,,,380000000,-0.557,400000000,-0.582,,89000000,,11.40,10.67,0.013,0.014,0.009,,27953000000,6889000000,0.242,825.31,6769000000,183000000,-1271000000,1178000000,5027000000,,2.193,,,,,,true,false,12,2018-01-01,2018-12-31,0
2019-02-14,96120,2017-12-31,,31110000000,-0.110,,,,,857000000,-0.211,960000000,-0.136,,677000000,,89.08,82.66,0.103,0.039,0.028,,27419000000,6950000000,0.252,905.11,6910000000,-1622000000,-890000000,3123000000,4942000000,,0.281,,,,,,true,false,12,2017-01-01,2017-12-31,-1
2019-02-14,96120,2019-12-31,,21000000000,0.046,,,,,196000000,-0.609,226000000,-0.544,,112000000,,13.65,,,,,,,,,,,,,,,,,,,,,,true,true,6,2019-01-01,2019-06-30,1
2019-02-14,96120,2019-12-31,,45000000000,0.050,,,,,940000000,1.471,1000000000,1.494,,600000000,,73.14,,,,,,,,,,,,,,,,0.342,,,,,,true,true,12,2019-01-01,2019-12-31,1
2019-02-14,96120,2018-12-31,,35298000000,0.298,,,,,-62000000,,8000000,-0.992,-222000000,,,-28.37,,,,,,24864000000,6328000000,0.251,760.89,6241000000,,,,,25.00,,,,8208700,5727,7831595,false,false,12,2018-01-01,2018-12-31,0
2019-02-14,96120,2017-12-31,,27198000000,-0.151,,,,,839000000,-0.169,974000000,-0.084,424000000,,-0.405,55.78,51.76,,,,,25129000000,6718000000,0.266,875.94,6687000000,,,,,25.00,,,,7864000,228747,7603865,false,false,12,2017-01-01,2017-12-31,-1
2019-02-14,96120,2019-12-31,,,,,,,,,,,,,,,,,,,,,,,,,,,,,,25.00,,,,,,,false,true,12,2019-01-01,2019-12-31,1
2019-04-26,96120,2019-12-31,1,6821000000,-0.370,,,,,-310000000,,-303000000,,,-208000000,,-25.43,,,,,,26822000000,6562000000,0.242,790.64,6486000000,,,,,,,,,,,,true,false,3,2019-01-01,2019-03-31,0
2019-04-26,96120,2018-12-31,1,10823000000,1.078,,,,,160000000,,123000000,,,62000000,,8.07,7.65,,,,,,,,,,,,,,,,,,,,,true,false,3,2018-01-01,2018-03-31,-1
2019-04-26,96120,2019-12-31,1,21000000000,0.046,,,,,196000000,-0.609,226000000,-0.544,,112000000,,13.65,,,,,,,,,,,,,,,,,,,,,,true,true,6,2019-01-01,2019-06-30,0
2019-04-26,96120,2019-12-31,1,45000000000,0.050,,,,,940000000,1.471,1000000000,1.494,,600000000,,73.14,,,,,,,,,,,,,,,,,,,,,,true,true,12,2019-01-01,2019-12-31,0
2019-04-26,96120,2018-12-31,1,,,,,,,,,,,,,,,,,,,,27953000000,6889000000,0.242,825.31,6769000000,,,,,,,,,,,,true,false,12,2018-01-01,2018-12-31,-1
2019-04-26,96120,2018-12-31,1,,,,,,,,,,,,,,,,,,,,,,,,,,,,,25.00,,,,8208700,5727,,false,false,12,2018-01-01,2018-12-31,-1
2019-04-26,96120,2019-12-31,1,,,,,,,,,,,,,,,,,,,,,,,,,,,,,25.00,,,,,,,false,true,12,2019-01-01,2019-12-31,0
2019-04-26,96120,2019-12-31,1,,,,,,,,,,,,,,,,,,,,,,,,,,,,,,,,,8209400,5727,8203463,false,false,3,2019-01-01,2019-03-31,0
2019-04-26,96120,2018-12-31,1,,,,,,,,,,,,,,,,,,,,,,,,,,,,,,,,,,,7731727,false,false,3,2018-01-01,2018-03-31,-1
2019-07-31,96120,2019-12-31,2,15983000000,-0.204,,,,,-48000000,,-98000000,,,191000000,,23.40,23.16,,,,,28887000000,6335000000,0.217,774.54,6262000000,,,,,,,,,,,,true,false,6,2019-01-01,2019-06-30,0
2019-07-31,96120,2018-12-31,2,20072000000,0.654,,,,,501000000,5.484,495000000,3.203,,282000000,,36.27,33.55,,,,,,,,,,,,,,,,,,,,,true,false,6,2018-01-01,2018-06-30,-1
2019-07-31,96120,2019-12-31,2,45000000000,0.050,,,,,940000000,1.471,1000000000,1.494,,600000000,,73.40,,,,,,,,,,,,,,,,,,,,,,true,true,12,2019-01-01,2019-12-31,0
2019-07-31,96120,2018-12-31,2,,,,,,,,,,,,,,,,,,,,27943000000,6889000000,0.242,825.31,6769000000,,,,,,,,,,,,true,false,12,2018-01-01,2018-12-31,-1
2019-07-31,96120,2018-12-31,2,,,,,,,,,,,,,,,,,,,,,,,,,,,,,25.00,,,,8208700,5727,,false,false,12,2018-01-01,2018-12-31,-1
2019-07-31,96120,2019-12-31,2,,,,,,,,,,,,,,,,,,,,,,,,,,,,,10.00,,,,,,,false,false,12,2019-01-01,2019-12-31,0
2019-07-31,96120,2019-12-31,2,,,,,,,,,,,,,,,,,,,,,,,,,,,,,25.00,,,,,,,false,true,12,2019-01-01,2019-12-31,0
2019-07-31,96120,2019-12-31,2,,,,,,,,,,,,,,,,,,,,,,,,,,,,,,,,,8209400,124427,8174232,false,false,6,2019-01-01,2019-06-30,0
2019-07-31,96120,2018-12-31,2,,,,,,,,,,,,,,,,,,,,,,,,,,,,,,,,,,,7781106,false,false,6,2018-01-01,2018-06-30,-1
2019-10-31,96120,2019-12-31,3,25803000000,-0.069,,,,,231000000,0.762,179000000,0.240,,309000000,,38.00,37.76,,,,,32028000000,6347000000,0.196,775.85,6273000000,,,,,,,,,,,,true,false,9,2019-01-01,2019-09-30,0
2019-10-31,96120,2018-12-31,3,27727000000,0.372,,,,,131000000,-0.612,144000000,-0.633,,8000000,,1.15,1.05,,,,,,,,,,,,,,,,,,,,,true,false,9,2018-01-01,2018-09-30,-1
2019-10-31,96120,2019-12-31,3,40000000000,-0.066,,,,,940000000,1.471,914000000,1.280,,600000000,,73.67,,,,,,,,,,,,,,,,,,,,,,true,true,12,2019-01-01,2019-12-31,0
2019-10-31,96120,2018-12-31,3,,,,,,,,,,,,,,,,,,,,27943000000,6889000000,0.242,825.31,6769000000,,,,,,,,,,,,true,false,12,2018-01-01,2018-12-31,-1
2019-10-31,96120,2018-12-31,3,,,,,,,,,,,,,,,,,,,,,,,,,,,,,25.00,,,,8208700,5727,,false,false,12,2018-01-01,2018-12-31,-1
2019-10-31,96120,2019-12-31,3,,,,,,,,,,,,,,,,,,,,,,,,,,,,,10.00,,,,,,,false,false,12,2019-01-01,2019-12-31,0
2019-10-31,96120,2019-12-31,3,,,,,,,,,,,,,,,,,,,,,,,,,,,,,25.00,,,,,,,false,true,12,2019-01-01,2019-12-31,0
2019-10-31,96120,2019-12-31,3,,,,,,,,,,,,,,,,,,,,,,,,,,,,,,,,,8209400,122927,8144405,false,false,9,2019-01-01,2019-09-30,0
2019-10-31,96120,2018-12-31,3,,,,,,,,,,,,,,,,,,,,,,,,,,,,,,,,,,,7803405,false,false,9,2018-01-01,2018-09-30,-1
2019-10-31,96120,2019-12-31,,40000000000,-0.111,,,,,940000000,0.000,914000000,-0.086,,600000000,,73.67,,,,,,,,,,,,,,,,,,,,,,true,true,12,2019-01-01,2019-12-31,0
2019-10-31,96120,2018-12-31,,42842000000,,,,,,380000000,,400000000,,,89000000,,11.40,,,,,,,,,,,,,,,,,,,,,,true,false,12,2018-01-01,2018-12-31,-1
2020-02-14,96120,2019-12-31,,40366000000,-0.058,,,,,1106000000,1.909,1045000000,1.608,,915000000,,111.79,106.72,0.107,0.034,0.027,,34334000000,10493000000,0.303,1086.90,10419000000,-462000000,451000000,3157000000,8175000000,,0.224,,,,,,true,false,12,2019-01-01,2019-12-31,0
2020-02-14,96120,2018-12-31,,42842000000,0.377,,,,,380000000,-0.557,400000000,-0.582,,89000000,,11.40,10.67,0.013,0.014,0.009,,27943000000,6889000000,0.242,825.31,6769000000,183000000,-1271000000,1178000000,5027000000,,2.193,,,,,,true,false,12,2018-01-01,2018-12-31,-1
2020-02-14,96120,2020-12-31,,20000000000,0.251,,,,,450000000,,470000000,,,250000000,,26.08,,,,,,,,,,,,,,,,,,,,,,true,true,6,2020-01-01,2020-06-30,1
2020-02-14,96120,2020-12-31,,43000000000,0.065,,,,,1200000000,0.084,1250000000,0.196,,600000000,,62.59,,,,,,,,,,,,,,,,0.399,,,,,,true,true,12,2020-01-01,2020-12-31,1
2020-02-14,96120,2019-12-31,,31392000000,-0.111,,,,,766000000,,780000000,,528000000,,,64.55,61.63,,,,,30875000000,9545000000,0.308,990.88,9499000000,,,,,25.00,,,,9709400,122927,8190196,false,false,12,2019-01-01,2019-12-31,0
2020-02-14,96120,2018-12-31,,35298000000,0.298,,,,,-62000000,,8000000,-0.992,-222000000,,,-28.37,,,,,,24858000000,6328000000,0.251,760.89,6241000000,,,,,25.00,,,,8208700,5727,7831595,false,false,12,2018-01-01,2018-12-31,-1
2020-02-14,96120,2020-12-31,,,,,,,,,,,,,,,,,,,,,,,,,,,,,,25.00,,,,,,,false,true,12,2020-01-01,2020-12-31,1
2020-04-30,96120,2020-12-31,1,9784000000,0.434,,,,,83000000,,43000000,,,1000000,,0.12,0.12,,,,,33240000000,10071000000,0.302,1046.46,10034000000,,,,,,,,,,,,true,false,3,2020-01-01,2020-03-31,0
2020-04-30,96120,2019-12-31,1,6821000000,-0.370,,,,,-310000000,,-303000000,,,-208000000,,-25.43,,,,,,,,,,,,,,,,,,,,,,true,false,3,2019-01-01,2019-03-31,-1
2020-04-30,96120,2020-12-31,1,20000000000,0.251,,,,,450000000,,470000000,,,250000000,,26.07,,,,,,,,,,,,,,,,,,,,,,true,true,6,2020-01-01,2020-06-30,0
2020-04-30,96120,2020-12-31,1,43000000000,0.065,,,,,1200000000,0.084,1250000000,0.196,,600000000,,62.58,,,,,,,,,,,,,,,,,,,,,,true,true,12,2020-01-01,2020-12-31,0
2020-04-30,96120,2019-12-31,1,,,,,,,,,,,,,,,,,,,,34334000000,10493000000,0.303,1086.90,10419000000,,,,,,,,,,,,true,false,12,2019-01-01,2019-12-31,-1
2020-04-30,96120,2019-12-31,1,,,,,,,,,,,,,,,,,,,,,,,,,,,,,25.00,,,,9709400,122927,,false,false,12,2019-01-01,2019-12-31,-1
2020-04-30,96120,2020-12-31,1,,,,,,,,,,,,,,,,,,,,,,,,,,,,,25.00,,,,,,,false,true,12,2020-01-01,2020-12-31,0
2020-04-30,96120,2020-12-31,1,,,,,,,,,,,,,,,,,,,,,,,,,,,,,,,,,9709400,120227,9588367,false,false,3,2020-01-01,2020-03-31,0
2020-04-30,96120,2019-12-31,1,,,,,,,,,,,,,,,,,,,,,,,,,,,,,,,,,,,8203463,false,false,3,2019-01-01,2019-03-31,-1
2020-07-31,96120,2020-12-31,2,19643000000,0.229,,,,,577000000,,600000000,,,280000000,,29.22,29.13,,,,,31265000000,10476000000,0.334,1088.66,10439000000,,,,,,,,,,,,true,false,6,2020-01-01,2020-06-30,0
2020-07-31,96120,2019-12-31,2,15983000000,-0.204,,,,,-48000000,,-98000000,,,191000000,,23.40,23.16,,,,,,,,,,,,,,,,,,,,,true,false,6,2019-01-01,2019-06-30,-1
2020-07-31,96120,2020-12-31,2,43000000000,0.065,,,,,1200000000,0.084,1250000000,0.196,,600000000,,62.57,,,,,,,,,,,,,,,,,,,,,,true,true,12,2020-01-01,2020-12-31,0
2020-07-31,96120,2019-12-31,2,,,,,,,,,,,,,,,,,,,,34334000000,10493000000,0.303,1086.90,10419000000,,,,,,,,,,,,true,false,12,2019-01-01,2019-12-31,-1
2020-07-31,96120,2019-12-31,2,,,,,,,,,,,,,,,,,,,,,,,,,,,,,25.00,,,,9709400,122927,,false,false,12,2019-01-01,2019-12-31,-1
2020-07-31,96120,2020-12-31,2,,,,,,,,,,,,,,,,,,,,,,,,,,,,,10.00,,,,,,,false,false,12,2020-01-01,2020-12-31,0
2020-07-31,96120,2020-12-31,2,,,,,,,,,,,,,,,,,,,,,,,,,,,,,25.00,,,,,,,false,true,12,2020-01-01,2020-12-31,0
2020-07-31,96120,2020-12-31,2,,,,,,,,,,,,,,,,,,,,,,,,,,,,,,,,,9709400,120249,9588762,false,false,6,2020-01-01,2020-06-30,0
2020-07-31,96120,2019-12-31,2,,,,,,,,,,,,,,,,,,,,,,,,,,,,,,,,,,,8174232,false,false,6,2019-01-01,2019-06-30,-1
2020-10-30,96120,2020-12-31,3,26838000000,0.040,,,,,-100000000,,-48000000,,,-156000000,,-16.28,,,,,,28020000000,10022000000,0.356,1041.43,9986000000,,,,,,,,,,,,true,false,9,2020-01-01,2020-09-30,0
2020-10-30,96120,2019-12-31,3,25803000000,-0.069,,,,,231000000,0.762,179000000,0.240,,309000000,,38.00,37.76,,,,,,,,,,,,,,,,,,,,,true,false,9,2019-01-01,2019-09-30,-1
2020-10-30,96120,2020-12-31,3,43000000000,0.065,,,,,1200000000,0.084,1250000000,0.196,,600000000,,62.57,,,,,,,,,,,,,,,,,,,,,,true,true,12,2020-01-01,2020-12-31,0
2020-10-30,96120,2019-12-31,3,,,,,,,,,,,,,,,,,,,,34334000000,10493000000,0.303,1086.90,10419000000,,,,,,,,,,,,true,false,12,2019-01-01,2019-12-31,-1
2020-10-30,96120,2019-12-31,3,,,,,,,,,,,,,,,,,,,,,,,,,,,,,25.00,,,,9709400,122927,,false,false,12,2019-01-01,2019-12-31,-1
2020-10-30,96120,2020-12-31,3,,,,,,,,,,,,,,,,,,,,,,,,,,,,,10.00,,,,,,,false,false,12,2020-01-01,2020-12-31,0
2020-10-30,96120,2020-12-31,3,,,,,,,,,,,,,,,,,,,,,,,,,,,,,25.00,,,,,,,false,true,12,2020-01-01,2020-12-31,0
2020-10-30,96120,2020-12-31,3,,,,,,,,,,,,,,,,,,,,,,,,,,,,,,,,,9709400,119749,9589037,false,false,9,2020-01-01,2020-09-30,0
2020-10-30,96120,2019-12-31,3,,,,,,,,,,,,,,,,,,,,,,,,,,,,,,,,,,,8144405,false,false,9,2019-01-01,2019-09-30,-1
2021-02-02,96120,2020-12-31,,37000000000,-0.140,,,,,-500000000,-1.417,-390000000,-1.312,,-550000000,,-57.36,,,,,,,,,,,,,,,,,,,,,,true,true,12,2020-01-01,2020-12-31,0
2021-02-02,96120,2019-12-31,,40366000000,,,,,,1106000000,,1045000000,,,915000000,,111.79,,,,,,,,,,,,,,,,,,,,,,true,false,12,2019-01-01,2019-12-31,-1
2021-02-19,96120,2020-12-31,,37164000000,-0.079,,,,,-498000000,,-387000000,,,-514000000,,-53.63,,-0.051,-0.013,-0.013,,25959000000,9710000000,0.373,1009.02,9676000000,-200000000,-538000000,-2427000000,5019000000,,,,,,,,true,false,12,2020-01-01,2020-12-31,0
2021-02-19,96120,2019-12-31,,40366000000,-0.058,,,,,1106000000,1.909,1045000000,1.608,,915000000,,111.79,106.72,0.107,0.034,0.027,,34334000000,10493000000,0.303,1086.90,10419000000,-462000000,451000000,3157000000,8175000000,,0.224,,,,,,true,false,12,2019-01-01,2019-12-31,-1
2021-02-19,96120,2021-12-31,,20160000000,0.026,,,,,475000000,-0.178,500000000,-0.167,,290000000,,30.25,,,,,,,,,,,,,,,,,,,,,,true,true,6,2021-01-01,2021-06-30,1
2021-02-19,96120,2021-12-31,,42000000000,0.130,,,,,1200000000,,1250000000,,,700000000,,73.02,,,,,,,,,,,,,,,,0.342,,,,,,true,true,12,2021-01-01,2021-12-31,1
2021-02-19,96120,2020-12-31,,28250000000,-0.100,,,,,-432000000,,-276000000,,-637000000,,,-66.48,,,,,,22226000000,8634000000,0.388,899.63,8627000000,,,,,25.00,,,,9709400,119749,9589192,false,false,12,2020-01-01,2020-12-31,0
2021-02-19,96120,2019-12-31,,31392000000,-0.111,,,,,766000000,,780000000,,528000000,,,64.55,61.63,,,,,30875000000,9545000000,0.308,990.88,9499000000,,,,,25.00,,,,9709400,122927,8190196,false,false,12,2019-01-01,2019-12-31,-1
2021-02-19,96120,2021-12-31,,,,,,,,,,,,,,,,,,,,,,,,,,,,,,25.00,,,,,,,false,true,12,2021-01-01,2021-12-31,1
2021-04-30,96120,2021-12-31,1,8996000000,-0.081,,,,,341000000,3.106,397000000,8.159,,275000000,,28.68,28.04,,,,,28549000000,9910000000,0.346,1029.40,9876000000,,,,,,,,,,,,true,false,3,2021-01-01,2021-03-31,0
2021-04-30,96120,2020-12-31,1,9784000000,0.434,,,,,83000000,,43000000,,,1000000,,0.12,0.12,,,,,,,,,,,,,,,,,,,,,true,false,3,2020-01-01,2020-03-31,-1
2021-04-30,96120,2021-12-31,1,20160000000,0.026,,,,,475000000,-0.178,500000000,-0.167,,290000000,,30.23,,,,,,,,,,,,,,,,,,,,,,true,true,6,2021-01-01,2021-06-30,0
2021-04-30,96120,2021-12-31,1,42000000000,0.130,,,,,1200000000,,1250000000,,,700000000,,72.98,,,,,,,,,,,,,,,,,,,,,,true,true,12,2021-01-01,2021-12-31,0
2021-04-30,96120,2020-12-31,1,,,,,,,,,,,,,,,,,,,,25959000000,9710000000,0.373,1009.02,9676000000,,,,,,,,,,,,true,false,12,2020-01-01,2020-12-31,-1
2021-04-30,96120,2020-12-31,1,,,,,,,,,,,,,,,,,,,,,,,,,,,,,25.00,,,,9709400,119749,,false,false,12,2020-01-01,2020-12-31,-1
2021-04-30,96120,2021-12-31,1,,,,,,,,,,,,,,,,,,,,,,,,,,,,,25.00,,,,,,,false,true,12,2021-01-01,2021-12-31,0
2021-04-30,96120,2021-12-31,1,,,,,,,,,,,,,,,,,,,,,,,,,,,,,,,,,9714400,119749,9592056,false,false,3,2021-01-01,2021-03-31,0
2021-04-30,96120,2020-12-31,1,,,,,,,,,,,,,,,,,,,,,,,,,,,,,,,,,,,9588367,false,false,3,2020-01-01,2020-03-31,-1
2021-07-30,9612,2021-12-31,2,18716000000,-0.047,,,,,366000000,-0.366,414000000,-0.310,,240000000,,25.10,24.47,,,,,27500000000,9895000000,0.359,1026.32,9859000000,,,,,,,,,,,,true,false,6,2021-01-01,2021-06-30,0
2021-07-30,9612,2020-12-31,2,19643000000,0.229,,,,,577000000,,600000000,,,280000000,,29.22,29.13,,,,,,,,,,,,,,,,,,,,,true,false,6,2020-01-01,2020-06-30,-1
2021-07-30,9612,2021-12-31,2,42000000000,0.130,,,,,1200000000,,1250000000,,,700000000,,72.95,,,,,,,,,,,,,,,,,,,,,,true,true,12,2021-01-01,2021-12-31,0
2021-07-30,9612,2020-12-31,2,,,,,,,,,,,,,,,,,,,,25959000000,9710000000,0.373,1009.02,9676000000,,,,,,,,,,,,true,false,12,2020-01-01,2020-12-31,-1
2021-07-30,9612,2020-12-31,2,,,,,,,,,,,,,,,,,,,,,,,,,,,,,25.00,,,,9709400,119749,,false,false,12,2020-01-01,2020-12-31,-1
2021-07-30,9612,2021-12-31,2,,,,,,,,,,,,,,,,,,,,,,,,,,,,,10.00,,,,,,,false,false,12,2021-01-01,2021-12-31,0
2021-07-30,9612,2021-12-31,2,,,,,,,,,,,,,,,,,,,,,,,,,,,,,25.00,,,,,,,false,true,12,2021-01-01,2021-12-31,0
2021-07-30,9612,2021-12-31,2,,,,,,,,,,,,,,,,,,,,,,,,,,,,,,,,,9726200,119770,9595145,false,false,6,2021-01-01,2021-06-30,0
2021-07-30,9612,2020-12-31,2,,,,,,,,,,,,,,,,,,,,,,,,,,,,,,,,,,,9588762,false,false,6,2020-01-01,2020-06-30,-1
2021-10-29,9612,2021-12-31,3,26457000000,-0.014,,,,,54000000,,160000000,,,29000000,,3.04,2.96,,,,,27562000000,9770000000,0.353,1008.27,9732000000,,,,,,,,,,,,true,false,9,2021-01-01,2021-09-30,0
2021-10-29,9612,2020-12-31,3,26838000000,0.040,,,,,-100000000,,-48000000,,,-156000000,,-16.28,,,,,,,,,,,,,,,,,,,,,,true,false,9,2020-01-01,2020-09-30,-1
2021-10-29,9612,2021-12-31,3,42000000000,0.130,,,,,1200000000,,1250000000,,,700000000,,72.95,,,,,,,,,,,,,,,,,,,,,,true,true,12,2021-01-01,2021-12-31,0
2021-10-29,9612,2020-12-31,3,,,,,,,,,,,,,,,,,,,,25959000000,9710000000,0.373,1009.02,9676000000,,,,,,,,,,,,true,false,12,2020-01-01,2020-12-31,-1
2021-10-29,9612,2020-12-31,3,,,,,,,,,,,,,,,,,,,,,,,,,,,,,25.00,,,,9709400,119749,,false,false,12,2020-01-01,2020-12-31,-1
2021-10-29,9612,2021-12-31,3,,,,,,,,,,,,,,,,,,,,,,,,,,,,,10.00,,,,,,,false,false,12,2021-01-01,2021-12-31,0
2021-10-29,9612,2021-12-31,3,,,,,,,,,,,,,,,,,,,,,,,,,,,,,25.00,,,,,,,false,true,12,2021-01-01,2021-12-31,0
2021-10-29,9612,2021-12-31,3,,,,,,,,,,,,,,,,,,,,,,,,,,,,,,,,,9772200,119770,9609846,false,false,9,2021-01-01,2021-09-30,0
2021-10-29,9612,2020-12-31,3,,,,,,,,,,,,,,,,,,,,,,,,,,,,,,,,,,,9589037,false,false,9,2020-01-01,2020-09-30,-1
2022-02-10,96120,2021-12-31,,35886000000,-0.146,,,,,-350000000,-1.292,-155000000,-1.125,,-120000000,,-12.49,,,,,,,,,,,,,,,,,,,,,,true,true,12,2021-01-01,2021-12-31,0
2022-02-10,96120,2020-12-31,,37164000000,,,,,,-498000000,,-387000000,,,-514000000,,-53.63,,,,,,,,,,,,,,,,,,,,,,true,false,12,2020-01-01,2020-12-31,-1
2022-02-14,9612,2021-12-31,,35886000000,-0.034,,,,,-350000000,,-155000000,,,-120000000,,-12.49,,-0.013,-0.006,-0.010,,26963000000,9614000000,0.355,985.05,9576000000,1652000000,-65000000,-484000000,6122000000,,,,,,,,true,false,12,2021-01-01,2021-12-31,0
2022-02-14,9612,2020-12-31,,37164000000,-0.079,,,,,-498000000,,-387000000,,,-514000000,,-53.63,,-0.051,-0.013,-0.013,,25959000000,9710000000,0.373,1009.02,9676000000,-200000000,-538000000,-2427000000,5019000000,,,,,,,,true,false,12,2020-01-01,2020-12-31,-1
2022-02-14,9612,2022-12-31,,19900000000,0.063,,,,,78000000,-0.787,98000000,-0.763,,11000000,,11.31,,,,,,,,,,,,,,,,,,,,,,true,true,6,2022-01-01,2022-06-30,1
2022-02-14,9612,2022-12-31,,42000000000,0.170,,,,,1200000000,,1250000000,,,700000000,,72.00,,,,,,,,,,,,,,,,0.347,,,,,,true,true,12,2022-01-01,2022-12-31,1
2022-02-14,9612,2021-12-31,,26630000000,-0.057,,,,,-627000000,,-419000000,,-371000000,,,-48.63,,,,,,22705000000,8289000000,0.365,851.99,8283000000,,,,,25.00,,,,9842000,119770,9627699,false,false,12,2021-01-01,2021-12-31,0
2022-02-14,9612,2020-12-31,,28250000000,-0.100,,,,,-432000000,,-276000000,,-637000000,,,-66.48,,,,,,22226000000,8634000000,0.388,899.63,8627000000,,,,,25.00,,,,9709400,119749,9589192,false,false,12,2020-01-01,2020-12-31,-1
2022-02-14,9612,2022-12-31,,,,,,,,,,,,,,,,,,,,,,,,,,,,,,25.00,,,,,,,false,true,12,2022-01-01,2022-12-31,1
2022-04-28,9612,2022-12-31,1,7736000000,,,,,,-101000000,,-22000000,,,-85000000,,-8.56,,,,,,27931000000,10107000000,0.361,989.76,10077000000,,,,,,,,,,,,true,false,3,2022-01-01,2022-03-31,0
2022-04-28,9612,2021-12-31,1,8996000000,-0.081,,,,,341000000,3.106,397000000,8.159,,275000000,,28.68,28.04,,,,,,,,,,,,,,,,,,,,,true,false,3,2021-01-01,2021-03-31,-1
2022-04-28,9612,2022-12-31,1,19900000000,0.063,,,,,78000000,-0.787,98000000,-0.763,,11000000,,1.11,,,,,,,,,,,,,,,,,,,,,,true,true,6,2022-01-01,2022-06-30,0
2022-04-28,9612,2022-12-31,1,42000000000,0.170,,,,,1200000000,,1250000000,,,700000000,,70.36,,,,,,,,,,,,,,,,,,,,,,true,true,12,2022-01-01,2022-12-31,0
2022-04-28,9612,2021-12-31,1,,,,,,,,,,,,,,,,,,,,26963000000,9614000000,0.355,985.05,9576000000,,,,,,,,,,,,true,false,12,2021-01-01,2021-12-31,-1
2022-04-28,9612,2021-12-31,1,,,,,,,,,,,,,,,,,,,,,,,,,,,,,25.00,,,,9842000,119770,,false,false,12,2021-01-01,2021-12-31,-1
2022-04-28,9612,2022-12-31,1,,,,,,,,,,,,,,,,,,,,,,,,,,,,,25.00,,,,,,,false,true,12,2022-01-01,2022-12-31,0
2022-04-28,9612,2022-12-31,1,,,,,,,,,,,,,,,,,,,,,,,,,,,,,,,,,10301500,119770,9948562,false,false,3,2022-01-01,2022-03-31,0
2022-04-28,9612,2021-12-31,1,,,,,,,,,,,,,,,,,,,,,,,,,,,,,,,,,,,9592056,false,false,3,2021-01-01,2021-03-31,-1
2022-07-29,9612,2022-12-31,2,17971000000,,,,,,-372000000,,-101000000,,,-211000000,,-21.05,,,,,,27049000000,9885000000,0.364,967.40,9857000000,,,,,,,,,,,,true,false,6,2022-01-01,2022-06-30,0
2022-07-29,9612,2021-12-31,2,18716000000,-0.047,,,,,366000000,-0.366,414000000,-0.310,,240000000,,25.10,24.47,,,,,,,,,,,,,,,,,,,,,true,false,6,2021-01-01,2021-06-30,-1
2022-07-29,9612,2022-12-31,2,42000000000,0.170,,,,,1200000000,,1250000000,,,700000000,,69.54,,,,,,,,,,,,,,,,,,,,,,true,true,12,2022-01-01,2022-12-31,0
2022-07-29,9612,2021-12-31,2,,,,,,,,,,,,,,,,,,,,26963000000,9614000000,0.355,985.05,9576000000,,,,,,,,,,,,true,false,12,2021-01-01,2021-12-31,-1
2022-07-29,9612,2021-12-31,2,,,,,,,,,,,,,,,,,,,,,,,,,,,,,25.00,,,,9842000,119770,,false,false,12,2021-01-01,2021-12-31,-1
2022-07-29,9612,2022-12-31,2,,,,,,,,,,,,,,,,,,,,,,,,,,,,,10.00,,,,,,,false,false,12,2022-01-01,2022-12-31,0
2022-07-29,9612,2022-12-31,2,,,,,,,,,,,,,,,,,,,,,,,,,,,,,25.00,,,,,,,false,true,12,2022-01-01,2022-12-31,0
2022-07-29,9612,2022-12-31,2,,,,,,,,,,,,,,,,,,,,,,,,,,,,,,,,,10309500,119770,10066721,false,false,6,2022-01-01,2022-06-30,0
2022-07-29,9612,2021-12-31,2,,,,,,,,,,,,,,,,,,,,,,,,,,,,,,,,,,,9595145,false,false,6,2021-01-01,2021-06-30,-1
2022-10-31,9612,2022-12-31,3,28141000000,,,,,,-443000000,,-116000000,,,-248000000,,-24.58,,,,,,27457000000,9773000000,0.355,953.81,9743000000,,,,,,,,,,,,true,false,9,2022-01-01,2022-09-30,0
2022-10-31,9612,2021-12-31,3,26457000000,-0.014,,,,,54000000,,160000000,,,29000000,,3.04,2.96,,,,,,,,,,,,,,,,,,,,,true,false,9,2021-01-01,2021-09-30,-1
2022-10-31,9612,2022-12-31,3,38000000000,0.059,,,,,400000000,,600000000,,,350000000,,34.61,,,,,,,,,,,,,,,,,,,,,,true,true,12,2022-01-01,2022-12-31,0
2022-10-31,9612,2021-12-31,3,,,,,,,,,,,,,,,,,,,,26963000000,9614000000,0.355,985.05,9576000000,,,,,,,,,,,,true,false,12,2021-01-01,2021-12-31,-1
2022-10-31,9612,2021-12-31,3,,,,,,,,,,,,,,,,,,,,,,,,,,,,,25.00,,,,9842000,119770,,false,false,12,2021-01-01,2021-12-31,-1
2022-10-31,9612,2022-12-31,3,,,,,,,,,,,,,,,,,,,,,,,,,,,,,10.00,,,,,,,false,false,12,2022-01-01,2022-12-31,0
2022-10-31,9612,2022-12-31,3,,,,,,,,,,,,,,,,,,,,,,,,,,,,,25.00,,,,,,,false,true,12,2022-01-01,2022-12-31,0
2022-10-31,9612,2022-12-31,3,,,,,,,,,,,,,,,,,,,,,,,,,,,,,,,,,10335600,119770,10113521,false,false,9,2022-01-01,2022-09-30,0
2022-10-31,9612,2021-12-31,3,,,,,,,,,,,,,,,,,,,,,,,,,,,,,,,,,,,9609846,false,false,9,2021-01-01,2021-09-30,-1
2023-02-09,96120,2022-12-31,,41106000000,0.082,,,,,-160000000,,119000000,-0.801,,-61000000,,-6.08,,,,,,,,,,,,,,,,,,,,,,true,true,12,2022-01-01,2022-12-31,0
2023-02-09,96120,2021-12-31,,35886000000,,,,,,-350000000,,-155000000,,,-120000000,,-12.49,,,,,,,,,,,,,,,,,,,,,,true,false,12,2021-01-01,2021-12-31,-1
2023-02-14,9612,2022-12-31,,41106000000,,,,,,-287000000,,143000000,,,-149000000,,-14.79,,-0.015,0.005,-0.007,,30645000000,9971000000,0.324,971.92,9942000000,-642000000,-662000000,1666000000,6504000000,,,,,,,,true,false,12,2022-01-01,2022-12-31,0
2023-02-14,9612,2021-12-31,,35886000000,-0.034,,,,,-350000000,,-155000000,,,-120000000,,-12.49,,-0.013,-0.006,-0.010,,26963000000,9614000000,0.355,985.05,9576000000,1652000000,-65000000,-484000000,6110000000,,,,,,,,true,false,12,2021-01-01,2021-12-31,-1
2023-02-14,9612,2023-12-31,,20100000000,0.118,,,,,250000000,,284000000,,,155000000,,19.65,,,,,,,,,,,,,,,,,,,,,,true,true,6,2023-01-01,2023-06-30,1
2023-02-14,9612,2023-12-31,,42000000000,0.022,,,,,700000000,,750000000,4.213,,450000000,,43.99,,,,,,,,,,,,,,,,0.341,,,,,,true,true,12,2023-01-01,2023-12-31,1
2023-02-14,9612,2022-12-31,,29175000000,,,,,,-703000000,,-465000000,,-1007000000,,,-99.37,,,,,,25634000000,7865000000,0.307,768.84,7865000000,,,,,25.00,,,,10349600,119770,10140819,false,false,12,2022-01-01,2022-12-31,0
2023-02-14,9612,2021-12-31,,26630000000,-0.057,,,,,-627000000,,-419000000,,-371000000,,,-48.63,,,,,,22705000000,8289000000,0.365,851.99,8283000000,,,,,25.00,,,,9842000,119770,9627699,false,false,12,2021-01-01,2021-12-31,-1
2023-02-14,9612,2023-12-31,,,,,,,,,,,,,,,,,,,,,,,,,,,,,,15.00,,,,,,,false,true,12,2023-01-01,2023-12-31,1
2023-04-28,9612,2023-12-31,1,11771000000,0.522,,,,,209000000,,245000000,,,153000000,,14.98,14.75,,,,,29883000000,10056000000,0.336,979.59,10029000000,,,,,,,,,,,,true,false,3,2023-01-01,2023-03-31,0
2023-04-28,9612,2022-12-31,1,7736000000,,,,,,-101000000,,-22000000,,,-85000000,,-8.56,,,,,,,,,,,,,,,,,,,,,,true,false,3,2022-01-01,2022-03-31,-1
2023-04-28,9612,2023-12-31,1,20100000000,0.118,,,,,250000000,,284000000,,,155000000,,15.15,,,,,,,,,,,,,,,,,,,,,,true,true,6,2023-01-01,2023-06-30,0
2023-04-28,9612,2023-12-31,1,42000000000,0.022,,,,,700000000,,750000000,4.213,,450000000,,43.70,,,,,,,,,,,,,,,,,,,,,,true,true,12,2023-01-01,2023-12-31,0
2023-04-28,9612,2022-12-31,1,,,,,,,,,,,,,,,,,,,,30567000000,9971000000,0.325,971.92,9942000000,,,,,,,,,,,,true,false,12,2022-01-01,2022-12-31,-1
2023-04-28,9612,2022-12-31,1,,,,,,,,,,,,,,,,,,,,,,,,,,,,,25.00,,,,10349600,119770,,false,false,12,2022-01-01,2022-12-31,-1
2023-04-28,9612,2023-12-31,1,,,,,,,,,,,,,,,,,,,,,,,,,,,,,15.00,,,,,,,false,true,12,2023-01-01,2023-12-31,0
2023-04-28,9612,2023-12-31,1,,,,,,,,,,,,,,,,,,,,,,,,,,,,,,,,,10357800,119770,10234154,false,false,3,2023-01-01,2023-03-31,0
2023-04-28,9612,2022-12-31,1,,,,,,,,,,,,,,,,,,,,,,,,,,,,,,,,,,,9948562,false,false,3,2022-01-01,2022-03-31,-1
2023-04-28,9612,2023-12-31,1,11744000000,0.518,,,,,21000000,,37000000,,,5000000,,0.58,0.57,,,,,29841000000,9909000000,0.331,965.20,9881000000,,,,,,,,,,,,true,false,3,2023-01-01,2023-03-31,0
2023-04-28,9612,2022-12-31,1,7736000000,,,,,,-101000000,,-22000000,,,-85000000,,-8.56,,,,,,,,,,,,,,,,,,,,,,true,false,3,2022-01-01,2022-03-31,-1
2023-04-28,9612,2023-12-31,1,20100000000,0.118,,,,,250000000,,284000000,,,155000000,,15.15,,,,,,,,,,,,,,,,,,,,,,true,true,6,2023-01-01,2023-06-30,0
2023-04-28,9612,2023-12-31,1,42000000000,0.022,,,,,700000000,,750000000,4.213,,450000000,,43.70,,,,,,,,,,,,,,,,,,,,,,true,true,12,2023-01-01,2023-12-31,0
2023-04-28,9612,2022-12-31,1,,,,,,,,,,,,,,,,,,,,30567000000,9971000000,0.325,971.92,9942000000,,,,,,,,,,,,true,false,12,2022-01-01,2022-12-31,-1
2023-04-28,9612,2022-12-31,1,,,,,,,,,,,,,,,,,,,,,,,,,,,,,25.00,,,,10349600,119770,,false,false,12,2022-01-01,2022-12-31,-1
2023-04-28,9612,2023-12-31,1,,,,,,,,,,,,,,,,,,,,,,,,,,,,,15.00,,,,,,,false,true,12,2023-01-01,2023-12-31,0
2023-04-28,9612,2023-12-31,1,,,,,,,,,,,,,,,,,,,,,,,,,,,,,,,,,10357800,119770,10234154,false,false,3,2023-01-01,2023-03-31,0
2023-04-28,9612,2022-12-31,1,,,,,,,,,,,,,,,,,,,,,,,,,,,,,,,,,,,9948562,false,false,3,2022-01-01,2022-03-31,-1
2023-08-14,9612,2023-12-31,2,22926000000,0.276,,,,,83000000,,194000000,,,-106000000,,-10.42,,,,,,28549000000,9994000000,0.349,970.33,9967000000,,,,,,,,,,,,true,false,6,2023-01-01,2023-06-30,0
2023-08-14,9612,2022-12-31,2,17971000000,,,,,,-372000000,,-101000000,,,-211000000,,-21.05,,,,,,,,,,,,,,,,,,,,,,true,false,6,2022-01-01,2022-06-30,-1
2023-08-14,9612,2023-12-31,2,42000000000,0.022,,,,,700000000,,750000000,4.213,,450000000,,43.82,,,,,,,,,,,,,,,,,,,,,,true,true,12,2023-01-01,2023-12-31,0
2023-08-14,9612,2022-12-31,2,,,,,,,,,,,,,,,,,,,,30567000000,9971000000,0.325,971.92,9942000000,,,,,,,,,,,,true,false,12,2022-01-01,2022-12-31,-1
2023-08-14,9612,2022-12-31,2,,,,,,,,,,,,,,,,,,,,,,,,,,,,,25.00,,,,10349600,119770,,false,false,12,2022-01-01,2022-12-31,-1
2023-08-14,9612,2023-12-31,2,,,,,,,,,,,,,,,,,,,,,,,,,,,,,15.00,,,,,,,false,true,12,2023-01-01,2023-12-31,0
2023-08-14,9612,2023-12-31,2,,,,,,,,,,,,,,,,,,,,,,,,,,,,,,,,,10391600,119827,10248648,false,false,6,2023-01-01,2023-06-30,0
2023-08-14,9612,2022-12-31,2,,,,,,,,,,,,,,,,,,,,,,,,,,,,,,,,,,,10066721,false,false,6,2022-01-01,2022-06-30,-1
2023-11-10,9612,2023-12-31,3,32147000000,0.142,,,,,-193000000,,-34000000,,,-163000000,,-15.94,,,,,,27164000000,9453000000,0.347,917.24,9426000000,,,,,,,,,,,,true,false,9,2023-01-01,2023-09-30,0
2023-11-10,9612,2022-12-31,3,28141000000,,,,,,-443000000,,-116000000,,,-248000000,,-24.58,,,,,,,,,,,,,,,,,,,,,,true,false,9,2022-01-01,2022-09-30,-1
2023-11-10,9612,2023-12-31,3,42000000000,0.022,,,,,700000000,,750000000,4.213,,450000000,,43.87,,,,,,,,,,,,,,,,,,,,,,true,true,12,2023-01-01,2023-12-31,0
2023-11-10,9612,2022-12-31,3,,,,,,,,,,,,,,,,,,,,30567000000,9971000000,0.325,971.92,9942000000,,,,,,,,,,,,true,false,12,2022-01-01,2022-12-31,-1
2023-11-10,9612,2022-12-31,3,,,,,,,,,,,,,,,,,,,,,,,,,,,,,25.00,,,,10349600,119770,,false,false,12,2022-01-01,2022-12-31,-1
2023-11-10,9612,2023-12-31,3,,,,,,,,,,,,,,,,,,,,,,,,,,,,,15.00,,,,,,,false,true,12,2023-01-01,2023-12-31,0
2023-11-10,9612,2023-12-31,3,,,,,,,,,,,,,,,,,,,,,,,,,,,,,,,,,10397100,119827,10257476,false,false,9,2023-01-01,2023-09-30,0
2023-11-10,9612,2022-12-31,3,,,,,,,,,,,,,,,,,,,,,,,,,,,,,,,,,,,10113521,false,false,9,2022-01-01,2022-09-30,-1
2024-06-14,9612,2023-12-31,,45116000000,0.100,,,,,460000000,,612000000,5.254,,252000000,,24.58,23.97,0.025,0.021,0.010,,27379000000,10049000000,0.366,974.98,10020000000,-141000000,1180000000,-1168000000,6391000000,,,,,,,,true,false,12,2023-01-01,2023-12-31,0
2024-06-14,9612,2022-12-31,,41027000000,,,,,,-312000000,,97000000,,,-168000000,,-16.63,,-0.017,0.003,-0.008,,30779000000,10107000000,0.327,985.14,10077000000,-642000000,-662000000,1666000000,6504000000,,,,,,,,true,false,12,2022-01-01,2022-12-31,-1
2024-06-14,9612,2024-12-31,,21900000000,-0.045,,,,,145000000,,145000000,,,,,,,,,,,,,,,,,,,,,,,,,,,true,true,6,2024-01-01,2024-06-30,1
2024-06-14,9612,2024-12-31,,45000000000,0.000,,,,,800000000,2.125,800000000,1.046,,,,,,,,,,,,,,,,,,,,0.417,,,,,,true,true,12,2024-01-01,2024-12-31,1
2024-06-14,9612,2023-12-31,,32088000000,0.100,,,,,68000000,,253000000,,-49000000,,,-4.84,,,,,,22397000000,7698000000,0.344,749.00,7697000000,,,,,0.00,,,,10397100,119827,10262468,false,false,12,2023-01-01,2023-12-31,0
2024-06-14,9612,2022-12-31,,29175000000,,,,,,-713000000,,-496000000,,-1016000000,,,-100.19,,,,,,25844000000,8012000000,0.310,783.19,8011000000,,,,,25.00,,,,10349600,119770,10140819,false,false,12,2022-01-01,2022-12-31,-1
2024-06-14,9612,2024-12-31,,,,,,,,,,,,,,,,,,,,,,,,,,,,,,15.00,,,,,,,false,true,12,2024-01-01,2024-12-31,1
2024-06-14,9612,2024-12-31,1,11554000000,-0.024,,,,,223000000,0.441,276000000,0.466,,-167000000,,-16.31,,,,,,29512000000,9859000000,0.333,956.41,9829000000,,,,,,,,,,,,true,false,3,2024-01-01,2024-03-31,0
2024-06-14,9612,2023-12-31,1,11833000000,0.530,,,,,155000000,,188000000,,,112000000,,10.97,10.80,,,,,,,,,,,,,,,,,,,,,true,false,3,2023-01-01,2023-03-31,-1
2024-06-14,9612,2024-12-31,1,21900000000,-0.048,,,,,145000000,-0.380,145000000,-0.599,,,,,,,,,,,,,,,,,,,,,,,,,,true,true,6,2024-01-01,2024-06-30,0
2024-06-14,9612,2024-12-31,1,45000000000,-0.003,,,,,800000000,0.738,800000000,0.307,,,,,,,,,,,,,,,,,,,,,,,,,,true,true,12,2024-01-01,2024-12-31,0
2024-06-14,9612,2023-12-31,1,,,,,,,,,,,,,,,,,,,,27379000000,10049000000,0.366,1044.89,10020000000,,,,,,,,,,,,true,false,12,2023-01-01,2023-12-31,-1
2024-06-14,9612,2023-12-31,1,,,,,,,,,,,,,,,,,,,,,,,,,,,,,0.00,,,,10397100,119827,,false,false,12,2023-01-01,2023-12-31,-1
2024-06-14,9612,2024-12-31,1,,,,,,,,,,,,,,,,,,,,,,,,,,,,,15.00,,,,,,,false,true,12,2024-01-01,2024-12-31,0
2024-06-14,9612,2024-12-31,1,,,,,,,,,,,,,,,,,,,,,,,,,,,,,,,,,10397100,119827,10277273,false,false,3,2024-01-01,2024-03-31,0
2024-06-14,9612,2023-12-31,1,,,,,,,,,,,,,,,,,,,,,,,,,,,,,,,,,,,10234154,false,false,3,2023-01-01,2023-03-31,-1
2024-08-14,9612,2024-12-31,2,24646000000,0.071,,,,,1111000000,3.748,1247000000,2.451,,67000000,,6.55,6.53,,,,,30641000000,10055000000,0.327,975.58,10026000000,,,,,,,,,,,,true,false,6,2024-01-01,2024-06-30,0
2024-08-14,9612,2023-12-31,2,23015000000,0.281,,,,,234000000,,361000000,,,14000000,,1.44,1.42,,,,,,,,,,,,,,,,,,,,,true,false,6,2023-01-01,2023-06-30,-1
2024-08-14,9612,2024-12-31,2,45000000000,-0.003,,,,,800000000,0.738,800000000,0.307,,,,,,,,,,,,,,,,,,,,,,,,,,true,true,12,2024-01-01,2024-12-31,0
2024-08-14,9612,2023-12-31,2,,,,,,,,,,,,,,,,,,,,27379000000,10049000000,0.366,974.98,10020000000,,,,,,,,,,,,true,false,12,2023-01-01,2023-12-31,-1
2024-08-14,9612,2023-12-31,2,,,,,,,,,,,,,,,,,,,,,,,,,,,,,0.00,,,,10397100,119827,,false,false,12,2023-01-01,2023-12-31,-1
2024-08-14,9612,2024-12-31,2,,,,,,,,,,,,,,,,,,,,,,,,,,,,,15.00,,,,,,,false,true,12,2024-01-01,2024-12-31,0
2024-08-14,9612,2024-12-31,2,,,,,,,,,,,,,,,,,,,,,,,,,,,,,,,,,10397100,119827,10277273,false,false,6,2024-01-01,2024-06-30,0
2024-08-14,9612,2023-12-31,2,,,,,,,,,,,,,,,,,,,,,,,,,,,,,,,,,,,10248648,false,false,6,2023-01-01,2023-06-30,-1
2024-11-14,9612,2024-12-31,3,34514000000,0.071,,,,,477000000,,548000000,2.638,,-494000000,,-48.14,,,,,,27336000000,9501000000,0.347,921.63,9471000000,,,,,,,,,,,,true,false,9,2024-01-01,2024-09-30,0
2024-11-14,9612,2023-12-31,3,32236000000,0.146,,,,,-24000000,,150000000,,,-27000000,,-2.68,,,,,,,,,,,,,,,,,,,,,,true,false,9,2023-01-01,2023-09-30,-1
2024-11-14,9612,2024-12-31,3,45000000000,-0.003,,,,,800000000,0.738,800000000,0.307,,,,,,,,,,,,,,,,,,,,,,,,,,true,true,12,2024-01-01,2024-12-31,0
2024-11-14,9612,2023-12-31,3,,,,,,,,,,,,,,,,,,,,27379000000,10049000000,0.366,974.98,10020000000,,,,,,,,,,,,true,false,12,2023-01-01,2023-12-31,-1
2024-11-14,9612,2023-12-31,3,,,,,,,,,,,,,,,,,,,,,,,,,,,,,0.00,,,,10397100,119827,,false,false,12,2023-01-01,2023-12-31,-1
2024-11-14,9612,2024-12-31,3,,,,,,,,,,,,,,,,,,,,,,,,,,,,,15.00,,,,,,,false,true,12,2024-01-01,2024-12-31,0
2024-11-14,9612,2024-12-31,3,,,,,,,,,,,,,,,,,,,,,,,,,,,,,,,,,10397100,119827,10277273,false,false,9,2024-01-01,2024-09-30,0
2024-11-14,9612,2023-12-31,3,,,,,,,,,,,,,,,,,,,,,,,,,,,,,,,,,,,10257476,false,false,9,2023-01-01,2023-09-30,-1
2025-02-07,96120,2024-12-31,,47659000000,0.059,,,,,233000000,-0.708,388000000,-0.514,,-479000000,,-46.61,,,,,,,,,,,,,,,,,,,,,,true,true,12,2024-01-01,2024-12-31,0
2025-02-07,96120,2023-12-31,,45116000000,,,,,,460000000,,612000000,,,252000000,,24.58,,,,,,,,,,,,,,,,,,,,,,true,false,12,2023-01-01,2023-12-31,-1
2025-02-07,96120,2024-12-31,,,,,,,,,,,,,,,,,,,,,,,,,,,,,,0.00,,,,,,,false,true,12,2024-01-01,2024-12-31,0
2025-02-07,96120,2023-12-31,,,,,,,,,,,,,,,,,,,,,,,,,,,,,,0.00,,,,,,,false,false,12,2023-01-01,2023-12-31,-1
2025-02-14,9612,2024-12-31,,47659000000,0.056,,,,,233000000,-0.493,388000000,-0.365,,-479000000,,-46.61,,-0.050,0.015,0.005,,25495000000,9318000000,0.364,903.71,9287000000,860000000,498000000,-1110000000,6669000000,,,,,,,,true,false,12,2024-01-01,2024-12-31,0
2025-02-14,9612,2023-12-31,,45116000000,0.100,,,,,460000000,,612000000,5.254,,252000000,,24.58,23.97,0.025,0.021,0.010,,27379000000,10049000000,0.366,974.98,10020000000,-141000000,1180000000,-1168000000,6391000000,,,,,,,,true,false,12,2023-01-01,2023-12-31,-1
2025-02-14,9612,2025-12-31,,23800000000,-0.034,,,,,900000000,-0.190,900000000,-0.279,,,,,,,,,,,,,,,,,,,,,,,,,,true,true,6,2025-01-01,2025-06-30,1
2025-02-14,9612,2025-12-31,,46000000000,-0.035,,,,,1000000000,3.283,1020000000,1.626,,,,,,,,,,,,,,,,,,,,,,,,,,true,true,12,2025-01-01,2025-12-31,1
2025-02-14,9612,2024-12-31,,33721000000,0.051,,,,,-779000000,,-619000000,,-1226000000,,,-119.34,,,,,,19981000000,6248000000,0.313,607.96,6248000000,,,,,0.00,,,,10397100,119827,10277273,false,false,12,2024-01-01,2024-12-31,0
2025-02-14,9612,2023-12-31,,32088000000,0.100,,,,,68000000,,253000000,,-49000000,,,-4.84,,,,,,22397000000,7698000000,0.344,749.00,7697000000,,,,,0.00,,,,10397100,119827,10262468,false,false,12,2023-01-01,2023-12-31,-1
2025-05-15,9612,2025-12-31,1,11744000000,0.016,,,,,672000000,2.008,600000000,1.176,,472000000,,45.97,,,,,,24778000000,9745000000,0.392,944.88,9710000000,,,,,,,,,,,,true,false,3,2025-01-01,2025-03-31,0
2025-05-15,9612,2024-12-31,1,11554000000,-0.024,,,,,223000000,0.441,276000000,0.466,,-167000000,,-16.31,,,,,,,,,,,,,,,,,,,,,,true,false,3,2024-01-01,2024-03-31,-1
2025-05-15,9612,2025-12-31,1,23800000000,-0.034,,,,,900000000,-0.190,900000000,-0.279,,,,,,,,,,,,,,,,,,,,,,,,,,true,true,6,2025-01-01,2025-06-30,0
2025-05-15,9612,2025-12-31,1,46000000000,-0.035,,,,,1000000000,3.283,1020000000,1.626,,,,,,,,,,,,,,,,,,,,,,,,,,true,true,12,2025-01-01,2025-12-31,0
2025-05-15,9612,2024-12-31,1,,,,,,,,,,,,,,,,,,,,25495000000,9318000000,0.364,903.71,9287000000,,,,,,,,,,,,true,false,12,2024-01-01,2024-12-31,-1
2025-05-15,9612,2024-12-31,1,,,,,,,,,,,,,,,,,,,,,,,,,,,,,0.00,,,,10397100,119827,,false,false,12,2024-01-01,2024-12-31,-1
2025-05-15,9612,2025-12-31,1,,,,,,,,,,,,,,,,,,,,,,,,,,,,,,,,,10397100,119827,10277273,false,false,3,2025-01-01,2025-03-31,0
2025-05-15,9612,2024-12-31,1,,,,,,,,,,,,,,,,,,,,,,,,,,,,,,,,,,,10277273,false,false,3,2024-01-01,2024-03-31,-1
