filing_date,code,fiscal_year_end,quarterly_period,net_sales,net_sales_change,revenue,revenue_change,operating_revenue,operating_revenue_change,operating_profit,operating_profit_change,ordinary_profit,ordinary_profit_change,net_income,net_income_of_parent,net_income_change,eps,diluted_eps,roe,roa,operating_profit_to_net_sales,operating_profit_to_revenue,total_assets,net_assets,equity_ratio,bps,owner_equity,operating_cash_flow,investing_cash_flow,financing_cash_flow,cash,dividend_per_share,payout_ratio,commemorative_dividend,extra_dividend,number_of_shares,number_of_treqsury_shares,avg_number_of_shares,is_consolidated,is_forecast,duration,period_start,period_end,period_pos
2015-05-08,96400,2015-03-31,,30485000000,-0.062,,,,,-4123000000,,-4081000000,,-4707000000,,,-290.60,,-0.339,-0.156,-0.135,,25638000000,11299000000,0.440,696.70,11286000000,2216000000,-3149000000,-989000000,7634000000,,,,,,,,true,false,12,2014-04-01,2015-03-31,0
2015-05-08,96400,2014-03-31,,32500000000,,,,,,3335000000,,3350000000,,1863000000,,,115.05,,0.115,0.129,0.103,,26595000000,16582000000,0.623,1022.58,16565000000,4335000000,-1256000000,-1022000000,9550000000,,0.304,,,,,,true,false,12,2013-04-01,2014-03-31,-1
2015-05-08,96400,2016-03-31,,13700000000,-0.108,,,,,1170000000,-0.093,1180000000,-0.107,,750000000,,46.30,,,,,,,,,,,,,,,,,,,,,,true,true,6,2015-04-01,2015-09-30,1
2015-05-08,96400,2016-03-31,,29700000000,-0.026,,,,,3180000000,,3190000000,,,2080000000,,128.40,,,,,,,,,,,,,,,,,,,,,,true,true,12,2015-04-01,2016-03-31,1
2015-05-08,96400,2015-03-31,,27755000000,-0.077,,,,,-4543000000,,-4474000000,,-4909000000,,,-303.06,,,,,,25493000000,10758000000,0.422,664.12,10758000000,,,,,10.00,,,,16200000,217,16199783,false,false,12,2014-04-01,2015-03-31,0
2015-05-08,96400,2014-03-31,,30077000000,,,,,,3050000000,,3076000000,,1776000000,,,109.67,,,,,,26299000000,16254000000,0.618,1003.36,16254000000,,,,,35.00,,,,16200000,217,16199783,false,false,12,2013-04-01,2014-03-31,-1
2015-05-08,96400,2016-03-31,,12300000000,-0.124,,,,,1020000000,-0.054,1080000000,-0.047,720000000,,-0.006,44.45,,,,,,,,,,,,,,,,,,,,,,false,true,6,2015-04-01,2015-09-30,1
2015-05-08,96400,2016-03-31,,26700000000,-0.038,,,,,2760000000,,2820000000,,1890000000,,,116.67,,,,,,,,,,,,,,,0.00,,,,,,,false,true,12,2015-04-01,2016-03-31,1
2015-07-27,96400,2016-03-31,1,7201000000,-0.014,,,,,738000000,0.607,742000000,0.524,,248000000,,15.32,,,,,,25690000000,11656000000,0.453,,11643000000,,,,,,,,,,,,true,false,3,2015-04-01,2015-06-30,0
2015-07-27,96400,2015-03-31,1,7306000000,0.112,,,,,459000000,0.333,487000000,0.289,,294000000,,18.15,,,,,,,,,,,,,,,,,,,,,,true,false,3,2014-04-01,2014-06-30,-1
2015-07-27,96400,2016-03-31,1,13700000000,-0.108,,,,,1170000000,-0.093,1180000000,-0.107,,750000000,,46.30,,,,,,,,,,,,,,,,,,,,,,true,true,6,2015-04-01,2015-09-30,0
2015-07-27,96400,2016-03-31,1,29700000000,-0.026,,,,,3180000000,,3190000000,,,2080000000,,128.40,,,,,,,,,,,,,,,,,,,,,,true,true,12,2015-04-01,2016-03-31,0
2015-07-27,96400,2015-03-31,1,,,,,,,,,,,,,,,,,,,,25638000000,11299000000,0.440,,11286000000,,,,,,,,,,,,true,false,12,2014-04-01,2015-03-31,-1
2015-07-27,96400,2015-03-31,1,,,,,,,,,,,,,,,,,,,,,,,,,,,,,10.00,,,,16200000,217,,false,false,12,2014-04-01,2015-03-31,-1
2015-07-27,96400,2016-03-31,1,,,,,,,,,,,,,,,,,,,,,,,,,,,,,0.00,,,,,,,false,true,12,2015-04-01,2016-03-31,0
2015-07-27,96400,2016-03-31,1,,,,,,,,,,,,,,,,,,,,,,,,,,,,,,,,,16200000,217,16199783,false,false,3,2015-04-01,2015-06-30,0
2015-07-27,96400,2015-03-31,1,,,,,,,,,,,,,,,,,,,,,,,,,,,,,,,,,,,16199783,false,false,3,2014-04-01,2014-06-30,-1
2015-10-14,96400,2016-03-31,,14400000000,0.051,,,,,1760000000,0.504,1770000000,0.500,,1190000000,,73.46,,,,,,,,,,,,,,,,,,,,,,true,true,6,2015-04-01,2015-09-30,0
2015-10-14,96400,2015-03-31,,15363000000,,,,,,1290000000,,1321000000,,,812000000,,50.15,,,,,,,,,,,,,,,,,,,,,,true,false,6,2014-04-01,2014-09-30,-1
2015-10-14,96400,2016-03-31,,13000000000,0.057,,,,,1550000000,0.520,1610000000,0.491,1140000000,,0.583,70.37,,,,,,,,,,,,,,,,,,,,,,false,true,6,2015-04-01,2015-09-30,0
2015-10-28,96400,2016-03-31,2,14485000000,-0.057,,,,,1734000000,0.345,1738000000,0.315,,1171000000,,72.29,,,,,,24845000000,12356000000,0.497,,12342000000,,,,,,,,,,,,true,false,6,2015-04-01,2015-09-30,0
2015-10-28,96400,2015-03-31,2,15363000000,-0.049,,,,,1290000000,0.277,1321000000,0.268,,812000000,,50.15,,,,,,,,,,,,,,,,,,,,,,true,false,6,2014-04-01,2014-09-30,-1
2015-10-28,96400,2016-03-31,2,29700000000,-0.026,,,,,3180000000,,3190000000,,,2080000000,,128.40,,,,,,,,,,,,,,,,,,,,,,true,true,12,2015-04-01,2016-03-31,0
2015-10-28,96400,2015-03-31,2,,,,,,,,,,,,,,,,,,,,25638000000,11299000000,0.440,,11286000000,,,,,,,,,,,,true,false,12,2014-04-01,2015-03-31,-1
2015-10-28,96400,2015-03-31,2,,,,,,,,,,,,,,,,,,,,,,,,,,,,,10.00,,,,16200000,217,,false,false,12,2014-04-01,2015-03-31,-1
2015-10-28,96400,2016-03-31,2,,,,,,,,,,,,,,,,,,,,,,,,,,,,,0.00,,,,,,,false,false,12,2015-04-01,2016-03-31,0
2015-10-28,96400,2016-03-31,2,,,,,,,,,,,,,,,,,,,,,,,,,,,,,,,,,16200000,218,16199783,false,false,6,2015-04-01,2015-09-30,0
2015-10-28,96400,2015-03-31,2,,,,,,,,,,,,,,,,,,,,,,,,,,,,,,,,,,,16199783,false,false,6,2014-04-01,2014-09-30,-1
2016-01-26,96400,2016-03-31,3,22136000000,-0.013,,,,,2027000000,,2037000000,,,1136000000,,70.14,,,,,,25762000000,12358000000,0.479,,12344000000,,,,,,,,,,,,true,false,9,2015-04-01,2015-12-31,0
2016-01-26,96400,2015-03-31,3,22439000000,-0.056,,,,,-5475000000,,-5449000000,,,-4295000000,,-265.17,,,,,,,,,,,,,,,,,,,,,,true,false,9,2014-04-01,2014-12-31,-1
2016-01-26,96400,2016-03-31,3,29700000000,-0.026,,,,,3180000000,,3190000000,,,2080000000,,128.40,,,,,,,,,,,,,,,,,,,,,,true,true,12,2015-04-01,2016-03-31,0
2016-01-26,96400,2015-03-31,3,,,,,,,,,,,,,,,,,,,,25638000000,11299000000,0.440,,11286000000,,,,,,,,,,,,true,false,12,2014-04-01,2015-03-31,-1
2016-01-26,96400,2015-03-31,3,,,,,,,,,,,,,,,,,,,,,,,,,,,,,10.00,,,,16200000,217,,false,false,12,2014-04-01,2015-03-31,-1
2016-01-26,96400,2016-03-31,3,,,,,,,,,,,,,,,,,,,,,,,,,,,,,0.00,,,,,,,false,false,12,2015-04-01,2016-03-31,0
2016-01-26,96400,2016-03-31,3,,,,,,,,,,,,,,,,,,,,,,,,,,,,,,,,,16200000,218,16199782,false,false,9,2015-04-01,2015-12-31,0
2016-01-26,96400,2015-03-31,3,,,,,,,,,,,,,,,,,,,,,,,,,,,,,,,,,,,16199783,false,false,9,2014-04-01,2014-12-31,-1
,96400,2016-03-31,,,,,,,,,,,,,,,,,,,,,,,,,,,,,,0.00,,,,,,,false,true,12,2015-04-01,2016-03-31,0
,96400,2016-03-31,,,,,,,,,,,,,,,,,,,,,,,,,,,,,,0.00,,,,,,,false,false,12,2015-04-01,2016-03-31,0
,96400,2015-03-31,,,,,,,,,,,,,,,,,,,,,,,,,,,,,,10.00,,,,,,,false,false,12,2014-04-01,2015-03-31,-1
2016-03-28,96400,2016-03-31,,30000000000,0.010,,,,,2810000000,-0.116,2730000000,-0.144,-6560000000,,,-404.94,,,,,,,,,,,,,,,,,,,,,,true,true,12,2015-04-01,2016-03-31,0
2016-03-28,96400,2015-03-31,,30485000000,,,,,,-4123000000,,-4081000000,,-4707000000,,,-290.60,,,,,,,,,,,,,,,,,,,,,,true,false,12,2014-04-01,2015-03-31,-1
2016-03-28,96400,2016-03-31,,27000000000,0.011,,,,,,,2210000000,-0.216,-6840000000,,,-422.22,,,,,,,,,,,,,,,,,,,,,,false,true,12,2015-04-01,2016-03-31,0
2016-03-28,96400,2015-03-31,,27755000000,,,,,,,,-4474000000,,-4909000000,,,-303.06,,,,,,,,,,,,,,,,,,,,,,false,false,12,2014-04-01,2015-03-31,-1
2016-05-10,96400,2016-03-31,,29792000000,-0.023,,,,,2654000000,,2569000000,,,-6094000000,,-376.22,,-0.750,0.105,0.089,,23312000000,4971000000,0.213,306.91,4971000000,452000000,-3625000000,1022000000,5456000000,,,,,,,,true,false,12,2015-04-01,2016-03-31,0
2016-05-10,96400,2015-03-31,,30485000000,-0.062,,,,,-4123000000,,-4081000000,,,-4707000000,,-290.60,,-0.339,-0.156,-0.135,,25638000000,11299000000,0.440,696.70,11286000000,2216000000,-3149000000,-989000000,7634000000,,,,,,,,true,false,12,2014-04-01,2015-03-31,-1
2016-05-10,96400,2017-03-31,,14500000000,0.001,,,,,1400000000,-0.193,1375000000,-0.209,,950000000,,58.64,,,,,,,,,,,,,,,,,,,,,,true,true,6,2016-04-01,2016-09-30,1
2016-05-10,96400,2017-03-31,,28000000000,-0.060,,,,,3000000000,0.130,2950000000,0.148,,2000000000,,123.46,,,,,,,,,,,,,,,,,,,,,,true,true,12,2016-04-01,2017-03-31,1
2016-05-10,96400,2015-03-31,,,,,,,,,,,,,,,,,,,,,,,,,,,,,,10.00,,,,16200000,217,16199783,false,false,12,2014-04-01,2015-03-31,-1
2016-05-10,96400,2016-03-31,,,,,,,,,,,,,,,,,,,,,,,,,,,,,,0.00,,,,16200000,218,16199782,false,false,12,2015-04-01,2016-03-31,0
2016-07-26,96400,2017-03-31,1,8169000000,0.134,,,,,695000000,-0.059,691000000,-0.069,,321000000,,19.84,,,,,,22483000000,5308000000,0.236,,5308000000,,,,,,,,,,,,true,false,3,2016-04-01,2016-06-30,0
2016-07-26,96400,2016-03-31,1,7201000000,-0.014,,,,,738000000,0.607,742000000,0.524,,248000000,,15.32,,,,,,,,,,,,,,,,,,,,,,true,false,3,2015-04-01,2015-06-30,-1
2016-07-26,96400,2017-03-31,1,14500000000,0.001,,,,,1400000000,-0.193,1375000000,-0.209,,950000000,,58.64,,,,,,,,,,,,,,,,,,,,,,true,true,6,2016-04-01,2016-09-30,0
2016-07-26,96400,2017-03-31,1,28000000000,-0.060,,,,,3000000000,0.130,2950000000,0.148,,2000000000,,123.46,,,,,,,,,,,,,,,,,,,,,,true,true,12,2016-04-01,2017-03-31,0
2016-07-26,96400,2016-03-31,1,,,,,,,,,,,,,,,,,,,,23312000000,4971000000,0.213,,4971000000,,,,,,,,,,,,true,false,12,2015-04-01,2016-03-31,-1
2016-07-26,96400,2016-03-31,1,,,,,,,,,,,,,,,,,,,,,,,,,,,,,0.00,,,,16200000,218,,false,false,12,2015-04-01,2016-03-31,-1
2016-07-26,96400,2017-03-31,1,,,,,,,,,,,,,,,,,,,,,,,,,,,,,,,,,16200000,279,16199781,false,false,3,2016-04-01,2016-06-30,0
2016-07-26,96400,2016-03-31,1,,,,,,,,,,,,,,,,,,,,,,,,,,,,,,,,,,,16199783,false,false,3,2015-04-01,2015-06-30,-1
2016-10-26,96400,2017-03-31,2,15775000000,0.089,,,,,1689000000,-0.026,1644000000,-0.054,,955000000,,58.96,,,,,,21285000000,5968000000,0.280,,5968000000,,,,,,,,,,,,true,false,6,2016-04-01,2016-09-30,0
2016-10-26,96400,2016-03-31,2,14485000000,-0.057,,,,,1734000000,0.345,1738000000,0.315,,1171000000,,72.29,,,,,,,,,,,,,,,,,,,,,,true,false,6,2015-04-01,2015-09-30,-1
2016-10-26,96400,2017-03-31,2,28000000000,-0.060,,,,,3000000000,0.130,2950000000,0.148,,2000000000,,123.46,,,,,,,,,,,,,,,,,,,,,,true,true,12,2016-04-01,2017-03-31,0
2016-10-26,96400,2016-03-31,2,,,,,,,,,,,,,,,,,,,,23312000000,4971000000,0.213,,4971000000,,,,,,,,,,,,true,false,12,2015-04-01,2016-03-31,-1
2016-10-26,96400,2016-03-31,2,,,,,,,,,,,,,,,,,,,,,,,,,,,,,0.00,,,,16200000,218,,false,false,12,2015-04-01,2016-03-31,-1
2016-10-26,96400,2017-03-31,2,,,,,,,,,,,,,,,,,,,,,,,,,,,,,0.00,,,,,,,false,false,12,2016-04-01,2017-03-31,0
2016-10-26,96400,2017-03-31,2,,,,,,,,,,,,,,,,,,,,,,,,,,,,,,,,,16200000,279,16199751,false,false,6,2016-04-01,2016-09-30,0
2016-10-26,96400,2016-03-31,2,,,,,,,,,,,,,,,,,,,,,,,,,,,,,,,,,,,16199783,false,false,6,2015-04-01,2015-09-30,-1
2017-01-30,96400,2017-03-31,3,23077000000,0.043,,,,,2728000000,0.346,2602000000,0.277,,1571000000,,96.99,,,,,,21170000000,6686000000,0.316,,6686000000,,,,,,,,,,,,true,false,9,2016-04-01,2016-12-31,0
2017-01-30,96400,2016-03-31,3,22136000000,-0.013,,,,,2027000000,,2037000000,,,1136000000,,70.14,,,,,,,,,,,,,,,,,,,,,,true,false,9,2015-04-01,2015-12-31,-1
2017-01-30,96400,2017-03-31,3,28000000000,-0.060,,,,,3000000000,0.130,2950000000,0.148,,2000000000,,123.46,,,,,,,,,,,,,,,,,,,,,,true,true,12,2016-04-01,2017-03-31,0
2017-01-30,96400,2016-03-31,3,,,,,,,,,,,,,,,,,,,,23312000000,4971000000,0.213,,4971000000,,,,,,,,,,,,true,false,12,2015-04-01,2016-03-31,-1
2017-01-30,96400,2016-03-31,3,,,,,,,,,,,,,,,,,,,,,,,,,,,,,0.00,,,,16200000,218,,false,false,12,2015-04-01,2016-03-31,-1
2017-01-30,96400,2017-03-31,3,,,,,,,,,,,,,,,,,,,,,,,,,,,,,0.00,,,,,,,false,false,12,2016-04-01,2017-03-31,0
2017-01-30,96400,2017-03-31,3,,,,,,,,,,,,,,,,,,,,,,,,,,,,,,,,,16200000,279,16199741,false,false,9,2016-04-01,2016-12-31,0
2017-01-30,96400,2016-03-31,3,,,,,,,,,,,,,,,,,,,,,,,,,,,,,,,,,,,16199782,false,false,9,2015-04-01,2015-12-31,-1
,96400,2017-03-31,,,,,,,,,,,,,,,,,,,,,,,,,,,,,,20.00,,,,,,,false,true,12,2016-04-01,2017-03-31,0
,96400,2017-03-31,,,,,,,,,,,,,,,,,,,,,,,,,,,,,,0.00,,,,,,,false,false,12,2016-04-01,2017-03-31,0
,96400,2016-03-31,,,,,,,,,,,,,,,,,,,,,,,,,,,,,,0.00,,,,,,,false,false,12,2015-04-01,2016-03-31,-1
2017-04-18,96400,2017-03-31,,31000000000,0.107,,,,,3350000000,0.117,3170000000,0.075,,2220000000,,137.03,,,,,,,,,,,,,,,,,,,,,,true,true,12,2016-04-01,2017-03-31,0
2017-04-18,96400,2016-03-31,,29792000000,,,,,,2654000000,,2569000000,,,-6094000000,,-376.22,,,,,,,,,,,,,,,,,,,,,,true,false,12,2015-04-01,2016-03-31,-1
2017-05-10,96400,2017-03-31,,31024000000,0.041,,,,,3351000000,0.263,3177000000,0.237,,2366000000,,146.10,,0.381,0.139,0.108,,22283000000,7446000000,0.334,459.66,7446000000,-1394000000,-800000000,4640000000,7903000000,,0.137,,,,,,true,false,12,2016-04-01,2017-03-31,0
2017-05-10,96400,2016-03-31,,29792000000,-0.023,,,,,2654000000,,2569000000,,,-6094000000,,-376.22,,-0.750,0.105,0.089,,23312000000,4971000000,0.213,306.91,4971000000,452000000,-3625000000,1022000000,5456000000,,,,,,,,true,false,12,2015-04-01,2016-03-31,-1
2017-05-10,96400,2018-03-31,,14700000000,-0.068,,,,,2000000000,0.184,1975000000,0.201,,1400000000,,86.42,,,,,,,,,,,,,,,,,,,,,,true,true,6,2017-04-01,2017-09-30,1
2017-05-10,96400,2018-03-31,,29500000000,-0.049,,,,,4000000000,0.193,3950000000,0.243,,2600000000,,160.50,,,,,,,,,,,,,,,,0.218,,,,,,true,true,12,2017-04-01,2018-03-31,1
2017-05-10,96400,2016-03-31,,,,,,,,,,,,,,,,,,,,,,,,,,,,,,0.00,,,,16200000,218,16199782,false,false,12,2015-04-01,2016-03-31,-1
2017-05-10,96400,2017-03-31,,,,,,,,,,,,,,,,,,,,,,,,,,,,,,20.00,,,,16200000,279,16199736,false,false,12,2016-04-01,2017-03-31,0
2017-05-10,96400,2018-03-31,,,,,,,,,,,,,,,,,,,,,,,,,,,,,,35.00,,,,,,,false,true,12,2017-04-01,2018-03-31,1
2017-08-01,96400,2018-03-31,1,7522000000,-0.079,,,,,1177000000,0.694,1163000000,0.683,,805000000,,49.72,,,,,,22237000000,7967000000,0.358,,7967000000,,,,,,,,,,,,true,false,3,2017-04-01,2017-06-30,0
2017-08-01,96400,2017-03-31,1,8169000000,0.134,,,,,695000000,-0.059,691000000,-0.069,,321000000,,19.84,,,,,,,,,,,,,,,,,,,,,,true,false,3,2016-04-01,2016-06-30,-1
2017-08-01,96400,2018-03-31,1,14700000000,-0.068,,,,,2000000000,0.184,1975000000,0.201,,1400000000,,86.42,,,,,,,,,,,,,,,,,,,,,,true,true,6,2017-04-01,2017-09-30,0
2017-08-01,96400,2018-03-31,1,29500000000,-0.049,,,,,4000000000,0.193,3950000000,0.243,,2600000000,,160.50,,,,,,,,,,,,,,,,,,,,,,true,true,12,2017-04-01,2018-03-31,0
2017-08-01,96400,2017-03-31,1,,,,,,,,,,,,,,,,,,,,22283000000,7446000000,0.334,,7446000000,,,,,,,,,,,,true,false,12,2016-04-01,2017-03-31,-1
2017-08-01,96400,2017-03-31,1,,,,,,,,,,,,,,,,,,,,,,,,,,,,,20.00,,,,16200000,279,,false,false,12,2016-04-01,2017-03-31,-1
2017-08-01,96400,2018-03-31,1,,,,,,,,,,,,,,,,,,,,,,,,,,,,,35.00,,,,,,,false,true,12,2017-04-01,2018-03-31,0
2017-08-01,96400,2018-03-31,1,,,,,,,,,,,,,,,,,,,,,,,,,,,,,,,,,16200000,354,16199672,false,false,3,2017-04-01,2017-06-30,0
2017-08-01,96400,2017-03-31,1,,,,,,,,,,,,,,,,,,,,,,,,,,,,,,,,,,,16199781,false,false,3,2016-04-01,2016-06-30,-1
2017-10-18,96400,2018-03-31,,15100000000,0.027,,,,,2710000000,0.355,2690000000,0.362,,1960000000,,120.99,,,,,,,,,,,,,,,,,,,,,,true,true,6,2017-04-01,2017-09-30,0
2017-10-18,96400,2017-03-31,,15775000000,,,,,,1689000000,,1644000000,,,955000000,,58.96,,,,,,,,,,,,,,,,,,,,,,true,false,6,2016-04-01,2016-09-30,-1
2017-10-31,96400,2018-03-31,2,15188000000,-0.037,,,,,2717000000,0.608,2695000000,0.639,,1963000000,,121.23,,,,,,24068000000,9160000000,0.381,,9160000000,,,,,,,,,,,,true,false,6,2017-04-01,2017-09-30,0
2017-10-31,96400,2017-03-31,2,15775000000,0.089,,,,,1689000000,-0.026,1644000000,-0.054,,955000000,,58.96,,,,,,,,,,,,,,,,,,,,,,true,false,6,2016-04-01,2016-09-30,-1
2017-10-31,96400,2018-03-31,2,29500000000,-0.049,,,,,4000000000,0.193,3950000000,0.243,,2600000000,,160.50,,,,,,,,,,,,,,,,,,,,,,true,true,12,2017-04-01,2018-03-31,0
2017-10-31,96400,2017-03-31,2,,,,,,,,,,,,,,,,,,,,22283000000,7446000000,0.334,,7446000000,,,,,,,,,,,,true,false,12,2016-04-01,2017-03-31,-1
2017-10-31,96400,2017-03-31,2,,,,,,,,,,,,,,,,,,,,,,,,,,,,,20.00,,,,16200000,279,,false,false,12,2016-04-01,2017-03-31,-1
2017-10-31,96400,2018-03-31,2,,,,,,,,,,,,,,,,,,,,,,,,,,,,,10.00,,,,,,,false,false,12,2017-04-01,2018-03-31,0
2017-10-31,96400,2018-03-31,2,,,,,,,,,,,,,,,,,,,,,,,,,,,,,35.00,,,,,,,false,true,12,2017-04-01,2018-03-31,0
2017-10-31,96400,2018-03-31,2,,,,,,,,,,,,,,,,,,,,,,,,,,,,,,,,,16200000,403,16199644,false,false,6,2017-04-01,2017-09-30,0
2017-10-31,96400,2017-03-31,2,,,,,,,,,,,,,,,,,,,,,,,,,,,,,,,,,,,16199751,false,false,6,2016-04-01,2016-09-30,-1
2017-11-29,96400,2018-03-31,,29500000000,0.000,,,,,4000000000,0.000,3950000000,0.000,,4000000000,,246.91,,,,,,,,,,,,,,,,,,,,,,true,true,12,2017-04-01,2018-03-31,0
2017-11-29,96400,2017-03-31,,31024000000,,,,,,3351000000,,3177000000,,,2366000000,,146.10,,,,,,,,,,,,,,,,,,,,,,true,false,12,2016-04-01,2017-03-31,-1
2018-01-31,96400,2018-03-31,3,23066000000,-0.000,,,,,3851000000,0.412,3819000000,0.468,,2562000000,,158.21,,,,,,19066000000,9638000000,0.506,,9638000000,,,,,,,,,,,,true,false,9,2017-04-01,2017-12-31,0
2018-01-31,96400,2017-03-31,3,23077000000,0.043,,,,,2728000000,0.346,2602000000,0.277,,1571000000,,96.99,,,,,,,,,,,,,,,,,,,,,,true,false,9,2016-04-01,2016-12-31,-1
2018-01-31,96400,2018-03-31,3,29500000000,-0.049,,,,,4000000000,0.193,3950000000,0.243,,4000000000,,246.91,,,,,,,,,,,,,,,,,,,,,,true,true,12,2017-04-01,2018-03-31,0
2018-01-31,96400,2017-03-31,3,,,,,,,,,,,,,,,,,,,,22283000000,7446000000,0.334,,7446000000,,,,,,,,,,,,true,false,12,2016-04-01,2017-03-31,-1
2018-01-31,96400,2017-03-31,3,,,,,,,,,,,,,,,,,,,,,,,,,,,,,20.00,,,,16200000,279,,false,false,12,2016-04-01,2017-03-31,-1
2018-01-31,96400,2018-03-31,3,,,,,,,,,,,,,,,,,,,,,,,,,,,,,10.00,,,,,,,false,false,12,2017-04-01,2018-03-31,0
2018-01-31,96400,2018-03-31,3,,,,,,,,,,,,,,,,,,,,,,,,,,,,,35.00,,,,,,,false,true,12,2017-04-01,2018-03-31,0
2018-01-31,96400,2018-03-31,3,,,,,,,,,,,,,,,,,,,,,,,,,,,,,,,,,16200000,424,16199624,false,false,9,2017-04-01,2017-12-31,0
2018-01-31,96400,2017-03-31,3,,,,,,,,,,,,,,,,,,,,,,,,,,,,,,,,,,,16199741,false,false,9,2016-04-01,2016-12-31,-1
2018-05-09,96400,2018-03-31,,30393000000,-0.020,,,,,4362000000,0.301,4341000000,0.366,,4315000000,,266.42,,0.455,0.201,0.144,,20945000000,11527000000,0.550,711.58,11527000000,5764000000,453000000,-6943000000,7303000000,,0.169,,,,,,true,false,12,2017-04-01,2018-03-31,0
2018-05-09,96400,2017-03-31,,31024000000,0.041,,,,,3351000000,0.263,3177000000,0.237,,2366000000,,146.10,,0.381,0.139,0.108,,22283000000,7446000000,0.334,459.66,7446000000,-1394000000,-800000000,4640000000,7903000000,,0.137,,,,,,true,false,12,2016-04-01,2017-03-31,-1
2018-05-09,96400,2019-03-31,,11000000000,-0.276,,,,,900000000,-0.669,900000000,-0.666,,630000000,,38.89,,,,,,,,,,,,,,,,,,,,,,true,true,6,2018-04-01,2018-09-30,1
2018-05-09,96400,2019-03-31,,23000000000,-0.243,,,,,2000000000,-0.542,2000000000,-0.539,,1400000000,,86.42,,,,,,,,,,,,,,,,0.405,,,,,,true,true,12,2018-04-01,2019-03-31,1
2018-05-09,96400,2017-03-31,,,,,,,,,,,,,,,,,,,,,,,,,,,,,,20.00,,,,16200000,279,16199736,false,false,12,2016-04-01,2017-03-31,-1
2018-05-09,96400,2018-03-31,,,,,,,,,,,,,,,,,,,,,,,,,,,,,,45.00,,,,16200000,446,16199607,false,false,12,2017-04-01,2018-03-31,0
2018-05-09,96400,2019-03-31,,,,,,,,,,,,,,,,,,,,,,,,,,,,,,35.00,,,,,,,false,true,12,2018-04-01,2019-03-31,1
2018-07-31,96400,2019-03-31,1,5475000000,-0.272,,,,,507000000,-0.569,509000000,-0.563,,391000000,,24.19,,,,,,19188000000,11387000000,0.593,,11387000000,,,,,,,,,,,,true,false,3,2018-04-01,2018-06-30,0
2018-07-31,96400,2018-03-31,1,7522000000,-0.079,,,,,1177000000,0.694,1163000000,0.683,,805000000,,49.72,,,,,,,,,,,,,,,,,,,,,,true,false,3,2017-04-01,2017-06-30,-1
2018-07-31,96400,2019-03-31,1,11000000000,-0.276,,,,,900000000,-0.669,900000000,-0.666,,630000000,,38.89,,,,,,,,,,,,,,,,,,,,,,true,true,6,2018-04-01,2018-09-30,0
2018-07-31,96400,2019-03-31,1,23000000000,-0.243,,,,,2000000000,-0.542,2000000000,-0.539,,1400000000,,86.42,,,,,,,,,,,,,,,,,,,,,,true,true,12,2018-04-01,2019-03-31,0
2018-07-31,96400,2018-03-31,1,,,,,,,,,,,,,,,,,,,,20945000000,11527000000,0.550,,11527000000,,,,,,,,,,,,true,false,12,2017-04-01,2018-03-31,-1
2018-07-31,96400,2018-03-31,1,,,,,,,,,,,,,,,,,,,,,,,,,,,,,45.00,,,,16200000,446,,false,false,12,2017-04-01,2018-03-31,-1
2018-07-31,96400,2019-03-31,1,,,,,,,,,,,,,,,,,,,,,,,,,,,,,35.00,,,,,,,false,true,12,2018-04-01,2019-03-31,0
2018-07-31,96400,2019-03-31,1,,,,,,,,,,,,,,,,,,,,,,,,,,,,,,,,,16200000,446,16199554,false,false,3,2018-04-01,2018-06-30,0
2018-07-31,96400,2018-03-31,1,,,,,,,,,,,,,,,,,,,,,,,,,,,,,,,,,,,16199672,false,false,3,2017-04-01,2017-06-30,-1
2018-10-30,96400,2019-03-31,2,11353000000,-0.253,,,,,1232000000,-0.546,1237000000,-0.541,,1012000000,,62.48,,,,,,19703000000,12075000000,0.613,,12075000000,,,,,,,,,,,,true,false,6,2018-04-01,2018-09-30,0
2018-10-30,96400,2018-03-31,2,15188000000,-0.037,,,,,2717000000,0.608,2695000000,0.639,,1963000000,,121.23,,,,,,,,,,,,,,,,,,,,,,true,false,6,2017-04-01,2017-09-30,-1
2018-10-30,96400,2019-03-31,2,23000000000,-0.243,,,,,2300000000,-0.473,2300000000,-0.470,,1780000000,,109.88,,,,,,,,,,,,,,,,,,,,,,true,true,12,2018-04-01,2019-03-31,0
2018-10-30,96400,2018-03-31,2,,,,,,,,,,,,,,,,,,,,20945000000,11527000000,0.550,,11527000000,,,,,,,,,,,,true,false,12,2017-04-01,2018-03-31,-1
2018-10-30,96400,2018-03-31,2,,,,,,,,,,,,,,,,,,,,,,,,,,,,,45.00,,,,16200000,446,,false,false,12,2017-04-01,2018-03-31,-1
2018-10-30,96400,2019-03-31,2,,,,,,,,,,,,,,,,,,,,,,,,,,,,,10.00,,,,,,,false,false,12,2018-04-01,2019-03-31,0
2018-10-30,96400,2019-03-31,2,,,,,,,,,,,,,,,,,,,,,,,,,,,,,35.00,,,,,,,false,true,12,2018-04-01,2019-03-31,0
2018-10-30,96400,2019-03-31,2,,,,,,,,,,,,,,,,,,,,,,,,,,,,,,,,,16200000,446,16199554,false,false,6,2018-04-01,2018-09-30,0
2018-10-30,96400,2018-03-31,2,,,,,,,,,,,,,,,,,,,,,,,,,,,,,,,,,,,16199644,false,false,6,2017-04-01,2017-09-30,-1
2019-01-30,96400,2019-03-31,3,17442000000,-0.244,,,,,2009000000,-0.478,2012000000,-0.473,,1674000000,,103.39,,,,,,19043000000,12580000000,0.661,,12580000000,,,,,,,,,,,,true,false,9,2018-04-01,2018-12-31,0
2019-01-30,96400,2018-03-31,3,23066000000,-0.000,,,,,3851000000,0.412,3819000000,0.468,,2562000000,,158.21,,,,,,,,,,,,,,,,,,,,,,true,false,9,2017-04-01,2017-12-31,-1
2019-01-30,96400,2019-03-31,3,23000000000,-0.243,,,,,2300000000,-0.473,2300000000,-0.470,,1780000000,,109.88,,,,,,,,,,,,,,,,,,,,,,true,true,12,2018-04-01,2019-03-31,0
2019-01-30,96400,2018-03-31,3,,,,,,,,,,,,,,,,,,,,20945000000,11527000000,0.550,,11527000000,,,,,,,,,,,,true,false,12,2017-04-01,2018-03-31,-1
2019-01-30,96400,2018-03-31,3,,,,,,,,,,,,,,,,,,,,,,,,,,,,,45.00,,,,16200000,446,,false,false,12,2017-04-01,2018-03-31,-1
2019-01-30,96400,2019-03-31,3,,,,,,,,,,,,,,,,,,,,,,,,,,,,,10.00,,,,,,,false,false,12,2018-04-01,2019-03-31,0
2019-01-30,96400,2019-03-31,3,,,,,,,,,,,,,,,,,,,,,,,,,,,,,35.00,,,,,,,false,true,12,2018-04-01,2019-03-31,0
2019-01-30,96400,2019-03-31,3,,,,,,,,,,,,,,,,,,,,,,,,,,,,,,,,,16200000,446,16199554,false,false,9,2018-04-01,2018-12-31,0
2019-01-30,96400,2018-03-31,3,,,,,,,,,,,,,,,,,,,,,,,,,,,,,,,,,,,16199624,false,false,9,2017-04-01,2017-12-31,-1
2019-05-14,96400,2019-03-31,,23641000000,-0.222,,,,,2332000000,-0.465,2345000000,-0.460,,2034000000,,125.56,,0.165,0.113,0.099,,20640000000,13084000000,0.634,807.69,13084000000,2692000000,-365000000,-773000000,8867000000,,0.358,,,,,,true,false,12,2018-04-01,2019-03-31,0
2019-05-14,96400,2018-03-31,,30393000000,-0.020,,,,,4362000000,0.301,4341000000,0.366,,4315000000,,266.42,,0.455,0.201,0.144,,20945000000,11527000000,0.550,711.58,11527000000,5764000000,453000000,-6943000000,7303000000,,0.169,,,,,,true,false,12,2017-04-01,2018-03-31,-1
2019-05-14,96400,2020-03-31,,11000000000,-0.031,,,,,950000000,-0.229,950000000,-0.233,,820000000,,50.62,,,,,,,,,,,,,,,,,,,,,,true,true,6,2019-04-01,2019-09-30,1
2019-05-14,96400,2020-03-31,,24000000000,0.015,,,,,2500000000,0.072,2500000000,0.066,,2100000000,,129.63,,,,,,,,,,,,,,,,0.656,,,,,,true,true,12,2019-04-01,2020-03-31,1
2019-05-14,96400,2018-03-31,,,,,,,,,,,,,,,,,,,,,,,,,,,,,,45.00,,,,16200000,446,16199607,false,false,12,2017-04-01,2018-03-31,-1
2019-05-14,96400,2019-03-31,,,,,,,,,,,,,,,,,,,,,,,,,,,,,,45.00,,,,16200000,446,16199554,false,false,12,2018-04-01,2019-03-31,0
2019-05-14,96400,2020-03-31,,,,,,,,,,,,,,,,,,,,,,,,,,,,,,85.00,,,,,,,false,true,12,2019-04-01,2020-03-31,1
2019-07-30,96400,2020-03-31,1,5735000000,0.047,,,,,760000000,0.497,754000000,0.482,,714000000,,44.10,,,,,,20648000000,13177000000,0.638,,13177000000,,,,,,,,,,,,true,false,3,2019-04-01,2019-06-30,0
2019-07-30,96400,2019-03-31,1,5475000000,-0.272,,,,,507000000,-0.569,509000000,-0.563,,391000000,,24.19,,,,,,,,,,,,,,,,,,,,,,true,false,3,2018-04-01,2018-06-30,-1
2019-07-30,96400,2020-03-31,1,11000000000,-0.031,,,,,950000000,-0.229,950000000,-0.233,,820000000,,50.62,,,,,,,,,,,,,,,,,,,,,,true,true,6,2019-04-01,2019-09-30,0
2019-07-30,96400,2020-03-31,1,24000000000,0.015,,,,,2500000000,0.072,2500000000,0.066,,2100000000,,129.63,,,,,,,,,,,,,,,,,,,,,,true,true,12,2019-04-01,2020-03-31,0
2019-07-30,96400,2019-03-31,1,,,,,,,,,,,,,,,,,,,,20640000000,13084000000,0.634,,13084000000,,,,,,,,,,,,true,false,12,2018-04-01,2019-03-31,-1
2019-07-30,96400,2019-03-31,1,,,,,,,,,,,,,,,,,,,,,,,,,,,,,45.00,,,,16200000,446,,false,false,12,2018-04-01,2019-03-31,-1
2019-07-30,96400,2020-03-31,1,,,,,,,,,,,,,,,,,,,,,,,,,,,,,85.00,,,,,,,false,true,12,2019-04-01,2020-03-31,0
2019-07-30,96400,2020-03-31,1,,,,,,,,,,,,,,,,,,,,,,,,,,,,,,,,,16200000,466,16199552,false,false,3,2019-04-01,2019-06-30,0
2019-07-30,96400,2019-03-31,1,,,,,,,,,,,,,,,,,,,,,,,,,,,,,,,,,,,16199554,false,false,3,2018-04-01,2018-06-30,-1
2019-09-11,96400,2020-03-31,,11400000000,0.036,,,,,1500000000,0.579,1500000000,0.579,,1300000000,,80.24,,,,,,,,,,,,,,,,,,,,,,true,true,6,2019-04-01,2019-09-30,0
2019-09-11,96400,2019-03-31,,11353000000,,,,,,1232000000,,1237000000,,,1012000000,,62.48,,,,,,,,,,,,,,,,,,,,,,true,false,6,2018-04-01,2018-09-30,-1
2019-10-30,96400,2020-03-31,2,11455000000,0.009,,,,,1553000000,0.261,1556000000,0.258,,1375000000,,84.92,,,,,,20194000000,13837000000,0.685,,13837000000,,,,,,,,,,,,true,false,6,2019-04-01,2019-09-30,0
2019-10-30,96400,2019-03-31,2,11353000000,-0.253,,,,,1232000000,-0.546,1237000000,-0.541,,1012000000,,62.48,,,,,,,,,,,,,,,,,,,,,,true,false,6,2018-04-01,2018-09-30,-1
2019-10-30,96400,2020-03-31,2,24000000000,0.015,,,,,2500000000,0.072,2500000000,0.066,,2100000000,,129.63,,,,,,,,,,,,,,,,,,,,,,true,true,12,2019-04-01,2020-03-31,0
2019-10-30,96400,2019-03-31,2,,,,,,,,,,,,,,,,,,,,20640000000,13084000000,0.634,,13084000000,,,,,,,,,,,,true,false,12,2018-04-01,2019-03-31,-1
2019-10-30,96400,2019-03-31,2,,,,,,,,,,,,,,,,,,,,,,,,,,,,,45.00,,,,16200000,446,,false,false,12,2018-04-01,2019-03-31,-1
2019-10-30,96400,2020-03-31,2,,,,,,,,,,,,,,,,,,,,,,,,,,,,,40.00,,,,,,,false,false,12,2019-04-01,2020-03-31,0
2019-10-30,96400,2020-03-31,2,,,,,,,,,,,,,,,,,,,,,,,,,,,,,85.00,,,,,,,false,true,12,2019-04-01,2020-03-31,0
2019-10-30,96400,2020-03-31,2,,,,,,,,,,,,,,,,,,,,,,,,,,,,,,,,,16200000,510,16199531,false,false,6,2019-04-01,2019-09-30,0
2019-10-30,96400,2019-03-31,2,,,,,,,,,,,,,,,,,,,,,,,,,,,,,,,,,,,16199554,false,false,6,2018-04-01,2018-09-30,-1
2020-01-30,96400,2020-03-31,3,17325000000,-0.007,,,,,2283000000,0.136,2292000000,0.139,,1788000000,,110.40,,,,,,20093000000,13630000000,0.678,,13630000000,,,,,,,,,,,,true,false,9,2019-04-01,2019-12-31,0
2020-01-30,96400,2019-03-31,3,17442000000,-0.244,,,,,2009000000,-0.478,2012000000,-0.473,,1674000000,,103.39,,,,,,,,,,,,,,,,,,,,,,true,false,9,2018-04-01,2018-12-31,-1
2020-01-30,96400,2020-03-31,3,24000000000,0.015,,,,,2500000000,0.072,2500000000,0.066,,2100000000,,129.63,,,,,,,,,,,,,,,,,,,,,,true,true,12,2019-04-01,2020-03-31,0
2020-01-30,96400,2019-03-31,3,,,,,,,,,,,,,,,,,,,,20640000000,13084000000,0.634,,13084000000,,,,,,,,,,,,true,false,12,2018-04-01,2019-03-31,-1
2020-01-30,96400,2019-03-31,3,,,,,,,,,,,,,,,,,,,,,,,,,,,,,45.00,,,,16200000,446,,false,false,12,2018-04-01,2019-03-31,-1
2020-01-30,96400,2020-03-31,3,,,,,,,,,,,,,,,,,,,,,,,,,,,,,40.00,,,,,,,false,false,12,2019-04-01,2020-03-31,0
2020-01-30,96400,2020-03-31,3,,,,,,,,,,,,,,,,,,,,,,,,,,,,,85.00,,,,,,,false,true,12,2019-04-01,2020-03-31,0
2020-01-30,96400,2020-03-31,3,,,,,,,,,,,,,,,,,,,,,,,,,,,,,,,,,16200000,510,16199517,false,false,9,2019-04-01,2019-12-31,0
2020-01-30,96400,2019-03-31,3,,,,,,,,,,,,,,,,,,,,,,,,,,,,,,,,,,,16199554,false,false,9,2018-04-01,2018-12-31,-1
2020-02-28,96400,2020-03-31,,23500000000,-0.021,,,,,2800000000,0.120,2800000000,0.120,1000000000,,-0.524,61.70,,,,,,,,,,,,,,,,,,,,,,true,true,12,2019-04-01,2020-03-31,0
2020-02-28,96400,2019-03-31,,23641000000,,,,,,2332000000,,2345000000,,2034000000,,,125.56,,,,,,,,,,,,,,,,,,,,,,true,false,12,2018-04-01,2019-03-31,-1
2020-05-13,96400,2020-03-31,,23560000000,-0.003,,,,,3449000000,0.479,3488000000,0.487,,1099000000,,67.85,,0.085,0.173,0.146,,19577000000,12822000000,0.655,791.54,12822000000,2244000000,-248000000,-1260000000,9560000000,,1.253,,,,,,true,false,12,2019-04-01,2020-03-31,0
2020-05-13,96400,2019-03-31,,23641000000,-0.222,,,,,2332000000,-0.465,2345000000,-0.460,,2034000000,,125.56,,0.165,0.113,0.099,,20640000000,13084000000,0.634,807.69,13084000000,2692000000,-365000000,-773000000,8867000000,,0.358,,,,,,true,false,12,2018-04-01,2019-03-31,-1
2020-05-13,96400,2021-03-31,,10000000000,-0.127,,,,,1100000000,-0.292,1100000000,-0.293,,850000000,,52.47,,,,,,,,,,,,,,,,,,,,,,true,true,6,2020-04-01,2020-09-30,1
2020-05-13,96400,2021-03-31,,22000000000,-0.066,,,,,2500000000,-0.275,2500000000,-0.283,,2000000000,,123.46,,,,,,,,,,,,,,,,0.688,,,,,,true,true,12,2020-04-01,2021-03-31,1
2020-05-13,96400,2019-03-31,,,,,,,,,,,,,,,,,,,,,,,,,,,,,,45.00,,,,16200000,446,16199554,false,false,12,2018-04-01,2019-03-31,-1
2020-05-13,96400,2020-03-31,,,,,,,,,,,,,,,,,,,,,,,,,,,,,,85.00,,,,16200000,510,16199511,false,false,12,2019-04-01,2020-03-31,0
2020-05-13,96400,2021-03-31,,,,,,,,,,,,,,,,,,,,,,,,,,,,,,85.00,,,,,,,false,true,12,2020-04-01,2021-03-31,1
2020-05-13,96400,2020-03-31,,23560000000,-0.003,,,,,3449000000,0.479,3488000000,0.487,,1099000000,,67.85,,0.085,0.173,0.146,,19577000000,12822000000,0.655,791.54,12822000000,3423000000,-1428000000,-1260000000,9560000000,,1.253,,,,,,true,false,12,2019-04-01,2020-03-31,0
2020-05-13,96400,2019-03-31,,23641000000,-0.222,,,,,2332000000,-0.465,2345000000,-0.460,,2034000000,,125.56,,0.165,0.113,0.099,,20640000000,13084000000,0.634,807.69,13084000000,2692000000,-365000000,-773000000,8867000000,,0.358,,,,,,true,false,12,2018-04-01,2019-03-31,-1
2020-05-13,96400,2021-03-31,,10000000000,-0.127,,,,,1100000000,-0.292,1100000000,-0.293,,850000000,,52.47,,,,,,,,,,,,,,,,,,,,,,true,true,6,2020-04-01,2020-09-30,1
2020-05-13,96400,2021-03-31,,22000000000,-0.066,,,,,2500000000,-0.275,2500000000,-0.283,,2000000000,,123.46,,,,,,,,,,,,,,,,0.688,,,,,,true,true,12,2020-04-01,2021-03-31,1
2020-05-13,96400,2019-03-31,,,,,,,,,,,,,,,,,,,,,,,,,,,,,,45.00,,,,16200000,446,16199554,false,false,12,2018-04-01,2019-03-31,-1
2020-05-13,96400,2020-03-31,,,,,,,,,,,,,,,,,,,,,,,,,,,,,,85.00,,,,16200000,510,16199511,false,false,12,2019-04-01,2020-03-31,0
2020-05-13,96400,2021-03-31,,,,,,,,,,,,,,,,,,,,,,,,,,,,,,85.00,,,,,,,false,true,12,2020-04-01,2021-03-31,1
2020-07-30,96400,2021-03-31,1,5451000000,-0.050,,,,,844000000,0.111,852000000,0.130,,686000000,,42.39,,,,,,19358000000,12788000000,0.661,,12788000000,,,,,,,,,,,,true,false,3,2020-04-01,2020-06-30,0
2020-07-30,96400,2020-03-31,1,5735000000,0.047,,,,,760000000,0.497,754000000,0.482,,714000000,,44.10,,,,,,,,,,,,,,,,,,,,,,true,false,3,2019-04-01,2019-06-30,-1
2020-07-30,96400,2021-03-31,1,11000000000,-0.040,,,,,1300000000,-0.163,1300000000,-0.165,,1050000000,,64.82,,,,,,,,,,,,,,,,,,,,,,true,true,6,2020-04-01,2020-09-30,0
2020-07-30,96400,2021-03-31,1,22000000000,-0.066,,,,,2500000000,-0.275,2500000000,-0.283,,2000000000,,123.46,,,,,,,,,,,,,,,,,,,,,,true,true,12,2020-04-01,2021-03-31,0
2020-07-30,96400,2020-03-31,1,,,,,,,,,,,,,,,,,,,,19577000000,12822000000,0.655,,12822000000,,,,,,,,,,,,true,false,12,2019-04-01,2020-03-31,-1
2020-07-30,96400,2020-03-31,1,,,,,,,,,,,,,,,,,,,,,,,,,,,,,85.00,,,,16200000,510,,false,false,12,2019-04-01,2020-03-31,-1
2020-07-30,96400,2021-03-31,1,,,,,,,,,,,,,,,,,,,,,,,,,,,,,85.00,,,,,,,false,true,12,2020-04-01,2021-03-31,0
2020-07-30,96400,2021-03-31,1,,,,,,,,,,,,,,,,,,,,,,,,,,,,,,,,,16200000,510,16199490,false,false,3,2020-04-01,2020-06-30,0
2020-07-30,96400,2020-03-31,1,,,,,,,,,,,,,,,,,,,,,,,,,,,,,,,,,,,16199552,false,false,3,2019-04-01,2019-06-30,-1
2020-07-30,96400,2021-03-31,,11000000000,0.100,,,,,1300000000,0.182,1300000000,0.182,1050000000,,0.235,64.82,,,,,,,,,,,,,,,,,,,,,,true,true,6,2020-04-01,2020-09-30,0
2020-07-30,96400,2020-03-31,,11455000000,,,,,,1553000000,,1556000000,,1375000000,,,84.92,,,,,,,,,,,,,,,,,,,,,,true,false,6,2019-04-01,2019-09-30,-1
2020-10-29,96400,2021-03-31,2,11169000000,-0.025,,,,,1667000000,0.073,1675000000,0.076,,1351000000,,83.42,,,,,,20270000000,13455000000,0.664,,13455000000,,,,,,,,,,,,true,false,6,2020-04-01,2020-09-30,0
2020-10-29,96400,2020-03-31,2,11455000000,0.009,,,,,1553000000,0.261,1556000000,0.258,,1375000000,,84.92,,,,,,,,,,,,,,,,,,,,,,true,false,6,2019-04-01,2019-09-30,-1
2020-10-29,96400,2021-03-31,2,22000000000,-0.066,,,,,2500000000,-0.275,2500000000,-0.283,,2000000000,,123.46,,,,,,,,,,,,,,,,,,,,,,true,true,12,2020-04-01,2021-03-31,0
2020-10-29,96400,2020-03-31,2,,,,,,,,,,,,,,,,,,,,19577000000,12822000000,0.655,,12822000000,,,,,,,,,,,,true,false,12,2019-04-01,2020-03-31,-1
2020-10-29,96400,2020-03-31,2,,,,,,,,,,,,,,,,,,,,,,,,,,,,,85.00,,,,16200000,510,,false,false,12,2019-04-01,2020-03-31,-1
2020-10-29,96400,2021-03-31,2,,,,,,,,,,,,,,,,,,,,,,,,,,,,,40.00,,,,,,,false,false,12,2020-04-01,2021-03-31,0
2020-10-29,96400,2021-03-31,2,,,,,,,,,,,,,,,,,,,,,,,,,,,,,85.00,,,,,,,false,true,12,2020-04-01,2021-03-31,0
2020-10-29,96400,2021-03-31,2,,,,,,,,,,,,,,,,,,,,,,,,,,,,,,,,,16200000,551,16199490,false,false,6,2020-04-01,2020-09-30,0
2020-10-29,96400,2020-03-31,2,,,,,,,,,,,,,,,,,,,,,,,,,,,,,,,,,,,16199531,false,false,6,2019-04-01,2019-09-30,-1
2021-01-28,9640,2021-03-31,3,16861000000,-0.027,,,,,2422000000,0.061,2430000000,0.060,,1960000000,,121.03,,,,,,21353000000,13420000000,0.628,,13420000000,,,,,,,,,,,,true,false,9,2020-04-01,2020-12-31,0
2021-01-28,9640,2020-03-31,3,17325000000,-0.007,,,,,2283000000,0.136,2292000000,0.139,,1788000000,,110.40,,,,,,,,,,,,,,,,,,,,,,true,false,9,2019-04-01,2019-12-31,-1
2021-01-28,9640,2021-03-31,3,22500000000,-0.045,,,,,3000000000,-0.130,3000000000,-0.140,,2400000000,,148.15,,,,,,,,,,,,,,,,,,,,,,true,true,12,2020-04-01,2021-03-31,0
2021-01-28,9640,2020-03-31,3,,,,,,,,,,,,,,,,,,,,19577000000,12822000000,0.655,,12822000000,,,,,,,,,,,,true,false,12,2019-04-01,2020-03-31,-1
2021-01-28,9640,2020-03-31,3,,,,,,,,,,,,,,,,,,,,,,,,,,,,,85.00,,,,16200000,510,,false,false,12,2019-04-01,2020-03-31,-1
2021-01-28,9640,2021-03-31,3,,,,,,,,,,,,,,,,,,,,,,,,,,,,,40.00,,,,,,,false,false,12,2020-04-01,2021-03-31,0
2021-01-28,9640,2021-03-31,3,,,,,,,,,,,,,,,,,,,,,,,,,,,,,85.00,,,,,,,false,true,12,2020-04-01,2021-03-31,0
2021-01-28,9640,2021-03-31,3,,,,,,,,,,,,,,,,,,,,,,,,,,,,,,,,,16200000,584,16199476,false,false,9,2020-04-01,2020-12-31,0
2021-01-28,9640,2020-03-31,3,,,,,,,,,,,,,,,,,,,,,,,,,,,,,,,,,,,16199517,false,false,9,2019-04-01,2019-12-31,-1
2021-05-12,9640,2021-03-31,,22499000000,-0.045,,,,,2989000000,-0.133,3003000000,-0.139,,2460000000,,151.91,,0.183,0.150,0.133,,20471000000,14037000000,0.686,866.53,14037000000,4094000000,-306000000,-1424000000,11930000000,,0.560,,,,,,true,false,12,2020-04-01,2021-03-31,0
2021-05-12,9640,2020-03-31,,23560000000,-0.003,,,,,3449000000,0.479,3488000000,0.487,,1099000000,,67.85,,0.085,0.173,0.146,,19577000000,12822000000,0.655,791.54,12822000000,3423000000,-1428000000,-1260000000,9560000000,,1.253,,,,,,true,false,12,2019-04-01,2020-03-31,-1
2021-05-12,9640,2022-03-31,,11000000000,-0.015,,,,,700000000,-0.580,700000000,-0.582,,560000000,,34.57,,,,,,,,,,,,,,,,,,,,,,true,true,6,2021-04-01,2021-09-30,1
2021-05-12,9640,2022-03-31,,23000000000,0.022,,,,,2500000000,-0.164,2500000000,-0.168,,2000000000,,123.46,,,,,,,,,,,,,,,,0.729,,,,,,true,true,12,2021-04-01,2022-03-31,1
2021-05-12,9640,2020-03-31,,,,,,,,,,,,,,,,,,,,,,,,,,,,,,85.00,,,,16200000,510,16199511,false,false,12,2019-04-01,2020-03-31,-1
2021-05-12,9640,2021-03-31,,,,,,,,,,,,,,,,,,,,,,,,,,,,,,85.00,,,,16200000,584,16199461,false,false,12,2020-04-01,2021-03-31,0
2021-05-12,9640,2022-03-31,,,,,,,,,,,,,,,,,,,,,,,,,,,,,,90.00,,,,,,,false,true,12,2021-04-01,2022-03-31,1
2021-07-30,9640,2022-03-31,1,5290000000,-0.030,,,,,313000000,-0.628,314000000,-0.631,,232000000,,14.34,,,,,,19906000000,13551000000,0.681,,13551000000,,,,,,,,,,,,true,false,3,2021-04-01,2021-06-30,0
2021-07-30,9640,2021-03-31,1,5451000000,-0.050,,,,,844000000,0.111,852000000,0.130,,686000000,,42.39,,,,,,,,,,,,,,,,,,,,,,true,false,3,2020-04-01,2020-06-30,-1
2021-07-30,9640,2022-03-31,1,11000000000,-0.015,,,,,700000000,-0.580,700000000,-0.582,,560000000,,34.57,,,,,,,,,,,,,,,,,,,,,,true,true,6,2021-04-01,2021-09-30,0
2021-07-30,9640,2022-03-31,1,23000000000,0.022,,,,,2500000000,-0.164,2500000000,-0.168,,2000000000,,123.46,,,,,,,,,,,,,,,,,,,,,,true,true,12,2021-04-01,2022-03-31,0
2021-07-30,9640,2021-03-31,1,,,,,,,,,,,,,,,,,,,,20471000000,14037000000,0.686,,14037000000,,,,,,,,,,,,true,false,12,2020-04-01,2021-03-31,-1
2021-07-30,9640,2021-03-31,1,,,,,,,,,,,,,,,,,,,,,,,,,,,,,85.00,,,,16200000,584,,false,false,12,2020-04-01,2021-03-31,-1
2021-07-30,9640,2022-03-31,1,,,,,,,,,,,,,,,,,,,,,,,,,,,,,90.00,,,,,,,false,true,12,2021-04-01,2022-03-31,0
2021-07-30,9640,2022-03-31,1,,,,,,,,,,,,,,,,,,,,,,,,,,,,,,,,,16200000,584,16199416,false,false,3,2021-04-01,2021-06-30,0
2021-07-30,9640,2021-03-31,1,,,,,,,,,,,,,,,,,,,,,,,,,,,,,,,,,,,16199490,false,false,3,2020-04-01,2020-06-30,-1
2021-09-15,96400,2022-03-31,,11000000000,0.000,,,,,1100000000,0.571,1100000000,0.571,880000000,,0.571,54.32,,,,,,,,,,,,,,,,,,,,,,true,true,6,2021-04-01,2021-09-30,0
2021-09-15,96400,2021-03-31,,11169000000,,,,,,1667000000,,1675000000,,1351000000,,,83.42,,,,,,,,,,,,,,,,,,,,,,true,false,6,2020-04-01,2020-09-30,-1
2021-10-28,9640,2022-03-31,2,11231000000,0.006,,,,,1226000000,-0.264,1235000000,-0.263,,958000000,,59.14,,,,,,20903000000,14290000000,0.684,,14290000000,,,,,,,,,,,,true,false,6,2021-04-01,2021-09-30,0
2021-10-28,9640,2021-03-31,2,11169000000,-0.025,,,,,1667000000,0.073,1675000000,0.076,,1351000000,,83.42,,,,,,,,,,,,,,,,,,,,,,true,false,6,2020-04-01,2020-09-30,-1
2021-10-28,9640,2022-03-31,2,23000000000,0.022,,,,,2500000000,-0.164,2500000000,-0.168,,2000000000,,123.46,,,,,,,,,,,,,,,,,,,,,,true,true,12,2021-04-01,2022-03-31,0
2021-10-28,9640,2021-03-31,2,,,,,,,,,,,,,,,,,,,,20471000000,14037000000,0.686,,14037000000,,,,,,,,,,,,true,false,12,2020-04-01,2021-03-31,-1
2021-10-28,9640,2021-03-31,2,,,,,,,,,,,,,,,,,,,,,,,,,,,,,85.00,,,,16200000,584,,false,false,12,2020-04-01,2021-03-31,-1
2021-10-28,9640,2022-03-31,2,,,,,,,,,,,,,,,,,,,,,,,,,,,,,45.00,,,,,,,false,false,12,2021-04-01,2022-03-31,0
2021-10-28,9640,2022-03-31,2,,,,,,,,,,,,,,,,,,,,,,,,,,,,,90.00,,,,,,,false,true,12,2021-04-01,2022-03-31,0
2021-10-28,9640,2022-03-31,2,,,,,,,,,,,,,,,,,,,,,,,,,,,,,,,,,16200000,584,16199416,false,false,6,2021-04-01,2021-09-30,0
2021-10-28,9640,2021-03-31,2,,,,,,,,,,,,,,,,,,,,,,,,,,,,,,,,,,,16199490,false,false,6,2020-04-01,2020-09-30,-1
2022-01-27,9640,2022-03-31,3,17070000000,0.012,,,,,1991000000,-0.178,2010000000,-0.173,,1528000000,,94.36,,,,,,20697000000,14158000000,0.684,,14158000000,,,,,,,,,,,,true,false,9,2021-04-01,2021-12-31,0
2022-01-27,9640,2021-03-31,3,16861000000,-0.027,,,,,2422000000,0.061,2430000000,0.060,,1960000000,,121.03,,,,,,,,,,,,,,,,,,,,,,true,false,9,2020-04-01,2020-12-31,-1
2022-01-27,9640,2022-03-31,3,23000000000,0.022,,,,,2500000000,-0.164,2500000000,-0.168,,2000000000,,123.46,,,,,,,,,,,,,,,,,,,,,,true,true,12,2021-04-01,2022-03-31,0
2022-01-27,9640,2021-03-31,3,,,,,,,,,,,,,,,,,,,,20471000000,14037000000,0.686,,14037000000,,,,,,,,,,,,true,false,12,2020-04-01,2021-03-31,-1
2022-01-27,9640,2021-03-31,3,,,,,,,,,,,,,,,,,,,,,,,,,,,,,85.00,,,,16200000,584,,false,false,12,2020-04-01,2021-03-31,-1
2022-01-27,9640,2022-03-31,3,,,,,,,,,,,,,,,,,,,,,,,,,,,,,45.00,,,,,,,false,false,12,2021-04-01,2022-03-31,0
2022-01-27,9640,2022-03-31,3,,,,,,,,,,,,,,,,,,,,,,,,,,,,,90.00,,,,,,,false,true,12,2021-04-01,2022-03-31,0
2022-01-27,9640,2022-03-31,3,,,,,,,,,,,,,,,,,,,,,,,,,,,,,,,,,16200000,584,16199416,false,false,9,2021-04-01,2021-12-31,0
2022-01-27,9640,2021-03-31,3,,,,,,,,,,,,,,,,,,,,,,,,,,,,,,,,,,,16199476,false,false,9,2020-04-01,2020-12-31,-1
2022-05-12,9640,2022-03-31,,23218000000,0.032,,,,,2916000000,-0.024,2943000000,-0.020,,2051000000,,126.64,,0.143,0.143,0.126,,20833000000,14748000000,0.708,910.41,14748000000,3236000000,-865000000,-1502000000,12911000000,,0.711,,,,,,true,false,12,2021-04-01,2022-03-31,0
2022-05-12,9640,2021-03-31,,22499000000,-0.045,,,,,2989000000,-0.133,3003000000,-0.139,,2460000000,,151.91,,0.183,0.150,0.133,,20471000000,14037000000,0.686,866.53,14037000000,4094000000,-306000000,-1424000000,11930000000,,0.560,,,,,,true,false,12,2020-04-01,2021-03-31,-1
2022-05-12,9640,2023-03-31,,11000000000,-0.021,,,,,600000000,-0.511,600000000,-0.514,,500000000,,30.87,,,,,,,,,,,,,,,,,,,,,,true,true,6,2022-04-01,2022-09-30,1
2022-05-12,9640,2023-03-31,,22700000000,-0.022,,,,,1600000000,-0.451,1600000000,-0.456,,1300000000,,80.25,,,,,,,,,,,,,,,,1.121,,,,,,true,true,12,2022-04-01,2023-03-31,1
2022-05-12,9640,2021-03-31,,,,,,,,,,,,,,,,,,,,,,,,,,,,,,85.00,,,,16200000,584,16199461,false,false,12,2020-04-01,2021-03-31,-1
2022-05-12,9640,2022-03-31,,,,,,,,,,,,,,,,,,,,,,,,,,,,,,90.00,,,,16200000,584,16199416,false,false,12,2021-04-01,2022-03-31,0
2022-05-12,9640,2023-03-31,,,,,,,,,,,,,,,,,,,,,,,,,,,,,,90.00,,,,,,,false,true,12,2022-04-01,2023-03-31,1
2022-07-28,9640,2023-03-31,1,5790000000,0.095,,,,,492000000,0.570,496000000,0.578,,404000000,,24.98,,,,,,21296000000,14569000000,0.684,,14569000000,,,,,,,,,,,,true,false,3,2022-04-01,2022-06-30,0
2022-07-28,9640,2022-03-31,1,5290000000,-0.030,,,,,313000000,-0.628,314000000,-0.631,,232000000,,14.34,,,,,,,,,,,,,,,,,,,,,,true,false,3,2021-04-01,2021-06-30,-1
2022-07-28,9640,2023-03-31,1,11000000000,-0.021,,,,,600000000,-0.511,600000000,-0.514,,500000000,,30.87,,,,,,,,,,,,,,,,,,,,,,true,true,6,2022-04-01,2022-09-30,0
2022-07-28,9640,2023-03-31,1,22700000000,-0.022,,,,,1600000000,-0.451,1600000000,-0.456,,1300000000,,80.25,,,,,,,,,,,,,,,,,,,,,,true,true,12,2022-04-01,2023-03-31,0
2022-07-28,9640,2022-03-31,1,,,,,,,,,,,,,,,,,,,,20833000000,14748000000,0.708,,14748000000,,,,,,,,,,,,true,false,12,2021-04-01,2022-03-31,-1
2022-07-28,9640,2022-03-31,1,,,,,,,,,,,,,,,,,,,,,,,,,,,,,90.00,,,,16200000,584,,false,false,12,2021-04-01,2022-03-31,-1
2022-07-28,9640,2023-03-31,1,,,,,,,,,,,,,,,,,,,,,,,,,,,,,90.00,,,,,,,false,true,12,2022-04-01,2023-03-31,0
2022-07-28,9640,2023-03-31,1,,,,,,,,,,,,,,,,,,,,,,,,,,,,,,,,,16200000,584,16199416,false,false,3,2022-04-01,2022-06-30,0
2022-07-28,9640,2022-03-31,1,,,,,,,,,,,,,,,,,,,,,,,,,,,,,,,,,,,16199416,false,false,3,2021-04-01,2021-06-30,-1
2022-10-12,96400,2023-03-31,,11700000000,0.064,,,,,1100000000,0.833,1100000000,0.833,650000000,,0.300,40.12,,,,,,,,,,,,,,,,,,,,,,true,true,6,2022-04-01,2022-09-30,0
2022-10-12,96400,2022-03-31,,11231000000,,,,,,1226000000,,1235000000,,958000000,,,59.14,,,,,,,,,,,,,,,,,,,,,,true,false,6,2021-04-01,2021-09-30,-1
2022-10-31,9640,2023-03-31,2,11728000000,0.044,,,,,1130000000,-0.078,1142000000,-0.075,,654000000,,40.42,,,,,,21613000000,14890000000,0.689,,14890000000,,,,,,,,,,,,true,false,6,2022-04-01,2022-09-30,0
2022-10-31,9640,2022-03-31,2,11231000000,0.006,,,,,1226000000,-0.264,1235000000,-0.263,,958000000,,59.14,,,,,,,,,,,,,,,,,,,,,,true,false,6,2021-04-01,2021-09-30,-1
2022-10-31,9640,2023-03-31,2,22700000000,-0.022,,,,,1600000000,-0.451,1600000000,-0.456,,1300000000,,80.25,,,,,,,,,,,,,,,,,,,,,,true,true,12,2022-04-01,2023-03-31,0
2022-10-31,9640,2022-03-31,2,,,,,,,,,,,,,,,,,,,,20833000000,14748000000,0.708,,14748000000,,,,,,,,,,,,true,false,12,2021-04-01,2022-03-31,-1
2022-10-31,9640,2022-03-31,2,,,,,,,,,,,,,,,,,,,,,,,,,,,,,90.00,,,,16200000,584,,false,false,12,2021-04-01,2022-03-31,-1
2022-10-31,9640,2023-03-31,2,,,,,,,,,,,,,,,,,,,,,,,,,,,,,45.00,,,,,,,false,false,12,2022-04-01,2023-03-31,0
2022-10-31,9640,2023-03-31,2,,,,,,,,,,,,,,,,,,,,,,,,,,,,,90.00,,,,,,,false,true,12,2022-04-01,2023-03-31,0
2022-10-31,9640,2023-03-31,2,,,,,,,,,,,,,,,,,,,,,,,,,,,,,,,,,16200000,584,16199416,false,false,6,2022-04-01,2022-09-30,0
2022-10-31,9640,2022-03-31,2,,,,,,,,,,,,,,,,,,,,,,,,,,,,,,,,,,,16199416,false,false,6,2021-04-01,2021-09-30,-1
2023-01-27,9640,2023-03-31,3,17682000000,0.036,,,,,1695000000,-0.149,1714000000,-0.147,,1086000000,,67.05,,,,,,20977000000,14496000000,0.691,,14496000000,,,,,,,,,,,,true,false,9,2022-04-01,2022-12-31,0
2023-01-27,9640,2022-03-31,3,17070000000,0.012,,,,,1991000000,-0.178,2010000000,-0.173,,1528000000,,94.36,,,,,,,,,,,,,,,,,,,,,,true,false,9,2021-04-01,2021-12-31,-1
2023-01-27,9640,2023-03-31,3,23500000000,0.012,,,,,1900000000,-0.348,1900000000,-0.355,,1300000000,,80.25,,,,,,,,,,,,,,,,,,,,,,true,true,12,2022-04-01,2023-03-31,0
2023-01-27,9640,2022-03-31,3,,,,,,,,,,,,,,,,,,,,20833000000,14748000000,0.708,,14748000000,,,,,,,,,,,,true,false,12,2021-04-01,2022-03-31,-1
2023-01-27,9640,2022-03-31,3,,,,,,,,,,,,,,,,,,,,,,,,,,,,,90.00,,,,16200000,584,,false,false,12,2021-04-01,2022-03-31,-1
2023-01-27,9640,2023-03-31,3,,,,,,,,,,,,,,,,,,,,,,,,,,,,,45.00,,,,,,,false,false,12,2022-04-01,2023-03-31,0
2023-01-27,9640,2023-03-31,3,,,,,,,,,,,,,,,,,,,,,,,,,,,,,90.00,,,,,,,false,true,12,2022-04-01,2023-03-31,0
2023-01-27,9640,2023-03-31,3,,,,,,,,,,,,,,,,,,,,,,,,,,,,,,,,,16200000,584,16199416,false,false,9,2022-04-01,2022-12-31,0
2023-01-27,9640,2022-03-31,3,,,,,,,,,,,,,,,,,,,,,,,,,,,,,,,,,,,16199416,false,false,9,2021-04-01,2021-12-31,-1
2023-05-11,9640,2023-03-31,,23952000000,0.032,,,,,2183000000,-0.251,2223000000,-0.245,,1440000000,,88.94,,0.098,0.106,0.091,,21299000000,14742000000,0.692,910.08,14742000000,2203000000,-565000000,-1462000000,13199000000,,1.012,,,,,,true,false,12,2022-04-01,2023-03-31,0
2023-05-11,9640,2022-03-31,,23218000000,0.032,,,,,2916000000,-0.024,2943000000,-0.020,,2051000000,,126.64,,0.143,0.143,0.126,,20833000000,14748000000,0.708,910.41,14748000000,3236000000,-865000000,-1502000000,12911000000,,0.711,,,,,,true,false,12,2021-04-01,2022-03-31,-1
2023-05-11,9640,2024-03-31,,11500000000,-0.019,,,,,750000000,-0.337,750000000,-0.343,,500000000,,30.86,,,,,,,,,,,,,,,,,,,,,,true,true,6,2023-04-01,2023-09-30,1
2023-05-11,9640,2024-03-31,,24000000000,0.002,,,,,1900000000,-0.130,1900000000,-0.145,,1300000000,,80.25,,,,,,,,,,,,,,,,1.121,,,,,,true,true,12,2023-04-01,2024-03-31,1
2023-05-11,9640,2022-03-31,,,,,,,,,,,,,,,,,,,,,,,,,,,,,,90.00,,,,16200000,584,16199416,false,false,12,2021-04-01,2022-03-31,-1
2023-05-11,9640,2023-03-31,,,,,,,,,,,,,,,,,,,,,,,,,,,,,,90.00,,,,16200000,584,16199416,false,false,12,2022-04-01,2023-03-31,0
2023-05-11,9640,2024-03-31,,,,,,,,,,,,,,,,,,,,,,,,,,,,,,90.00,,,,,,,false,true,12,2023-04-01,2024-03-31,1
2023-07-28,9640,2024-03-31,1,5915000000,0.022,,,,,629000000,0.277,648000000,0.307,,367000000,,22.67,,,,,,21566000000,14474000000,0.671,,14474000000,,,,,,,,,,,,true,false,3,2023-04-01,2023-06-30,0
2023-07-28,9640,2023-03-31,1,5790000000,0.095,,,,,492000000,0.570,496000000,0.578,,404000000,,24.98,,,,,,,,,,,,,,,,,,,,,,true,false,3,2022-04-01,2022-06-30,-1
2023-07-28,9640,2024-03-31,1,11500000000,-0.019,,,,,750000000,-0.337,750000000,-0.343,,500000000,,30.86,,,,,,,,,,,,,,,,,,,,,,true,true,6,2023-04-01,2023-09-30,0
2023-07-28,9640,2024-03-31,1,24000000000,0.002,,,,,1900000000,-0.130,1900000000,-0.145,,1300000000,,80.25,,,,,,,,,,,,,,,,,,,,,,true,true,12,2023-04-01,2024-03-31,0
2023-07-28,9640,2023-03-31,1,,,,,,,,,,,,,,,,,,,,21299000000,14742000000,0.692,,14742000000,,,,,,,,,,,,true,false,12,2022-04-01,2023-03-31,-1
2023-07-28,9640,2023-03-31,1,,,,,,,,,,,,,,,,,,,,,,,,,,,,,90.00,,,,16200000,584,,false,false,12,2022-04-01,2023-03-31,-1
2023-07-28,9640,2024-03-31,1,,,,,,,,,,,,,,,,,,,,,,,,,,,,,90.00,,,,,,,false,true,12,2023-04-01,2024-03-31,0
2023-07-28,9640,2024-03-31,1,,,,,,,,,,,,,,,,,,,,,,,,,,,,,,,,,16200000,584,16199416,false,false,3,2023-04-01,2023-06-30,0
2023-07-28,9640,2023-03-31,1,,,,,,,,,,,,,,,,,,,,,,,,,,,,,,,,,,,16199416,false,false,3,2022-04-01,2022-06-30,-1
2023-10-31,9640,2024-03-31,2,11998000000,0.023,,,,,98000000,-0.913,121000000,-0.894,,-14000000,,-0.88,,,,,,22787000000,14136000000,0.620,,14136000000,,,,,,,,,,,,true,false,6,2023-04-01,2023-09-30,0
2023-10-31,9640,2023-03-31,2,11728000000,0.044,,,,,1130000000,-0.078,1142000000,-0.075,,654000000,,40.42,,,,,,,,,,,,,,,,,,,,,,true,false,6,2022-04-01,2022-09-30,-1
2023-10-31,9640,2024-03-31,2,24000000000,0.002,,,,,1100000000,-0.496,1100000000,-0.505,,570000000,,35.19,,,,,,,,,,,,,,,,,,,,,,true,true,12,2023-04-01,2024-03-31,0
2023-10-31,9640,2023-03-31,2,,,,,,,,,,,,,,,,,,,,21299000000,14742000000,0.692,,14742000000,,,,,,,,,,,,true,false,12,2022-04-01,2023-03-31,-1
2023-10-31,9640,2023-03-31,2,,,,,,,,,,,,,,,,,,,,,,,,,,,,,90.00,,,,16200000,584,,false,false,12,2022-04-01,2023-03-31,-1
2023-10-31,9640,2024-03-31,2,,,,,,,,,,,,,,,,,,,,,,,,,,,,,45.00,,,,,,,false,false,12,2023-04-01,2024-03-31,0
2023-10-31,9640,2024-03-31,2,,,,,,,,,,,,,,,,,,,,,,,,,,,,,90.00,,,,,,,false,true,12,2023-04-01,2024-03-31,0
2023-10-31,9640,2024-03-31,2,,,,,,,,,,,,,,,,,,,,,,,,,,,,,,,,,16200000,584,16199416,false,false,6,2023-04-01,2023-09-30,0
2023-10-31,9640,2023-03-31,2,,,,,,,,,,,,,,,,,,,,,,,,,,,,,,,,,,,16199416,false,false,6,2022-04-01,2022-09-30,-1
2024-01-31,9640,2024-03-31,3,17906000000,0.013,,,,,631000000,-0.628,667000000,-0.611,,331000000,,20.45,,,,,,21601000000,13702000000,0.634,,13702000000,,,,,,,,,,,,true,false,9,2023-04-01,2023-12-31,0
2024-01-31,9640,2023-03-31,3,17682000000,0.036,,,,,1695000000,-0.149,1714000000,-0.147,,1086000000,,67.05,,,,,,,,,,,,,,,,,,,,,,true,false,9,2022-04-01,2022-12-31,-1
2024-01-31,9640,2024-03-31,3,24000000000,0.002,,,,,1100000000,-0.496,1100000000,-0.505,,570000000,,35.19,,,,,,,,,,,,,,,,,,,,,,true,true,12,2023-04-01,2024-03-31,0
2024-01-31,9640,2023-03-31,3,,,,,,,,,,,,,,,,,,,,21299000000,14742000000,0.692,,14742000000,,,,,,,,,,,,true,false,12,2022-04-01,2023-03-31,-1
2024-01-31,9640,2023-03-31,3,,,,,,,,,,,,,,,,,,,,,,,,,,,,,90.00,,,,16200000,584,,false,false,12,2022-04-01,2023-03-31,-1
2024-01-31,9640,2024-03-31,3,,,,,,,,,,,,,,,,,,,,,,,,,,,,,45.00,,,,,,,false,false,12,2023-04-01,2024-03-31,0
2024-01-31,9640,2024-03-31,3,,,,,,,,,,,,,,,,,,,,,,,,,,,,,90.00,,,,,,,false,true,12,2023-04-01,2024-03-31,0
2024-01-31,9640,2024-03-31,3,,,,,,,,,,,,,,,,,,,,,,,,,,,,,,,,,16200000,584,16199416,false,false,9,2023-04-01,2023-12-31,0
2024-01-31,9640,2023-03-31,3,,,,,,,,,,,,,,,,,,,,,,,,,,,,,,,,,,,16199416,false,false,9,2022-04-01,2022-12-31,-1
2024-05-10,9640,2024-03-31,,23864000000,-0.004,,,,,1024000000,-0.531,1072000000,-0.518,,603000000,,37.23,,0.042,0.049,0.043,,22696000000,14220000000,0.627,877.85,14220000000,2280000000,-759000000,-1461000000,13364000000,,2.417,,,,,,true,false,12,2023-04-01,2024-03-31,0
2024-05-10,9640,2023-03-31,,23952000000,0.032,,,,,2183000000,-0.251,2223000000,-0.245,,1440000000,,88.94,,0.098,0.106,0.091,,21299000000,14742000000,0.692,910.08,14742000000,2203000000,-565000000,-1462000000,13199000000,,1.012,,,,,,true,false,12,2022-04-01,2023-03-31,-1
2024-05-10,9640,2025-03-31,,12500000000,0.042,,,,,900000000,8.156,900000000,6.424,,600000000,,37.04,,,,,,,,,,,,,,,,,,,,,,true,true,6,2024-04-01,2024-09-30,1
2024-05-10,9640,2025-03-31,,25500000000,0.069,,,,,2200000000,1.148,2200000000,1.051,,1500000000,,92.60,,,,,,,,,,,,,,,,0.972,,,,,,true,true,12,2024-04-01,2025-03-31,1
2024-05-10,9640,2023-03-31,,,,,,,,,,,,,,,,,,,,,,,,,,,,,,90.00,,,,16200000,584,16199416,false,false,12,2022-04-01,2023-03-31,-1
2024-05-10,9640,2024-03-31,,,,,,,,,,,,,,,,,,,,,,,,,,,,,,90.00,,,,16200000,584,16199416,false,false,12,2023-04-01,2024-03-31,0
2024-05-10,9640,2025-03-31,,,,,,,,,,,,,,,,,,,,,,,,,,,,,,90.00,,,,,,,false,true,12,2024-04-01,2025-03-31,1
2024-07-31,9640,2025-03-31,1,5569000000,-0.059,,,,,374000000,-0.405,391000000,-0.397,,248000000,,15.33,,,,,,21230000000,13813000000,0.651,,13813000000,,,,,,,,,,,,true,false,3,2024-04-01,2024-06-30,0
2024-07-31,9640,2024-03-31,1,5915000000,0.022,,,,,629000000,0.277,648000000,0.307,,367000000,,22.67,,,,,,,,,,,,,,,,,,,,,,true,false,3,2023-04-01,2023-06-30,-1
2024-07-31,9640,2025-03-31,1,12500000000,0.042,,,,,900000000,8.156,900000000,6.424,,600000000,,37.04,,,,,,,,,,,,,,,,,,,,,,true,true,6,2024-04-01,2024-09-30,0
2024-07-31,9640,2025-03-31,1,25500000000,0.069,,,,,2200000000,1.148,2200000000,1.051,,1500000000,,92.60,,,,,,,,,,,,,,,,,,,,,,true,true,12,2024-04-01,2025-03-31,0
2024-07-31,9640,2024-03-31,1,,,,,,,,,,,,,,,,,,,,22696000000,14220000000,0.627,,14220000000,,,,,,,,,,,,true,false,12,2023-04-01,2024-03-31,-1
2024-07-31,9640,2024-03-31,1,,,,,,,,,,,,,,,,,,,,,,,,,,,,,90.00,,,,16200000,584,,false,false,12,2023-04-01,2024-03-31,-1
2024-07-31,9640,2025-03-31,1,,,,,,,,,,,,,,,,,,,,,,,,,,,,,90.00,,,,,,,false,true,12,2024-04-01,2025-03-31,0
2024-07-31,9640,2025-03-31,1,,,,,,,,,,,,,,,,,,,,,,,,,,,,,,,,,16200000,584,16199416,false,false,3,2024-04-01,2024-06-30,0
2024-07-31,9640,2024-03-31,1,,,,,,,,,,,,,,,,,,,,,,,,,,,,,,,,,,,16199416,false,false,3,2023-04-01,2023-06-30,-1
2024-09-18,96400,2025-03-31,,11500000000,-0.080,,,,,800000000,-0.111,800000000,-0.111,500000000,,-0.167,30.87,,,,,,,,,,,,,,,,,,,,,,true,true,6,2024-04-01,2024-09-30,0
2024-09-18,96400,2024-03-31,,11998000000,,,,,,98000000,,121000000,,-14000000,,,-0.88,,,,,,,,,,,,,,,,,,,,,,true,false,6,2023-04-01,2023-09-30,-1
2024-10-30,9640,2025-03-31,2,11591000000,-0.034,,,,,907000000,8.234,911000000,6.520,,597000000,,36.90,,,,,,21436000000,13988000000,0.653,,13988000000,,,,,,,,,,,,true,false,6,2024-04-01,2024-09-30,0
2024-10-30,9640,2024-03-31,2,11998000000,0.023,,,,,98000000,-0.913,121000000,-0.894,,-14000000,,-0.88,,,,,,,,,,,,,,,,,,,,,,true,false,6,2023-04-01,2023-09-30,-1
2024-10-30,9640,2025-03-31,2,25500000000,0.069,,,,,2200000000,1.148,2200000000,1.051,,1500000000,,92.60,,,,,,,,,,,,,,,,,,,,,,true,true,12,2024-04-01,2025-03-31,0
2024-10-30,9640,2024-03-31,2,,,,,,,,,,,,,,,,,,,,22696000000,14220000000,0.627,,14220000000,,,,,,,,,,,,true,false,12,2023-04-01,2024-03-31,-1
2024-10-30,9640,2024-03-31,2,,,,,,,,,,,,,,,,,,,,,,,,,,,,,90.00,,,,16200000,584,,false,false,12,2023-04-01,2024-03-31,-1
2024-10-30,9640,2025-03-31,2,,,,,,,,,,,,,,,,,,,,,,,,,,,,,45.00,,,,,,,false,false,12,2024-04-01,2025-03-31,0
2024-10-30,9640,2025-03-31,2,,,,,,,,,,,,,,,,,,,,,,,,,,,,,90.00,,,,,,,false,true,12,2024-04-01,2025-03-31,0
2024-10-30,9640,2025-03-31,2,,,,,,,,,,,,,,,,,,,,,,,,,,,,,,,,,16200000,584,16199416,false,false,6,2024-04-01,2024-09-30,0
2024-10-30,9640,2024-03-31,2,,,,,,,,,,,,,,,,,,,,,,,,,,,,,,,,,,,16199416,false,false,6,2023-04-01,2023-09-30,-1
2025-01-30,9640,2025-03-31,3,18488000000,0.032,,,,,1557000000,1.466,1568000000,1.352,,1028000000,,63.47,,,,,,21049000000,13820000000,0.657,,13820000000,,,,,,,,,,,,true,false,9,2024-04-01,2024-12-31,0
2025-01-30,9640,2024-03-31,3,17906000000,0.013,,,,,631000000,-0.628,667000000,-0.611,,331000000,,20.45,,,,,,,,,,,,,,,,,,,,,,true,false,9,2023-04-01,2023-12-31,-1
2025-01-30,9640,2025-03-31,3,25500000000,0.069,,,,,2200000000,1.148,2200000000,1.051,,1500000000,,92.60,,,,,,,,,,,,,,,,,,,,,,true,true,12,2024-04-01,2025-03-31,0
2025-01-30,9640,2024-03-31,3,,,,,,,,,,,,,,,,,,,,22696000000,14220000000,0.627,,14220000000,,,,,,,,,,,,true,false,12,2023-04-01,2024-03-31,-1
2025-01-30,9640,2024-03-31,3,,,,,,,,,,,,,,,,,,,,,,,,,,,,,90.00,,,,16200000,584,,false,false,12,2023-04-01,2024-03-31,-1
2025-01-30,9640,2025-03-31,3,,,,,,,,,,,,,,,,,,,,,,,,,,,,,45.00,,,,,,,false,false,12,2024-04-01,2025-03-31,0
2025-01-30,9640,2025-03-31,3,,,,,,,,,,,,,,,,,,,,,,,,,,,,,90.00,,,,,,,false,true,12,2024-04-01,2025-03-31,0
2025-01-30,9640,2025-03-31,3,,,,,,,,,,,,,,,,,,,,,,,,,,,,,,,,,16200000,584,16199416,false,false,9,2024-04-01,2024-12-31,0
2025-01-30,9640,2024-03-31,3,,,,,,,,,,,,,,,,,,,,,,,,,,,,,,,,,,,16199416,false,false,9,2023-04-01,2023-12-31,-1
2025-05-13,9640,2025-03-31,,24383000000,0.022,,,,,2141000000,1.091,2160000000,1.014,,1506000000,,92.97,,0.106,0.098,0.088,,21179000000,14235000000,0.672,878.75,14235000000,1188000000,-249000000,-1460000000,12826000000,,0.968,,,,,,true,false,12,2024-04-01,2025-03-31,0
2025-05-13,9640,2024-03-31,,23864000000,-0.004,,,,,1024000000,-0.531,1072000000,-0.518,,603000000,,37.23,,0.042,0.049,0.043,,22696000000,14220000000,0.627,877.85,14220000000,2280000000,-759000000,-1461000000,13364000000,,2.417,,,,,,true,false,12,2023-04-01,2024-03-31,-1
2025-05-13,9640,2026-03-31,,11200000000,-0.034,,,,,800000000,-0.119,780000000,-0.144,,530000000,,32.72,,,,,,,,,,,,,,,,,,,,,,true,true,6,2025-04-01,2025-09-30,1
2025-05-13,9640,2026-03-31,,23400000000,-0.040,,,,,2300000000,0.074,2260000000,0.046,,1600000000,,98.77,,,,,,,,,,,,,,,,0.911,,,,,,true,true,12,2025-04-01,2026-03-31,1
2025-05-13,9640,2024-03-31,,,,,,,,,,,,,,,,,,,,,,,,,,,,,,90.00,,,,16200000,584,16199416,false,false,12,2023-04-01,2024-03-31,-1
2025-05-13,9640,2025-03-31,,,,,,,,,,,,,,,,,,,,,,,,,,,,,,90.00,,,,16200000,584,16199416,false,false,12,2024-04-01,2025-03-31,0
2025-05-13,9640,2026-03-31,,,,,,,,,,,,,,,,,,,,,,,,,,,,,,90.00,,,,,,,false,true,12,2025-04-01,2026-03-31,1
