filing_date,code,fiscal_year_end,quarterly_period,net_sales,net_sales_change,revenue,revenue_change,operating_revenue,operating_revenue_change,operating_profit,operating_profit_change,ordinary_profit,ordinary_profit_change,net_income,net_income_of_parent,net_income_change,eps,diluted_eps,roe,roa,operating_profit_to_net_sales,operating_profit_to_revenue,total_assets,net_assets,equity_ratio,bps,owner_equity,operating_cash_flow,investing_cash_flow,financing_cash_flow,cash,dividend_per_share,payout_ratio,commemorative_dividend,extra_dividend,number_of_shares,number_of_treqsury_shares,avg_number_of_shares,is_consolidated,is_forecast,duration,period_start,period_end,period_pos
2015-07-06,96510,2015-05-31,,5813000000,0.102,,,,,487000000,0.300,534000000,0.255,310000000,,0.286,61.45,,0.039,0.058,0.084,,9359000000,7827000000,0.836,1590.07,7827000000,299000000,346000000,-736000000,812000000,,0.570,,,,,,true,false,12,2014-06-01,2015-05-31,0
2015-07-06,96510,2014-05-31,,5275000000,0.009,,,,,375000000,0.186,425000000,0.160,241000000,,0.157,43.50,,0.030,0.047,0.071,,9161000000,8214000000,0.897,1481.36,8214000000,269000000,-342000000,-170000000,902000000,,0.690,,,,,,true,false,12,2013-06-01,2014-05-31,-1
2015-07-06,96510,2016-05-31,,2350000000,-0.140,,,,,80000000,-0.677,100000000,-0.620,,89000000,,18.08,,,,,,,,,,,,,,,,,,,,,,true,true,6,2015-06-01,2015-11-30,1
2015-07-06,96510,2016-05-31,,5450000000,-0.063,,,,,370000000,-0.242,420000000,-0.214,,295000000,,59.93,,,,,,,,,,,,,,,,0.501,,,,,,true,true,12,2015-06-01,2016-05-31,1
2015-07-06,96510,2015-05-31,,5792000000,0.108,,,,,484000000,0.348,535000000,0.280,311000000,,0.315,61.75,,,,,,9310000000,7779000000,0.836,1580.39,7779000000,,,,,35.00,,,,5745184,822634,5047050,false,false,12,2014-06-01,2015-05-31,0
2015-07-06,96510,2014-05-31,,5226000000,0.012,,,,,359000000,0.164,418000000,0.152,236000000,,0.148,42.74,,,,,,9100000000,8164000000,0.897,1472.48,8164000000,,,,,30.00,,,,5745184,200134,5545074,false,false,12,2013-06-01,2014-05-31,-1
2015-07-06,96510,2016-05-31,,2350000000,-0.134,,,,,,,100000000,-0.621,89000000,,-0.445,18.08,,,,,,,,,,,,,,,,,,,,,,false,true,6,2015-06-01,2015-11-30,1
2015-07-06,96510,2016-05-31,,5450000000,-0.059,,,,,,,420000000,-0.216,295000000,,-0.054,59.93,,,,,,,,,,,,,,,30.00,,,,,,,false,true,12,2015-06-01,2016-05-31,1
2015-09-30,96510,2016-05-31,1,1296000000,-0.009,,,,,99000000,0.041,112000000,0.086,,74000000,,15.15,,,,,,8598000000,7859000000,0.914,,7859000000,,,,,,,,,,,,true,false,3,2015-06-01,2015-08-31,0
2015-09-30,96510,2015-05-31,1,1307000000,0.194,,,,,95000000,,103000000,,,61000000,,11.42,,,,,,,,,,,,,,,,,,,,,,true,false,3,2014-06-01,2014-08-31,-1
2015-09-30,96510,2016-05-31,1,2400000000,-0.122,,,,,168000000,-0.321,189000000,-0.282,,122000000,,24.78,,,,,,,,,,,,,,,,,,,,,,true,true,6,2015-06-01,2015-11-30,0
2015-09-30,96510,2016-05-31,1,5450000000,-0.063,,,,,370000000,-0.242,420000000,-0.214,,295000000,,59.93,,,,,,,,,,,,,,,,,,,,,,true,true,12,2015-06-01,2016-05-31,0
2015-09-30,96510,2015-05-31,1,,,,,,,,,,,,,,,,,,,,9359000000,7827000000,0.836,,7827000000,,,,,,,,,,,,true,false,12,2014-06-01,2015-05-31,-1
2015-09-30,96510,2015-05-31,1,,,,,,,,,,,,,,,,,,,,,,,,,,,,,35.00,,,,5745184,822634,,false,false,12,2014-06-01,2015-05-31,-1
2015-09-30,96510,2016-05-31,1,,,,,,,,,,,,,,,,,,,,,,,,,,,,,30.00,,,,,,,false,true,12,2015-06-01,2016-05-31,0
2015-09-30,96510,2016-05-31,1,,,,,,,,,,,,,,,,,,,,,,,,,,,,,,,,,5745184,822634,4922550,false,false,3,2015-06-01,2015-08-31,0
2015-09-30,96510,2015-05-31,1,,,,,,,,,,,,,,,,,,,,,,,,,,,,,,,,,,,5416490,false,false,3,2014-06-01,2014-08-31,-1
2015-09-30,96510,2016-05-31,,2400000000,0.021,,,,,168000000,1.100,189000000,0.890,,122000000,,24.78,,,,,,,,,,,,,,,,,,,,,,true,true,6,2015-06-01,2015-11-30,0
2015-09-30,96510,2015-05-31,,2733000000,,,,,,247000000,,263000000,,,159000000,,30.88,,,,,,,,,,,,,,,,,,,,,,true,false,6,2014-06-01,2014-11-30,-1
2015-09-30,96510,2016-05-31,,2400000000,0.021,,,,,,,189000000,0.890,147000000,,0.652,29.86,,,,,,,,,,,,,,,,,,,,,,false,true,6,2015-06-01,2015-11-30,0
2015-09-30,96510,2015-05-31,,2712000000,,,,,,,,264000000,,160000000,,,31.02,,,,,,,,,,,,,,,,,,,,,,false,false,6,2014-06-01,2014-11-30,-1
2015-12-25,96510,2016-05-31,,2775000000,0.156,,,,,247000000,0.472,269000000,0.428,,175000000,,35.55,,,,,,,,,,,,,,,,,,,,,,true,true,6,2015-06-01,2015-11-30,0
2015-12-25,96510,2015-05-31,,2733000000,,,,,,247000000,,263000000,,,159000000,,30.88,,,,,,,,,,,,,,,,,,,,,,true,false,6,2014-06-01,2014-11-30,-1
2015-12-25,96510,2016-05-31,,2775000000,0.156,,,,,,,270000000,0.429,214000000,,0.459,43.56,,,,,,,,,,,,,,,,,,,,,,false,true,6,2015-06-01,2015-11-30,0
2015-12-25,96510,2015-05-31,,2712000000,,,,,,,,264000000,,160000000,,,31.02,,,,,,,,,,,,,,,,,,,,,,false,false,6,2014-06-01,2014-11-30,-1
2015-12-28,96510,2016-05-31,2,2775000000,0.015,,,,,247000000,-0.000,269000000,0.025,,175000000,,35.55,,,,,,8800000000,7958000000,0.904,,7958000000,,,,,,,,,,,,true,false,6,2015-06-01,2015-11-30,0
2015-12-28,96510,2015-05-31,2,2733000000,0.138,,,,,247000000,1.352,263000000,1.130,,159000000,,30.88,,,,,,,,,,,,,,,,,,,,,,true,false,6,2014-06-01,2014-11-30,-1
2015-12-28,96510,2016-05-31,2,5450000000,-0.063,,,,,370000000,-0.242,420000000,-0.214,,295000000,,59.93,,,,,,,,,,,,,,,,,,,,,,true,true,12,2015-06-01,2016-05-31,0
2015-12-28,96510,2015-05-31,2,,,,,,,,,,,,,,,,,,,,9359000000,7827000000,0.836,,7827000000,,,,,,,,,,,,true,false,12,2014-06-01,2015-05-31,-1
2015-12-28,96510,2015-05-31,2,,,,,,,,,,,,,,,,,,,,,,,,,,,,,35.00,,,,5745184,822634,,false,false,12,2014-06-01,2015-05-31,-1
2015-12-28,96510,2016-05-31,2,,,,,,,,,,,,,,,,,,,,,,,,,,,,,15.00,,,,,,,false,false,12,2015-06-01,2016-05-31,0
2015-12-28,96510,2016-05-31,2,,,,,,,,,,,,,,,,,,,,,,,,,,,,,30.00,,,,,,,false,true,12,2015-06-01,2016-05-31,0
2015-12-28,96510,2016-05-31,2,,,,,,,,,,,,,,,,,,,,,,,,,,,,,,,,,5745184,822634,4922550,false,false,6,2015-06-01,2015-11-30,0
2015-12-28,96510,2015-05-31,2,,,,,,,,,,,,,,,,,,,,,,,,,,,,,,,,,,,5170870,false,false,6,2014-06-01,2014-11-30,-1
2016-03-31,96510,2016-05-31,3,4168000000,0.005,,,,,376000000,-0.071,410000000,-0.046,,266000000,,54.24,,,,,,8770000000,7956000000,0.907,,7956000000,,,,,,,,,,,,true,false,9,2015-06-01,2016-02-29,0
2016-03-31,96510,2015-05-31,3,4149000000,0.096,,,,,405000000,0.658,429000000,0.585,,263000000,,51.81,,,,,,,,,,,,,,,,,,,,,,true,false,9,2014-06-01,2015-02-28,-1
2016-03-31,96510,2016-05-31,3,5500000000,-0.054,,,,,395000000,-0.190,445000000,-0.167,,286000000,,58.10,,,,,,,,,,,,,,,,,,,,,,true,true,12,2015-06-01,2016-05-31,0
2016-03-31,96510,2015-05-31,3,,,,,,,,,,,,,,,,,,,,9359000000,7827000000,0.836,,7827000000,,,,,,,,,,,,true,false,12,2014-06-01,2015-05-31,-1
2016-03-31,96510,2015-05-31,3,,,,,,,,,,,,,,,,,,,,,,,,,,,,,35.00,,,,5745184,822634,,false,false,12,2014-06-01,2015-05-31,-1
2016-03-31,96510,2016-05-31,3,,,,,,,,,,,,,,,,,,,,,,,,,,,,,15.00,,,,,,,false,false,12,2015-06-01,2016-05-31,0
2016-03-31,96510,2016-05-31,3,,,,,,,,,,,,,,,,,,,,,,,,,,,,,30.00,,,,,,,false,true,12,2015-06-01,2016-05-31,0
2016-03-31,96510,2016-05-31,3,,,,,,,,,,,,,,,,,,,,,,,,,,,,,,,,,5745184,822634,4922550,false,false,9,2015-06-01,2016-02-29,0
2016-03-31,96510,2015-05-31,3,,,,,,,,,,,,,,,,,,,,,,,,,,,,,,,,,,,5089006,false,false,9,2014-06-01,2015-02-28,-1
2016-03-31,96510,2016-05-31,,5500000000,0.009,,,,,395000000,0.068,445000000,0.060,,286000000,,58.10,,,,,,,,,,,,,,,,,,,,,,true,true,12,2015-06-01,2016-05-31,0
2016-03-31,96510,2015-05-31,,5813000000,,,,,,487000000,,534000000,,,310000000,,61.45,,,,,,,,,,,,,,,,,,,,,,true,false,12,2014-06-01,2015-05-31,-1
2016-03-31,96510,2016-05-31,,5500000000,0.009,,,,,,,445000000,0.060,311000000,,0.054,63.18,,,,,,,,,,,,,,,,,,,,,,false,true,12,2015-06-01,2016-05-31,0
2016-03-31,96510,2015-05-31,,5792000000,,,,,,,,535000000,,311000000,,,61.75,,,,,,,,,,,,,,,,,,,,,,false,false,12,2014-06-01,2015-05-31,-1
2016-07-07,96510,2016-05-31,,5618000000,-0.034,,,,,425000000,-0.127,479000000,-0.103,,304000000,,61.94,,0.039,0.052,0.076,,9146000000,8011000000,0.876,1627.58,8011000000,186000000,433000000,-172000000,1261000000,,0.565,,,,,,true,false,12,2015-06-01,2016-05-31,0
2016-07-07,96510,2015-05-31,,5813000000,0.102,,,,,487000000,0.300,534000000,0.255,,310000000,,61.45,,0.039,0.058,0.084,,9359000000,7827000000,0.836,1590.07,7827000000,299000000,346000000,-736000000,812000000,,0.570,,,,,,true,false,12,2014-06-01,2015-05-31,-1
2016-07-07,96510,2017-05-31,,2527000000,-0.089,,,,,115000000,-0.535,142000000,-0.474,,92000000,,18.69,,,,,,,,,,,,,,,,,,,,,,true,true,6,2016-06-01,2016-11-30,1
2016-07-07,96510,2017-05-31,,5642000000,0.004,,,,,393000000,-0.077,446000000,-0.070,,296000000,,60.13,,,,,,,,,,,,,,,,0.582,,,,,,true,true,12,2016-06-01,2017-05-31,1
2016-07-07,96510,2016-05-31,,5618000000,-0.030,,,,,426000000,-0.120,479000000,-0.105,344000000,,0.105,69.96,,,,,,9138000000,8003000000,0.876,1625.91,8003000000,,,,,35.00,,,,5745184,822634,4922550,false,false,12,2015-06-01,2016-05-31,0
2016-07-07,96510,2015-05-31,,5792000000,0.108,,,,,484000000,0.348,535000000,0.280,311000000,,0.315,61.75,,,,,,9310000000,7779000000,0.836,1580.39,7779000000,,,,,35.00,,,,5745184,822634,5047050,false,false,12,2014-06-01,2015-05-31,-1
2016-07-07,96510,2017-05-31,,2527000000,-0.089,,,,,,,142000000,-0.474,92000000,,-0.571,18.69,,,,,,,,,,,,,,,,,,,,,,false,true,6,2016-06-01,2016-11-30,1
2016-07-07,96510,2017-05-31,,5642000000,0.004,,,,,,,446000000,-0.070,296000000,,-0.140,60.13,,,,,,,,,,,,,,,35.00,,,,,,,false,true,12,2016-06-01,2017-05-31,1
2016-09-30,96510,2017-05-31,1,1131000000,-0.127,,,,,21000000,-0.788,34000000,-0.689,,20000000,,4.26,,,,,,8630000000,8004000000,0.927,,8004000000,,,,,,,,,,,,true,false,3,2016-06-01,2016-08-31,0
2016-09-30,96510,2016-05-31,1,1296000000,-0.009,,,,,99000000,0.041,112000000,0.086,,74000000,,15.15,,,,,,,,,,,,,,,,,,,,,,true,false,3,2015-06-01,2015-08-31,-1
2016-09-30,96510,2017-05-31,1,2527000000,-0.089,,,,,115000000,-0.535,142000000,-0.474,,92000000,,18.69,,,,,,,,,,,,,,,,,,,,,,true,true,6,2016-06-01,2016-11-30,0
2016-09-30,96510,2017-05-31,1,5642000000,0.004,,,,,393000000,-0.077,446000000,-0.070,,296000000,,60.13,,,,,,,,,,,,,,,,,,,,,,true,true,12,2016-06-01,2017-05-31,0
2016-09-30,96510,2016-05-31,1,,,,,,,,,,,,,,,,,,,,9146000000,8011000000,0.876,,8011000000,,,,,,,,,,,,true,false,12,2015-06-01,2016-05-31,-1
2016-09-30,96510,2016-05-31,1,,,,,,,,,,,,,,,,,,,,,,,,,,,,,35.00,,,,5745184,822634,,false,false,12,2015-06-01,2016-05-31,-1
2016-09-30,96510,2017-05-31,1,,,,,,,,,,,,,,,,,,,,,,,,,,,,,35.00,,,,,,,false,true,12,2016-06-01,2017-05-31,0
2016-09-30,96510,2017-05-31,1,,,,,,,,,,,,,,,,,,,,,,,,,,,,,,,,,5745184,822634,4922550,false,false,3,2016-06-01,2016-08-31,0
2016-09-30,96510,2016-05-31,1,,,,,,,,,,,,,,,,,,,,,,,,,,,,,,,,,,,4922550,false,false,3,2015-06-01,2015-08-31,-1
2016-12-28,96510,2017-05-31,2,2409000000,-0.132,,,,,128000000,-0.481,150000000,-0.442,,96000000,,19.68,,,,,,9069000000,8193000000,0.903,,8193000000,,,,,,,,,,,,true,false,6,2016-06-01,2016-11-30,0
2016-12-28,96510,2016-05-31,2,2775000000,0.015,,,,,247000000,-0.000,269000000,0.025,,175000000,,35.55,,,,,,,,,,,,,,,,,,,,,,true,false,6,2015-06-01,2015-11-30,-1
2016-12-28,96510,2017-05-31,2,5642000000,0.004,,,,,393000000,-0.077,446000000,-0.070,,296000000,,60.13,,,,,,,,,,,,,,,,,,,,,,true,true,12,2016-06-01,2017-05-31,0
2016-12-28,96510,2016-05-31,2,,,,,,,,,,,,,,,,,,,,9146000000,8011000000,0.876,,8011000000,,,,,,,,,,,,true,false,12,2015-06-01,2016-05-31,-1
2016-12-28,96510,2016-05-31,2,,,,,,,,,,,,,,,,,,,,,,,,,,,,,35.00,,,,5745184,822634,,false,false,12,2015-06-01,2016-05-31,-1
2016-12-28,96510,2017-05-31,2,,,,,,,,,,,,,,,,,,,,,,,,,,,,,17.50,,,,,,,false,false,12,2016-06-01,2017-05-31,0
2016-12-28,96510,2017-05-31,2,,,,,,,,,,,,,,,,,,,,,,,,,,,,,35.00,,,,,,,false,true,12,2016-06-01,2017-05-31,0
2016-12-28,96510,2017-05-31,2,,,,,,,,,,,,,,,,,,,,,,,,,,,,,,,,,5745184,822634,4922550,false,false,6,2016-06-01,2016-11-30,0
2016-12-28,96510,2016-05-31,2,,,,,,,,,,,,,,,,,,,,,,,,,,,,,,,,,,,4922550,false,false,6,2015-06-01,2015-11-30,-1
2017-03-31,96510,2017-05-31,3,3725000000,-0.106,,,,,253000000,-0.328,288000000,-0.297,,188000000,,38.39,,,,,,9230000000,8210000000,0.889,,8210000000,,,,,,,,,,,,true,false,9,2016-06-01,2017-02-28,0
2017-03-31,96510,2016-05-31,3,4168000000,0.005,,,,,376000000,-0.071,410000000,-0.046,,266000000,,54.24,,,,,,,,,,,,,,,,,,,,,,true,false,9,2015-06-01,2016-02-29,-1
2017-03-31,96510,2017-05-31,3,5642000000,0.004,,,,,393000000,-0.077,446000000,-0.070,,296000000,,60.13,,,,,,,,,,,,,,,,,,,,,,true,true,12,2016-06-01,2017-05-31,0
2017-03-31,96510,2016-05-31,3,,,,,,,,,,,,,,,,,,,,9146000000,8011000000,0.876,,8011000000,,,,,,,,,,,,true,false,12,2015-06-01,2016-05-31,-1
2017-03-31,96510,2016-05-31,3,,,,,,,,,,,,,,,,,,,,,,,,,,,,,35.00,,,,5745184,822634,,false,false,12,2015-06-01,2016-05-31,-1
2017-03-31,96510,2017-05-31,3,,,,,,,,,,,,,,,,,,,,,,,,,,,,,17.50,,,,,,,false,false,12,2016-06-01,2017-05-31,0
2017-03-31,96510,2017-05-31,3,,,,,,,,,,,,,,,,,,,,,,,,,,,,,50.00,,,,,,,false,true,12,2016-06-01,2017-05-31,0
2017-03-31,96510,2017-05-31,3,,,,,,,,,,,,,,,,,,,,,,,,,,,,,,,,,5745184,822634,4922550,false,false,9,2016-06-01,2017-02-28,0
2017-03-31,96510,2016-05-31,3,,,,,,,,,,,,,,,,,,,,,,,,,,,,,,,,,,,4922550,false,false,9,2015-06-01,2016-02-29,-1
2017-07-07,96510,2017-05-31,,5567000000,-0.009,,,,,407000000,-0.042,464000000,-0.031,,306000000,,62.22,,0.038,0.049,0.073,,9682000000,8308000000,0.858,1687.91,8308000000,770000000,266000000,-184000000,2113000000,,0.804,,,,,,true,false,12,2016-06-01,2017-05-31,0
2017-07-07,96510,2016-05-31,,5618000000,-0.034,,,,,425000000,-0.127,479000000,-0.103,,304000000,,61.94,,0.039,0.052,0.076,,9146000000,8011000000,0.876,1627.58,8011000000,186000000,433000000,-172000000,1261000000,,0.565,,,,,,true,false,12,2015-06-01,2016-05-31,-1
2017-07-07,96510,2018-05-31,,2760000000,0.145,,,,,170000000,0.324,190000000,0.262,,70000000,,14.22,,,,,,,,,,,,,,,,,,,,,,true,true,6,2017-06-01,2017-11-30,1
2017-07-07,96510,2018-05-31,,5800000000,0.042,,,,,430000000,0.054,495000000,0.066,,280000000,,56.88,,,,,,,,,,,,,,,,0.703,,,,,,true,true,12,2017-06-01,2018-05-31,1
2017-07-07,96510,2017-05-31,,5567000000,-0.009,,,,,407000000,-0.042,464000000,-0.031,306000000,,-0.110,62.26,,,,,,9674000000,8300000000,0.858,1686.29,8300000000,,,,,50.00,,,,5745184,822674,4922541,false,false,12,2016-06-01,2017-05-31,0
2017-07-07,96510,2016-05-31,,5618000000,-0.030,,,,,426000000,-0.120,479000000,-0.105,344000000,,0.105,69.96,,,,,,9138000000,8003000000,0.876,1625.91,8003000000,,,,,35.00,,,,5745184,822634,4922550,false,false,12,2015-06-01,2016-05-31,-1
2017-07-07,96510,2018-05-31,,2760000000,0.145,,,,,,,190000000,0.260,70000000,,-0.279,14.22,,,,,,,,,,,,,,,,,,,,,,false,true,6,2017-06-01,2017-11-30,1
2017-07-07,96510,2018-05-31,,5800000000,0.042,,,,,,,495000000,0.066,280000000,,-0.086,56.88,,,,,,,,,,,,,,,40.00,,,,,,,false,true,12,2017-06-01,2018-05-31,1
2017-09-29,96510,2018-05-31,1,1388000000,0.227,,,,,134000000,5.391,148000000,3.255,,40000000,,8.18,,,,,,8885000000,8161000000,0.919,,8161000000,,,,,,,,,,,,true,false,3,2017-06-01,2017-08-31,0
2017-09-29,96510,2017-05-31,1,1131000000,-0.127,,,,,21000000,-0.788,34000000,-0.689,,20000000,,4.26,,,,,,,,,,,,,,,,,,,,,,true,false,3,2016-06-01,2016-08-31,-1
2017-09-29,96510,2018-05-31,1,2980000000,0.237,,,,,260000000,1.024,280000000,0.859,,130000000,,26.41,,,,,,,,,,,,,,,,,,,,,,true,true,6,2017-06-01,2017-11-30,0
2017-09-29,96510,2018-05-31,1,5800000000,0.042,,,,,430000000,0.054,495000000,0.066,,280000000,,28.44,,,,,,,,,,,,,,,,,,,,,,true,true,12,2017-06-01,2018-05-31,0
2017-09-29,96510,2017-05-31,1,,,,,,,,,,,,,,,,,,,,9682000000,8308000000,0.858,,8308000000,,,,,,,,,,,,true,false,12,2016-06-01,2017-05-31,-1
2017-09-29,96510,2017-05-31,1,,,,,,,,,,,,,,,,,,,,,,,,,,,,,50.00,,,,5745184,822674,,false,false,12,2016-06-01,2017-05-31,-1
2017-09-29,96510,2018-05-31,1,,,,,,,,,,,,,,,,,,,,,,,,,,,,,30.00,,,,,,,false,true,12,2017-06-01,2018-05-31,0
2017-09-29,96510,2018-05-31,1,,,,,,,,,,,,,,,,,,,,,,,,,,,,,,,,,5745184,822674,4922510,false,false,3,2017-06-01,2017-08-31,0
2017-09-29,96510,2017-05-31,1,,,,,,,,,,,,,,,,,,,,,,,,,,,,,,,,,,,4922550,false,false,3,2016-06-01,2016-08-31,-1
2017-09-29,96510,2018-05-31,,2980000000,0.080,,,,,260000000,0.529,280000000,0.474,,130000000,,26.41,,,,,,,,,,,,,,,,,,,,,,true,true,6,2017-06-01,2017-11-30,0
2017-09-29,96510,2017-05-31,,2409000000,,,,,,128000000,,150000000,,,96000000,,19.68,,,,,,,,,,,,,,,,,,,,,,true,false,6,2016-06-01,2016-11-30,-1
2017-09-29,96510,2018-05-31,,2980000000,0.080,,,,,,,280000000,0.474,130000000,,0.857,26.41,,,,,,,,,,,,,,,,,,,,,,false,true,6,2017-06-01,2017-11-30,0
2017-09-29,96510,2017-05-31,,2409000000,,,,,,,,150000000,,97000000,,,19.71,,,,,,,,,,,,,,,,,,,,,,false,false,6,2016-06-01,2016-11-30,-1
2017-12-28,96510,2018-05-31,2,2987000000,0.240,,,,,320000000,1.494,342000000,1.272,,168000000,,17.17,,,,,,9393000000,8341000000,0.888,,8341000000,,,,,,,,,,,,true,false,6,2017-06-01,2017-11-30,0
2017-12-28,96510,2017-05-31,2,2409000000,-0.132,,,,,128000000,-0.481,150000000,-0.442,,96000000,,9.84,,,,,,,,,,,,,,,,,,,,,,true,false,6,2016-06-01,2016-11-30,-1
2017-12-28,96510,2018-05-31,2,5800000000,0.042,,,,,430000000,0.054,495000000,0.066,,280000000,,28.44,,,,,,,,,,,,,,,,,,,,,,true,true,12,2017-06-01,2018-05-31,0
2017-12-28,96510,2017-05-31,2,,,,,,,,,,,,,,,,,,,,9682000000,8308000000,0.858,,8308000000,,,,,,,,,,,,true,false,12,2016-06-01,2017-05-31,-1
2017-12-28,96510,2017-05-31,2,,,,,,,,,,,,,,,,,,,,,,,,,,,,,50.00,,,,11490368,1645348,,false,false,12,2016-06-01,2017-05-31,-1
2017-12-28,96510,2018-05-31,2,,,,,,,,,,,,,,,,,,,,,,,,,,,,,20.00,,,,,,,false,false,12,2017-06-01,2018-05-31,0
2017-12-28,96510,2018-05-31,2,,,,,,,,,,,,,,,,,,,,,,,,,,,,,10.00,,,,,,,false,true,12,2017-06-01,2018-05-31,0
2017-12-28,96510,2018-05-31,2,,,,,,,,,,,,,,,,,,,,,,,,,,,,,,,,,10645020,800150,9844983,false,false,6,2017-06-01,2017-11-30,0
2017-12-28,96510,2017-05-31,2,,,,,,,,,,,,,,,,,,,,,,,,,,,,,,,,,,,9845100,false,false,6,2016-06-01,2016-11-30,-1
2018-03-30,96510,2018-05-31,3,4460000000,0.197,,,,,433000000,0.712,480000000,0.666,,259000000,,26.35,,,,,,9654000000,8382000000,0.868,,8382000000,,,,,,,,,,,,true,false,9,2017-06-01,2018-02-28,0
2018-03-30,96510,2017-05-31,3,3725000000,-0.106,,,,,253000000,-0.328,288000000,-0.297,,188000000,,19.19,,,,,,,,,,,,,,,,,,,,,,true,false,9,2016-06-01,2017-02-28,-1
2018-03-30,96510,2018-05-31,3,6150000000,0.105,,,,,480000000,0.177,540000000,0.163,,300000000,,30.45,,,,,,,,,,,,,,,,,,,,,,true,true,12,2017-06-01,2018-05-31,0
2018-03-30,96510,2017-05-31,3,,,,,,,,,,,,,,,,,,,,9682000000,8308000000,0.858,,8308000000,,,,,,,,,,,,true,false,12,2016-06-01,2017-05-31,-1
2018-03-30,96510,2017-05-31,3,,,,,,,,,,,,,,,,,,,,,,,,,,,,,50.00,,,,11490368,1645348,,false,false,12,2016-06-01,2017-05-31,-1
2018-03-30,96510,2018-05-31,3,,,,,,,,,,,,,,,,,,,,,,,,,,,,,20.00,,,,,,,false,false,12,2017-06-01,2018-05-31,0
2018-03-30,96510,2018-05-31,3,,,,,,,,,,,,,,,,,,,,,,,,,,,,,10.00,,,,,,,false,true,12,2017-06-01,2018-05-31,0
2018-03-30,96510,2018-05-31,3,,,,,,,,,,,,,,,,,,,,,,,,,,,,,,,,,10645020,800150,9844946,false,false,9,2017-06-01,2018-02-28,0
2018-03-30,96510,2017-05-31,3,,,,,,,,,,,,,,,,,,,,,,,,,,,,,,,,,,,9845100,false,false,9,2016-06-01,2017-02-28,-1
2018-03-30,96510,2018-05-31,,6150000000,0.060,,,,,480000000,0.116,540000000,0.091,300000000,,0.071,30.45,,,,,,,,,,,,,,,,,,,,,,true,true,12,2017-06-01,2018-05-31,0
2018-03-30,96510,2017-05-31,,5567000000,,,,,,407000000,,464000000,,306000000,,,31.11,,,,,,,,,,,,,,,,,,,,,,true,false,12,2016-06-01,2017-05-31,-1
2018-03-30,96510,2018-05-31,,6150000000,0.060,,,,,,,540000000,0.091,300000000,,0.071,30.45,,,,,,,,,,,,,,,,,,,,,,false,true,12,2017-06-01,2018-05-31,0
2018-03-30,96510,2017-05-31,,5567000000,,,,,,,,464000000,,306000000,,,31.13,,,,,,,,,,,,,,,,,,,,,,false,false,12,2016-06-01,2017-05-31,-1
2018-07-06,96510,2018-05-31,,6289000000,0.130,,,,,512000000,0.258,579000000,0.247,,314000000,,31.88,,0.037,0.058,0.082,,10257000000,8514000000,0.830,866.46,8514000000,501000000,-525000000,-301000000,1788000000,,0.627,,,,,,true,false,12,2017-06-01,2018-05-31,0
2018-07-06,96510,2017-05-31,,5567000000,-0.009,,,,,407000000,-0.042,464000000,-0.031,,306000000,,31.11,,0.038,0.049,0.073,,9682000000,8308000000,0.858,843.96,8308000000,770000000,266000000,-184000000,2113000000,,0.804,,,,,,true,false,12,2016-06-01,2017-05-31,-1
2018-07-06,96510,2019-05-31,,3200000000,0.071,,,,,190000000,-0.407,210000000,-0.386,,140000000,,14.45,,,,,,,,,,,,,,,,,,,,,,true,true,6,2018-06-01,2018-11-30,1
2018-07-06,96510,2019-05-31,,6690000000,0.064,,,,,460000000,-0.103,500000000,-0.137,,330000000,,34.07,,,,,,,,,,,,,,,,0.587,,,,,,true,true,12,2018-06-01,2019-05-31,1
2018-07-06,96510,2018-05-31,,6289000000,0.130,,,,,533000000,0.307,599000000,0.290,334000000,,0.091,33.94,,,,,,10269000000,8526000000,0.830,867.70,8526000000,,,,,10.00,,,,10645020,818103,9849683,false,false,12,2017-06-01,2018-05-31,0
2018-07-06,96510,2017-05-31,,5567000000,-0.009,,,,,407000000,-0.042,464000000,-0.031,306000000,,-0.110,31.13,,,,,,9674000000,8300000000,0.858,843.14,8300000000,,,,,50.00,,,,11490368,1645348,9845081,false,false,12,2016-06-01,2017-05-31,-1
2018-07-06,96510,2019-05-31,,3120000000,0.044,,,,,,,200000000,-0.416,130000000,,-0.232,13.41,,,,,,,,,,,,,,,,,,,,,,false,true,6,2018-06-01,2018-11-30,1
2018-07-06,96510,2019-05-31,,6540000000,0.040,,,,,,,485000000,-0.191,320000000,,-0.043,33.04,,,,,,,,,,,,,,,20.00,,,,,,,false,true,12,2018-06-01,2019-05-31,1
2018-09-28,96510,2019-05-31,1,1479000000,0.065,,,,,123000000,-0.087,143000000,-0.034,,124000000,,12.82,,,,,,9429000000,8638000000,0.916,,8638000000,,,,,,,,,,,,true,false,3,2018-06-01,2018-08-31,0
2018-09-28,96510,2018-05-31,1,1388000000,0.227,,,,,134000000,5.391,148000000,3.255,,40000000,,4.09,,,,,,,,,,,,,,,,,,,,,,true,false,3,2017-06-01,2017-08-31,-1
2018-09-28,96510,2019-05-31,1,3200000000,0.071,,,,,230000000,-0.282,250000000,-0.269,,198000000,,20.24,,,,,,,,,,,,,,,,,,,,,,true,true,6,2018-06-01,2018-11-30,0
2018-09-28,96510,2019-05-31,1,6690000000,0.064,,,,,460000000,-0.103,500000000,-0.137,,360000000,,36.70,,,,,,,,,,,,,,,,,,,,,,true,true,12,2018-06-01,2019-05-31,0
2018-09-28,96510,2018-05-31,1,,,,,,,,,,,,,,,,,,,,10066000000,8514000000,0.846,,8514000000,,,,,,,,,,,,true,false,12,2017-06-01,2018-05-31,-1
2018-09-28,96510,2018-05-31,1,,,,,,,,,,,,,,,,,,,,,,,,,,,,,10.00,,,,10645020,818103,,false,false,12,2017-06-01,2018-05-31,-1
2018-09-28,96510,2019-05-31,1,,,,,,,,,,,,,,,,,,,,,,,,,,,,,20.00,,,,,,,false,true,12,2018-06-01,2019-05-31,0
2018-09-28,96510,2019-05-31,1,,,,,,,,,,,,,,,,,,,,,,,,,,,,,,,,,10645020,823034,9730150,false,false,3,2018-06-01,2018-08-31,0
2018-09-28,96510,2018-05-31,1,,,,,,,,,,,,,,,,,,,,,,,,,,,,,,,,,,,9845020,false,false,3,2017-06-01,2017-08-31,-1
2018-09-28,96510,2019-05-31,,3200000000,0.000,,,,,230000000,0.211,250000000,0.190,,198000000,,20.24,,,,,,,,,,,,,,,,,,,,,,true,true,6,2018-06-01,2018-11-30,0
2018-09-28,96510,2018-05-31,,2987000000,,,,,,320000000,,342000000,,,168000000,,17.17,,,,,,,,,,,,,,,,,,,,,,true,false,6,2017-06-01,2017-11-30,-1
2018-09-28,96510,2019-05-31,,6690000000,0.000,,,,,460000000,0.000,500000000,0.000,,360000000,,36.70,,,,,,,,,,,,,,,,,,,,,,true,true,12,2018-06-01,2019-05-31,0
2018-09-28,96510,2018-05-31,,6289000000,,,,,,512000000,,579000000,,,314000000,,31.88,,,,,,,,,,,,,,,,,,,,,,true,false,12,2017-06-01,2018-05-31,-1
2018-09-28,96510,2019-05-31,,3120000000,0.000,,,,,,,240000000,0.200,158000000,,0.215,16.16,,,,,,,,,,,,,,,,,,,,,,false,true,6,2018-06-01,2018-11-30,0
2018-09-28,96510,2018-05-31,,2987000000,,,,,,,,342000000,,169000000,,,17.18,,,,,,,,,,,,,,,,,,,,,,false,false,6,2017-06-01,2017-11-30,-1
2018-12-25,96510,2019-05-31,,3283000000,0.026,,,,,299000000,0.302,326000000,0.305,,247000000,,25.29,,,,,,,,,,,,,,,,,,,,,,true,true,6,2018-06-01,2018-11-30,0
2018-12-25,96510,2018-05-31,,2987000000,,,,,,320000000,,342000000,,,168000000,,17.17,,,,,,,,,,,,,,,,,,,,,,true,false,6,2017-06-01,2017-11-30,-1
2018-12-25,96510,2019-05-31,,6800000000,0.016,,,,,550000000,0.196,605000000,0.210,,430000000,,43.83,,,,,,,,,,,,,,,,,,,,,,true,true,12,2018-06-01,2019-05-31,0
2018-12-25,96510,2018-05-31,,6289000000,,,,,,512000000,,579000000,,,314000000,,31.88,,,,,,,,,,,,,,,,,,,,,,true,false,12,2017-06-01,2018-05-31,-1
2018-12-25,96510,2019-05-31,,3198000000,0.025,,,,,286000000,0.304,313000000,0.307,205000000,,0.301,21.01,,,,,,,,,,,,,,,,,,,,,,false,true,6,2018-06-01,2018-11-30,0
2018-12-25,96510,2018-05-31,,2987000000,,,,,,320000000,,342000000,,169000000,,,17.18,,,,,,,,,,,,,,,,,,,,,,false,false,6,2017-06-01,2017-11-30,-1
2018-12-25,96510,2019-05-31,,6620000000,0.012,,,,,535000000,0.202,590000000,0.216,390000000,,0.219,39.76,,,,,,,,,,,,,,,,,,,,,,false,true,12,2018-06-01,2019-05-31,0
2018-12-25,96510,2018-05-31,,6289000000,,,,,,533000000,,599000000,,334000000,,,33.94,,,,,,,,,,,,,,,,,,,,,,false,false,12,2017-06-01,2018-05-31,-1
2018-12-28,96510,2019-05-31,2,3283000000,0.099,,,,,299000000,-0.065,326000000,-0.047,,247000000,,25.29,,,,,,10002000000,8799000000,0.880,,8799000000,,,,,,,,,,,,true,false,6,2018-06-01,2018-11-30,0
2018-12-28,96510,2018-05-31,2,2987000000,0.240,,,,,320000000,1.494,342000000,1.272,,168000000,,17.17,,,,,,,,,,,,,,,,,,,,,,true,false,6,2017-06-01,2017-11-30,-1
2018-12-28,96510,2019-05-31,2,6800000000,0.081,,,,,550000000,0.072,605000000,0.044,,430000000,,43.83,,,,,,,,,,,,,,,,,,,,,,true,true,12,2018-06-01,2019-05-31,0
2018-12-28,96510,2018-05-31,2,,,,,,,,,,,,,,,,,,,,10066000000,8514000000,0.846,,8514000000,,,,,,,,,,,,true,false,12,2017-06-01,2018-05-31,-1
2018-12-28,96510,2018-05-31,2,,,,,,,,,,,,,,,,,,,,,,,,,,,,,10.00,,,,10645020,818103,,false,false,12,2017-06-01,2018-05-31,-1
2018-12-28,96510,2019-05-31,2,,,,,,,,,,,,,,,,,,,,,,,,,,,,,12.00,,,,,,,false,false,12,2018-06-01,2019-05-31,0
2018-12-28,96510,2019-05-31,2,,,,,,,,,,,,,,,,,,,,,,,,,,,,,24.00,,,,,,,false,true,12,2018-06-01,2019-05-31,0
2018-12-28,96510,2019-05-31,2,,,,,,,,,,,,,,,,,,,,,,,,,,,,,,,,,10645020,805287,9780278,false,false,6,2018-06-01,2018-11-30,0
2018-12-28,96510,2018-05-31,2,,,,,,,,,,,,,,,,,,,,,,,,,,,,,,,,,,,9844983,false,false,6,2017-06-01,2017-11-30,-1
2019-03-29,96510,2019-05-31,3,5093000000,0.142,,,,,460000000,0.063,498000000,0.037,,365000000,,37.30,,,,,,10132000000,8704000000,0.859,,8704000000,,,,,,,,,,,,true,false,9,2018-06-01,2019-02-28,0
2019-03-29,96510,2018-05-31,3,4460000000,0.197,,,,,433000000,0.712,480000000,0.666,,259000000,,26.35,,,,,,,,,,,,,,,,,,,,,,true,false,9,2017-06-01,2018-02-28,-1
2019-03-29,96510,2019-05-31,3,6800000000,0.081,,,,,550000000,0.072,605000000,0.044,,430000000,,43.83,,,,,,,,,,,,,,,,,,,,,,true,true,12,2018-06-01,2019-05-31,0
2019-03-29,96510,2018-05-31,3,,,,,,,,,,,,,,,,,,,,10066000000,8514000000,0.846,,8514000000,,,,,,,,,,,,true,false,12,2017-06-01,2018-05-31,-1
2019-03-29,96510,2018-05-31,3,,,,,,,,,,,,,,,,,,,,,,,,,,,,,10.00,,,,10645020,818103,,false,false,12,2017-06-01,2018-05-31,-1
2019-03-29,96510,2019-05-31,3,,,,,,,,,,,,,,,,,,,,,,,,,,,,,12.00,,,,,,,false,false,12,2018-06-01,2019-05-31,0
2019-03-29,96510,2019-05-31,3,,,,,,,,,,,,,,,,,,,,,,,,,,,,,24.00,,,,,,,false,true,12,2018-06-01,2019-05-31,0
2019-03-29,96510,2019-05-31,3,,,,,,,,,,,,,,,,,,,,,,,,,,,,,,,,,10645020,805287,9799879,false,false,9,2018-06-01,2019-02-28,0
2019-03-29,96510,2018-05-31,3,,,,,,,,,,,,,,,,,,,,,,,,,,,,,,,,,,,9844946,false,false,9,2017-06-01,2018-02-28,-1
,96510,2019-05-31,,,,,,,,,,,,,,,,,,,,,,,,,,,,,,25.00,,,,,,,false,true,12,2018-06-01,2019-05-31,0
,96510,2019-05-31,,,,,,,,,,,,,,,,,,,,,,,,,,,,,,12.00,,,,,,,false,false,12,2018-06-01,2019-05-31,0
,96510,2018-05-31,,,,,,,,,,,,,,,,,,,,,,,,,,,,,,10.00,,,,,,,false,false,12,2017-06-01,2018-05-31,-1
2019-07-05,96510,2019-05-31,,7215000000,0.147,,,,,615000000,0.199,665000000,0.148,,501000000,,51.09,,0.058,0.064,0.085,,10628000000,8822000000,0.830,896.61,8822000000,-217000000,385000000,-359000000,1596000000,,0.489,,,,,,true,false,12,2018-06-01,2019-05-31,0
2019-07-05,96510,2018-05-31,,6289000000,0.130,,,,,512000000,0.258,579000000,0.247,,314000000,,31.88,,0.037,0.058,0.082,,10066000000,8514000000,0.846,866.46,8514000000,501000000,-525000000,-301000000,1788000000,,0.627,,,,,,true,false,12,2017-06-01,2018-05-31,-1
2019-07-05,96510,2020-05-31,,3650000000,0.112,,,,,350000000,0.169,370000000,0.134,,250000000,,25.41,,,,,,,,,,,,,,,,,,,,,,true,true,6,2019-06-01,2019-11-30,1
2019-07-05,96510,2020-05-31,,7620000000,0.056,,,,,635000000,0.032,685000000,0.030,,470000000,,47.77,,,,,,,,,,,,,,,,0.544,,,,,,true,true,12,2019-06-01,2020-05-31,1
2019-07-05,96510,2019-05-31,,7030000000,0.118,,,,,597000000,0.121,647000000,0.080,454000000,,0.359,46.30,,,,,,10465000000,8743000000,0.835,888.60,8743000000,,,,,25.00,,,,10645020,805287,9809924,false,false,12,2018-06-01,2019-05-31,0
2019-07-05,96510,2018-05-31,,6289000000,0.130,,,,,533000000,0.307,599000000,0.290,334000000,,0.091,33.94,,,,,,10078000000,8526000000,0.846,867.70,8526000000,,,,,10.00,,,,10645020,818103,9849683,false,false,12,2017-06-01,2018-05-31,-1
2019-07-05,96510,2020-05-31,,3460000000,0.082,,,,,,,320000000,0.021,210000000,,0.022,21.34,,,,,,,,,,,,,,,,,,,,,,false,true,6,2019-06-01,2019-11-30,1
2019-07-05,96510,2020-05-31,,7250000000,0.031,,,,,,,620000000,-0.042,425000000,,-0.064,43.19,,,,,,,,,,,,,,,26.00,,,,,,,false,true,12,2019-06-01,2020-05-31,1
2019-09-30,96510,2020-05-31,1,1836000000,0.242,,,,,172000000,0.403,193000000,0.343,,131000000,,13.41,,,,,,10327000000,9090000000,0.880,,9090000000,,,,,,,,,,,,true,false,3,2019-06-01,2019-08-31,0
2019-09-30,96510,2019-05-31,1,1479000000,0.065,,,,,123000000,-0.087,143000000,-0.034,,124000000,,12.82,,,,,,,,,,,,,,,,,,,,,,true,false,3,2018-06-01,2018-08-31,-1
2019-09-30,96510,2020-05-31,1,3650000000,0.112,,,,,350000000,0.169,370000000,0.134,,250000000,,25.51,,,,,,,,,,,,,,,,,,,,,,true,true,6,2019-06-01,2019-11-30,0
2019-09-30,96510,2020-05-31,1,7620000000,0.056,,,,,635000000,0.032,685000000,0.030,,470000000,,48.31,,,,,,,,,,,,,,,,,,,,,,true,true,12,2019-06-01,2020-05-31,0
2019-09-30,96510,2019-05-31,1,,,,,,,,,,,,,,,,,,,,10628000000,8822000000,0.830,,8822000000,,,,,,,,,,,,true,false,12,2018-06-01,2019-05-31,-1
2019-09-30,96510,2019-05-31,1,,,,,,,,,,,,,,,,,,,,,,,,,,,,,25.00,,,,10645020,805287,,false,false,12,2018-06-01,2019-05-31,-1
2019-09-30,96510,2020-05-31,1,,,,,,,,,,,,,,,,,,,,,,,,,,,,,26.00,,,,,,,false,true,12,2019-06-01,2020-05-31,0
2019-09-30,96510,2020-05-31,1,,,,,,,,,,,,,,,,,,,,,,,,,,,,,,,,,10645020,805787,9839685,false,false,3,2019-06-01,2019-08-31,0
2019-09-30,96510,2019-05-31,1,,,,,,,,,,,,,,,,,,,,,,,,,,,,,,,,,,,9730150,false,false,3,2018-06-01,2018-08-31,-1
2019-12-27,96510,2020-05-31,2,3672000000,0.119,,,,,342000000,0.144,372000000,0.142,,250000000,,25.51,,,,,,10527000000,9155000000,0.870,,9155000000,,,,,,,,,,,,true,false,6,2019-06-01,2019-11-30,0
2019-12-27,96510,2019-05-31,2,3283000000,0.099,,,,,299000000,-0.065,326000000,-0.047,,247000000,,25.29,,,,,,,,,,,,,,,,,,,,,,true,false,6,2018-06-01,2018-11-30,-1
2019-12-27,96510,2020-05-31,2,7620000000,0.056,,,,,635000000,0.032,685000000,0.030,,470000000,,48.30,,,,,,,,,,,,,,,,,,,,,,true,true,12,2019-06-01,2020-05-31,0
2019-12-27,96510,2019-05-31,2,,,,,,,,,,,,,,,,,,,,10628000000,8822000000,0.830,,8822000000,,,,,,,,,,,,true,false,12,2018-06-01,2019-05-31,-1
2019-12-27,96510,2019-05-31,2,,,,,,,,,,,,,,,,,,,,,,,,,,,,,25.00,,,,10645020,805287,,false,false,12,2018-06-01,2019-05-31,-1
2019-12-27,96510,2020-05-31,2,,,,,,,,,,,,,,,,,,,,,,,,,,,,,13.00,,,,,,,false,false,12,2019-06-01,2020-05-31,0
2019-12-27,96510,2020-05-31,2,,,,,,,,,,,,,,,,,,,,,,,,,,,,,26.00,,,,,,,false,true,12,2019-06-01,2020-05-31,0
2019-12-27,96510,2020-05-31,2,,,,,,,,,,,,,,,,,,,,,,,,,,,,,,,,,10645020,988048,9805166,false,false,6,2019-06-01,2019-11-30,0
2019-12-27,96510,2019-05-31,2,,,,,,,,,,,,,,,,,,,,,,,,,,,,,,,,,,,9780278,false,false,6,2018-06-01,2018-11-30,-1
2020-03-31,96510,2020-05-31,3,5603000000,0.100,,,,,522000000,0.135,560000000,0.124,,375000000,,38.50,,,,,,10489000000,9077000000,0.865,,9077000000,,,,,,,,,,,,true,false,9,2019-06-01,2020-02-29,0
2020-03-31,96510,2019-05-31,3,5093000000,0.142,,,,,460000000,0.063,498000000,0.037,,365000000,,37.30,,,,,,,,,,,,,,,,,,,,,,true,false,9,2018-06-01,2019-02-28,-1
2020-03-31,96510,2020-05-31,3,7620000000,0.056,,,,,635000000,0.032,685000000,0.030,,470000000,,48.30,,,,,,,,,,,,,,,,,,,,,,true,true,12,2019-06-01,2020-05-31,0
2020-03-31,96510,2019-05-31,3,,,,,,,,,,,,,,,,,,,,10628000000,8822000000,0.830,,8822000000,,,,,,,,,,,,true,false,12,2018-06-01,2019-05-31,-1
2020-03-31,96510,2019-05-31,3,,,,,,,,,,,,,,,,,,,,,,,,,,,,,25.00,,,,10645020,805287,,false,false,12,2018-06-01,2019-05-31,-1
2020-03-31,96510,2020-05-31,3,,,,,,,,,,,,,,,,,,,,,,,,,,,,,13.00,,,,,,,false,false,12,2019-06-01,2020-05-31,0
2020-03-31,96510,2020-05-31,3,,,,,,,,,,,,,,,,,,,,,,,,,,,,,26.00,,,,,,,false,true,12,2019-06-01,2020-05-31,0
2020-03-31,96510,2020-05-31,3,,,,,,,,,,,,,,,,,,,,,,,,,,,,,,,,,10645020,988048,9755949,false,false,9,2019-06-01,2020-02-29,0
2020-03-31,96510,2019-05-31,3,,,,,,,,,,,,,,,,,,,,,,,,,,,,,,,,,,,9799879,false,false,9,2018-06-01,2019-02-28,-1
2020-07-08,96510,2020-05-31,,7770000000,0.077,,,,,727000000,0.183,785000000,0.181,,558000000,,57.40,,0.061,0.072,0.094,,11295000000,9396000000,0.832,973.04,9396000000,246000000,476000000,-425000000,1991000000,,0.453,,,,,,true,false,12,2019-06-01,2020-05-31,0
2020-07-08,96510,2019-05-31,,7215000000,0.147,,,,,615000000,0.199,665000000,0.148,,501000000,,51.09,,0.058,0.064,0.085,,10628000000,8822000000,0.830,896.61,8822000000,-217000000,385000000,-359000000,1596000000,,0.489,,,,,,true,false,12,2018-06-01,2019-05-31,-1
2020-07-08,96510,2021-05-31,,3260000000,-0.112,,,,,280000000,-0.183,320000000,-0.141,,210000000,,21.75,,,,,,,,,,,,,,,,,,,,,,true,true,6,2020-06-01,2020-11-30,1
2020-07-08,96510,2021-05-31,,7430000000,-0.044,,,,,570000000,-0.217,665000000,-0.154,,445000000,,46.08,,,,,,,,,,,,,,,,0.564,,,,,,true,true,12,2020-06-01,2021-05-31,1
2020-07-08,96510,2020-05-31,,7362000000,0.047,,,,,654000000,0.096,704000000,0.089,485000000,,0.069,49.92,,,,,,10908000000,9135000000,0.837,946.00,9135000000,,,,,26.00,,,,10645020,988048,9731069,false,false,12,2019-06-01,2020-05-31,0
2020-07-08,96510,2019-05-31,,7030000000,0.118,,,,,597000000,0.121,647000000,0.080,454000000,,0.359,46.30,,,,,,10465000000,8743000000,0.835,888.60,8743000000,,,,,25.00,,,,10645020,805287,9809924,false,false,12,2018-06-01,2019-05-31,-1
2020-07-08,96510,2021-05-31,,3030000000,-0.142,,,,,,,260000000,-0.248,175000000,,-0.262,18.12,,,,,,,,,,,,,,,,,,,,,,false,true,6,2020-06-01,2020-11-30,1
2020-07-08,96510,2021-05-31,,7000000000,-0.049,,,,,,,605000000,-0.142,400000000,,-0.176,41.42,,,,,,,,,,,,,,,26.00,,,,,,,false,true,12,2020-06-01,2021-05-31,1
2020-09-30,96510,2021-05-31,1,1571000000,-0.144,,,,,130000000,-0.247,157000000,-0.182,,106000000,,11.06,,,,,,10201000000,9337000000,0.915,,9337000000,,,,,,,,,,,,true,false,3,2020-06-01,2020-08-31,0
2020-09-30,96510,2020-05-31,1,1836000000,0.242,,,,,172000000,0.403,193000000,0.343,,131000000,,13.41,,,,,,,,,,,,,,,,,,,,,,true,false,3,2019-06-01,2019-08-31,-1
2020-09-30,96510,2021-05-31,1,3260000000,-0.112,,,,,280000000,-0.183,320000000,-0.141,,210000000,,21.75,,,,,,,,,,,,,,,,,,,,,,true,true,6,2020-06-01,2020-11-30,0
2020-09-30,96510,2021-05-31,1,7430000000,-0.044,,,,,570000000,-0.217,665000000,-0.154,,445000000,,46.08,,,,,,,,,,,,,,,,,,,,,,true,true,12,2020-06-01,2021-05-31,0
2020-09-30,96510,2020-05-31,1,,,,,,,,,,,,,,,,,,,,11295000000,9396000000,0.832,,9396000000,,,,,,,,,,,,true,false,12,2019-06-01,2020-05-31,-1
2020-09-30,96510,2020-05-31,1,,,,,,,,,,,,,,,,,,,,,,,,,,,,,26.00,,,,10645020,988048,,false,false,12,2019-06-01,2020-05-31,-1
2020-09-30,96510,2021-05-31,1,,,,,,,,,,,,,,,,,,,,,,,,,,,,,26.00,,,,,,,false,true,12,2020-06-01,2021-05-31,0
2020-09-30,96510,2021-05-31,1,,,,,,,,,,,,,,,,,,,,,,,,,,,,,,,,,10645020,988298,9656722,false,false,3,2020-06-01,2020-08-31,0
2020-09-30,96510,2020-05-31,1,,,,,,,,,,,,,,,,,,,,,,,,,,,,,,,,,,,9839685,false,false,3,2019-06-01,2019-08-31,-1
2020-12-25,9651,2021-05-31,2,3357000000,-0.086,,,,,316000000,-0.076,353000000,-0.050,,235000000,,24.37,,,,,,10907000000,9645000000,0.884,,9645000000,,,,,,,,,,,,true,false,6,2020-06-01,2020-11-30,0
2020-12-25,9651,2020-05-31,2,3672000000,0.119,,,,,342000000,0.144,372000000,0.142,,250000000,,25.51,,,,,,,,,,,,,,,,,,,,,,true,false,6,2019-06-01,2019-11-30,-1
2020-12-25,9651,2021-05-31,2,7430000000,-0.044,,,,,570000000,-0.217,665000000,-0.154,,445000000,,46.02,,,,,,,,,,,,,,,,,,,,,,true,true,12,2020-06-01,2021-05-31,0
2020-12-25,9651,2020-05-31,2,,,,,,,,,,,,,,,,,,,,11295000000,9396000000,0.832,,9396000000,,,,,,,,,,,,true,false,12,2019-06-01,2020-05-31,-1
2020-12-25,9651,2020-05-31,2,,,,,,,,,,,,,,,,,,,,,,,,,,,,,26.00,,,,10645020,988048,,false,false,12,2019-06-01,2020-05-31,-1
2020-12-25,9651,2021-05-31,2,,,,,,,,,,,,,,,,,,,,,,,,,,,,,13.00,,,,,,,false,false,12,2020-06-01,2021-05-31,0
2020-12-25,9651,2021-05-31,2,,,,,,,,,,,,,,,,,,,,,,,,,,,,,26.00,,,,,,,false,true,12,2020-06-01,2021-05-31,0
2020-12-25,9651,2021-05-31,2,,,,,,,,,,,,,,,,,,,,,,,,,,,,,,,,,10645020,968505,9664184,false,false,6,2020-06-01,2020-11-30,0
2020-12-25,9651,2020-05-31,2,,,,,,,,,,,,,,,,,,,,,,,,,,,,,,,,,,,9805166,false,false,6,2019-06-01,2019-11-30,-1
2021-03-31,9651,2021-05-31,3,5288000000,-0.056,,,,,510000000,-0.023,563000000,0.005,,387000000,,40.04,,,,,,10944000000,9569000000,0.874,,9569000000,,,,,,,,,,,,true,false,9,2020-06-01,2021-02-28,0
2021-03-31,9651,2020-05-31,3,5603000000,0.100,,,,,522000000,0.135,560000000,0.124,,375000000,,38.50,,,,,,,,,,,,,,,,,,,,,,true,false,9,2019-06-01,2020-02-29,-1
2021-03-31,9651,2021-05-31,3,7430000000,-0.044,,,,,570000000,-0.217,665000000,-0.154,,445000000,,46.02,,,,,,,,,,,,,,,,,,,,,,true,true,12,2020-06-01,2021-05-31,0
2021-03-31,9651,2020-05-31,3,,,,,,,,,,,,,,,,,,,,11295000000,9396000000,0.832,,9396000000,,,,,,,,,,,,true,false,12,2019-06-01,2020-05-31,-1
2021-03-31,9651,2020-05-31,3,,,,,,,,,,,,,,,,,,,,,,,,,,,,,26.00,,,,10645020,988048,,false,false,12,2019-06-01,2020-05-31,-1
2021-03-31,9651,2021-05-31,3,,,,,,,,,,,,,,,,,,,,,,,,,,,,,13.00,,,,,,,false,false,12,2020-06-01,2021-05-31,0
2021-03-31,9651,2021-05-31,3,,,,,,,,,,,,,,,,,,,,,,,,,,,,,26.00,,,,,,,false,true,12,2020-06-01,2021-05-31,0
2021-03-31,9651,2021-05-31,3,,,,,,,,,,,,,,,,,,,,,,,,,,,,,,,,,10645020,968505,9668249,false,false,9,2020-06-01,2021-02-28,0
2021-03-31,9651,2020-05-31,3,,,,,,,,,,,,,,,,,,,,,,,,,,,,,,,,,,,9755949,false,false,9,2019-06-01,2020-02-29,-1
,96510,2021-05-31,,,,,,,,,,,,,,,,,,,,,,,,,,,,,,27.00,,,,,,,false,true,12,2020-06-01,2021-05-31,0
,96510,2021-05-31,,,,,,,,,,,,,,,,,,,,,,,,,,,,,,13.00,,,,,,,false,false,12,2020-06-01,2021-05-31,0
,96510,2020-05-31,,,,,,,,,,,,,,,,,,,,,,,,,,,,,,26.00,,,,,,,false,false,12,2019-06-01,2020-05-31,-1
2021-04-27,96510,2021-05-31,,7580000000,0.020,,,,,650000000,0.140,745000000,0.120,,505000000,,52.22,,,,,,,,,,,,,,,,,,,,,,true,true,12,2020-06-01,2021-05-31,0
2021-04-27,96510,2020-05-31,,7770000000,,,,,,727000000,,785000000,,,558000000,,57.40,,,,,,,,,,,,,,,,,,,,,,true,false,12,2019-06-01,2020-05-31,-1
2021-04-27,96510,2021-05-31,,7150000000,0.021,,,,,600000000,0.176,695000000,0.149,460000000,,0.150,47.57,,,,,,,,,,,,,,,,,,,,,,false,true,12,2020-06-01,2021-05-31,0
2021-04-27,96510,2020-05-31,,7362000000,,,,,,654000000,,704000000,,485000000,,,49.92,,,,,,,,,,,,,,,,,,,,,,false,false,12,2019-06-01,2020-05-31,-1
2021-07-08,9651,2021-05-31,,7643000000,-0.016,,,,,701000000,-0.036,803000000,0.023,,544000000,,56.27,,0.057,0.070,0.092,,11782000000,9675000000,0.821,999.93,9675000000,840000000,696000000,-250000000,3290000000,,0.480,,,,,,true,false,12,2020-06-01,2021-05-31,0
2021-07-08,9651,2020-05-31,,7770000000,0.077,,,,,727000000,0.183,785000000,0.181,,558000000,,57.40,,0.061,0.072,0.094,,11295000000,9396000000,0.832,973.04,9396000000,246000000,476000000,-425000000,1991000000,,0.453,,,,,,true,false,12,2019-06-01,2020-05-31,-1
2021-07-08,9651,2022-05-31,,3740000000,,,,,,360000000,,380000000,,,260000000,,26.87,,,,,,,,,,,,,,,,,,,,,,true,true,6,2021-06-01,2021-11-30,1
2021-07-08,9651,2022-05-31,,7870000000,,,,,,705000000,,745000000,,,500000000,,51.67,,,,,,,,,,,,,,,,0.542,,,,,,true,true,12,2021-06-01,2022-05-31,1
2021-07-08,9651,2021-05-31,,7221000000,-0.019,,,,,636000000,-0.029,726000000,0.031,482000000,,-0.007,49.88,,,,,,11370000000,9333000000,0.821,964.52,9333000000,,,,,27.00,,,,10645020,968505,9670333,false,false,12,2020-06-01,2021-05-31,0
2021-07-08,9651,2020-05-31,,7362000000,0.047,,,,,654000000,0.096,704000000,0.089,485000000,,0.069,49.92,,,,,,10908000000,9135000000,0.837,946.00,9135000000,,,,,26.00,,,,10645020,988048,9731069,false,false,12,2019-06-01,2020-05-31,-1
2021-07-08,9651,2022-05-31,,3660000000,,,,,,,,365000000,,380000000,,,39.27,,,,,,,,,,,,,,,,,,,,,,false,true,6,2021-06-01,2021-11-30,1
2021-07-08,9651,2022-05-31,,7700000000,,,,,,,,735000000,,625000000,,,64.59,,,,,,,,,,,,,,,28.00,,,,,,,false,true,12,2021-06-01,2022-05-31,1
2021-09-30,9651,2022-05-31,1,1760000000,0.120,,,,,166000000,0.278,179000000,0.136,,90000000,,9.31,,,,,,10544000000,9607000000,0.911,,9607000000,,,,,,,,,,,,true,false,3,2021-06-01,2021-08-31,0
2021-09-30,9651,2021-05-31,1,1571000000,-0.144,,,,,130000000,-0.247,157000000,-0.182,,106000000,,11.06,,,,,,,,,,,,,,,,,,,,,,true,false,3,2020-06-01,2020-08-31,-1
2021-09-30,9651,2022-05-31,1,3740000000,,,,,,360000000,,380000000,,,260000000,,27.06,,,,,,,,,,,,,,,,,,,,,,true,true,6,2021-06-01,2021-11-30,0
2021-09-30,9651,2022-05-31,1,7870000000,,,,,,705000000,,745000000,,,500000000,,52.22,,,,,,,,,,,,,,,,,,,,,,true,true,12,2021-06-01,2022-05-31,0
2021-09-30,9651,2021-05-31,1,,,,,,,,,,,,,,,,,,,,11782000000,9675000000,0.821,,9675000000,,,,,,,,,,,,true,false,12,2020-06-01,2021-05-31,-1
2021-09-30,9651,2021-05-31,1,,,,,,,,,,,,,,,,,,,,,,,,,,,,,27.00,,,,10645020,968505,,false,false,12,2020-06-01,2021-05-31,-1
2021-09-30,9651,2022-05-31,1,,,,,,,,,,,,,,,,,,,,,,,,,,,,,28.00,,,,,,,false,true,12,2021-06-01,2022-05-31,0
2021-09-30,9651,2022-05-31,1,,,,,,,,,,,,,,,,,,,,,,,,,,,,,,,,,10645020,968505,9676515,false,false,3,2021-06-01,2021-08-31,0
2021-09-30,9651,2021-05-31,1,,,,,,,,,,,,,,,,,,,,,,,,,,,,,,,,,,,9656722,false,false,3,2020-06-01,2020-08-31,-1
2021-12-28,9651,2022-05-31,2,3675000000,0.095,,,,,344000000,0.089,373000000,0.056,,225000000,,23.42,,,,,,10787000000,9437000000,0.875,,9437000000,,,,,,,,,,,,true,false,6,2021-06-01,2021-11-30,0
2021-12-28,9651,2021-05-31,2,3357000000,-0.086,,,,,316000000,-0.076,353000000,-0.050,,235000000,,24.37,,,,,,,,,,,,,,,,,,,,,,true,false,6,2020-06-01,2020-11-30,-1
2021-12-28,9651,2022-05-31,2,7870000000,,,,,,705000000,,745000000,,,500000000,,52.22,,,,,,,,,,,,,,,,,,,,,,true,true,12,2021-06-01,2022-05-31,0
2021-12-28,9651,2021-05-31,2,,,,,,,,,,,,,,,,,,,,11782000000,9675000000,0.821,,9675000000,,,,,,,,,,,,true,false,12,2020-06-01,2021-05-31,-1
2021-12-28,9651,2021-05-31,2,,,,,,,,,,,,,,,,,,,,,,,,,,,,,27.00,,,,10645020,968505,,false,false,12,2020-06-01,2021-05-31,-1
2021-12-28,9651,2022-05-31,2,,,,,,,,,,,,,,,,,,,,,,,,,,,,,14.00,,,,,,,false,false,12,2021-06-01,2022-05-31,0
2021-12-28,9651,2022-05-31,2,,,,,,,,,,,,,,,,,,,,,,,,,,,,,28.00,,,,,,,false,true,12,2021-06-01,2022-05-31,0
2021-12-28,9651,2022-05-31,2,,,,,,,,,,,,,,,,,,,,,,,,,,,,,,,,,10645020,1102126,9607220,false,false,6,2021-06-01,2021-11-30,0
2021-12-28,9651,2021-05-31,2,,,,,,,,,,,,,,,,,,,,,,,,,,,,,,,,,,,9664184,false,false,6,2020-06-01,2020-11-30,-1
2022-03-31,9651,2022-05-31,3,5633000000,0.065,,,,,553000000,0.085,578000000,0.027,,369000000,,38.50,,,,,,10856000000,9439000000,0.870,,9439000000,,,,,,,,,,,,true,false,9,2021-06-01,2022-02-28,0
2022-03-31,9651,2021-05-31,3,5288000000,-0.056,,,,,510000000,-0.023,563000000,0.005,,387000000,,40.04,,,,,,,,,,,,,,,,,,,,,,true,false,9,2020-06-01,2021-02-28,-1
2022-03-31,9651,2022-05-31,3,7870000000,,,,,,705000000,,745000000,,,500000000,,52.21,,,,,,,,,,,,,,,,,,,,,,true,true,12,2021-06-01,2022-05-31,0
2022-03-31,9651,2021-05-31,3,,,,,,,,,,,,,,,,,,,,11782000000,9675000000,0.821,,9675000000,,,,,,,,,,,,true,false,12,2020-06-01,2021-05-31,-1
2022-03-31,9651,2021-05-31,3,,,,,,,,,,,,,,,,,,,,,,,,,,,,,27.00,,,,10645020,968505,,false,false,12,2020-06-01,2021-05-31,-1
2022-03-31,9651,2022-05-31,3,,,,,,,,,,,,,,,,,,,,,,,,,,,,,14.00,,,,,,,false,false,12,2021-06-01,2022-05-31,0
2022-03-31,9651,2022-05-31,3,,,,,,,,,,,,,,,,,,,,,,,,,,,,,28.00,,,,,,,false,true,12,2021-06-01,2022-05-31,0
2022-03-31,9651,2022-05-31,3,,,,,,,,,,,,,,,,,,,,,,,,,,,,,,,,,10645020,1102126,9586014,false,false,9,2021-06-01,2022-02-28,0
2022-03-31,9651,2021-05-31,3,,,,,,,,,,,,,,,,,,,,,,,,,,,,,,,,,,,9668249,false,false,9,2020-06-01,2021-02-28,-1
,96510,2022-05-31,,,,,,,,,,,,,,,,,,,,,,,,,,,,,,33.00,,,,,,,false,true,12,2021-06-01,2022-05-31,0
,96510,2022-05-31,,,,,,,,,,,,,,,,,,,,,,,,,,,,,,14.00,,,,,,,false,false,12,2021-06-01,2022-05-31,0
,96510,2021-05-31,,,,,,,,,,,,,,,,,,,,,,,,,,,,,,27.00,,,,,,,false,false,12,2020-06-01,2021-05-31,-1
2022-07-07,9651,2022-05-31,,7947000000,0.040,,,,,775000000,0.105,808000000,0.006,,532000000,,55.63,,0.055,0.069,0.098,,11735000000,9671000000,0.824,1002.86,9671000000,572000000,259000000,-386000000,3755000000,,0.593,,,,,,true,false,12,2021-06-01,2022-05-31,0
2022-07-07,9651,2021-05-31,,7643000000,-0.016,,,,,701000000,-0.036,803000000,0.023,,544000000,,56.27,,0.057,0.070,0.092,,11782000000,9675000000,0.821,999.93,9675000000,840000000,696000000,-250000000,3290000000,,0.480,,,,,,true,false,12,2020-06-01,2021-05-31,-1
2022-07-07,9651,2023-05-31,,4100000000,0.116,,,,,415000000,0.204,435000000,0.164,,285000000,,29.55,,,,,,,,,,,,,,,,,,,,,,true,true,6,2022-06-01,2022-11-30,1
2022-07-07,9651,2023-05-31,,8400000000,0.057,,,,,780000000,0.006,830000000,0.027,,535000000,,55.48,,,,,,,,,,,,,,,,0.613,,,,,,true,true,12,2022-06-01,2023-05-31,1
2022-07-07,9651,2022-05-31,,7804000000,0.081,,,,,792000000,0.246,839000000,0.155,696000000,,0.444,72.70,,,,,,11535000000,9463000000,0.820,981.30,9463000000,,,,,33.00,,,,10645020,1000926,9578473,false,false,12,2021-06-01,2022-05-31,0
2022-07-07,9651,2021-05-31,,7221000000,-0.019,,,,,636000000,-0.029,726000000,0.031,482000000,,-0.007,49.88,,,,,,11370000000,9333000000,0.821,964.52,9333000000,,,,,27.00,,,,10645020,968505,9670333,false,false,12,2020-06-01,2021-05-31,-1
2022-07-07,9651,2023-05-31,,3950000000,0.095,,,,,,,445000000,0.146,295000000,,-0.211,30.59,,,,,,,,,,,,,,,,,,,,,,false,true,6,2022-06-01,2022-11-30,1
2022-07-07,9651,2023-05-31,,8150000000,0.044,,,,,,,845000000,0.007,555000000,,-0.203,57.55,,,,,,,,,,,,,,,34.00,,,,,,,false,true,12,2022-06-01,2023-05-31,1
2022-09-30,9651,2023-05-31,1,2077000000,0.180,,,,,217000000,0.308,234000000,0.307,,170000000,,17.65,,,,,,10684000000,9675000000,0.906,,9675000000,,,,,,,,,,,,true,false,3,2022-06-01,2022-08-31,0
2022-09-30,9651,2022-05-31,1,1760000000,0.120,,,,,166000000,0.278,179000000,0.136,,90000000,,9.31,,,,,,,,,,,,,,,,,,,,,,true,false,3,2021-06-01,2021-08-31,-1
2022-09-30,9651,2023-05-31,1,4100000000,0.116,,,,,415000000,0.204,435000000,0.164,,285000000,,29.54,,,,,,,,,,,,,,,,,,,,,,true,true,6,2022-06-01,2022-11-30,0
2022-09-30,9651,2023-05-31,1,8400000000,0.057,,,,,780000000,0.006,830000000,0.027,,535000000,,55.41,,,,,,,,,,,,,,,,,,,,,,true,true,12,2022-06-01,2023-05-31,0
2022-09-30,9651,2022-05-31,1,,,,,,,,,,,,,,,,,,,,11735000000,9671000000,0.824,,9671000000,,,,,,,,,,,,true,false,12,2021-06-01,2022-05-31,-1
2022-09-30,9651,2022-05-31,1,,,,,,,,,,,,,,,,,,,,,,,,,,,,,33.00,,,,10645020,1000926,,false,false,12,2021-06-01,2022-05-31,-1
2022-09-30,9651,2023-05-31,1,,,,,,,,,,,,,,,,,,,,,,,,,,,,,34.00,,,,,,,false,true,12,2022-06-01,2023-05-31,0
2022-09-30,9651,2023-05-31,1,,,,,,,,,,,,,,,,,,,,,,,,,,,,,,,,,10645020,1001526,9643918,false,false,3,2022-06-01,2022-08-31,0
2022-09-30,9651,2022-05-31,1,,,,,,,,,,,,,,,,,,,,,,,,,,,,,,,,,,,9676515,false,false,3,2021-06-01,2021-08-31,-1
2022-12-28,9651,2023-05-31,2,4302000000,0.171,,,,,447000000,0.298,467000000,0.251,,308000000,,32.02,,,,,,11449000000,9801000000,0.856,,9801000000,,,,,,,,,,,,true,false,6,2022-06-01,2022-11-30,0
2022-12-28,9651,2022-05-31,2,3675000000,0.095,,,,,344000000,0.089,373000000,0.056,,225000000,,23.42,,,,,,,,,,,,,,,,,,,,,,true,false,6,2021-06-01,2021-11-30,-1
2022-12-28,9651,2023-05-31,2,8400000000,0.057,,,,,780000000,0.006,830000000,0.027,,535000000,,55.42,,,,,,,,,,,,,,,,,,,,,,true,true,12,2022-06-01,2023-05-31,0
2022-12-28,9651,2022-05-31,2,,,,,,,,,,,,,,,,,,,,11735000000,9671000000,0.824,,9671000000,,,,,,,,,,,,true,false,12,2021-06-01,2022-05-31,-1
2022-12-28,9651,2022-05-31,2,,,,,,,,,,,,,,,,,,,,,,,,,,,,,33.00,,,,10645020,1000926,,false,false,12,2021-06-01,2022-05-31,-1
2022-12-28,9651,2023-05-31,2,,,,,,,,,,,,,,,,,,,,,,,,,,,,,17.00,,,,,,,false,false,12,2022-06-01,2023-05-31,0
2022-12-28,9651,2023-05-31,2,,,,,,,,,,,,,,,,,,,,,,,,,,,,,34.00,,,,,,,false,true,12,2022-06-01,2023-05-31,0
2022-12-28,9651,2023-05-31,2,,,,,,,,,,,,,,,,,,,,,,,,,,,,,,,,,10645020,984439,9648463,false,false,6,2022-06-01,2022-11-30,0
2022-12-28,9651,2022-05-31,2,,,,,,,,,,,,,,,,,,,,,,,,,,,,,,,,,,,9607220,false,false,6,2021-06-01,2021-11-30,-1
2023-03-31,9651,2023-05-31,3,6530000000,0.159,,,,,688000000,0.244,733000000,0.268,,507000000,,52.57,,,,,,11397000000,9817000000,0.861,,9817000000,,,,,,,,,,,,true,false,9,2022-06-01,2023-02-28,0
2023-03-31,9651,2022-05-31,3,5633000000,0.065,,,,,553000000,0.085,578000000,0.027,,369000000,,38.50,,,,,,,,,,,,,,,,,,,,,,true,false,9,2021-06-01,2022-02-28,-1
2023-03-31,9651,2023-05-31,3,8800000000,0.107,,,,,865000000,0.116,925000000,0.145,,645000000,,66.81,,,,,,,,,,,,,,,,,,,,,,true,true,12,2022-06-01,2023-05-31,0
2023-03-31,9651,2022-05-31,3,,,,,,,,,,,,,,,,,,,,11735000000,9671000000,0.824,,9671000000,,,,,,,,,,,,true,false,12,2021-06-01,2022-05-31,-1
2023-03-31,9651,2022-05-31,3,,,,,,,,,,,,,,,,,,,,,,,,,,,,,33.00,,,,10645020,1000926,,false,false,12,2021-06-01,2022-05-31,-1
2023-03-31,9651,2023-05-31,3,,,,,,,,,,,,,,,,,,,,,,,,,,,,,17.00,,,,,,,false,false,12,2022-06-01,2023-05-31,0
2023-03-31,9651,2023-05-31,3,,,,,,,,,,,,,,,,,,,,,,,,,,,,,35.00,,,,,,,false,true,12,2022-06-01,2023-05-31,0
2023-03-31,9651,2023-05-31,3,,,,,,,,,,,,,,,,,,,,,,,,,,,,,,,,,10645020,985039,9652360,false,false,9,2022-06-01,2023-02-28,0
2023-03-31,9651,2022-05-31,3,,,,,,,,,,,,,,,,,,,,,,,,,,,,,,,,,,,9586014,false,false,9,2021-06-01,2022-02-28,-1
2023-03-31,96510,2023-05-31,,8800000000,0.048,,,,,865000000,0.109,925000000,0.114,,645000000,,66.81,,,,,,,,,,,,,,,,,,,,,,true,true,12,2022-06-01,2023-05-31,0
2023-03-31,96510,2022-05-31,,7947000000,,,,,,775000000,,808000000,,,532000000,,55.63,,,,,,,,,,,,,,,,,,,,,,true,false,12,2021-06-01,2022-05-31,-1
2023-03-31,96510,2023-05-31,,8600000000,0.055,,,,,870000000,0.088,925000000,0.095,645000000,,0.162,66.81,,,,,,,,,,,,,,,,,,,,,,false,true,12,2022-06-01,2023-05-31,0
2023-03-31,96510,2022-05-31,,7804000000,,,,,,792000000,,839000000,,696000000,,,72.70,,,,,,,,,,,,,,,,,,,,,,false,false,12,2021-06-01,2022-05-31,-1
,96510,2023-05-31,,,,,,,,,,,,,,,,,,,,,,,,,,,,,,35.00,,,,,,,false,true,12,2022-06-01,2023-05-31,0
,96510,2023-05-31,,,,,,,,,,,,,,,,,,,,,,,,,,,,,,17.00,,,,,,,false,false,12,2022-06-01,2023-05-31,0
,96510,2022-05-31,,,,,,,,,,,,,,,,,,,,,,,,,,,,,,33.00,,,,,,,false,false,12,2021-06-01,2022-05-31,-1
2023-07-07,9651,2023-05-31,,8923000000,0.123,,,,,908000000,0.171,967000000,0.197,,682000000,,70.70,,0.069,0.080,0.102,,12311000000,10077000000,0.819,1043.28,10077000000,312000000,435000000,-347000000,4157000000,,0.495,,,,,,true,false,12,2022-06-01,2023-05-31,0
2023-07-07,9651,2022-05-31,,7947000000,0.040,,,,,775000000,0.105,808000000,0.006,,532000000,,55.63,,0.055,0.069,0.098,,11735000000,9671000000,0.824,1002.86,9671000000,572000000,259000000,-386000000,3755000000,,0.593,,,,,,true,false,12,2021-06-01,2022-05-31,-1
2023-07-07,9651,2024-05-31,,4490000000,0.044,,,,,450000000,0.006,480000000,0.026,,340000000,,35.20,,,,,,,,,,,,,,,,,,,,,,true,true,6,2023-06-01,2023-11-30,1
2023-07-07,9651,2024-05-31,,9090000000,0.019,,,,,915000000,0.008,970000000,0.003,,690000000,,71.43,,,,,,,,,,,,,,,,0.504,,,,,,true,true,12,2023-06-01,2024-05-31,1
2023-07-07,9651,2023-05-31,,8723000000,0.118,,,,,913000000,0.153,965000000,0.151,681000000,,-0.022,70.56,,,,,,12097000000,9865000000,0.815,1021.32,9865000000,,,,,35.00,,,,10645020,985439,9654214,false,false,12,2022-06-01,2023-05-31,0
2023-07-07,9651,2022-05-31,,7804000000,0.081,,,,,792000000,0.246,839000000,0.155,696000000,,0.444,72.70,,,,,,11535000000,9463000000,0.820,981.30,9463000000,,,,,33.00,,,,10645020,1000926,9578473,false,false,12,2021-06-01,2022-05-31,-1
2023-07-07,9651,2024-05-31,,4400000000,0.047,,,,,,,480000000,0.007,340000000,,0.069,35.20,,,,,,,,,,,,,,,,,,,,,,false,true,6,2023-06-01,2023-11-30,1
2023-07-07,9651,2024-05-31,,8915000000,0.022,,,,,,,970000000,0.004,690000000,,0.013,71.43,,,,,,,,,,,,,,,36.00,,,,,,,false,true,12,2023-06-01,2024-05-31,1
2023-09-29,9651,2024-05-31,1,2250000000,0.083,,,,,216000000,-0.003,230000000,-0.019,,164000000,,17.05,,,,,,11178000000,10091000000,0.903,,10091000000,,,,,,,,,,,,true,false,3,2023-06-01,2023-08-31,0
2023-09-29,9651,2023-05-31,1,2077000000,0.180,,,,,217000000,0.308,234000000,0.307,,170000000,,17.65,,,,,,,,,,,,,,,,,,,,,,true,false,3,2022-06-01,2022-08-31,-1
2023-09-29,9651,2024-05-31,1,4490000000,0.044,,,,,450000000,0.006,480000000,0.026,,340000000,,35.19,,,,,,,,,,,,,,,,,,,,,,true,true,6,2023-06-01,2023-11-30,0
2023-09-29,9651,2024-05-31,1,9090000000,0.019,,,,,915000000,0.008,970000000,0.003,,690000000,,71.37,,,,,,,,,,,,,,,,,,,,,,true,true,12,2023-06-01,2024-05-31,0
2023-09-29,9651,2023-05-31,1,,,,,,,,,,,,,,,,,,,,12311000000,10077000000,0.819,,10077000000,,,,,,,,,,,,true,false,12,2022-06-01,2023-05-31,-1
2023-09-29,9651,2023-05-31,1,,,,,,,,,,,,,,,,,,,,,,,,,,,,,35.00,,,,10645020,985439,,false,false,12,2022-06-01,2023-05-31,-1
2023-09-29,9651,2024-05-31,1,,,,,,,,,,,,,,,,,,,,,,,,,,,,,36.00,,,,,,,false,true,12,2023-06-01,2024-05-31,0
2023-09-29,9651,2024-05-31,1,,,,,,,,,,,,,,,,,,,,,,,,,,,,,,,,,10645020,985639,9659405,false,false,3,2023-06-01,2023-08-31,0
2023-09-29,9651,2023-05-31,1,,,,,,,,,,,,,,,,,,,,,,,,,,,,,,,,,,,9643918,false,false,3,2022-06-01,2022-08-31,-1
2023-12-28,9651,2024-05-31,2,4541000000,0.056,,,,,462000000,0.033,476000000,0.019,,340000000,,35.25,,,,,,11813000000,10244000000,0.867,,10244000000,,,,,,,,,,,,true,false,6,2023-06-01,2023-11-30,0
2023-12-28,9651,2023-05-31,2,4302000000,0.171,,,,,447000000,0.298,467000000,0.251,,308000000,,32.02,,,,,,,,,,,,,,,,,,,,,,true,false,6,2022-06-01,2022-11-30,-1
2023-12-28,9651,2024-05-31,2,9090000000,0.019,,,,,915000000,0.008,970000000,0.003,,690000000,,71.37,,,,,,,,,,,,,,,,,,,,,,true,true,12,2023-06-01,2024-05-31,0
2023-12-28,9651,2023-05-31,2,,,,,,,,,,,,,,,,,,,,12311000000,10077000000,0.819,,10077000000,,,,,,,,,,,,true,false,12,2022-06-01,2023-05-31,-1
2023-12-28,9651,2023-05-31,2,,,,,,,,,,,,,,,,,,,,,,,,,,,,,35.00,,,,10645020,985439,,false,false,12,2022-06-01,2023-05-31,-1
2023-12-28,9651,2024-05-31,2,,,,,,,,,,,,,,,,,,,,,,,,,,,,,18.00,,,,,,,false,false,12,2023-06-01,2024-05-31,0
2023-12-28,9651,2024-05-31,2,,,,,,,,,,,,,,,,,,,,,,,,,,,,,36.00,,,,,,,false,true,12,2023-06-01,2024-05-31,0
2023-12-28,9651,2024-05-31,2,,,,,,,,,,,,,,,,,,,,,,,,,,,,,,,,,10645020,972042,9663151,false,false,6,2023-06-01,2023-11-30,0
2023-12-28,9651,2023-05-31,2,,,,,,,,,,,,,,,,,,,,,,,,,,,,,,,,,,,9648463,false,false,6,2022-06-01,2022-11-30,-1
2024-03-29,9651,2024-05-31,3,6883000000,0.054,,,,,717000000,0.042,752000000,0.026,,542000000,,56.10,,,,,,11930000000,10289000000,0.862,,10289000000,,,,,,,,,,,,true,false,9,2023-06-01,2024-02-29,0
2024-03-29,9651,2023-05-31,3,6530000000,0.159,,,,,688000000,0.244,733000000,0.268,,507000000,,52.57,,,,,,,,,,,,,,,,,,,,,,true,false,9,2022-06-01,2023-02-28,-1
2024-03-29,9651,2024-05-31,3,9090000000,0.019,,,,,915000000,0.008,970000000,0.003,,690000000,,71.37,,,,,,,,,,,,,,,,,,,,,,true,true,12,2023-06-01,2024-05-31,0
2024-03-29,9651,2023-05-31,3,,,,,,,,,,,,,,,,,,,,12311000000,10077000000,0.819,,10077000000,,,,,,,,,,,,true,false,12,2022-06-01,2023-05-31,-1
2024-03-29,9651,2023-05-31,3,,,,,,,,,,,,,,,,,,,,,,,,,,,,,35.00,,,,10645020,985439,,false,false,12,2022-06-01,2023-05-31,-1
2024-03-29,9651,2024-05-31,3,,,,,,,,,,,,,,,,,,,,,,,,,,,,,18.00,,,,,,,false,false,12,2023-06-01,2024-05-31,0
2024-03-29,9651,2024-05-31,3,,,,,,,,,,,,,,,,,,,,,,,,,,,,,36.00,,,,,,,false,true,12,2023-06-01,2024-05-31,0
2024-03-29,9651,2024-05-31,3,,,,,,,,,,,,,,,,,,,,,,,,,,,,,,,,,10645020,972442,9666318,false,false,9,2023-06-01,2024-02-29,0
2024-03-29,9651,2023-05-31,3,,,,,,,,,,,,,,,,,,,,,,,,,,,,,,,,,,,9652360,false,false,9,2022-06-01,2023-02-28,-1
2024-04-23,96510,2024-05-31,,9420000000,0.036,,,,,950000000,0.038,1000000000,0.031,,720000000,,74.47,,,,,,,,,,,,,,,,,,,,,,true,true,12,2023-06-01,2024-05-31,0
2024-04-23,96510,2023-05-31,,8923000000,,,,,,908000000,,967000000,,,682000000,,70.70,,,,,,,,,,,,,,,,,,,,,,true,false,12,2022-06-01,2023-05-31,-1
2024-04-23,96510,2024-05-31,,9270000000,0.040,,,,,950000000,0.038,1000000000,0.031,720000000,,0.043,74.47,,,,,,,,,,,,,,,,,,,,,,false,true,12,2023-06-01,2024-05-31,0
2024-04-23,96510,2023-05-31,,8723000000,,,,,,913000000,,965000000,,681000000,,,70.56,,,,,,,,,,,,,,,,,,,,,,false,false,12,2022-06-01,2023-05-31,-1
,96510,2024-05-31,,,,,,,,,,,,,,,,,,,,,,,,,,,,,,38.00,,,,,,,false,true,12,2023-06-01,2024-05-31,0
,96510,2024-05-31,,,,,,,,,,,,,,,,,,,,,,,,,,,,,,18.00,,,,,,,false,false,12,2023-06-01,2024-05-31,0
,96510,2023-05-31,,,,,,,,,,,,,,,,,,,,,,,,,,,,,,35.00,,,,,,,false,false,12,2022-06-01,2023-05-31,-1
2024-07-09,9651,2024-05-31,,9468000000,0.061,,,,,956000000,0.053,1008000000,0.042,,730000000,,75.56,,0.071,0.080,0.101,,12803000000,10456000000,0.817,1081.14,10456000000,1050000000,-291000000,-347000000,4582000000,,0.503,,,,,,true,false,12,2023-06-01,2024-05-31,0
2024-07-09,9651,2023-05-31,,8923000000,0.123,,,,,908000000,0.171,967000000,0.197,,682000000,,70.70,,0.069,0.080,0.102,,12311000000,10077000000,0.819,1043.28,10077000000,312000000,435000000,-347000000,4157000000,,0.495,,,,,,true,false,12,2022-06-01,2023-05-31,-1
2024-07-09,9651,2025-05-31,,4780000000,0.053,,,,,480000000,0.038,575000000,0.207,,410000000,,42.39,,,,,,,,,,,,,,,,,,,,,,true,true,6,2024-06-01,2024-11-30,1
2024-07-09,9651,2025-05-31,,10000000000,0.056,,,,,1000000000,0.046,1060000000,0.051,,755000000,,78.06,,,,,,,,,,,,,,,,0.666,,,,,,true,true,12,2024-06-01,2025-05-31,1
2024-07-09,9651,2024-05-31,,9319000000,0.068,,,,,952000000,0.042,1009000000,0.045,731000000,,0.074,75.70,,,,,,12581000000,10229000000,0.813,1057.64,10229000000,,,,,38.00,,,,10645020,973242,9667757,false,false,12,2023-06-01,2024-05-31,0
2024-07-09,9651,2023-05-31,,8723000000,0.118,,,,,913000000,0.153,965000000,0.151,681000000,,-0.022,70.56,,,,,,12097000000,9865000000,0.815,1021.32,9865000000,,,,,35.00,,,,10645020,985439,9654214,false,false,12,2022-06-01,2023-05-31,-1
2024-07-09,9651,2025-05-31,,4700000000,0.053,,,,,,,575000000,0.180,410000000,,0.166,42.39,,,,,,,,,,,,,,,,,,,,,,false,true,6,2024-06-01,2024-11-30,1
2024-07-09,9651,2025-05-31,,9840000000,0.056,,,,,,,1060000000,0.050,755000000,,0.032,78.06,,,,,,,,,,,,,,,52.00,,,,,,,false,true,12,2024-06-01,2025-05-31,1
2024-09-30,9651,2025-05-31,1,2389000000,0.062,,,,,226000000,0.044,322000000,0.400,,226000000,,23.46,,,,,,12163000000,10567000000,0.869,,10567000000,,,,,,,,,,,,true,false,3,2024-06-01,2024-08-31,0
2024-09-30,9651,2024-05-31,1,2250000000,0.083,,,,,216000000,-0.003,230000000,-0.019,,164000000,,17.05,,,,,,,,,,,,,,,,,,,,,,true,false,3,2023-06-01,2023-08-31,-1
2024-09-30,9651,2025-05-31,1,4780000000,0.053,,,,,480000000,0.038,575000000,0.207,,410000000,,42.38,,,,,,,,,,,,,,,,,,,,,,true,true,6,2024-06-01,2024-11-30,0
2024-09-30,9651,2025-05-31,1,10000000000,0.056,,,,,1000000000,0.046,1060000000,0.051,,755000000,,78.02,,,,,,,,,,,,,,,,,,,,,,true,true,12,2024-06-01,2025-05-31,0
2024-09-30,9651,2024-05-31,1,,,,,,,,,,,,,,,,,,,,12803000000,10456000000,0.817,,10456000000,,,,,,,,,,,,true,false,12,2023-06-01,2024-05-31,-1
2024-09-30,9651,2024-05-31,1,,,,,,,,,,,,,,,,,,,,,,,,,,,,,38.00,,,,10645020,973242,,false,false,12,2023-06-01,2024-05-31,-1
2024-09-30,9651,2025-05-31,1,,,,,,,,,,,,,,,,,,,,,,,,,,,,,52.00,,,,,,,false,true,12,2024-06-01,2025-05-31,0
2024-09-30,9651,2025-05-31,1,,,,,,,,,,,,,,,,,,,,,,,,,,,,,,,,,10645020,973552,9671652,false,false,3,2024-06-01,2024-08-31,0
2024-09-30,9651,2024-05-31,1,,,,,,,,,,,,,,,,,,,,,,,,,,,,,,,,,,,9659405,false,false,3,2023-06-01,2023-08-31,-1
2024-12-27,9651,2025-05-31,2,4962000000,0.093,,,,,538000000,0.164,654000000,0.373,,464000000,,48.06,,,,,,12939000000,10925000000,0.844,,10925000000,,,,,,,,,,,,true,false,6,2024-06-01,2024-11-30,0
2024-12-27,9651,2024-05-31,2,4541000000,0.056,,,,,462000000,0.033,476000000,0.019,,340000000,,35.25,,,,,,,,,,,,,,,,,,,,,,true,false,6,2023-06-01,2023-11-30,-1
2024-12-27,9651,2025-05-31,2,10000000000,0.056,,,,,1000000000,0.046,1060000000,0.051,,755000000,,78.02,,,,,,,,,,,,,,,,,,,,,,true,true,12,2024-06-01,2025-05-31,0
2024-12-27,9651,2024-05-31,2,,,,,,,,,,,,,,,,,,,,12803000000,10456000000,0.817,,10456000000,,,,,,,,,,,,true,false,12,2023-06-01,2024-05-31,-1
2024-12-27,9651,2024-05-31,2,,,,,,,,,,,,,,,,,,,,,,,,,,,,,38.00,,,,10645020,973242,,false,false,12,2023-06-01,2024-05-31,-1
2024-12-27,9651,2025-05-31,2,,,,,,,,,,,,,,,,,,,,,,,,,,,,,26.00,,,,,,,false,false,12,2024-06-01,2025-05-31,0
2024-12-27,9651,2025-05-31,2,,,,,,,,,,,,,,,,,,,,,,,,,,,,,52.00,,,,,,,false,true,12,2024-06-01,2025-05-31,0
2024-12-27,9651,2025-05-31,2,,,,,,,,,,,,,,,,,,,,,,,,,,,,,,,,,10645020,965550,9673959,false,false,6,2024-06-01,2024-11-30,0
2024-12-27,9651,2024-05-31,2,,,,,,,,,,,,,,,,,,,,,,,,,,,,,,,,,,,9663151,false,false,6,2023-06-01,2023-11-30,-1
2025-03-31,9651,2025-05-31,3,7622000000,0.107,,,,,855000000,0.192,981000000,0.304,,1242000000,,128.41,,,,,,13194000000,10869000000,0.824,,10869000000,,,,,,,,,,,,true,false,9,2024-06-01,2025-02-28,0
2025-03-31,9651,2024-05-31,3,6883000000,0.054,,,,,717000000,0.042,752000000,0.026,,542000000,,56.10,,,,,,,,,,,,,,,,,,,,,,true,false,9,2023-06-01,2024-02-29,-1
2025-03-31,9651,2025-05-31,3,10350000000,0.093,,,,,1075000000,0.124,1210000000,0.200,,1400000000,,144.68,,,,,,,,,,,,,,,,,,,,,,true,true,12,2024-06-01,2025-05-31,0
2025-03-31,9651,2024-05-31,3,,,,,,,,,,,,,,,,,,,,12803000000,10456000000,0.817,,10456000000,,,,,,,,,,,,true,false,12,2023-06-01,2024-05-31,-1
2025-03-31,9651,2024-05-31,3,,,,,,,,,,,,,,,,,,,,,,,,,,,,,38.00,,,,10645020,973242,,false,false,12,2023-06-01,2024-05-31,-1
2025-03-31,9651,2025-05-31,3,,,,,,,,,,,,,,,,,,,,,,,,,,,,,26.00,,,,,,,false,false,12,2024-06-01,2025-05-31,0
2025-03-31,9651,2025-05-31,3,,,,,,,,,,,,,,,,,,,,,,,,,,,,,54.00,,,,,,,false,true,12,2024-06-01,2025-05-31,0
2025-03-31,9651,2025-05-31,3,,,,,,,,,,,,,,,,,,,,,,,,,,,,,,,,,10645020,966550,9675651,false,false,9,2024-06-01,2025-02-28,0
2025-03-31,9651,2024-05-31,3,,,,,,,,,,,,,,,,,,,,,,,,,,,,,,,,,,,9666318,false,false,9,2023-06-01,2024-02-29,-1
2025-03-31,96510,2025-05-31,,10350000000,0.035,,,,,1075000000,0.075,1210000000,0.142,,1400000000,,144.68,,,,,,,,,,,,,,,,,,,,,,true,true,12,2024-06-01,2025-05-31,0
2025-03-31,96510,2024-05-31,,9468000000,,,,,,956000000,,1008000000,,,730000000,,75.56,,,,,,,,,,,,,,,,,,,,,,true,false,12,2023-06-01,2024-05-31,-1
2025-03-31,96510,2025-05-31,,10270000000,0.044,,,,,,,1230000000,0.160,1420000000,,0.881,146.75,,,,,,,,,,,,,,,,,,,,,,false,true,12,2024-06-01,2025-05-31,0
2025-03-31,96510,2024-05-31,,9319000000,,,,,,,,1009000000,,731000000,,,75.70,,,,,,,,,,,,,,,,,,,,,,false,false,12,2023-06-01,2024-05-31,-1
,96510,2025-05-31,,,,,,,,,,,,,,,,,,,,,,,,,,,,,,54.00,,,,,,,false,true,12,2024-06-01,2025-05-31,0
,96510,2025-05-31,,,,,,,,,,,,,,,,,,,,,,,,,,,,,,26.00,,,,,,,false,false,12,2024-06-01,2025-05-31,0
,96510,2024-05-31,,,,,,,,,,,,,,,,,,,,,,,,,,,,,,38.00,,,,,,,false,false,12,2023-06-01,2024-05-31,-1
