filing_date,code,fiscal_year_end,quarterly_period,net_sales,net_sales_change,revenue,revenue_change,operating_revenue,operating_revenue_change,operating_profit,operating_profit_change,ordinary_profit,ordinary_profit_change,net_income,net_income_of_parent,net_income_change,eps,diluted_eps,roe,roa,operating_profit_to_net_sales,operating_profit_to_revenue,total_assets,net_assets,equity_ratio,bps,owner_equity,operating_cash_flow,investing_cash_flow,financing_cash_flow,cash,dividend_per_share,payout_ratio,commemorative_dividend,extra_dividend,number_of_shares,number_of_treqsury_shares,avg_number_of_shares,is_consolidated,is_forecast,duration,period_start,period_end,period_pos
2015-07-30,96580,2016-03-31,1,4558000000,0.141,,,,,22000000,-0.700,42000000,-0.484,,53000000,,10.06,,,,,,10987000000,6341000000,0.545,,5992000000,,,,,,,,,,,,true,false,3,2015-04-01,2015-06-30,0
2015-07-30,96580,2015-03-31,1,3994000000,0.058,,,,,73000000,0.202,81000000,0.206,,25000000,,4.98,,,,,,,,,,,,,,,,,,,,,,true,false,3,2014-04-01,2014-06-30,-1
2015-07-30,96580,2016-03-31,1,9000000000,0.052,,,,,260000000,-0.399,280000000,-0.363,,170000000,,32.58,,,,,,,,,,,,,,,,,,,,,,true,true,6,2015-04-01,2015-09-30,0
2015-07-30,96580,2016-03-31,1,19600000000,0.069,,,,,1000000000,-0.043,1020000000,-0.044,,620000000,,118.82,,,,,,,,,,,,,,,,,,,,,,true,true,12,2015-04-01,2016-03-31,0
2015-07-30,96580,2015-03-31,1,,,,,,,,,,,,,,,,,,,,11693000000,6379000000,0.514,,6014000000,,,,,,,,,,,,true,false,12,2014-04-01,2015-03-31,-1
2015-07-30,96580,2015-03-31,1,,,,,,,,,,,,,,,,,,,,,,,,,,,,,22.00,,,,8000000,2781939,,false,false,12,2014-04-01,2015-03-31,-1
2015-07-30,96580,2016-03-31,1,,,,,,,,,,,,,,,,,,,,,,,,,,,,,24.00,,,,,,,false,true,12,2015-04-01,2016-03-31,0
2015-07-30,96580,2016-03-31,1,,,,,,,,,,,,,,,,,,,,,,,,,,,,,,,,,8000000,2770039,5223986,false,false,3,2015-04-01,2015-06-30,0
2015-07-30,96580,2015-03-31,1,,,,,,,,,,,,,,,,,,,,,,,,,,,,,,,,,,,5118899,false,false,3,2014-04-01,2014-06-30,-1
2015-10-30,96580,2016-03-31,2,9479000000,0.108,,,,,243000000,-0.439,252000000,-0.427,,169000000,,32.27,,,,,,11419000000,6442000000,0.532,,6073000000,,,,,,,,,,,,true,false,6,2015-04-01,2015-09-30,0
2015-10-30,96580,2015-03-31,2,8559000000,0.052,,,,,432000000,0.060,440000000,0.056,,248000000,,48.16,,,,,,,,,,,,,,,,,,,,,,true,false,6,2014-04-01,2014-09-30,-1
2015-10-30,96580,2016-03-31,2,19600000000,0.069,,,,,1000000000,-0.043,1020000000,-0.044,,620000000,,118.82,,,,,,,,,,,,,,,,,,,,,,true,true,12,2015-04-01,2016-03-31,0
2015-10-30,96580,2015-03-31,2,,,,,,,,,,,,,,,,,,,,11693000000,6379000000,0.514,,6014000000,,,,,,,,,,,,true,false,12,2014-04-01,2015-03-31,-1
2015-10-30,96580,2015-03-31,2,,,,,,,,,,,,,,,,,,,,,,,,,,,,,22.00,,,,8000000,2781939,,false,false,12,2014-04-01,2015-03-31,-1
2015-10-30,96580,2016-03-31,2,,,,,,,,,,,,,,,,,,,,,,,,,,,,,14.00,,,,,,,false,false,12,2015-04-01,2016-03-31,0
2015-10-30,96580,2016-03-31,2,,,,,,,,,,,,,,,,,,,,,,,,,,,,,26.00,,,,,,,false,true,12,2015-04-01,2016-03-31,0
2015-10-30,96580,2016-03-31,2,,,,,,,,,,,,,,,,,,,,,,,,,,,,,,,,,8000000,2758539,5230332,false,false,6,2015-04-01,2015-09-30,0
2015-10-30,96580,2015-03-31,2,,,,,,,,,,,,,,,,,,,,,,,,,,,,,,,,,,,5141420,false,false,6,2014-04-01,2014-09-30,-1
2016-01-29,96580,2016-03-31,3,14389000000,0.093,,,,,365000000,-0.339,403000000,-0.293,,258000000,,49.12,,,,,,11524000000,6756000000,0.554,,6384000000,,,,,,,,,,,,true,false,9,2015-04-01,2015-12-31,0
2016-01-29,96580,2015-03-31,3,13159000000,0.076,,,,,552000000,0.059,570000000,0.063,,312000000,,60.49,,,,,,,,,,,,,,,,,,,,,,true,false,9,2014-04-01,2014-12-31,-1
2016-01-29,96580,2016-03-31,3,19600000000,0.069,,,,,1000000000,-0.043,1020000000,-0.044,,620000000,,118.82,,,,,,,,,,,,,,,,,,,,,,true,true,12,2015-04-01,2016-03-31,0
2016-01-29,96580,2015-03-31,3,,,,,,,,,,,,,,,,,,,,11693000000,6379000000,0.514,,6014000000,,,,,,,,,,,,true,false,12,2014-04-01,2015-03-31,-1
2016-01-29,96580,2015-03-31,3,,,,,,,,,,,,,,,,,,,,,,,,,,,,,22.00,,,,8000000,2781939,,false,false,12,2014-04-01,2015-03-31,-1
2016-01-29,96580,2016-03-31,3,,,,,,,,,,,,,,,,,,,,,,,,,,,,,14.00,,,,,,,false,false,12,2015-04-01,2016-03-31,0
2016-01-29,96580,2016-03-31,3,,,,,,,,,,,,,,,,,,,,,,,,,,,,,26.00,,,,,,,false,true,12,2015-04-01,2016-03-31,0
2016-01-29,96580,2016-03-31,3,,,,,,,,,,,,,,,,,,,,,,,,,,,,,,,,,8000000,2489239,5262021,false,false,9,2015-04-01,2015-12-31,0
2016-01-29,96580,2015-03-31,3,,,,,,,,,,,,,,,,,,,,,,,,,,,,,,,,,,,5156339,false,false,9,2014-04-01,2014-12-31,-1
2016-04-28,96580,2016-03-31,,20540000000,0.120,,,,,930000000,-0.110,957000000,-0.104,,577000000,,108.53,,0.091,0.079,0.045,,12660000000,7024000000,0.523,1198.70,6618000000,255000000,-354000000,-61000000,4404000000,,0.258,,,,,,true,false,12,2015-04-01,2016-03-31,0
2016-04-28,96580,2015-03-31,,18336000000,0.080,,,,,1045000000,0.041,1067000000,0.044,,632000000,,122.30,,0.111,0.096,0.057,,11693000000,6379000000,0.514,1152.59,6014000000,1120000000,-524000000,-135000000,4565000000,,0.180,,,,,,true,false,12,2014-04-01,2015-03-31,-1
2016-04-28,96580,2017-03-31,,10500000000,0.108,,,,,100000000,-0.588,110000000,-0.563,,80000000,,14.49,,,,,,,,,,,,,,,,,,,,,,true,true,6,2016-04-01,2016-09-30,1
2016-04-28,96580,2017-03-31,,23000000000,0.120,,,,,1000000000,0.076,1020000000,0.066,,620000000,,112.31,,,,,,,,,,,,,,,,0.267,,,,,,true,true,12,2016-04-01,2017-03-31,1
2016-04-28,96580,2016-03-31,,9452000000,0.009,,,,,260000000,-0.624,314000000,-0.587,237000000,,-0.502,44.58,,,,,,8652000000,5457000000,0.631,988.40,5457000000,,,,,28.00,,,,8000000,2479339,5320707,false,false,12,2015-04-01,2016-03-31,0
2016-04-28,96580,2015-03-31,,9367000000,0.214,,,,,691000000,0.178,761000000,0.180,477000000,,0.229,92.20,,,,,,8147000000,5152000000,0.632,987.29,5152000000,,,,,22.00,,,,8000000,2781939,5169925,false,false,12,2014-04-01,2015-03-31,-1
2016-04-28,96580,2017-03-31,,,,,,,,,,,,,,,,,,,,,,,,,,,,,,30.00,,,,,,,false,true,12,2016-04-01,2017-03-31,1
2016-04-28,96580,2016-03-31,,20540000000,0.120,,,,,891000000,-0.147,918000000,-0.140,,551000000,,103.56,,0.087,0.075,0.043,,12642000000,6998000000,0.521,1193.91,6591000000,255000000,-354000000,-61000000,4404000000,,0.270,,,,,,true,false,12,2015-04-01,2016-03-31,0
2016-04-28,96580,2015-03-31,,18336000000,0.080,,,,,1045000000,0.041,1067000000,0.044,,632000000,,122.30,,0.111,0.096,0.057,,11693000000,6379000000,0.514,1152.59,6014000000,1120000000,-524000000,-135000000,4565000000,,0.180,,,,,,true,false,12,2014-04-01,2015-03-31,-1
2016-04-28,96580,2017-03-31,,10500000000,0.108,,,,,100000000,-0.588,110000000,-0.563,,80000000,,14.49,,,,,,,,,,,,,,,,,,,,,,true,true,6,2016-04-01,2016-09-30,1
2016-04-28,96580,2017-03-31,,23000000000,0.120,,,,,1000000000,0.122,1020000000,0.111,,620000000,,112.31,,,,,,,,,,,,,,,,0.267,,,,,,true,true,12,2016-04-01,2017-03-31,1
2016-04-28,96580,2016-03-31,,9452000000,0.009,,,,,222000000,-0.679,276000000,-0.637,211000000,,-0.558,39.61,,,,,,8633000000,5430000000,0.629,983.62,5430000000,,,,,28.00,,,,8000000,2479339,5320707,false,false,12,2015-04-01,2016-03-31,0
2016-04-28,96580,2015-03-31,,9367000000,0.214,,,,,691000000,0.178,761000000,0.180,477000000,,0.229,92.20,,,,,,8147000000,5152000000,0.632,987.29,5152000000,,,,,22.00,,,,8000000,2781939,5169925,false,false,12,2014-04-01,2015-03-31,-1
2016-04-28,96580,2017-03-31,,,,,,,,,,,,,,,,,,,,,,,,,,,,,,30.00,,,,,,,false,true,12,2016-04-01,2017-03-31,1
2016-07-29,96580,2017-03-31,1,5018000000,0.101,,,,,-224000000,,-245000000,,,-139000000,,-25.05,,,,,,11834000000,6750000000,0.540,,6394000000,,,,,,,,,,,,true,false,3,2016-04-01,2016-06-30,0
2016-07-29,96580,2016-03-31,1,4558000000,0.141,,,,,22000000,-0.700,42000000,-0.484,,53000000,,10.06,,,,,,,,,,,,,,,,,,,,,,true,false,3,2015-04-01,2015-06-30,-1
2016-07-29,96580,2017-03-31,1,10500000000,0.108,,,,,100000000,-0.588,110000000,-0.563,,80000000,,14.49,,,,,,,,,,,,,,,,,,,,,,true,true,6,2016-04-01,2016-09-30,0
2016-07-29,96580,2017-03-31,1,23000000000,0.120,,,,,1000000000,0.122,1020000000,0.111,,620000000,,112.31,,,,,,,,,,,,,,,,,,,,,,true,true,12,2016-04-01,2017-03-31,0
2016-07-29,96580,2016-03-31,1,,,,,,,,,,,,,,,,,,,,12642000000,6998000000,0.521,,6591000000,,,,,,,,,,,,true,false,12,2015-04-01,2016-03-31,-1
2016-07-29,96580,2016-03-31,1,,,,,,,,,,,,,,,,,,,,,,,,,,,,,28.00,,,,8000000,2479339,,false,false,12,2015-04-01,2016-03-31,-1
2016-07-29,96580,2017-03-31,1,,,,,,,,,,,,,,,,,,,,,,,,,,,,,30.00,,,,,,,false,true,12,2016-04-01,2017-03-31,0
2016-07-29,96580,2017-03-31,1,,,,,,,,,,,,,,,,,,,,,,,,,,,,,,,,,8000000,2463339,5528611,false,false,3,2016-04-01,2016-06-30,0
2016-07-29,96580,2016-03-31,1,,,,,,,,,,,,,,,,,,,,,,,,,,,,,,,,,,,5223986,false,false,3,2015-04-01,2015-06-30,-1
2016-10-21,96580,2017-03-31,,10600000000,0.010,,,,,-29000000,,-35000000,,,-6000000,,-1.17,,,,,,,,,,,,,,,,,,,,,,true,true,6,2016-04-01,2016-09-30,0
2016-10-21,96580,2016-03-31,,9479000000,,,,,,243000000,,252000000,,,169000000,,32.27,,,,,,,,,,,,,,,,,,,,,,true,false,6,2015-04-01,2015-09-30,-1
2016-10-31,96580,2017-03-31,2,10611000000,0.119,,,,,-29000000,,-35000000,,,-6000000,,-1.16,,,,,,12306000000,6906000000,0.531,,6535000000,,,,,,,,,,,,true,false,6,2016-04-01,2016-09-30,0
2016-10-31,96580,2016-03-31,2,9479000000,0.108,,,,,243000000,-0.439,252000000,-0.427,,169000000,,32.27,,,,,,,,,,,,,,,,,,,,,,true,false,6,2015-04-01,2015-09-30,-1
2016-10-31,96580,2017-03-31,2,23000000000,0.120,,,,,1000000000,0.122,1020000000,0.111,,620000000,,112.31,,,,,,,,,,,,,,,,,,,,,,true,true,12,2016-04-01,2017-03-31,0
2016-10-31,96580,2016-03-31,2,,,,,,,,,,,,,,,,,,,,12642000000,6998000000,0.521,,6591000000,,,,,,,,,,,,true,false,12,2015-04-01,2016-03-31,-1
2016-10-31,96580,2016-03-31,2,,,,,,,,,,,,,,,,,,,,,,,,,,,,,28.00,,,,8000000,2479339,,false,false,12,2015-04-01,2016-03-31,-1
2016-10-31,96580,2017-03-31,2,,,,,,,,,,,,,,,,,,,,,,,,,,,,,15.00,,,,,,,false,false,12,2016-04-01,2017-03-31,0
2016-10-31,96580,2017-03-31,2,,,,,,,,,,,,,,,,,,,,,,,,,,,,,30.00,,,,,,,false,true,12,2016-04-01,2017-03-31,0
2016-10-31,96580,2017-03-31,2,,,,,,,,,,,,,,,,,,,,,,,,,,,,,,,,,8000000,2447939,5537332,false,false,6,2016-04-01,2016-09-30,0
2016-10-31,96580,2016-03-31,2,,,,,,,,,,,,,,,,,,,,,,,,,,,,,,,,,,,5230332,false,false,6,2015-04-01,2015-09-30,-1
2017-01-31,96580,2017-03-31,3,16059000000,0.116,,,,,38000000,-0.896,49000000,-0.877,,45000000,,8.18,,,,,,12072000000,6951000000,0.544,,6568000000,,,,,,,,,,,,true,false,9,2016-04-01,2016-12-31,0
2017-01-31,96580,2016-03-31,3,14389000000,0.093,,,,,365000000,-0.339,403000000,-0.293,,258000000,,49.12,,,,,,,,,,,,,,,,,,,,,,true,false,9,2015-04-01,2015-12-31,-1
2017-01-31,96580,2017-03-31,3,23000000000,0.120,,,,,1000000000,0.122,1020000000,0.111,,620000000,,112.31,,,,,,,,,,,,,,,,,,,,,,true,true,12,2016-04-01,2017-03-31,0
2017-01-31,96580,2016-03-31,3,,,,,,,,,,,,,,,,,,,,12642000000,6998000000,0.521,,6591000000,,,,,,,,,,,,true,false,12,2015-04-01,2016-03-31,-1
2017-01-31,96580,2016-03-31,3,,,,,,,,,,,,,,,,,,,,,,,,,,,,,28.00,,,,8000000,2479339,,false,false,12,2015-04-01,2016-03-31,-1
2017-01-31,96580,2017-03-31,3,,,,,,,,,,,,,,,,,,,,,,,,,,,,,15.00,,,,,,,false,false,12,2016-04-01,2017-03-31,0
2017-01-31,96580,2017-03-31,3,,,,,,,,,,,,,,,,,,,,,,,,,,,,,30.00,,,,,,,false,true,12,2016-04-01,2017-03-31,0
2017-01-31,96580,2017-03-31,3,,,,,,,,,,,,,,,,,,,,,,,,,,,,,,,,,8000000,2428089,5545141,false,false,9,2016-04-01,2016-12-31,0
2017-01-31,96580,2016-03-31,3,,,,,,,,,,,,,,,,,,,,,,,,,,,,,,,,,,,5262021,false,false,9,2015-04-01,2015-12-31,-1
2017-04-28,96580,2017-03-31,,23016000000,0.121,,,,,817000000,-0.083,751000000,-0.182,,440000000,,79.16,,0.065,0.058,0.036,,13248000000,7231000000,0.525,1247.21,6961000000,202000000,-427000000,-419000000,3760000000,,0.379,,,,,,true,false,12,2016-04-01,2017-03-31,0
2017-04-28,96580,2016-03-31,,20540000000,0.120,,,,,891000000,-0.147,918000000,-0.140,,551000000,,103.56,,0.087,0.075,0.043,,12642000000,6998000000,0.521,1193.91,6591000000,255000000,-354000000,-61000000,4404000000,,0.270,,,,,,true,false,12,2015-04-01,2016-03-31,-1
2017-04-28,96580,2018-03-31,,11000000000,0.037,,,,,120000000,,120000000,,,70000000,,12.54,,,,,,,,,,,,,,,,,,,,,,true,true,6,2017-04-01,2017-09-30,1
2017-04-28,96580,2018-03-31,,23200000000,0.008,,,,,1000000000,0.224,1000000000,0.332,,600000000,,107.51,,,,,,,,,,,,,,,,0.326,,,,,,true,true,12,2017-04-01,2018-03-31,1
2017-04-28,96580,2017-03-31,,10492000000,0.110,,,,,600000000,1.705,593000000,1.147,391000000,,0.857,70.51,,,,,,9749000000,5737000000,0.588,1027.97,5737000000,,,,,30.00,,,,8000000,2419089,5552503,false,false,12,2016-04-01,2017-03-31,0
2017-04-28,96580,2016-03-31,,9452000000,0.009,,,,,222000000,-0.679,276000000,-0.637,211000000,,-0.558,39.61,,,,,,8633000000,5430000000,0.629,983.62,5430000000,,,,,28.00,,,,8000000,2479339,5320707,false,false,12,2015-04-01,2016-03-31,-1
2017-04-28,96580,2018-03-31,,,,,,,,,,,,,,,,,,,,,,,,,,,,,,35.00,,,,,,,false,true,12,2017-04-01,2018-03-31,1
2017-07-31,96580,2018-03-31,1,5378000000,0.072,,,,,125000000,,89000000,,,43000000,,7.71,,,,,,12639000000,7165000000,0.551,,6962000000,,,,,,,,,,,,true,false,3,2017-04-01,2017-06-30,0
2017-07-31,96580,2017-03-31,1,5018000000,0.101,,,,,-224000000,,-245000000,,,-139000000,,-25.05,,,,,,,,,,,,,,,,,,,,,,true,false,3,2016-04-01,2016-06-30,-1
2017-07-31,96580,2018-03-31,1,11000000000,0.037,,,,,120000000,,120000000,,,70000000,,12.54,,,,,,,,,,,,,,,,,,,,,,true,true,6,2017-04-01,2017-09-30,0
2017-07-31,96580,2018-03-31,1,23200000000,0.008,,,,,1000000000,0.224,1000000000,0.332,,600000000,,107.51,,,,,,,,,,,,,,,,,,,,,,true,true,12,2017-04-01,2018-03-31,0
2017-07-31,96580,2017-03-31,1,,,,,,,,,,,,,,,,,,,,13248000000,7231000000,0.525,,6961000000,,,,,,,,,,,,true,false,12,2016-04-01,2017-03-31,-1
2017-07-31,96580,2017-03-31,1,,,,,,,,,,,,,,,,,,,,,,,,,,,,,30.00,,,,8000000,2419089,,false,false,12,2016-04-01,2017-03-31,-1
2017-07-31,96580,2018-03-31,1,,,,,,,,,,,,,,,,,,,,,,,,,,,,,35.00,,,,,,,false,true,12,2017-04-01,2018-03-31,0
2017-07-31,96580,2018-03-31,1,,,,,,,,,,,,,,,,,,,,,,,,,,,,,,,,,8000000,2394461,5590690,false,false,3,2017-04-01,2017-06-30,0
2017-07-31,96580,2017-03-31,1,,,,,,,,,,,,,,,,,,,,,,,,,,,,,,,,,,,5528611,false,false,3,2016-04-01,2016-06-30,-1
2017-08-24,96580,2018-03-31,,11500000000,0.045,,,,,550000000,3.583,500000000,3.167,,330000000,,59.13,,,,,,,,,,,,,,,,,,,,,,true,true,6,2017-04-01,2017-09-30,0
2017-08-24,96580,2017-03-31,,10611000000,,,,,,-29000000,,-35000000,,,-6000000,,-1.16,,,,,,,,,,,,,,,,,,,,,,true,false,6,2016-04-01,2016-09-30,-1
2017-08-24,96580,2018-03-31,,23700000000,0.022,,,,,1200000000,0.200,1200000000,0.200,,720000000,,129.01,,,,,,,,,,,,,,,,,,,,,,true,true,12,2017-04-01,2018-03-31,0
2017-08-24,96580,2017-03-31,,23016000000,,,,,,817000000,,751000000,,,440000000,,79.16,,,,,,,,,,,,,,,,,,,,,,true,false,12,2016-04-01,2017-03-31,-1
2017-10-31,96580,2018-03-31,2,11316000000,0.066,,,,,574000000,,534000000,,,384000000,,67.85,,,,,,13547000000,7684000000,0.550,,7447000000,,,,,,,,,,,,true,false,6,2017-04-01,2017-09-30,0
2017-10-31,96580,2017-03-31,2,10611000000,0.119,,,,,-29000000,,-35000000,,,-6000000,,-1.16,,,,,,,,,,,,,,,,,,,,,,true,false,6,2016-04-01,2016-09-30,-1
2017-10-31,96580,2018-03-31,2,23700000000,0.030,,,,,1200000000,0.469,1200000000,0.598,,720000000,,129.01,,,,,,,,,,,,,,,,,,,,,,true,true,12,2017-04-01,2018-03-31,0
2017-10-31,96580,2017-03-31,2,,,,,,,,,,,,,,,,,,,,13248000000,7231000000,0.525,,6961000000,,,,,,,,,,,,true,false,12,2016-04-01,2017-03-31,-1
2017-10-31,96580,2017-03-31,2,,,,,,,,,,,,,,,,,,,,,,,,,,,,,30.00,,,,8000000,2419089,,false,false,12,2016-04-01,2017-03-31,-1
2017-10-31,96580,2018-03-31,2,,,,,,,,,,,,,,,,,,,,,,,,,,,,,17.50,,,,,,,false,false,12,2017-04-01,2018-03-31,0
2017-10-31,96580,2018-03-31,2,,,,,,,,,,,,,,,,,,,,,,,,,,,,,35.00,,,,,,,false,true,12,2017-04-01,2018-03-31,0
2017-10-31,96580,2018-03-31,2,,,,,,,,,,,,,,,,,,,,,,,,,,,,,,,,,8000000,2241591,5660704,false,false,6,2017-04-01,2017-09-30,0
2017-10-31,96580,2017-03-31,2,,,,,,,,,,,,,,,,,,,,,,,,,,,,,,,,,,,5537332,false,false,6,2016-04-01,2016-09-30,-1
2018-01-31,96580,2018-03-31,3,16978000000,0.057,,,,,800000000,,778000000,,,529000000,,92.99,,,,,,13803000000,7776000000,0.546,,7535000000,,,,,,,,,,,,true,false,9,2017-04-01,2017-12-31,0
2018-01-31,96580,2017-03-31,3,16059000000,0.116,,,,,38000000,-0.896,49000000,-0.877,,45000000,,8.18,,,,,,,,,,,,,,,,,,,,,,true,false,9,2016-04-01,2016-12-31,-1
2018-01-31,96580,2018-03-31,3,23700000000,0.030,,,,,1200000000,0.469,1200000000,0.598,,720000000,,129.01,,,,,,,,,,,,,,,,,,,,,,true,true,12,2017-04-01,2018-03-31,0
2018-01-31,96580,2017-03-31,3,,,,,,,,,,,,,,,,,,,,13248000000,7231000000,0.525,,6961000000,,,,,,,,,,,,true,false,12,2016-04-01,2017-03-31,-1
2018-01-31,96580,2017-03-31,3,,,,,,,,,,,,,,,,,,,,,,,,,,,,,30.00,,,,8000000,2419089,,false,false,12,2016-04-01,2017-03-31,-1
2018-01-31,96580,2018-03-31,3,,,,,,,,,,,,,,,,,,,,,,,,,,,,,17.50,,,,,,,false,false,12,2017-04-01,2018-03-31,0
2018-01-31,96580,2018-03-31,3,,,,,,,,,,,,,,,,,,,,,,,,,,,,,35.00,,,,,,,false,true,12,2017-04-01,2018-03-31,0
2018-01-31,96580,2018-03-31,3,,,,,,,,,,,,,,,,,,,,,,,,,,,,,,,,,8000000,2227729,5692429,false,false,9,2017-04-01,2017-12-31,0
2018-01-31,96580,2017-03-31,3,,,,,,,,,,,,,,,,,,,,,,,,,,,,,,,,,,,5545141,false,false,9,2016-04-01,2016-12-31,-1
2018-04-27,96580,2018-03-31,,23509000000,0.021,,,,,1159000000,0.419,1135000000,0.512,,733000000,,128.10,,0.100,0.082,0.049,,14595000000,7930000000,0.527,1321.80,7686000000,1781000000,-12000000,-301000000,5228000000,,0.273,,,,,,true,false,12,2017-04-01,2018-03-31,0
2018-04-27,96580,2017-03-31,,23016000000,0.121,,,,,817000000,-0.083,751000000,-0.182,,440000000,,79.16,,0.065,0.058,0.036,,13248000000,7231000000,0.525,1247.21,6961000000,202000000,-427000000,-419000000,3760000000,,0.379,,,,,,true,false,12,2016-04-01,2017-03-31,-1
2018-04-27,96580,2019-03-31,,11500000000,0.016,,,,,300000000,-0.478,300000000,-0.438,,200000000,,34.39,,,,,,,,,,,,,,,,,,,,,,true,true,6,2018-04-01,2018-09-30,1
2018-04-27,96580,2019-03-31,,24000000000,0.021,,,,,1200000000,0.035,1200000000,0.057,,740000000,,127.26,,,,,,,,,,,,,,,,0.314,,,,,,true,true,12,2018-04-01,2019-03-31,1
2018-04-27,96580,2018-03-31,,11575000000,0.103,,,,,543000000,-0.095,620000000,0.046,655000000,,0.673,114.47,,,,,,10903000000,6391000000,0.586,1099.02,6391000000,,,,,35.00,,,,8000000,2185192,5720324,false,false,12,2017-04-01,2018-03-31,0
2018-04-27,96580,2017-03-31,,10492000000,0.110,,,,,600000000,1.705,593000000,1.147,391000000,,0.857,70.51,,,,,,9749000000,5737000000,0.588,1027.97,5737000000,,,,,30.00,,,,8000000,2419089,5552503,false,false,12,2016-04-01,2017-03-31,-1
2018-04-27,96580,2019-03-31,,,,,,,,,,,,,,,,,,,,,,,,,,,,,,40.00,,,,,,,false,true,12,2018-04-01,2019-03-31,1
2018-07-31,96580,2019-03-31,1,5383000000,0.001,,,,,186000000,0.486,208000000,1.343,,104000000,,17.90,,,,,,13823000000,7933000000,0.557,,7693000000,,,,,,,,,,,,true,false,3,2018-04-01,2018-06-30,0
2018-07-31,96580,2018-03-31,1,5378000000,0.072,,,,,125000000,,89000000,,,43000000,,7.71,,,,,,,,,,,,,,,,,,,,,,true,false,3,2017-04-01,2017-06-30,-1
2018-07-31,96580,2019-03-31,1,11500000000,0.016,,,,,300000000,-0.478,300000000,-0.438,,200000000,,34.39,,,,,,,,,,,,,,,,,,,,,,true,true,6,2018-04-01,2018-09-30,0
2018-07-31,96580,2019-03-31,1,24000000000,0.021,,,,,1200000000,0.035,1200000000,0.057,,740000000,,127.26,,,,,,,,,,,,,,,,,,,,,,true,true,12,2018-04-01,2019-03-31,0
2018-07-31,96580,2018-03-31,1,,,,,,,,,,,,,,,,,,,,14595000000,7930000000,0.527,,7686000000,,,,,,,,,,,,true,false,12,2017-04-01,2018-03-31,-1
2018-07-31,96580,2018-03-31,1,,,,,,,,,,,,,,,,,,,,,,,,,,,,,35.00,,,,8000000,2185192,,false,false,12,2017-04-01,2018-03-31,-1
2018-07-31,96580,2019-03-31,1,,,,,,,,,,,,,,,,,,,,,,,,,,,,,40.00,,,,,,,false,true,12,2018-04-01,2019-03-31,0
2018-07-31,96580,2019-03-31,1,,,,,,,,,,,,,,,,,,,,,,,,,,,,,,,,,8000000,2185270,5814770,false,false,3,2018-04-01,2018-06-30,0
2018-07-31,96580,2018-03-31,1,,,,,,,,,,,,,,,,,,,,,,,,,,,,,,,,,,,5590690,false,false,3,2017-04-01,2017-06-30,-1
2018-08-29,96580,2019-03-31,,11500000000,,,,,,580000000,0.933,600000000,1.000,,385000000,,66.21,,,,,,,,,,,,,,,,,,,,,,true,true,6,2018-04-01,2018-09-30,0
2018-08-29,96580,2018-03-31,,11316000000,,,,,,574000000,,534000000,,,384000000,,67.85,,,,,,,,,,,,,,,,,,,,,,true,false,6,2017-04-01,2017-09-30,-1
2018-10-31,96580,2019-03-31,2,11513000000,0.017,,,,,729000000,0.269,740000000,0.388,,461000000,,79.26,,,,,,14534000000,8325000000,0.556,,8076000000,,,,,,,,,,,,true,false,6,2018-04-01,2018-09-30,0
2018-10-31,96580,2018-03-31,2,11316000000,0.066,,,,,574000000,,534000000,,,384000000,,67.85,,,,,,,,,,,,,,,,,,,,,,true,false,6,2017-04-01,2017-09-30,-1
2018-10-31,96580,2019-03-31,2,24000000000,0.021,,,,,1200000000,0.035,1200000000,0.057,,740000000,,127.26,,,,,,,,,,,,,,,,,,,,,,true,true,12,2018-04-01,2019-03-31,0
2018-10-31,96580,2018-03-31,2,,,,,,,,,,,,,,,,,,,,14595000000,7930000000,0.527,,7686000000,,,,,,,,,,,,true,false,12,2017-04-01,2018-03-31,-1
2018-10-31,96580,2018-03-31,2,,,,,,,,,,,,,,,,,,,,,,,,,,,,,35.00,,,,8000000,2185192,,false,false,12,2017-04-01,2018-03-31,-1
2018-10-31,96580,2019-03-31,2,,,,,,,,,,,,,,,,,,,,,,,,,,,,,20.00,,,,,,,false,false,12,2018-04-01,2019-03-31,0
2018-10-31,96580,2019-03-31,2,,,,,,,,,,,,,,,,,,,,,,,,,,,,,40.00,,,,,,,false,true,12,2018-04-01,2019-03-31,0
2018-10-31,96580,2019-03-31,2,,,,,,,,,,,,,,,,,,,,,,,,,,,,,,,,,8000000,2182808,5815457,false,false,6,2018-04-01,2018-09-30,0
2018-10-31,96580,2018-03-31,2,,,,,,,,,,,,,,,,,,,,,,,,,,,,,,,,,,,5660704,false,false,6,2017-04-01,2017-09-30,-1
2019-01-31,96580,2019-03-31,3,17553000000,0.034,,,,,1167000000,0.458,1192000000,0.532,,741000000,,127.38,,,,,,14833000000,8460000000,0.553,,8203000000,,,,,,,,,,,,true,false,9,2018-04-01,2018-12-31,0
2019-01-31,96580,2018-03-31,3,16978000000,0.057,,,,,800000000,,778000000,,,529000000,,92.99,,,,,,,,,,,,,,,,,,,,,,true,false,9,2017-04-01,2017-12-31,-1
2019-01-31,96580,2019-03-31,3,24500000000,0.042,,,,,1600000000,0.380,1600000000,0.409,,1000000000,,171.97,,,,,,,,,,,,,,,,,,,,,,true,true,12,2018-04-01,2019-03-31,0
2019-01-31,96580,2018-03-31,3,,,,,,,,,,,,,,,,,,,,14595000000,7930000000,0.527,,7686000000,,,,,,,,,,,,true,false,12,2017-04-01,2018-03-31,-1
2019-01-31,96580,2018-03-31,3,,,,,,,,,,,,,,,,,,,,,,,,,,,,,35.00,,,,8000000,2185192,,false,false,12,2017-04-01,2018-03-31,-1
2019-01-31,96580,2019-03-31,3,,,,,,,,,,,,,,,,,,,,,,,,,,,,,20.00,,,,,,,false,false,12,2018-04-01,2019-03-31,0
2019-01-31,96580,2019-03-31,3,,,,,,,,,,,,,,,,,,,,,,,,,,,,,40.00,,,,,,,false,true,12,2018-04-01,2019-03-31,0
2019-01-31,96580,2019-03-31,3,,,,,,,,,,,,,,,,,,,,,,,,,,,,,,,,,8000000,2177420,5816516,false,false,9,2018-04-01,2018-12-31,0
2019-01-31,96580,2018-03-31,3,,,,,,,,,,,,,,,,,,,,,,,,,,,,,,,,,,,5692429,false,false,9,2017-04-01,2017-12-31,-1
2019-01-31,96580,2019-03-31,,24500000000,0.021,,,,,1600000000,0.333,1600000000,0.333,1000000000,,0.351,171.97,,,,,,,,,,,,,,,,,,,,,,true,true,12,2018-04-01,2019-03-31,0
2019-01-31,96580,2018-03-31,,23509000000,,,,,,1159000000,,1135000000,,733000000,,,128.10,,,,,,,,,,,,,,,,,,,,,,true,false,12,2017-04-01,2018-03-31,-1
2019-04-26,96580,2019-03-31,,24819000000,0.056,,,,,1723000000,0.486,1653000000,0.456,,994000000,,170.77,,0.123,0.108,0.069,,16126000000,8791000000,0.528,1461.38,8516000000,1079000000,-230000000,129000000,6207000000,,0.234,,,,,,true,false,12,2018-04-01,2019-03-31,0
2019-04-26,96580,2018-03-31,,23509000000,0.021,,,,,1159000000,0.419,1135000000,0.512,,733000000,,128.10,,0.100,0.082,0.049,,14595000000,7930000000,0.527,1321.80,7686000000,1781000000,-12000000,-301000000,5228000000,,0.273,,,,,,true,false,12,2017-04-01,2018-03-31,-1
2019-04-26,96580,2020-03-31,,12000000000,0.042,,,,,650000000,-0.108,650000000,-0.122,,410000000,,70.35,,,,,,,,,,,,,,,,,,,,,,true,true,6,2019-04-01,2019-09-30,1
2019-04-26,96580,2020-03-31,,26000000000,0.048,,,,,1750000000,0.016,1700000000,0.028,,1000000000,,171.60,,,,,,,,,,,,,,,,0.291,,,,,,true,true,12,2019-04-01,2020-03-31,1
2019-04-26,96580,2018-03-31,,,,,,,,,,,,,,,,,,,,,,,,,,,,,,35.00,,,,8000000,2185192,5720324,false,false,12,2017-04-01,2018-03-31,-1
2019-04-26,96580,2019-03-31,,,,,,,,,,,,,,,,,,,,,,,,,,,,,,40.00,,,,8000000,2172343,5818706,false,false,12,2018-04-01,2019-03-31,0
2019-04-26,96580,2020-03-31,,,,,,,,,,,,,,,,,,,,,,,,,,,,,,50.00,,,,,,,false,true,12,2019-04-01,2020-03-31,1
2019-07-31,96580,2020-03-31,1,6595000000,0.225,,,,,382000000,1.058,413000000,0.983,,245000000,,42.00,,,,,,15935000000,8929000000,0.543,,8660000000,,,,,,,,,,,,true,false,3,2019-04-01,2019-06-30,0
2019-07-31,96580,2019-03-31,1,5383000000,0.001,,,,,186000000,0.486,208000000,1.343,,104000000,,17.90,,,,,,,,,,,,,,,,,,,,,,true,false,3,2018-04-01,2018-06-30,-1
2019-07-31,96580,2020-03-31,1,12000000000,0.042,,,,,650000000,-0.108,650000000,-0.122,,410000000,,70.35,,,,,,,,,,,,,,,,,,,,,,true,true,6,2019-04-01,2019-09-30,0
2019-07-31,96580,2020-03-31,1,26000000000,0.048,,,,,1750000000,0.016,1700000000,0.028,,1000000000,,171.60,,,,,,,,,,,,,,,,,,,,,,true,true,12,2019-04-01,2020-03-31,0
2019-07-31,96580,2019-03-31,1,,,,,,,,,,,,,,,,,,,,16126000000,8791000000,0.528,,8516000000,,,,,,,,,,,,true,false,12,2018-04-01,2019-03-31,-1
2019-07-31,96580,2019-03-31,1,,,,,,,,,,,,,,,,,,,,,,,,,,,,,40.00,,,,8000000,2172343,,false,false,12,2018-04-01,2019-03-31,-1
2019-07-31,96580,2020-03-31,1,,,,,,,,,,,,,,,,,,,,,,,,,,,,,50.00,,,,,,,false,true,12,2019-04-01,2020-03-31,0
2019-07-31,96580,2020-03-31,1,,,,,,,,,,,,,,,,,,,,,,,,,,,,,,,,,8000000,2162339,5831943,false,false,3,2019-04-01,2019-06-30,0
2019-07-31,96580,2019-03-31,1,,,,,,,,,,,,,,,,,,,,,,,,,,,,,,,,,,,5814770,false,false,3,2018-04-01,2018-06-30,-1
2019-08-28,96580,2020-03-31,,13800000000,0.150,,,,,950000000,0.462,950000000,0.462,,620000000,,97.90,,,,,,,,,,,,,,,,,,,,,,true,true,6,2019-04-01,2019-09-30,0
2019-08-28,96580,2019-03-31,,11513000000,,,,,,729000000,,740000000,,,461000000,,79.26,,,,,,,,,,,,,,,,,,,,,,true,false,6,2018-04-01,2018-09-30,-1
2019-10-31,96580,2020-03-31,2,13624000000,0.183,,,,,919000000,0.261,988000000,0.335,,616000000,,105.46,,,,,,16664000000,9384000000,0.544,,9069000000,,,,,,,,,,,,true,false,6,2019-04-01,2019-09-30,0
2019-10-31,96580,2019-03-31,2,11513000000,0.017,,,,,729000000,0.269,740000000,0.388,,461000000,,79.26,,,,,,,,,,,,,,,,,,,,,,true,false,6,2018-04-01,2018-09-30,-1
2019-10-31,96580,2020-03-31,2,26000000000,0.048,,,,,1750000000,0.016,1700000000,0.028,,1000000000,,171.60,,,,,,,,,,,,,,,,,,,,,,true,true,12,2019-04-01,2020-03-31,0
2019-10-31,96580,2019-03-31,2,,,,,,,,,,,,,,,,,,,,16126000000,8791000000,0.528,,8516000000,,,,,,,,,,,,true,false,12,2018-04-01,2019-03-31,-1
2019-10-31,96580,2019-03-31,2,,,,,,,,,,,,,,,,,,,,,,,,,,,,,40.00,,,,8000000,2172343,,false,false,12,2018-04-01,2019-03-31,-1
2019-10-31,96580,2020-03-31,2,,,,,,,,,,,,,,,,,,,,,,,,,,,,,25.00,,,,,,,false,false,12,2019-04-01,2020-03-31,0
2019-10-31,96580,2020-03-31,2,,,,,,,,,,,,,,,,,,,,,,,,,,,,,50.00,,,,,,,false,true,12,2019-04-01,2020-03-31,0
2019-10-31,96580,2020-03-31,2,,,,,,,,,,,,,,,,,,,,,,,,,,,,,,,,,8000000,2151544,5838310,false,false,6,2019-04-01,2019-09-30,0
2019-10-31,96580,2019-03-31,2,,,,,,,,,,,,,,,,,,,,,,,,,,,,,,,,,,,5815457,false,false,6,2018-04-01,2018-09-30,-1
2020-01-31,96580,2020-03-31,3,20583000000,0.173,,,,,1412000000,0.210,1509000000,0.266,,932000000,,159.54,,,,,,16841000000,9587000000,0.550,,9260000000,,,,,,,,,,,,true,false,9,2019-04-01,2019-12-31,0
2020-01-31,96580,2019-03-31,3,17553000000,0.034,,,,,1167000000,0.458,1192000000,0.532,,741000000,,127.38,,,,,,,,,,,,,,,,,,,,,,true,false,9,2018-04-01,2018-12-31,-1
2020-01-31,96580,2020-03-31,3,26000000000,0.048,,,,,1750000000,0.016,1700000000,0.028,,1000000000,,171.60,,,,,,,,,,,,,,,,,,,,,,true,true,12,2019-04-01,2020-03-31,0
2020-01-31,96580,2019-03-31,3,,,,,,,,,,,,,,,,,,,,16126000000,8791000000,0.528,,8516000000,,,,,,,,,,,,true,false,12,2018-04-01,2019-03-31,-1
2020-01-31,96580,2019-03-31,3,,,,,,,,,,,,,,,,,,,,,,,,,,,,,40.00,,,,8000000,2172343,,false,false,12,2018-04-01,2019-03-31,-1
2020-01-31,96580,2020-03-31,3,,,,,,,,,,,,,,,,,,,,,,,,,,,,,25.00,,,,,,,false,false,12,2019-04-01,2020-03-31,0
2020-01-31,96580,2020-03-31,3,,,,,,,,,,,,,,,,,,,,,,,,,,,,,50.00,,,,,,,false,true,12,2019-04-01,2020-03-31,0
2020-01-31,96580,2020-03-31,3,,,,,,,,,,,,,,,,,,,,,,,,,,,,,,,,,8000000,2139658,5843302,false,false,9,2019-04-01,2019-12-31,0
2020-01-31,96580,2019-03-31,3,,,,,,,,,,,,,,,,,,,,,,,,,,,,,,,,,,,5816516,false,false,9,2018-04-01,2018-12-31,-1
,96580,2020-03-31,,,,,,,,,,,,,,,,,,,,,,,,,,,,,,55.00,,,,,,,false,true,12,2019-04-01,2020-03-31,0
,96580,2020-03-31,,,,,,,,,,,,,,,,,,,,,,,,,,,,,,25.00,,,,,,,false,false,12,2019-04-01,2020-03-31,0
,96580,2019-03-31,,,,,,,,,,,,,,,,,,,,,,,,,,,,,,40.00,,,,,,,false,false,12,2018-04-01,2019-03-31,-1
2020-03-30,96580,2020-03-31,,28600000000,0.100,,,,,1980000000,0.131,2000000000,0.176,1300000000,,0.300,205.30,,,,,,,,,,,,,,,,,,,,,,true,true,12,2019-04-01,2020-03-31,0
2020-03-30,96580,2019-03-31,,24819000000,,,,,,1723000000,,1653000000,,994000000,,,170.77,,,,,,,,,,,,,,,,,,,,,,true,false,12,2018-04-01,2019-03-31,-1
2020-05-15,96580,2020-03-31,,28351000000,0.142,,,,,2130000000,0.237,2256000000,0.365,,1427000000,,244.07,,0.157,0.134,0.075,,17627000000,10043000000,0.551,1654.27,9704000000,938000000,-468000000,-269000000,6408000000,,0.246,,,,,,true,false,12,2019-04-01,2020-03-31,0
2020-05-15,96580,2019-03-31,,24819000000,0.056,,,,,1723000000,0.486,1653000000,0.456,,994000000,,170.77,,0.123,0.108,0.069,,16126000000,8791000000,0.528,1461.38,8516000000,1079000000,-230000000,129000000,6207000000,,0.234,,,,,,true,false,12,2018-04-01,2019-03-31,-1
2020-05-15,96580,2021-03-31,,13000000000,-0.046,,,,,600000000,-0.347,600000000,-0.393,,400000000,,68.19,,,,,,,,,,,,,,,,,,,,,,true,true,6,2020-04-01,2020-09-30,1
2020-05-15,96580,2020-03-31,,15019000000,0.200,,,,,1404000000,0.343,1467000000,0.307,1020000000,,0.375,174.41,,,,,,12826000000,7688000000,0.599,1310.58,7688000000,,,,,55.00,,,,8000000,2134265,5848167,false,false,12,2019-04-01,2020-03-31,0
2020-05-15,96580,2019-03-31,,12516000000,0.081,,,,,1046000000,0.928,1123000000,0.811,742000000,,0.133,127.48,,,,,,11825000000,6956000000,0.588,1193.60,6956000000,,,,,40.00,,,,8000000,2172343,5818706,false,false,12,2018-04-01,2019-03-31,-1
2020-05-15,96580,2021-03-31,,,,,,,,,,,,,,,,,,,,,,,,,,,,,,60.00,,,,,,,false,true,12,2020-04-01,2021-03-31,1
2020-07-31,96580,2021-03-31,1,6966000000,0.056,,,,,519000000,0.359,538000000,0.302,,315000000,,26.80,,,,,,17836000000,10217000000,0.554,,9880000000,,,,,,,,,,,,true,false,3,2020-04-01,2020-06-30,0
2020-07-31,96580,2020-03-31,1,6595000000,0.225,,,,,382000000,1.058,413000000,0.983,,245000000,,21.00,,,,,,,,,,,,,,,,,,,,,,true,false,3,2019-04-01,2019-06-30,-1
2020-07-31,96580,2021-03-31,1,14000000000,0.028,,,,,900000000,-0.021,930000000,-0.059,,550000000,,46.85,,,,,,,,,,,,,,,,,,,,,,true,true,6,2020-04-01,2020-09-30,0
2020-07-31,96580,2020-03-31,1,,,,,,,,,,,,,,,,,,,,17627000000,10043000000,0.551,,9704000000,,,,,,,,,,,,true,false,12,2019-04-01,2020-03-31,-1
2020-07-31,96580,2020-03-31,1,,,,,,,,,,,,,,,,,,,,,,,,,,,,,55.00,,,,16000000,4268530,,false,false,12,2019-04-01,2020-03-31,-1
2020-07-31,96580,2021-03-31,1,,,,,,,,,,,,,,,,,,,,,,,,,,,,,30.00,,,,,,,false,true,12,2020-04-01,2021-03-31,0
2020-07-31,96580,2021-03-31,1,,,,,,,,,,,,,,,,,,,,,,,,,,,,,,,,,16000000,4247270,11740640,false,false,3,2020-04-01,2020-06-30,0
2020-07-31,96580,2020-03-31,1,,,,,,,,,,,,,,,,,,,,,,,,,,,,,,,,,,,11663886,false,false,3,2019-04-01,2019-06-30,-1
2020-09-25,96580,2021-03-31,,28500000000,,,,,,2200000000,,2300000000,,,1450000000,,123.40,,,,,,,,,,,,,,,,,,,,,,true,true,12,2020-04-01,2021-03-31,0
2020-09-25,96580,2020-03-31,,28351000000,,,,,,2130000000,,2256000000,,,1427000000,,122.03,,,,,,,,,,,,,,,,,,,,,,true,false,12,2019-04-01,2020-03-31,-1
2020-10-30,96580,2021-03-31,2,14106000000,0.035,,,,,1075000000,0.170,1105000000,0.118,,647000000,,55.04,,,,,,18778000000,10617000000,0.547,,10268000000,,,,,,,,,,,,true,false,6,2020-04-01,2020-09-30,0
2020-10-30,96580,2020-03-31,2,13624000000,0.183,,,,,919000000,0.261,988000000,0.335,,616000000,,52.73,,,,,,,,,,,,,,,,,,,,,,true,false,6,2019-04-01,2019-09-30,-1
2020-10-30,96580,2021-03-31,2,28500000000,0.005,,,,,2200000000,0.033,2300000000,0.020,,1450000000,,123.40,,,,,,,,,,,,,,,,,,,,,,true,true,12,2020-04-01,2021-03-31,0
2020-10-30,96580,2020-03-31,2,,,,,,,,,,,,,,,,,,,,17627000000,10043000000,0.551,,9704000000,,,,,,,,,,,,true,false,12,2019-04-01,2020-03-31,-1
2020-10-30,96580,2020-03-31,2,,,,,,,,,,,,,,,,,,,,,,,,,,,,,55.00,,,,16000000,4268530,,false,false,12,2019-04-01,2020-03-31,-1
2020-10-30,96580,2021-03-31,2,,,,,,,,,,,,,,,,,,,,,,,,,,,,,15.00,,,,,,,false,false,12,2020-04-01,2021-03-31,0
2020-10-30,96580,2021-03-31,2,,,,,,,,,,,,,,,,,,,,,,,,,,,,,30.00,,,,,,,false,true,12,2020-04-01,2021-03-31,0
2020-10-30,96580,2021-03-31,2,,,,,,,,,,,,,,,,,,,,,,,,,,,,,,,,,16000000,4224864,11754140,false,false,6,2020-04-01,2020-09-30,0
2020-10-30,96580,2020-03-31,2,,,,,,,,,,,,,,,,,,,,,,,,,,,,,,,,,,,11676621,false,false,6,2019-04-01,2019-09-30,-1
2021-01-29,96580,2021-03-31,3,21228000000,0.031,,,,,1738000000,0.231,1804000000,0.195,,1090000000,,92.67,,,,,,18719000000,10949000000,0.563,,10537000000,,,,,,,,,,,,true,false,9,2020-04-01,2020-12-31,0
2021-01-29,96580,2020-03-31,3,20583000000,0.173,,,,,1412000000,0.210,1509000000,0.266,,932000000,,79.77,,,,,,,,,,,,,,,,,,,,,,true,false,9,2019-04-01,2019-12-31,-1
2021-01-29,96580,2021-03-31,3,28500000000,0.005,,,,,2200000000,0.033,2300000000,0.020,,1450000000,,123.40,,,,,,,,,,,,,,,,,,,,,,true,true,12,2020-04-01,2021-03-31,0
2021-01-29,96580,2020-03-31,3,,,,,,,,,,,,,,,,,,,,17627000000,10043000000,0.551,,9704000000,,,,,,,,,,,,true,false,12,2019-04-01,2020-03-31,-1
2021-01-29,96580,2020-03-31,3,,,,,,,,,,,,,,,,,,,,,,,,,,,,,55.00,,,,16000000,4268530,,false,false,12,2019-04-01,2020-03-31,-1
2021-01-29,96580,2021-03-31,3,,,,,,,,,,,,,,,,,,,,,,,,,,,,,15.00,,,,,,,false,false,12,2020-04-01,2021-03-31,0
2021-01-29,96580,2021-03-31,3,,,,,,,,,,,,,,,,,,,,,,,,,,,,,30.00,,,,,,,false,true,12,2020-04-01,2021-03-31,0
2021-01-29,96580,2021-03-31,3,,,,,,,,,,,,,,,,,,,,,,,,,,,,,,,,,16000000,4205310,11763765,false,false,9,2020-04-01,2020-12-31,0
2021-01-29,96580,2020-03-31,3,,,,,,,,,,,,,,,,,,,,,,,,,,,,,,,,,,,11686604,false,false,9,2019-04-01,2019-12-31,-1
2021-04-30,96580,2021-03-31,,29087000000,0.026,,,,,2408000000,0.131,2492000000,0.105,,1650000000,,140.20,139.81,0.158,0.132,0.083,,20151000000,11562000000,0.552,942.94,11131000000,2667000000,-669000000,-186000000,8219000000,,0.226,,,,,,true,false,12,2020-04-01,2021-03-31,0
2021-04-30,96580,2020-03-31,,28351000000,0.142,,,,,2130000000,0.237,2256000000,0.365,,1427000000,,122.03,,0.157,0.134,0.075,,17627000000,10043000000,0.551,827.14,9704000000,938000000,-468000000,-269000000,6408000000,,0.246,,,,,,true,false,12,2019-04-01,2020-03-31,-1
2021-04-30,96580,2022-03-31,,,,,,,,850000000,,,,,500000000,,42.47,,,,,,,,,,,,,,,,,,,,,,true,true,6,2021-04-01,2021-09-30,1
2021-04-30,96580,2022-03-31,,,,,,,,2100000000,,,,,1350000000,,114.68,,,,,,,,,,,,,,,,,,,,,,true,true,12,2021-04-01,2022-03-31,1
2021-04-30,96580,2020-03-31,,,,,,,,,,,,,,,,,,,,,,,,,,,,,,55.00,,,,16000000,4268530,11696334,false,false,12,2019-04-01,2020-03-31,-1
2021-04-30,96580,2021-03-31,,,,,,,,,,,,,,,,,,,,,,,,,,,,,,30.00,,,,16000000,4194948,11772213,false,false,12,2020-04-01,2021-03-31,0
2021-04-30,96580,2022-03-31,,,,,,,,,,,,,,,,,,,,,,,,,,,,,,32.00,,,,,,,false,true,12,2021-04-01,2022-03-31,1
2021-06-28,96580,2021-03-31,,,,,,,,2200000000,-0.006,,,,1554000000,,131.97,131.58,,,,,22786000000,,,,,3075000000,-529000000,-720000000,,,0.238,,,,,,true,false,12,2020-04-01,2021-03-31,0
2021-06-28,96580,2020-03-31,,,,,,,,2214000000,,,,,1460000000,,124.84,,,,,,20651000000,,,,,1459000000,-479000000,-782000000,,,0.233,,,,,,true,false,12,2019-04-01,2020-03-31,-1
2021-06-28,96580,2022-03-31,,,,,,,,850000000,,,,,500000000,,42.47,,,,,,,,,,,,,,,,,,,,,,true,true,6,2021-04-01,2021-09-30,1
2021-06-28,96580,2022-03-31,,,,,,,,2100000000,,,,,1350000000,,114.68,,,,,,,,,,,,,,,,,,,,,,true,true,12,2021-04-01,2022-03-31,1
2021-06-28,96580,2020-03-31,,,,,,,,,,,,,,,,,,,,,,,,,,,,,,55.00,,,,16000000,4268530,11696334,false,false,12,2019-04-01,2020-03-31,-1
2021-06-28,96580,2021-03-31,,,,,,,,,,,,,,,,,,,,,,,,,,,,,,30.00,,,,16000000,4194948,11772213,false,false,12,2020-04-01,2021-03-31,0
2021-06-28,96580,2022-03-31,,,,,,,,,,,,,,,,,,,,,,,,,,,,,,32.00,,,,,,,false,true,12,2021-04-01,2022-03-31,1
2021-08-05,96580,2022-03-31,1,,,,,,,556000000,0.054,,,,342000000,,28.97,28.35,,,,,22104000000,,,,,,,,,,,,,,,,true,false,3,2021-04-01,2021-06-30,0
2021-08-05,96580,2021-03-31,1,,,,,,,527000000,,,,,336000000,,28.62,,,,,,,,,,,,,,,,,,,,,,true,false,3,2020-04-01,2020-06-30,-1
2021-08-05,96580,2022-03-31,1,,,,,,,850000000,,,,,500000000,,42.47,,,,,,,,,,,,,,,,,,,,,,true,true,6,2021-04-01,2021-09-30,0
2021-08-05,96580,2022-03-31,1,,,,,,,2100000000,-0.045,,,,1350000000,,114.68,,,,,,,,,,,,,,,,,,,,,,true,true,12,2021-04-01,2022-03-31,0
2021-08-05,96580,2021-03-31,1,,,,,,,,,,,,,,,,,,,,22786000000,,,,,,,,,,,,,,,,true,false,12,2020-04-01,2021-03-31,-1
2021-08-05,96580,2021-03-31,1,,,,,,,,,,,,,,,,,,,,,,,,,,,,,30.00,,,,16000000,4194948,,false,false,12,2020-04-01,2021-03-31,-1
2021-08-05,96580,2022-03-31,1,,,,,,,,,,,,,,,,,,,,,,,,,,,,,32.00,,,,,,,false,true,12,2021-04-01,2022-03-31,0
2021-08-05,96580,2022-03-31,1,,,,,,,,,,,,,,,,,,,,,,,,,,,,,,,,,16000000,4168414,11815120,false,false,3,2021-04-01,2021-06-30,0
2021-08-05,96580,2021-03-31,1,,,,,,,,,,,,,,,,,,,,,,,,,,,,,,,,,,,11740640,false,false,3,2020-04-01,2020-06-30,-1
2021-10-28,96580,2022-03-31,,,,,,,,1160000000,0.365,,,,750000000,,63.36,,,,,,,,,,,,,,,,,,,,,,true,true,6,2021-04-01,2021-09-30,0
2021-10-28,96580,2021-03-31,,,,,,,,1103000000,,,,,670000000,,57.02,,,,,,,,,,,,,,,,,,,,,,true,false,6,2020-04-01,2020-09-30,-1
2021-10-28,96580,2022-03-31,,,,,,,,2500000000,0.190,,,,1600000000,,135.16,,,,,,,,,,,,,,,,,,,,,,true,true,12,2021-04-01,2022-03-31,0
2021-10-28,96580,2021-03-31,,,,,,,,2200000000,,,,,1554000000,,131.97,,,,,,,,,,,,,,,,,,,,,,true,false,12,2020-04-01,2021-03-31,-1
2021-10-28,96580,2022-03-31,,,,,,,,,,,,,,,,,,,,,,,,,,,,,,34.00,,,,,,,false,true,12,2021-04-01,2022-03-31,0
2021-10-28,96580,2021-03-31,,,,,,,,,,,,,,,,,,,,,,,,,,,,,,30.00,,,,,,,false,false,12,2020-04-01,2021-03-31,-1
2021-10-29,9658,2022-03-31,2,,,,,,,1167000000,0.058,,,,752000000,,63.56,62.09,,,,,25357000000,,,,,,,,,,,,,,,,true,false,6,2021-04-01,2021-09-30,0
2021-10-29,9658,2021-03-31,2,,,,,,,1103000000,,,,,670000000,,57.02,,,,,,,,,,,,,,,,,,,,,,true,false,6,2020-04-01,2020-09-30,-1
2021-10-29,9658,2022-03-31,2,,,,,,,2500000000,0.136,,,,1600000000,,135.16,,,,,,,,,,,,,,,,,,,,,,true,true,12,2021-04-01,2022-03-31,0
2021-10-29,9658,2021-03-31,2,,,,,,,,,,,,,,,,,,,,22786000000,,,,,,,,,,,,,,,,true,false,12,2020-04-01,2021-03-31,-1
2021-10-29,9658,2021-03-31,2,,,,,,,,,,,,,,,,,,,,,,,,,,,,,30.00,,,,16000000,4194948,,false,false,12,2020-04-01,2021-03-31,-1
2021-10-29,9658,2022-03-31,2,,,,,,,,,,,,,,,,,,,,,,,,,,,,,16.00,,,,,,,false,false,12,2021-04-01,2022-03-31,0
2021-10-29,9658,2022-03-31,2,,,,,,,,,,,,,,,,,,,,,,,,,,,,,34.00,,,,,,,false,true,12,2021-04-01,2022-03-31,0
2021-10-29,9658,2022-03-31,2,,,,,,,,,,,,,,,,,,,,,,,,,,,,,,,,,16000000,4128582,11837939,false,false,6,2021-04-01,2021-09-30,0
2021-10-29,9658,2021-03-31,2,,,,,,,,,,,,,,,,,,,,,,,,,,,,,,,,,,,11754140,false,false,6,2020-04-01,2020-09-30,-1
2022-01-31,9658,2022-03-31,3,,,,,,,1850000000,0.030,,,,1206000000,,101.72,99.51,,,,,27340000000,,,,,,,,,,,,,,,,true,false,9,2021-04-01,2021-12-31,0
2022-01-31,9658,2021-03-31,3,,,,,,,1796000000,,,,,1126000000,,95.73,,,,,,,,,,,,,,,,,,,,,,true,false,9,2020-04-01,2020-12-31,-1
2022-01-31,9658,2022-03-31,3,,,,,,,2500000000,0.136,,,,1600000000,,135.16,,,,,,,,,,,,,,,,,,,,,,true,true,12,2021-04-01,2022-03-31,0
2022-01-31,9658,2021-03-31,3,,,,,,,,,,,,,,,,,,,,22786000000,,,,,,,,,,,,,,,,true,false,12,2020-04-01,2021-03-31,-1
2022-01-31,9658,2021-03-31,3,,,,,,,,,,,,,,,,,,,,,,,,,,,,,30.00,,,,16000000,4194948,,false,false,12,2020-04-01,2021-03-31,-1
2022-01-31,9658,2022-03-31,3,,,,,,,,,,,,,,,,,,,,,,,,,,,,,16.00,,,,,,,false,false,12,2021-04-01,2022-03-31,0
2022-01-31,9658,2022-03-31,3,,,,,,,,,,,,,,,,,,,,,,,,,,,,,38.00,,,,,,,false,true,12,2021-04-01,2022-03-31,0
2022-01-31,9658,2022-03-31,3,,,,,,,,,,,,,,,,,,,,,,,,,,,,,,,,,16000000,4100502,11853399,false,false,9,2021-04-01,2021-12-31,0
2022-01-31,9658,2021-03-31,3,,,,,,,,,,,,,,,,,,,,,,,,,,,,,,,,,,,11763765,false,false,9,2020-04-01,2020-12-31,-1
2022-04-28,9658,2022-03-31,,16380000000,0.091,,,,,1681000000,0.207,1930000000,0.322,2195000000,,1.075,184.95,,,,,,17092000000,10399000000,0.608,873.05,,,,,,45.00,,,,12725000,814066,11865523,false,false,12,2021-04-01,2022-03-31,0
2022-04-28,9658,2021-03-31,,15010000000,-0.001,,,,,1392000000,-0.009,1460000000,-0.062,1057000000,,0.037,89.82,,,,,,14740000000,8491000000,0.576,719.24,,,,,,30.00,,,,16000000,4194948,11772213,false,false,12,2020-04-01,2021-03-31,-1
2022-04-28,9658,2022-03-31,,,,,,,,2745000000,0.248,,,,1764000000,,148.66,146.05,,,,,28296000000,,,,,682000000,-845000000,535000000,,,0.303,,,,,,true,false,12,2021-04-01,2022-03-31,0
2022-04-28,9658,2021-03-31,,,,,,,,2200000000,-0.006,,,,1554000000,,131.97,131.58,,,,,22786000000,,,,,3075000000,-529000000,-720000000,,,0.233,,,,,,true,false,12,2020-04-01,2021-03-31,-1
2022-04-28,9658,2023-03-31,,,,,,,,1300000000,0.114,,,,770000000,,59.84,,,,,,,,,,,,,,,,,,,,,,true,true,6,2022-04-01,2022-09-30,1
2022-04-28,9658,2023-03-31,,,,,,,,3000000000,0.093,,,,1800000000,,151.70,,,,,,,,,,,,,,,,,,,,,,true,true,12,2022-04-01,2023-03-31,1
2022-04-28,9658,2023-03-31,,,,,,,,,,,,,,,,,,,,,,,,,,,,,,45.00,,,,,,,false,true,12,2022-04-01,2023-03-31,1
2022-07-29,9658,2023-03-31,1,,,,,,,488000000,-0.121,,,,252000000,,21.13,20.51,,,,,27499000000,,,,,,,,,,,,,,,,true,false,3,2022-04-01,2022-06-30,0
2022-07-29,9658,2022-03-31,1,,,,,,,556000000,0.054,,,,342000000,,28.97,28.35,,,,,,,,,,,,,,,,,,,,,true,false,3,2021-04-01,2021-06-30,-1
2022-07-29,9658,2023-03-31,1,,,,,,,1300000000,0.114,,,,770000000,,59.84,,,,,,,,,,,,,,,,,,,,,,true,true,6,2022-04-01,2022-09-30,0
2022-07-29,9658,2023-03-31,1,,,,,,,3000000000,0.093,,,,1800000000,,151.70,,,,,,,,,,,,,,,,,,,,,,true,true,12,2022-04-01,2023-03-31,0
2022-07-29,9658,2022-03-31,1,,,,,,,,,,,,,,,,,,,,28296000000,,,,,,,,,,,,,,,,true,false,12,2021-04-01,2022-03-31,-1
2022-07-29,9658,2022-03-31,1,,,,,,,,,,,,,,,,,,,,,,,,,,,,,45.00,,,,12725000,814066,,false,false,12,2021-04-01,2022-03-31,-1
2022-07-29,9658,2023-03-31,1,,,,,,,,,,,,,,,,,,,,,,,,,,,,,45.00,,,,,,,false,true,12,2022-04-01,2023-03-31,0
2022-07-29,9658,2023-03-31,1,,,,,,,,,,,,,,,,,,,,,,,,,,,,,,,,,12725000,784776,11923796,false,false,3,2022-04-01,2022-06-30,0
2022-07-29,9658,2022-03-31,1,,,,,,,,,,,,,,,,,,,,,,,,,,,,,,,,,,,11815120,false,false,3,2021-04-01,2021-06-30,-1
2022-10-31,9658,2023-03-31,2,,,,,,,1533000000,0.313,,,,794000000,,66.48,64.90,,,,,28575000000,,,,,,,,,,,,,,,,true,false,6,2022-04-01,2022-09-30,0
2022-10-31,9658,2022-03-31,2,,,,,,,1167000000,0.058,,,,752000000,,63.56,62.09,,,,,,,,,,,,,,,,,,,,,true,false,6,2021-04-01,2021-09-30,-1
2022-10-31,9658,2023-03-31,2,,,,,,,3000000000,0.093,,,,1800000000,,151.70,,,,,,,,,,,,,,,,,,,,,,true,true,12,2022-04-01,2023-03-31,0
2022-10-31,9658,2022-03-31,2,,,,,,,,,,,,,,,,,,,,28296000000,,,,,,,,,,,,,,,,true,false,12,2021-04-01,2022-03-31,-1
2022-10-31,9658,2022-03-31,2,,,,,,,,,,,,,,,,,,,,,,,,,,,,,45.00,,,,12725000,814066,,false,false,12,2021-04-01,2022-03-31,-1
2022-10-31,9658,2023-03-31,2,,,,,,,,,,,,,,,,,,,,,,,,,,,,,22.00,,,,,,,false,false,12,2022-04-01,2023-03-31,0
2022-10-31,9658,2023-03-31,2,,,,,,,,,,,,,,,,,,,,,,,,,,,,,45.00,,,,,,,false,true,12,2022-04-01,2023-03-31,0
2022-10-31,9658,2023-03-31,2,,,,,,,,,,,,,,,,,,,,,,,,,,,,,,,,,12725000,740716,11948283,false,false,6,2022-04-01,2022-09-30,0
2022-10-31,9658,2022-03-31,2,,,,,,,,,,,,,,,,,,,,,,,,,,,,,,,,,,,11837939,false,false,6,2021-04-01,2021-09-30,-1
2023-01-31,9658,2023-03-31,3,,,,,,,2466000000,0.333,,,,1367000000,,114.73,113.33,,,,,30108000000,,,,,,,,,,,,,,,,true,false,9,2022-04-01,2022-12-31,0
2023-01-31,9658,2022-03-31,3,,,,,,,1850000000,0.030,,,,1223000000,,103.21,101.00,,,,,,,,,,,,,,,,,,,,,true,false,9,2021-04-01,2021-12-31,-1
2023-01-31,9658,2023-03-31,3,,,,,,,3000000000,0.093,,,,1800000000,,151.70,,,,,,,,,,,,,,,,,,,,,,true,true,12,2022-04-01,2023-03-31,0
2023-01-31,9658,2022-03-31,3,,,,,,,,,,,,,,,,,,,,28296000000,,,,,,,,,,,,,,,,true,false,12,2021-04-01,2022-03-31,-1
2023-01-31,9658,2022-03-31,3,,,,,,,,,,,,,,,,,,,,,,,,,,,,,45.00,,,,12725000,814066,,false,false,12,2021-04-01,2022-03-31,-1
2023-01-31,9658,2023-03-31,3,,,,,,,,,,,,,,,,,,,,,,,,,,,,,22.00,,,,,,,false,false,12,2022-04-01,2023-03-31,0
2023-01-31,9658,2023-03-31,3,,,,,,,,,,,,,,,,,,,,,,,,,,,,,45.00,,,,,,,false,true,12,2022-04-01,2023-03-31,0
2023-01-31,9658,2023-03-31,3,,,,,,,,,,,,,,,,,,,,,,,,,,,,,,,,,12725000,995275,11918662,false,false,9,2022-04-01,2022-12-31,0
2023-01-31,9658,2022-03-31,3,,,,,,,,,,,,,,,,,,,,,,,,,,,,,,,,,,,11853399,false,false,9,2021-04-01,2021-12-31,-1
2023-04-28,9658,2023-03-31,,17583000000,0.073,,,,,1770000000,0.053,1999000000,0.036,3084000000,,0.405,260.64,,,,,,18461000000,11922000000,0.646,1036.67,,,,,,48.00,,,,12725000,1224807,11832312,false,false,12,2022-04-01,2023-03-31,0
2023-04-28,9658,2022-03-31,,16380000000,0.091,,,,,1681000000,0.207,1930000000,0.322,2195000000,,1.075,184.95,,,,,,17092000000,10399000000,0.608,873.05,,,,,,45.00,,,,12725000,814066,11865523,false,false,12,2021-04-01,2022-03-31,-1
2023-04-28,9658,2023-03-31,,,,,,,,3208000000,0.169,,,,1882000000,,159.02,158.33,,,,,30436000000,,,,,3306000000,-1315000000,-415000000,,,0.302,,,,,,true,false,12,2022-04-01,2023-03-31,0
2023-04-28,9658,2022-03-31,,,,,,,,2745000000,0.248,,,,1782000000,,150.15,147.55,,,,,28296000000,,,,,682000000,-845000000,535000000,,,0.300,,,,,,true,false,12,2021-04-01,2022-03-31,-1
2023-05-11,96580,2024-03-31,,,,,,,,1200000000,,,,,13397000000,,1164.90,,,,,,,,,,,,,,,,,,,,,,true,true,6,2023-04-01,2023-09-30,0
2023-05-11,96580,2023-03-31,,,,,,,,1533000000,,,,,794000000,,66.48,,,,,,,,,,,,,,,,,,,,,,true,false,6,2022-04-01,2022-09-30,-1
2023-05-11,96580,2024-03-31,,,,,,,,2600000000,,,,,14522000000,,1262.79,,,,,,,,,,,,,,,,,,,,,,true,true,12,2023-04-01,2024-03-31,0
2023-05-11,96580,2023-03-31,,,,,,,,3208000000,,,,,1882000000,,159.02,,,,,,,,,,,,,,,,,,,,,,true,false,12,2022-04-01,2023-03-31,-1
2023-05-11,96580,2024-03-31,,,,,,,,,,,,,,,,,,,,,,,,,,,,,,72.00,,,,,,,false,true,12,2023-04-01,2024-03-31,0
2023-05-11,96580,2023-03-31,,,,,,,,,,,,,,,,,,,,,,,,,,,,,,48.00,,,,,,,false,false,12,2022-04-01,2023-03-31,-1
2023-04-28,9658,2023-03-31,,17583000000,0.073,,,,,1770000000,0.053,1999000000,0.036,3084000000,,0.405,260.64,,,,,,18461000000,11922000000,0.646,1036.67,,,,,,48.00,,,,12725000,1224807,11832312,false,false,12,2022-04-01,2023-03-31,0
2023-04-28,9658,2022-03-31,,16380000000,0.091,,,,,1681000000,0.207,1930000000,0.322,2195000000,,1.075,184.95,,,,,,17092000000,10399000000,0.608,873.05,,,,,,45.00,,,,12725000,814066,11865523,false,false,12,2021-04-01,2022-03-31,-1
2023-04-28,9658,2023-03-31,,,,,,,,3208000000,0.169,,,,1838000000,,155.38,154.69,,,,,30393000000,,,,,3306000000,-1315000000,-415000000,,,0.302,,,,,,true,false,12,2022-04-01,2023-03-31,0
2023-04-28,9658,2022-03-31,,,,,,,,2745000000,0.248,,,,1782000000,,150.15,147.55,,,,,28296000000,,,,,682000000,-845000000,535000000,,,0.300,,,,,,true,false,12,2021-04-01,2022-03-31,-1
2023-07-31,9658,2024-03-31,1,,,,,,,18583000000,,,,,12677000000,,1101.33,1101.32,,,,,42319000000,,,,,,,,,,,,,,,,true,false,3,2023-04-01,2023-06-30,0
2023-07-31,9658,2023-03-31,1,,,,,,,488000000,-0.121,,,,252000000,,21.13,20.51,,,,,,,,,,,,,,,,,,,,,true,false,3,2022-04-01,2022-06-30,-1
2023-07-31,9658,2024-03-31,1,,,,,,,19198000000,,,,,13154000000,,1111.70,,,,,,,,,,,,,,,,,,,,,,true,true,6,2023-04-01,2023-09-30,0
2023-07-31,9658,2024-03-31,1,,,,,,,20598000000,5.421,,,,14279000000,,1206.78,,,,,,,,,,,,,,,,,,,,,,true,true,12,2023-04-01,2024-03-31,0
2023-07-31,9658,2023-03-31,1,,,,,,,,,,,,,,,,,,,,30393000000,,,,,,,,,,,,,,,,true,false,12,2022-04-01,2023-03-31,-1
2023-07-31,9658,2023-03-31,1,,,,,,,,,,,,,,,,,,,,,,,,,,,,,48.00,,,,12725000,1224807,,false,false,12,2022-04-01,2023-03-31,-1
2023-07-31,9658,2024-03-31,1,,,,,,,,,,,,,,,,,,,,,,,,,,,,,72.00,,,,,,,false,true,12,2023-04-01,2024-03-31,0
2023-07-31,9658,2024-03-31,1,,,,,,,,,,,,,,,,,,,,,,,,,,,,,,,,,12725000,1199546,11510939,false,false,3,2023-04-01,2023-06-30,0
2023-07-31,9658,2023-03-31,1,,,,,,,,,,,,,,,,,,,,,,,,,,,,,,,,,,,11923796,false,false,3,2022-04-01,2022-06-30,-1
2023-10-31,9658,2024-03-31,2,,,,,,,19519000000,,,,,13138000000,,1139.38,1139.26,,,,,43427000000,,,,,,,,,,,,,,,,true,false,6,2023-04-01,2023-09-30,0
2023-10-31,9658,2023-03-31,2,,,,,,,1532000000,0.313,,,,794000000,,66.46,64.88,,,,,,,,,,,,,,,,,,,,,true,false,6,2022-04-01,2022-09-30,-1
2023-10-31,9658,2024-03-31,2,,,,,,,20598000000,5.421,,,,14279000000,,1206.78,,,,,,,,,,,,,,,,,,,,,,true,true,12,2023-04-01,2024-03-31,0
2023-10-31,9658,2023-03-31,2,,,,,,,,,,,,,,,,,,,,30393000000,,,,,,,,,,,,,,,,true,false,12,2022-04-01,2023-03-31,-1
2023-10-31,9658,2023-03-31,2,,,,,,,,,,,,,,,,,,,,,,,,,,,,,48.00,,,,12725000,1224807,,false,false,12,2022-04-01,2023-03-31,-1
2023-10-31,9658,2024-03-31,2,,,,,,,,,,,,,,,,,,,,,,,,,,,,,36.00,,,,,,,false,false,12,2023-04-01,2024-03-31,0
2023-10-31,9658,2024-03-31,2,,,,,,,,,,,,,,,,,,,,,,,,,,,,,75.00,,,,,,,false,true,12,2023-04-01,2024-03-31,0
2023-10-31,9658,2024-03-31,2,,,,,,,,,,,,,,,,,,,,,,,,,,,,,,,,,12725000,1163900,11530966,false,false,6,2023-04-01,2023-09-30,0
2023-10-31,9658,2023-03-31,2,,,,,,,,,,,,,,,,,,,,,,,,,,,,,,,,,,,11948283,false,false,6,2022-04-01,2022-09-30,-1
2024-01-31,9658,2024-03-31,3,,,,,,,19969000000,,,,,13467000000,,1166.61,1166.46,,,,,42257000000,,,,,,,,,,,,,,,,true,false,9,2023-04-01,2023-12-31,0
2024-01-31,9658,2023-03-31,3,,,,,,,2465000000,0.332,,,,1367000000,,114.69,113.29,,,,,,,,,,,,,,,,,,,,,true,false,9,2022-04-01,2022-12-31,-1
2024-01-31,9658,2024-03-31,3,,,,,,,20598000000,5.421,,,,14279000000,,1206.78,,,,,,,,,,,,,,,,,,,,,,true,true,12,2023-04-01,2024-03-31,0
2024-01-31,9658,2023-03-31,3,,,,,,,,,,,,,,,,,,,,30393000000,,,,,,,,,,,,,,,,true,false,12,2022-04-01,2023-03-31,-1
2024-01-31,9658,2023-03-31,3,,,,,,,,,,,,,,,,,,,,,,,,,,,,,48.00,,,,12725000,1224807,,false,false,12,2022-04-01,2023-03-31,-1
2024-01-31,9658,2024-03-31,3,,,,,,,,,,,,,,,,,,,,,,,,,,,,,36.00,,,,,,,false,false,12,2023-04-01,2024-03-31,0
2024-01-31,9658,2024-03-31,3,,,,,,,,,,,,,,,,,,,,,,,,,,,,,75.00,,,,,,,false,true,12,2023-04-01,2024-03-31,0
2024-01-31,9658,2024-03-31,3,,,,,,,,,,,,,,,,,,,,,,,,,,,,,,,,,12725000,1146972,11543822,false,false,9,2023-04-01,2023-12-31,0
2024-01-31,9658,2023-03-31,3,,,,,,,,,,,,,,,,,,,,,,,,,,,,,,,,,,,11918662,false,false,9,2022-04-01,2022-12-31,-1
2024-05-08,9658,2024-03-31,,,,,,,,20697000000,5.452,,,,14146000000,,1224.49,1224.38,,,,,44715000000,,,,,3150000000,-2067000000,-1397000000,,,0.061,,,,,,true,false,12,2023-04-01,2024-03-31,0
2024-05-08,9658,2023-03-31,,,,,,,,3208000000,0.169,,,,1838000000,,155.38,154.69,,,,,30393000000,,,,,3306000000,-1315000000,-415000000,,,0.309,,,,,,true,false,12,2022-04-01,2023-03-31,-1
2024-05-08,9658,2025-03-31,,,,,,,,1340000000,-0.931,,,,1470000000,,127.20,,,,,,,,,,,,,,,,,,,,,,true,true,6,2024-04-01,2024-09-30,1
2024-05-08,9658,2025-03-31,,,,,,,,2790000000,-0.865,,,,2630000000,,227.63,,,,,,,,,,,,,,,,,,,,,,true,true,12,2024-04-01,2025-03-31,1
2024-05-08,9658,2023-03-31,,,,,,,,,,,,,,,,,,,,,,,,,,,,,,48.00,,,,12725000,1224807,11832312,false,false,12,2022-04-01,2023-03-31,-1
2024-05-08,9658,2024-03-31,,,,,,,,,,,,,,,,,,,,,,,,,,,,,,75.00,,,,12725000,1142526,11552339,false,false,12,2023-04-01,2024-03-31,0
2024-05-08,9658,2025-03-31,,,,,,,,,,,,,,,,,,,,,,,,,,,,,,78.00,,,,,,,false,true,12,2024-04-01,2025-03-31,1
2024-08-13,9658,2025-03-31,1,,,,,,,328000000,-0.982,,,,198000000,,17.07,17.05,,,,,43313000000,,,,,,,,,,,,,,,,true,false,3,2024-04-01,2024-06-30,0
2024-08-13,9658,2024-03-31,1,,,,,,,18696000000,,,,,12653000000,,1099.25,1099.24,,,,,,,,,,,,,,,,,,,,,true,false,3,2023-04-01,2023-06-30,-1
2024-08-13,9658,2025-03-31,1,,,,,,,940000000,-0.952,,,,820000000,,70.98,,,,,,,,,,,,,,,,,,,,,,true,true,6,2024-04-01,2024-09-30,0
2024-08-13,9658,2025-03-31,1,,,,,,,2400000000,-0.884,,,,2340000000,,202.56,,,,,,,,,,,,,,,,,,,,,,true,true,12,2024-04-01,2025-03-31,0
2024-08-13,9658,2024-03-31,1,,,,,,,,,,,,,,,,,,,,44715000000,,,,,,,,,,,,,,,,true,false,12,2023-04-01,2024-03-31,-1
2024-08-13,9658,2024-03-31,1,,,,,,,,,,,,,,,,,,,,,,,,,,,,,75.00,,,,12725000,1142526,,false,false,12,2023-04-01,2024-03-31,-1
2024-08-13,9658,2025-03-31,1,,,,,,,,,,,,,,,,,,,,,,,,,,,,,78.00,,,,,,,false,true,12,2024-04-01,2025-03-31,0
2024-08-13,9658,2025-03-31,1,,,,,,,,,,,,,,,,,,,,,,,,,,,,,,,,,12725000,1131030,11585426,false,false,3,2024-04-01,2024-06-30,0
2024-08-13,9658,2024-03-31,1,,,,,,,,,,,,,,,,,,,,,,,,,,,,,,,,,,,11510939,false,false,3,2023-04-01,2023-06-30,-1
2024-11-08,9658,2025-03-31,2,,,,,,,1176000000,-0.940,,,,992000000,,85.50,85.46,,,,,44404000000,,,,,,,,,,,,,,,,true,false,6,2024-04-01,2024-09-30,0
2024-11-08,9658,2024-03-31,2,,,,,,,19519000000,,,,,13138000000,,1139.38,1139.26,,,,,,,,,,,,,,,,,,,,,true,false,6,2023-04-01,2023-09-30,-1
2024-11-08,9658,2025-03-31,2,,,,,,,2400000000,-0.884,,,,2340000000,,202.56,,,,,,,,,,,,,,,,,,,,,,true,true,12,2024-04-01,2025-03-31,0
2024-11-08,9658,2024-03-31,2,,,,,,,,,,,,,,,,,,,,44804000000,,,,,,,,,,,,,,,,true,false,12,2023-04-01,2024-03-31,-1
2024-11-08,9658,2024-03-31,2,,,,,,,,,,,,,,,,,,,,,,,,,,,,,75.00,,,,12725000,1142526,,false,false,12,2023-04-01,2024-03-31,-1
2024-11-08,9658,2025-03-31,2,,,,,,,,,,,,,,,,,,,,,,,,,,,,,37.00,,,,,,,false,false,12,2024-04-01,2025-03-31,0
2024-11-08,9658,2025-03-31,2,,,,,,,,,,,,,,,,,,,,,,,,,,,,,78.00,,,,,,,false,true,12,2024-04-01,2025-03-31,0
2024-11-08,9658,2025-03-31,2,,,,,,,,,,,,,,,,,,,,,,,,,,,,,,,,,12725000,1104073,11600205,false,false,6,2024-04-01,2024-09-30,0
2024-11-08,9658,2024-03-31,2,,,,,,,,,,,,,,,,,,,,,,,,,,,,,,,,,,,11530966,false,false,6,2023-04-01,2023-09-30,-1
2025-01-31,96580,2025-03-31,,,,,,,,3060000000,0.275,,,,2680000000,,231.07,,,,,,,,,,,,,,,,,,,,,,true,true,12,2024-04-01,2025-03-31,0
2025-01-31,96580,2024-03-31,,,,,,,,20690000000,,,,,14141000000,,1224.05,,,,,,,,,,,,,,,,,,,,,,true,false,12,2023-04-01,2024-03-31,-1
2025-02-13,9658,2025-03-31,3,,,,,,,2199000000,-0.890,,,,1958000000,,168.66,168.59,,,,,44632000000,,,,,,,,,,,,,,,,true,false,9,2024-04-01,2024-12-31,0
2025-02-13,9658,2024-03-31,3,,,,,,,19968000000,,,,,13467000000,,1166.56,1166.40,,,,,,,,,,,,,,,,,,,,,true,false,9,2023-04-01,2023-12-31,-1
2025-02-13,9658,2025-03-31,3,,,,,,,3060000000,-0.852,,,,2680000000,,231.07,,,,,,,,,,,,,,,,,,,,,,true,true,12,2024-04-01,2025-03-31,0
2025-02-13,9658,2024-03-31,3,,,,,,,,,,,,,,,,,,,,44804000000,,,,,,,,,,,,,,,,true,false,12,2023-04-01,2024-03-31,-1
2025-02-13,9658,2024-03-31,3,,,,,,,,,,,,,,,,,,,,,,,,,,,,,75.00,,,,12725000,1142526,,false,false,12,2023-04-01,2024-03-31,-1
2025-02-13,9658,2025-03-31,3,,,,,,,,,,,,,,,,,,,,,,,,,,,,,37.00,,,,,,,false,false,12,2024-04-01,2025-03-31,0
2025-02-13,9658,2025-03-31,3,,,,,,,,,,,,,,,,,,,,,,,,,,,,,78.00,,,,,,,false,true,12,2024-04-01,2025-03-31,0
2025-02-13,9658,2025-03-31,3,,,,,,,,,,,,,,,,,,,,,,,,,,,,,,,,,12725000,1098367,11607675,false,false,9,2024-04-01,2024-12-31,0
2025-02-13,9658,2024-03-31,3,,,,,,,,,,,,,,,,,,,,,,,,,,,,,,,,,,,11543822,false,false,9,2023-04-01,2023-12-31,-1
2025-05-13,9658,2025-03-31,,,,,,,,2872000000,-0.861,,,,2469000000,,214.51,214.45,,,,,45323000000,,,,,2746000000,552000000,-3295000000,,,0.364,,,,,,true,false,12,2024-04-01,2025-03-31,0
2025-05-13,9658,2024-03-31,,,,,,,,20690000000,5.450,,,,14141000000,,1224.05,1223.94,,,,,44804000000,,,,,3150000000,-2067000000,-1397000000,,,0.061,,,,,,true,false,12,2023-04-01,2024-03-31,-1
2025-05-13,9658,2026-03-31,,,,,,,,1430000000,0.216,,,,1065000000,,92.52,,,,,,,,,,,,,,,,,,,,,,true,true,6,2025-04-01,2025-09-30,1
2025-05-13,9658,2026-03-31,,,,,,,,3300000000,0.149,,,,2560000000,,222.35,,,,,,,,,,,,,,,,0.400,,,,,,true,true,12,2025-04-01,2026-03-31,1
2025-05-13,9658,2024-03-31,,,,,,,,,,,,,,,,,,,,,,,,,,,,,,75.00,,,,12725000,1142526,11552339,false,false,12,2023-04-01,2024-03-31,-1
2025-05-13,9658,2025-03-31,,,,,,,,,,,,,,,,,,,,,,,,,,,,,,78.00,,,,12725000,1779249,11511538,false,false,12,2024-04-01,2025-03-31,0
2025-05-13,9658,2026-03-31,,,,,,,,,,,,,,,,,,,,,,,,,,,,,,89.00,,,,,,,false,true,12,2025-04-01,2026-03-31,1
2025-08-13,9658,2026-03-31,1,,,,,,,655000000,1.054,,,,551000000,,50.91,50.90,,,,,44581000000,,,,,,,,,,,,,,,,true,false,3,2025-04-01,2025-06-30,0
2025-08-13,9658,2025-03-31,1,,,,,,,319000000,-0.983,,,,191000000,,16.52,16.50,,,,,,,,,,,,,,,,,,,,,true,false,3,2024-04-01,2024-06-30,-1
2025-08-13,9658,2026-03-31,1,,,,,,,1430000000,0.216,,,,1065000000,,92.52,,,,,,,,,,,,,,,,,,,,,,true,true,6,2025-04-01,2025-09-30,0
2025-08-13,9658,2026-03-31,1,,,,,,,3300000000,0.149,,,,2560000000,,222.35,,,,,,,,,,,,,,,,,,,,,,true,true,12,2025-04-01,2026-03-31,0
2025-08-13,9658,2025-03-31,1,,,,,,,,,,,,,,,,,,,,45323000000,,,,,,,,,,,,,,,,true,false,12,2024-04-01,2025-03-31,-1
2025-08-13,9658,2025-03-31,1,,,,,,,,,,,,,,,,,,,,,,,,,,,,,78.00,,,,12725000,1779249,,false,false,12,2024-04-01,2025-03-31,-1
2025-08-13,9658,2026-03-31,1,,,,,,,,,,,,,,,,,,,,,,,,,,,,,89.00,,,,,,,false,true,12,2025-04-01,2026-03-31,0
2025-08-13,9658,2026-03-31,1,,,,,,,,,,,,,,,,,,,,,,,,,,,,,,,,,12725000,1959173,10829306,false,false,3,2025-04-01,2025-06-30,0
2025-08-13,9658,2025-03-31,1,,,,,,,,,,,,,,,,,,,,,,,,,,,,,,,,,,,11585426,false,false,3,2024-04-01,2024-06-30,-1
