filing_date,code,fiscal_year_end,quarterly_period,net_sales,net_sales_change,revenue,revenue_change,operating_revenue,operating_revenue_change,operating_profit,operating_profit_change,ordinary_profit,ordinary_profit_change,net_income,net_income_of_parent,net_income_change,eps,diluted_eps,roe,roa,operating_profit_to_net_sales,operating_profit_to_revenue,total_assets,net_assets,equity_ratio,bps,owner_equity,operating_cash_flow,investing_cash_flow,financing_cash_flow,cash,dividend_per_share,payout_ratio,commemorative_dividend,extra_dividend,number_of_shares,number_of_treqsury_shares,avg_number_of_shares,is_consolidated,is_forecast,duration,period_start,period_end,period_pos
2015-07-30,96720,2015-12-31,2,7930000000,0.108,,,,,1686000000,0.625,1669000000,0.630,1133000000,,1.909,3.97,,,,,,78993000000,54097000000,0.685,,54097000000,,,,,,,,,,,,true,false,6,2015-01-01,2015-06-30,0
2015-07-30,96720,2014-12-31,2,7158000000,0.068,,,,,1037000000,0.815,1024000000,0.749,389000000,,0.052,1.36,,,,,,,,,,,,,,,,,,,,,,true,false,6,2014-01-01,2014-06-30,-1
2015-07-30,96720,2015-12-31,2,18595000000,0.044,,,,,4792000000,0.107,4759000000,0.106,2622000000,,0.432,9.18,,,,,,,,,,,,,,,,,,,,,,true,true,12,2015-01-01,2015-12-31,0
2015-07-30,96720,2014-12-31,2,,,,,,,,,,,,,,,,,,,,77700000000,53564000000,0.689,,53564000000,,,,,,,,,,,,true,false,12,2014-01-01,2014-12-31,-1
2015-07-30,96720,2014-12-31,2,,,,,,,,,,,,,,,,,,,,,,,,,,,,,4.00,,,,287648547,1860659,,false,false,12,2014-01-01,2014-12-31,-1
2015-07-30,96720,2015-12-31,2,,,,,,,,,,,,,,,,,,,,,,,,,,,,,1.50,,,,,,,false,false,12,2015-01-01,2015-12-31,0
2015-07-30,96720,2015-12-31,2,,,,,,,,,,,,,,,,,,,,,,,,,,,,,3.00,,,,,,,false,true,12,2015-01-01,2015-12-31,0
2015-07-30,96720,2015-12-31,2,,,,,,,,,,,,,,,,,,,,,,,,,,,,,,,,,287648547,1888509,285775216,false,false,6,2015-01-01,2015-06-30,0
2015-07-30,96720,2014-12-31,2,,,,,,,,,,,,,,,,,,,,,,,,,,,,,,,,,,,285821299,false,false,6,2014-01-01,2014-06-30,-1
2015-10-30,96720,2015-12-31,3,13968000000,0.057,,,,,3855000000,0.266,3827000000,0.267,2392000000,,0.444,8.37,,,,,,79850000000,54862000000,0.687,,54862000000,,,,,,,,,,,,true,false,9,2015-01-01,2015-09-30,0
2015-10-30,96720,2014-12-31,3,13213000000,0.065,,,,,3044000000,0.353,3020000000,0.388,1655000000,,0.222,5.79,,,,,,,,,,,,,,,,,,,,,,true,false,9,2014-01-01,2014-09-30,-1
2015-10-30,96720,2015-12-31,3,18595000000,0.044,,,,,4792000000,0.107,4759000000,0.106,2622000000,,0.432,9.18,,,,,,,,,,,,,,,,,,,,,,true,true,12,2015-01-01,2015-12-31,0
2015-10-30,96720,2014-12-31,3,,,,,,,,,,,,,,,,,,,,77700000000,53564000000,0.689,,53564000000,,,,,,,,,,,,true,false,12,2014-01-01,2014-12-31,-1
2015-10-30,96720,2014-12-31,3,,,,,,,,,,,,,,,,,,,,,,,,,,,,,4.00,,,,287648547,1860659,,false,false,12,2014-01-01,2014-12-31,-1
2015-10-30,96720,2015-12-31,3,,,,,,,,,,,,,,,,,,,,,,,,,,,,,1.50,,,,,,,false,false,12,2015-01-01,2015-12-31,0
2015-10-30,96720,2015-12-31,3,,,,,,,,,,,,,,,,,,,,,,,,,,,,,3.00,,,,,,,false,true,12,2015-01-01,2015-12-31,0
2015-10-30,96720,2015-12-31,3,,,,,,,,,,,,,,,,,,,,,,,,,,,,,,,,,287648547,1896071,285769033,false,false,9,2015-01-01,2015-09-30,0
2015-10-30,96720,2014-12-31,3,,,,,,,,,,,,,,,,,,,,,,,,,,,,,,,,,,,285815690,false,false,9,2014-01-01,2014-09-30,-1
,96720,2015-12-31,,,,,,,,,,,,,,,,,,,,,,,,,,,,,,3.50,,,,,,,false,true,12,2015-01-01,2015-12-31,0
,96720,2015-12-31,,,,,,,,,,,,,,,,,,,,,,,,,,,,,,1.50,,,,,,,false,false,12,2015-01-01,2015-12-31,0
,96720,2014-12-31,,,,,,,,,,,,,,,,,,,,,,,,,,,,,,4.00,,,,,,,false,false,12,2014-01-01,2014-12-31,-1
2016-02-12,96720,2015-12-31,,18452000000,0.036,,,,,4722000000,0.091,4695000000,0.091,2578000000,,0.408,9.02,,0.047,0.059,0.256,,82287000000,55104000000,0.670,192.85,55104000000,7543000000,-3835000000,-1202000000,8165000000,,0.388,,,,,,true,false,12,2015-01-01,2015-12-31,0
2016-02-12,96720,2014-12-31,,17804000000,0.099,,,,,4329000000,0.594,4301000000,0.628,1831000000,,0.131,6.41,,0.034,0.056,0.243,,77700000000,53564000000,0.689,187.43,53564000000,6392000000,-4621000000,-966000000,5659000000,,0.624,,,,,,true,false,12,2014-01-01,2014-12-31,-1
2016-02-12,96720,2016-12-31,,8275000000,0.044,,,,,1183000000,-0.298,1173000000,-0.297,,743000000,,2.60,,,,,,,,,,,,,,,,,,,,,,true,true,6,2016-01-01,2016-06-30,1
2016-02-12,96720,2016-12-31,,19204000000,0.041,,,,,4257000000,-0.099,4228000000,-0.099,,2648000000,,9.27,,,,,,,,,,,,,,,,0.378,,,,,,true,true,12,2016-01-01,2016-12-31,1
2016-02-12,96720,2015-12-31,,15952000000,0.031,,,,,4266000000,0.143,4248000000,0.141,2322000000,,0.567,8.13,,,,,,72845000000,47660000000,0.654,166.80,47660000000,,,,,3.50,,,,287648547,1909830,285763784,false,false,12,2015-01-01,2015-12-31,0
2016-02-12,96720,2014-12-31,,15479000000,0.107,,,,,3733000000,0.872,3722000000,0.915,1481000000,,0.224,5.19,,,,,,68942000000,46378000000,0.673,162.28,46378000000,,,,,4.00,,,,287648547,1860659,285809910,false,false,12,2014-01-01,2014-12-31,-1
2016-02-12,96720,2016-12-31,,,,,,,,,,,,,,,,,,,,,,,,,,,,,,3.50,,,,,,,false,true,12,2016-01-01,2016-12-31,1
2016-04-28,96720,2016-12-31,1,4028000000,0.090,,,,,691000000,0.084,678000000,0.092,450000000,,0.266,1.58,,,,,,79654000000,54848000000,0.689,,54848000000,,,,,,,,,,,,true,false,3,2016-01-01,2016-03-31,0
2016-04-28,96720,2015-12-31,1,3694000000,0.093,,,,,637000000,1.447,621000000,1.570,355000000,,,1.24,,,,,,,,,,,,,,,,,,,,,,true,false,3,2015-01-01,2015-03-31,-1
2016-04-28,96720,2016-12-31,1,8275000000,0.044,,,,,1183000000,-0.298,1173000000,-0.297,743000000,,-0.344,2.60,,,,,,,,,,,,,,,,,,,,,,true,true,6,2016-01-01,2016-06-30,0
2016-04-28,96720,2016-12-31,1,19204000000,0.041,,,,,4257000000,-0.099,4228000000,-0.099,2648000000,,0.027,9.27,,,,,,,,,,,,,,,,,,,,,,true,true,12,2016-01-01,2016-12-31,0
2016-04-28,96720,2015-12-31,1,,,,,,,,,,,,,,,,,,,,82287000000,55104000000,0.670,,55104000000,,,,,,,,,,,,true,false,12,2015-01-01,2015-12-31,-1
2016-04-28,96720,2015-12-31,1,,,,,,,,,,,,,,,,,,,,,,,,,,,,,3.50,,,,287648547,1909830,,false,false,12,2015-01-01,2015-12-31,-1
2016-04-28,96720,2016-12-31,1,,,,,,,,,,,,,,,,,,,,,,,,,,,,,3.50,,,,,,,false,true,12,2016-01-01,2016-12-31,0
2016-04-28,96720,2016-12-31,1,,,,,,,,,,,,,,,,,,,,,,,,,,,,,,,,,287648547,1916358,285734916,false,false,3,2016-01-01,2016-03-31,0
2016-04-28,96720,2015-12-31,1,,,,,,,,,,,,,,,,,,,,,,,,,,,,,,,,,,,285782976,false,false,3,2015-01-01,2015-03-31,-1
2016-07-29,96720,2016-12-31,2,8631000000,0.088,,,,,1802000000,0.069,1791000000,0.073,,1172000000,,4.10,,,,,,80513000000,55501000000,0.689,,55501000000,,,,,,,,,,,,true,false,6,2016-01-01,2016-06-30,0
2016-07-29,96720,2015-12-31,2,7930000000,0.108,,,,,1686000000,0.625,1669000000,0.630,,1133000000,,3.97,,,,,,,,,,,,,,,,,,,,,,true,false,6,2015-01-01,2015-06-30,-1
2016-07-29,96720,2016-12-31,2,19204000000,0.041,,,,,4257000000,-0.099,4228000000,-0.099,,2648000000,,9.27,,,,,,,,,,,,,,,,,,,,,,true,true,12,2016-01-01,2016-12-31,0
2016-07-29,96720,2015-12-31,2,,,,,,,,,,,,,,,,,,,,82287000000,55104000000,0.670,,55104000000,,,,,,,,,,,,true,false,12,2015-01-01,2015-12-31,-1
2016-07-29,96720,2015-12-31,2,,,,,,,,,,,,,,,,,,,,,,,,,,,,,3.50,,,,287648547,1909830,,false,false,12,2015-01-01,2015-12-31,-1
2016-07-29,96720,2016-12-31,2,,,,,,,,,,,,,,,,,,,,,,,,,,,,,1.50,,,,,,,false,false,12,2016-01-01,2016-12-31,0
2016-07-29,96720,2016-12-31,2,,,,,,,,,,,,,,,,,,,,,,,,,,,,,3.50,,,,,,,false,true,12,2016-01-01,2016-12-31,0
2016-07-29,96720,2016-12-31,2,,,,,,,,,,,,,,,,,,,,,,,,,,,,,,,,,287648547,1923036,285731547,false,false,6,2016-01-01,2016-06-30,0
2016-07-29,96720,2015-12-31,2,,,,,,,,,,,,,,,,,,,,,,,,,,,,,,,,,,,285775216,false,false,6,2015-01-01,2015-06-30,-1
2016-07-29,96720,2016-12-31,,8631000000,0.043,,,,,1802000000,0.524,1791000000,0.527,1172000000,,0.577,4.10,,,,,,,,,,,,,,,,,,,,,,true,true,6,2016-01-01,2016-06-30,0
2016-07-29,96720,2015-12-31,,7930000000,,,,,,1686000000,,1669000000,,1133000000,,,3.97,,,,,,,,,,,,,,,,,,,,,,true,false,6,2015-01-01,2015-06-30,-1
2016-10-31,96720,2016-12-31,3,15051000000,0.077,,,,,4101000000,0.064,4082000000,0.067,,2575000000,,9.01,,,,,,80987000000,56512000000,0.698,,56512000000,,,,,,,,,,,,true,false,9,2016-01-01,2016-09-30,0
2016-10-31,96720,2015-12-31,3,13968000000,0.057,,,,,3855000000,0.266,3827000000,0.267,,2392000000,,8.37,,,,,,,,,,,,,,,,,,,,,,true,false,9,2015-01-01,2015-09-30,-1
2016-10-31,96720,2016-12-31,3,19619000000,0.063,,,,,4943000000,0.047,4918000000,0.048,,3000000000,,10.50,,,,,,,,,,,,,,,,,,,,,,true,true,12,2016-01-01,2016-12-31,0
2016-10-31,96720,2015-12-31,3,,,,,,,,,,,,,,,,,,,,82287000000,55104000000,0.670,,55104000000,,,,,,,,,,,,true,false,12,2015-01-01,2015-12-31,-1
2016-10-31,96720,2015-12-31,3,,,,,,,,,,,,,,,,,,,,,,,,,,,,,3.50,,,,287648547,1909830,,false,false,12,2015-01-01,2015-12-31,-1
2016-10-31,96720,2016-12-31,3,,,,,,,,,,,,,,,,,,,,,,,,,,,,,1.50,,,,,,,false,false,12,2016-01-01,2016-12-31,0
2016-10-31,96720,2016-12-31,3,,,,,,,,,,,,,,,,,,,,,,,,,,,,,3.50,,,,,,,false,true,12,2016-01-01,2016-12-31,0
2016-10-31,96720,2016-12-31,3,,,,,,,,,,,,,,,,,,,,,,,,,,,,,,,,,287648547,1930968,285728520,false,false,9,2016-01-01,2016-09-30,0
2016-10-31,96720,2015-12-31,3,,,,,,,,,,,,,,,,,,,,,,,,,,,,,,,,,,,285769033,false,false,9,2015-01-01,2015-09-30,-1
2016-10-31,96720,2016-12-31,,19619000000,0.022,,,,,4943000000,0.161,4918000000,0.163,3000000000,,0.133,10.50,,,,,,,,,,,,,,,,,,,,,,true,true,12,2016-01-01,2016-12-31,0
2016-10-31,96720,2015-12-31,,18452000000,,,,,,4722000000,,4695000000,,2578000000,,,9.02,,,,,,,,,,,,,,,,,,,,,,true,false,12,2015-01-01,2015-12-31,-1
2017-02-14,96720,2016-12-31,,19834000000,0.075,,,,,5131000000,0.086,5098000000,0.086,,3087000000,,10.81,,0.055,0.062,0.259,,83072000000,57181000000,0.688,200.14,57181000000,7099000000,-5086000000,-1133000000,9046000000,,0.370,,,,,,true,false,12,2016-01-01,2016-12-31,0
2017-02-14,96720,2015-12-31,,18452000000,0.036,,,,,4722000000,0.091,4695000000,0.091,,2578000000,,9.02,,0.047,0.059,0.256,,82287000000,55104000000,0.670,192.85,55104000000,7543000000,-3835000000,-1202000000,8165000000,,0.388,,,,,,true,false,12,2015-01-01,2015-12-31,-1
2017-02-14,96720,2017-12-31,,9148000000,0.060,,,,,1943000000,0.078,1932000000,0.079,,1161000000,,4.07,,,,,,,,,,,,,,,,,,,,,,true,true,6,2017-01-01,2017-06-30,1
2017-02-14,96720,2017-12-31,,20794000000,0.048,,,,,5239000000,0.021,5219000000,0.024,,3583000000,,12.54,,,,,,,,,,,,,,,,0.319,,,,,,true,true,12,2017-01-01,2017-12-31,1
2017-02-14,96720,2016-12-31,,16840000000,0.056,,,,,4831000000,0.132,4815000000,0.134,3015000000,,0.298,10.55,,,,,,73721000000,49674000000,0.674,173.87,49674000000,,,,,4.00,,,,287648547,1941232,285724649,false,false,12,2016-01-01,2016-12-31,0
2017-02-14,96720,2015-12-31,,15952000000,0.031,,,,,4266000000,0.143,4248000000,0.141,2322000000,,0.567,8.13,,,,,,72845000000,47660000000,0.654,166.80,47660000000,,,,,3.50,,,,287648547,1909830,285763784,false,false,12,2015-01-01,2015-12-31,-1
2017-02-14,96720,2017-12-31,,,,,,,,,,,,,,,,,,,,,,,,,,,,,,4.00,,,,,,,false,true,12,2017-01-01,2017-12-31,1
2017-04-28,96720,2017-12-31,1,4210000000,0.045,,,,,815000000,0.179,798000000,0.177,,463000000,,1.62,,,,,,89138000000,56876000000,0.638,,56876000000,,,,,,,,,,,,true,false,3,2017-01-01,2017-03-31,0
2017-04-28,96720,2016-12-31,1,4028000000,0.090,,,,,691000000,0.084,678000000,0.092,,450000000,,1.58,,,,,,,,,,,,,,,,,,,,,,true,false,3,2016-01-01,2016-03-31,-1
2017-04-28,96720,2017-12-31,1,9148000000,0.060,,,,,1943000000,0.078,1932000000,0.079,,1161000000,,4.07,,,,,,,,,,,,,,,,,,,,,,true,true,6,2017-01-01,2017-06-30,0
2017-04-28,96720,2017-12-31,1,20794000000,0.048,,,,,5239000000,0.021,5219000000,0.024,,3583000000,,12.54,,,,,,,,,,,,,,,,,,,,,,true,true,12,2017-01-01,2017-12-31,0
2017-04-28,96720,2016-12-31,1,,,,,,,,,,,,,,,,,,,,83072000000,57181000000,0.688,,57181000000,,,,,,,,,,,,true,false,12,2016-01-01,2016-12-31,-1
2017-04-28,96720,2016-12-31,1,,,,,,,,,,,,,,,,,,,,,,,,,,,,,4.00,,,,287648547,1941232,,false,false,12,2016-01-01,2016-12-31,-1
2017-04-28,96720,2017-12-31,1,,,,,,,,,,,,,,,,,,,,,,,,,,,,,4.00,,,,,,,false,true,12,2017-01-01,2017-12-31,0
2017-04-28,96720,2017-12-31,1,,,,,,,,,,,,,,,,,,,,,,,,,,,,,,,,,287648547,1948663,285703044,false,false,3,2017-01-01,2017-03-31,0
2017-04-28,96720,2016-12-31,1,,,,,,,,,,,,,,,,,,,,,,,,,,,,,,,,,,,285734916,false,false,3,2016-01-01,2016-03-31,-1
2017-07-28,96720,2017-12-31,2,9328000000,0.081,,,,,2384000000,0.323,2370000000,0.323,,1478000000,,51.76,,,,,,82374000000,57924000000,0.703,,57924000000,,,,,,,,,,,,true,false,6,2017-01-01,2017-06-30,0
2017-07-28,96720,2016-12-31,2,8631000000,0.088,,,,,1802000000,0.069,1791000000,0.073,,1172000000,,41.05,,,,,,,,,,,,,,,,,,,,,,true,false,6,2016-01-01,2016-06-30,-1
2017-07-28,96720,2017-12-31,2,20794000000,0.048,,,,,5239000000,0.021,5219000000,0.024,,3583000000,,125.44,,,,,,,,,,,,,,,,,,,,,,true,true,12,2017-01-01,2017-12-31,0
2017-07-28,96720,2016-12-31,2,,,,,,,,,,,,,,,,,,,,83072000000,57181000000,0.688,,57181000000,,,,,,,,,,,,true,false,12,2016-01-01,2016-12-31,-1
2017-07-28,96720,2016-12-31,2,,,,,,,,,,,,,,,,,,,,,,,,,,,,,4.00,,,,28764854,194123,,false,false,12,2016-01-01,2016-12-31,-1
2017-07-28,96720,2017-12-31,2,,,,,,,,,,,,,,,,,,,,,,,,,,,,,2.00,,,,,,,false,false,12,2017-01-01,2017-12-31,0
2017-07-28,96720,2017-12-31,2,,,,,,,,,,,,,,,,,,,,,,,,,,,,,20.00,,,,,,,false,true,12,2017-01-01,2017-12-31,0
2017-07-28,96720,2017-12-31,2,,,,,,,,,,,,,,,,,,,,,,,,,,,,,,,,,28764854,196009,28569863,false,false,6,2017-01-01,2017-06-30,0
2017-07-28,96720,2016-12-31,2,,,,,,,,,,,,,,,,,,,,,,,,,,,,,,,,,,,28573154,false,false,6,2016-01-01,2016-06-30,-1
2017-10-31,96720,2017-12-31,3,15983000000,0.062,,,,,4751000000,0.158,4723000000,0.157,,3250000000,,113.79,,,,,,84385000000,59091000000,0.700,,59091000000,,,,,,,,,,,,true,false,9,2017-01-01,2017-09-30,0
2017-10-31,96720,2016-12-31,3,15051000000,0.077,,,,,4101000000,0.064,4082000000,0.067,,2575000000,,90.15,,,,,,,,,,,,,,,,,,,,,,true,false,9,2016-01-01,2016-09-30,-1
2017-10-31,96720,2017-12-31,3,20794000000,0.048,,,,,5239000000,0.021,5219000000,0.024,,3583000000,,125.44,,,,,,,,,,,,,,,,,,,,,,true,true,12,2017-01-01,2017-12-31,0
2017-10-31,96720,2016-12-31,3,,,,,,,,,,,,,,,,,,,,83072000000,57181000000,0.688,,57181000000,,,,,,,,,,,,true,false,12,2016-01-01,2016-12-31,-1
2017-10-31,96720,2016-12-31,3,,,,,,,,,,,,,,,,,,,,,,,,,,,,,4.00,,,,28764854,194123,,false,false,12,2016-01-01,2016-12-31,-1
2017-10-31,96720,2017-12-31,3,,,,,,,,,,,,,,,,,,,,,,,,,,,,,2.00,,,,,,,false,false,12,2017-01-01,2017-12-31,0
2017-10-31,96720,2017-12-31,3,,,,,,,,,,,,,,,,,,,,,,,,,,,,,20.00,,,,,,,false,true,12,2017-01-01,2017-12-31,0
2017-10-31,96720,2017-12-31,3,,,,,,,,,,,,,,,,,,,,,,,,,,,,,,,,,28764854,199519,28568900,false,false,9,2017-01-01,2017-09-30,0
2017-10-31,96720,2016-12-31,3,,,,,,,,,,,,,,,,,,,,,,,,,,,,,,,,,,,28572851,false,false,9,2016-01-01,2016-09-30,-1
2018-02-14,96720,2017-12-31,,21302000000,0.074,,,,,6033000000,0.176,5999000000,0.177,,4054000000,,141.92,,0.069,0.071,0.283,,85346000000,59951000000,0.702,2098.88,59951000000,5765000000,-6239000000,-1723000000,6848000000,,0.282,,,,,,true,false,12,2017-01-01,2017-12-31,0
2018-02-14,96720,2016-12-31,,19834000000,0.075,,,,,5131000000,0.086,5098000000,0.086,,3087000000,,108.07,,0.055,0.062,0.259,,83072000000,57181000000,0.688,2001.41,57181000000,7099000000,-5086000000,-1133000000,9046000000,,0.370,,,,,,true,false,12,2016-01-01,2016-12-31,-1
2018-02-14,96720,2018-12-31,,9585000000,0.028,,,,,2057000000,-0.137,1991000000,-0.160,,1331000000,,46.60,,,,,,,,,,,,,,,,,,,,,,true,true,6,2018-01-01,2018-06-30,1
2018-02-14,96720,2018-12-31,,21790000000,0.023,,,,,5267000000,-0.127,5199000000,-0.133,,3391000000,,118.70,,,,,,,,,,,,,,,,0.337,,,,,,true,true,12,2018-01-01,2018-12-31,1
2018-02-14,96720,2017-12-31,,18158000000,0.078,,,,,5742000000,0.189,5717000000,0.187,3941000000,,0.307,137.97,,,,,,75827000000,52322000000,0.690,1831.79,52322000000,,,,,20.00,,,,28764854,201348,28567767,false,false,12,2017-01-01,2017-12-31,0
2018-02-14,96720,2016-12-31,,16840000000,0.056,,,,,4831000000,0.132,4815000000,0.134,3015000000,,0.298,105.53,,,,,,73721000000,49674000000,0.674,1738.66,49674000000,,,,,4.00,,,,28764854,194123,28572464,false,false,12,2016-01-01,2016-12-31,-1
2018-02-14,96720,2018-12-31,,,,,,,,,,,,,,,,,,,,,,,,,,,,,,40.00,,,,,,,false,true,12,2018-01-01,2018-12-31,1
2018-04-27,96720,2018-12-31,1,4661000000,0.107,,,,,1030000000,0.264,1019000000,0.276,,747000000,,26.17,,,,,,85537000000,60048000000,0.702,,60048000000,,,,,,,,,,,,true,false,3,2018-01-01,2018-03-31,0
2018-04-27,96720,2017-12-31,1,4210000000,0.045,,,,,815000000,0.179,798000000,0.177,,463000000,,16.22,,,,,,,,,,,,,,,,,,,,,,true,false,3,2017-01-01,2017-03-31,-1
2018-04-27,96720,2018-12-31,1,9585000000,0.028,,,,,2057000000,-0.137,1991000000,-0.160,,1331000000,,46.60,,,,,,,,,,,,,,,,,,,,,,true,true,6,2018-01-01,2018-06-30,0
2018-04-27,96720,2018-12-31,1,21790000000,0.023,,,,,5267000000,-0.127,5199000000,-0.133,,3391000000,,118.70,,,,,,,,,,,,,,,,,,,,,,true,true,12,2018-01-01,2018-12-31,0
2018-04-27,96720,2017-12-31,1,,,,,,,,,,,,,,,,,,,,85346000000,59951000000,0.702,,59951000000,,,,,,,,,,,,true,false,12,2017-01-01,2017-12-31,-1
2018-04-27,96720,2017-12-31,1,,,,,,,,,,,,,,,,,,,,,,,,,,,,,20.00,,,,28764854,201348,,false,false,12,2017-01-01,2017-12-31,-1
2018-04-27,96720,2018-12-31,1,,,,,,,,,,,,,,,,,,,,,,,,,,,,,40.00,,,,,,,false,true,12,2018-01-01,2018-12-31,0
2018-04-27,96720,2018-12-31,1,,,,,,,,,,,,,,,,,,,,,,,,,,,,,,,,,28764854,202521,28562908,false,false,3,2018-01-01,2018-03-31,0
2018-04-27,96720,2017-12-31,1,,,,,,,,,,,,,,,,,,,,,,,,,,,,,,,,,,,28570304,false,false,3,2017-01-01,2017-03-31,-1
2018-07-31,96720,2018-12-31,2,10078000000,0.080,,,,,2825000000,0.185,2816000000,0.188,,1945000000,,68.13,,,,,,86385000000,61223000000,0.709,,61223000000,,,,,,,,,,,,true,false,6,2018-01-01,2018-06-30,0
2018-07-31,96720,2017-12-31,2,9328000000,0.081,,,,,2384000000,0.323,2370000000,0.323,,1478000000,,51.76,,,,,,,,,,,,,,,,,,,,,,true,false,6,2017-01-01,2017-06-30,-1
2018-07-31,96720,2018-12-31,2,22660000000,0.064,,,,,6000000000,-0.006,5955000000,-0.007,,3900000000,,136.54,,,,,,,,,,,,,,,,,,,,,,true,true,12,2018-01-01,2018-12-31,0
2018-07-31,96720,2017-12-31,2,,,,,,,,,,,,,,,,,,,,85346000000,59951000000,0.702,,59951000000,,,,,,,,,,,,true,false,12,2017-01-01,2017-12-31,-1
2018-07-31,96720,2017-12-31,2,,,,,,,,,,,,,,,,,,,,,,,,,,,,,20.00,,,,28764854,201348,,false,false,12,2017-01-01,2017-12-31,-1
2018-07-31,96720,2018-12-31,2,,,,,,,,,,,,,,,,,,,,,,,,,,,,,20.00,,,,,,,false,false,12,2018-01-01,2018-12-31,0
2018-07-31,96720,2018-12-31,2,,,,,,,,,,,,,,,,,,,,,,,,,,,,,40.00,,,,,,,false,true,12,2018-01-01,2018-12-31,0
2018-07-31,96720,2018-12-31,2,,,,,,,,,,,,,,,,,,,,,,,,,,,,,,,,,28764854,204117,28562188,false,false,6,2018-01-01,2018-06-30,0
2018-07-31,96720,2017-12-31,2,,,,,,,,,,,,,,,,,,,,,,,,,,,,,,,,,,,28569863,false,false,6,2017-01-01,2017-06-30,-1
2018-10-31,96720,2018-12-31,3,17117000000,0.071,,,,,5359000000,0.128,5325000000,0.128,,3879000000,,135.83,,,,,,90525000000,62624000000,0.692,,62624000000,,,,,,,,,,,,true,false,9,2018-01-01,2018-09-30,0
2018-10-31,96720,2017-12-31,3,15983000000,0.062,,,,,4751000000,0.158,4723000000,0.157,,3250000000,,113.79,,,,,,,,,,,,,,,,,,,,,,true,false,9,2017-01-01,2017-09-30,-1
2018-10-31,96720,2018-12-31,3,22660000000,0.064,,,,,6000000000,-0.006,5955000000,-0.007,,3900000000,,136.54,,,,,,,,,,,,,,,,,,,,,,true,true,12,2018-01-01,2018-12-31,0
2018-10-31,96720,2017-12-31,3,,,,,,,,,,,,,,,,,,,,85346000000,59951000000,0.702,,59951000000,,,,,,,,,,,,true,false,12,2017-01-01,2017-12-31,-1
2018-10-31,96720,2017-12-31,3,,,,,,,,,,,,,,,,,,,,,,,,,,,,,20.00,,,,28764854,201348,,false,false,12,2017-01-01,2017-12-31,-1
2018-10-31,96720,2018-12-31,3,,,,,,,,,,,,,,,,,,,,,,,,,,,,,20.00,,,,,,,false,false,12,2018-01-01,2018-12-31,0
2018-10-31,96720,2018-12-31,3,,,,,,,,,,,,,,,,,,,,,,,,,,,,,40.00,,,,,,,false,true,12,2018-01-01,2018-12-31,0
2018-10-31,96720,2018-12-31,3,,,,,,,,,,,,,,,,,,,,,,,,,,,,,,,,,28764854,205059,28561583,false,false,9,2018-01-01,2018-09-30,0
2018-10-31,96720,2017-12-31,3,,,,,,,,,,,,,,,,,,,,,,,,,,,,,,,,,,,28568900,false,false,9,2017-01-01,2017-09-30,-1
,96720,2018-12-31,,,,,,,,,,,,,,,,,,,,,,,,,,,,,,50.00,,,,,,,false,true,12,2018-01-01,2018-12-31,0
,96720,2018-12-31,,,,,,,,,,,,,,,,,,,,,,,,,,,,,,20.00,,,,,,,false,false,12,2018-01-01,2018-12-31,0
,96720,2017-12-31,,,,,,,,,,,,,,,,,,,,,,,,,,,,,,20.00,,,,,,,false,false,12,2017-01-01,2017-12-31,-1
2019-02-14,96720,2018-12-31,,22760000000,0.068,,,,,6634000000,0.100,6606000000,0.101,,4516000000,,158.13,,0.073,0.074,0.291,,92478000000,63170000000,0.683,2211.92,63170000000,9503000000,-5693000000,1169000000,11828000000,,0.316,,,,,,true,false,12,2018-01-01,2018-12-31,0
2019-02-14,96720,2017-12-31,,21302000000,0.074,,,,,6033000000,0.176,5999000000,0.177,,4054000000,,141.92,,0.069,0.071,0.283,,85346000000,59951000000,0.702,2098.88,59951000000,5765000000,-6239000000,-1723000000,6848000000,,0.282,,,,,,true,false,12,2017-01-01,2017-12-31,-1
2019-02-14,96720,2019-12-31,,10544000000,0.046,,,,,2305000000,-0.184,2319000000,-0.177,,1503000000,,52.65,,,,,,,,,,,,,,,,,,,,,,true,true,6,2019-01-01,2019-06-30,1
2019-02-14,96720,2019-12-31,,23626000000,0.038,,,,,5608000000,-0.155,5629000000,-0.148,,3411000000,,119.46,,,,,,,,,,,,,,,,0.335,,,,,,true,true,12,2019-01-01,2019-12-31,1
2019-02-14,96720,2018-12-31,,19741000000,0.087,,,,,6069000000,0.057,6034000000,0.055,3997000000,,0.014,139.97,,,,,,82453000000,55029000000,0.667,1926.89,55029000000,,,,,50.00,,,,28764854,205909,28561009,false,false,12,2018-01-01,2018-12-31,0
2019-02-14,96720,2017-12-31,,18158000000,0.078,,,,,5742000000,0.189,5717000000,0.187,3941000000,,0.307,137.97,,,,,,75827000000,52322000000,0.690,1831.79,52322000000,,,,,20.00,,,,28764854,201348,28567767,false,false,12,2017-01-01,2017-12-31,-1
2019-02-14,96720,2019-12-31,,,,,,,,,,,,,,,,,,,,,,,,,,,,,,40.00,,,,,,,false,true,12,2019-01-01,2019-12-31,1
2019-04-26,96720,2019-12-31,1,4989000000,0.070,,,,,1212000000,0.177,1212000000,0.190,,776000000,,27.19,,,,,,94578000000,63130000000,0.667,,63130000000,,,,,,,,,,,,true,false,3,2019-01-01,2019-03-31,0
2019-04-26,96720,2018-12-31,1,4661000000,0.107,,,,,1030000000,0.264,1019000000,0.276,,747000000,,26.17,,,,,,,,,,,,,,,,,,,,,,true,false,3,2018-01-01,2018-03-31,-1
2019-04-26,96720,2019-12-31,1,10544000000,0.046,,,,,2305000000,-0.184,2319000000,-0.177,,1503000000,,52.65,,,,,,,,,,,,,,,,,,,,,,true,true,6,2019-01-01,2019-06-30,0
2019-04-26,96720,2019-12-31,1,23626000000,0.038,,,,,5608000000,-0.155,5629000000,-0.148,,3411000000,,119.46,,,,,,,,,,,,,,,,,,,,,,true,true,12,2019-01-01,2019-12-31,0
2019-04-26,96720,2018-12-31,1,,,,,,,,,,,,,,,,,,,,92478000000,63170000000,0.683,,63170000000,,,,,,,,,,,,true,false,12,2018-01-01,2018-12-31,-1
2019-04-26,96720,2018-12-31,1,,,,,,,,,,,,,,,,,,,,,,,,,,,,,50.00,,,,28764854,205909,,false,false,12,2018-01-01,2018-12-31,-1
2019-04-26,96720,2019-12-31,1,,,,,,,,,,,,,,,,,,,,,,,,,,,,,40.00,,,,,,,false,true,12,2019-01-01,2019-12-31,0
2019-04-26,96720,2019-12-31,1,,,,,,,,,,,,,,,,,,,,,,,,,,,,,,,,,28764854,206636,28558612,false,false,3,2019-01-01,2019-03-31,0
2019-04-26,96720,2018-12-31,1,,,,,,,,,,,,,,,,,,,,,,,,,,,,,,,,,,,28562908,false,false,3,2018-01-01,2018-03-31,-1
2019-07-31,96720,2019-12-31,2,11050000000,0.096,,,,,3384000000,0.198,3398000000,0.207,,1985000000,,69.51,,,,,,90442000000,64313000000,0.711,,64313000000,,,,,,,,,,,,true,false,6,2019-01-01,2019-06-30,0
2019-07-31,96720,2018-12-31,2,10078000000,0.080,,,,,2825000000,0.185,2816000000,0.188,,1945000000,,68.13,,,,,,,,,,,,,,,,,,,,,,true,false,6,2018-01-01,2018-06-30,-1
2019-07-31,96720,2019-12-31,2,23626000000,0.038,,,,,5608000000,-0.155,5629000000,-0.148,,3411000000,,119.46,,,,,,,,,,,,,,,,,,,,,,true,true,12,2019-01-01,2019-12-31,0
2019-07-31,96720,2018-12-31,2,,,,,,,,,,,,,,,,,,,,92478000000,63170000000,0.683,,63170000000,,,,,,,,,,,,true,false,12,2018-01-01,2018-12-31,-1
2019-07-31,96720,2018-12-31,2,,,,,,,,,,,,,,,,,,,,,,,,,,,,,50.00,,,,28764854,205909,,false,false,12,2018-01-01,2018-12-31,-1
2019-07-31,96720,2019-12-31,2,,,,,,,,,,,,,,,,,,,,,,,,,,,,,20.00,,,,,,,false,false,12,2019-01-01,2019-12-31,0
2019-07-31,96720,2019-12-31,2,,,,,,,,,,,,,,,,,,,,,,,,,,,,,40.00,,,,,,,false,true,12,2019-01-01,2019-12-31,0
2019-07-31,96720,2019-12-31,2,,,,,,,,,,,,,,,,,,,,,,,,,,,,,,,,,28764854,207699,28558140,false,false,6,2019-01-01,2019-06-30,0
2019-07-31,96720,2018-12-31,2,,,,,,,,,,,,,,,,,,,,,,,,,,,,,,,,,,,28562188,false,false,6,2018-01-01,2018-06-30,-1
2019-10-31,96720,2019-12-31,3,18608000000,0.087,,,,,6222000000,0.161,6237000000,0.171,,4125000000,,144.46,,,,,,92086000000,65892000000,0.716,,65892000000,,,,,,,,,,,,true,false,9,2019-01-01,2019-09-30,0
2019-10-31,96720,2018-12-31,3,17117000000,0.071,,,,,5359000000,0.128,5325000000,0.128,,3879000000,,135.83,,,,,,,,,,,,,,,,,,,,,,true,false,9,2018-01-01,2018-09-30,-1
2019-10-31,96720,2019-12-31,3,24405000000,0.072,,,,,6976000000,0.052,6996000000,0.059,,4506000000,,157.79,,,,,,,,,,,,,,,,,,,,,,true,true,12,2019-01-01,2019-12-31,0
2019-10-31,96720,2018-12-31,3,,,,,,,,,,,,,,,,,,,,92478000000,63170000000,0.683,,63170000000,,,,,,,,,,,,true,false,12,2018-01-01,2018-12-31,-1
2019-10-31,96720,2018-12-31,3,,,,,,,,,,,,,,,,,,,,,,,,,,,,,50.00,,,,28764854,205909,,false,false,12,2018-01-01,2018-12-31,-1
2019-10-31,96720,2019-12-31,3,,,,,,,,,,,,,,,,,,,,,,,,,,,,,20.00,,,,,,,false,false,12,2019-01-01,2019-12-31,0
2019-10-31,96720,2019-12-31,3,,,,,,,,,,,,,,,,,,,,,,,,,,,,,40.00,,,,,,,false,true,12,2019-01-01,2019-12-31,0
2019-10-31,96720,2019-12-31,3,,,,,,,,,,,,,,,,,,,,,,,,,,,,,,,,,28764854,208167,28557747,false,false,9,2019-01-01,2019-09-30,0
2019-10-31,96720,2018-12-31,3,,,,,,,,,,,,,,,,,,,,,,,,,,,,,,,,,,,28561583,false,false,9,2018-01-01,2018-09-30,-1
2020-02-14,96720,2019-12-31,,24836000000,0.091,,,,,7981000000,0.203,8009000000,0.212,,5200000000,,182.11,,0.080,0.086,0.321,,93943000000,66992000000,0.713,2346.03,66992000000,9571000000,-9791000000,-2432000000,9175000000,,0.275,,,,,,true,false,12,2019-01-01,2019-12-31,0
2020-02-14,96720,2018-12-31,,22760000000,0.068,,,,,6634000000,0.100,6606000000,0.101,,4516000000,,158.13,,0.073,0.074,0.291,,92478000000,63170000000,0.683,2211.92,63170000000,9503000000,-5693000000,1169000000,11828000000,,0.316,,,,,,true,false,12,2018-01-01,2018-12-31,-1
2020-02-14,96720,2020-12-31,,11938000000,0.080,,,,,3564000000,0.053,3574000000,0.052,,2257000000,,79.06,,,,,,,,,,,,,,,,,,,,,,true,true,6,2020-01-01,2020-06-30,1
2020-02-14,96720,2020-12-31,,26550000000,0.069,,,,,8500000000,0.065,8513000000,0.063,,5740000000,,201.00,,,,,,,,,,,,,,,,0.249,,,,,,true,true,12,2020-01-01,2020-12-31,1
2020-02-14,96720,2019-12-31,,21707000000,0.100,,,,,7500000000,0.236,7530000000,0.248,4937000000,,0.235,172.90,,,,,,83723000000,58591000000,0.700,2051.84,58591000000,,,,,50.00,,,,28764854,209221,28557333,false,false,12,2019-01-01,2019-12-31,0
2020-02-14,96720,2018-12-31,,19741000000,0.087,,,,,6069000000,0.057,6034000000,0.055,3997000000,,0.014,139.97,,,,,,82453000000,55029000000,0.667,1926.89,55029000000,,,,,50.00,,,,28764854,205909,28561009,false,false,12,2018-01-01,2018-12-31,-1
2020-02-14,96720,2020-12-31,,,,,,,,,,,,,,,,,,,,,,,,,,,,,,50.00,,,,,,,false,true,12,2020-01-01,2020-12-31,1
2020-04-30,96720,2020-12-31,1,5581000000,0.119,,,,,1705000000,0.406,1726000000,0.424,,928000000,,32.53,,,,,,92961000000,66848000000,0.719,,66848000000,,,,,,,,,,,,true,false,3,2020-01-01,2020-03-31,0
2020-04-30,96720,2019-12-31,1,4989000000,0.070,,,,,1212000000,0.177,1212000000,0.190,,776000000,,27.19,,,,,,,,,,,,,,,,,,,,,,true,false,3,2019-01-01,2019-03-31,-1
2020-04-30,96720,2020-12-31,1,11938000000,0.080,,,,,3564000000,0.053,3574000000,0.052,,2257000000,,79.06,,,,,,,,,,,,,,,,,,,,,,true,true,6,2020-01-01,2020-06-30,0
2020-04-30,96720,2020-12-31,1,26550000000,0.069,,,,,8500000000,0.065,8513000000,0.063,,5740000000,,201.00,,,,,,,,,,,,,,,,,,,,,,true,true,12,2020-01-01,2020-12-31,0
2020-04-30,96720,2019-12-31,1,,,,,,,,,,,,,,,,,,,,93943000000,66992000000,0.713,,66992000000,,,,,,,,,,,,true,false,12,2019-01-01,2019-12-31,-1
2020-04-30,96720,2019-12-31,1,,,,,,,,,,,,,,,,,,,,,,,,,,,,,50.00,,,,28764854,209221,,false,false,12,2019-01-01,2019-12-31,-1
2020-04-30,96720,2020-12-31,1,,,,,,,,,,,,,,,,,,,,,,,,,,,,,50.00,,,,,,,false,true,12,2020-01-01,2020-12-31,0
2020-04-30,96720,2020-12-31,1,,,,,,,,,,,,,,,,,,,,,,,,,,,,,,,,,28764854,210006,28555202,false,false,3,2020-01-01,2020-03-31,0
2020-04-30,96720,2019-12-31,1,,,,,,,,,,,,,,,,,,,,,,,,,,,,,,,,,,,28558612,false,false,3,2019-01-01,2019-03-31,-1
2020-07-31,96720,2020-12-31,2,13108000000,0.186,,,,,4919000000,0.453,4992000000,0.469,,3145000000,,110.15,,,,,,95067000000,69103000000,0.727,,69103000000,,,,,,,,,,,,true,false,6,2020-01-01,2020-06-30,0
2020-07-31,96720,2019-12-31,2,11050000000,0.096,,,,,3384000000,0.198,3398000000,0.207,,1985000000,,69.51,,,,,,,,,,,,,,,,,,,,,,true,false,6,2019-01-01,2019-06-30,-1
2020-07-31,96720,2020-12-31,2,26550000000,0.069,,,,,8500000000,0.065,8513000000,0.063,,5740000000,,201.00,,,,,,,,,,,,,,,,,,,,,,true,true,12,2020-01-01,2020-12-31,0
2020-07-31,96720,2019-12-31,2,,,,,,,,,,,,,,,,,,,,93943000000,66992000000,0.713,,66992000000,,,,,,,,,,,,true,false,12,2019-01-01,2019-12-31,-1
2020-07-31,96720,2019-12-31,2,,,,,,,,,,,,,,,,,,,,,,,,,,,,,50.00,,,,28764854,209221,,false,false,12,2019-01-01,2019-12-31,-1
2020-07-31,96720,2020-12-31,2,,,,,,,,,,,,,,,,,,,,,,,,,,,,,25.00,,,,,,,false,false,12,2020-01-01,2020-12-31,0
2020-07-31,96720,2020-12-31,2,,,,,,,,,,,,,,,,,,,,,,,,,,,,,50.00,,,,,,,false,true,12,2020-01-01,2020-12-31,0
2020-07-31,96720,2020-12-31,2,,,,,,,,,,,,,,,,,,,,,,,,,,,,,,,,,28764854,210604,28554866,false,false,6,2020-01-01,2020-06-30,0
2020-07-31,96720,2019-12-31,2,,,,,,,,,,,,,,,,,,,,,,,,,,,,,,,,,,,28558140,false,false,6,2019-01-01,2019-06-30,-1
2020-10-30,96720,2020-12-31,3,21025000000,0.130,,,,,8315000000,0.336,8402000000,0.347,,5541000000,,194.07,,,,,,97183000000,70821000000,0.729,,70821000000,,,,,,,,,,,,true,false,9,2020-01-01,2020-09-30,0
2020-10-30,96720,2019-12-31,3,18608000000,0.087,,,,,6222000000,0.161,6237000000,0.171,,4125000000,,144.46,,,,,,,,,,,,,,,,,,,,,,true,false,9,2019-01-01,2019-09-30,-1
2020-10-30,96720,2020-12-31,3,28240000000,0.137,,,,,10660000000,0.336,10750000000,0.342,,7120000000,,249.35,,,,,,,,,,,,,,,,,,,,,,true,true,12,2020-01-01,2020-12-31,0
2020-10-30,96720,2019-12-31,3,,,,,,,,,,,,,,,,,,,,93943000000,66992000000,0.713,,66992000000,,,,,,,,,,,,true,false,12,2019-01-01,2019-12-31,-1
2020-10-30,96720,2019-12-31,3,,,,,,,,,,,,,,,,,,,,,,,,,,,,,50.00,,,,28764854,209221,,false,false,12,2019-01-01,2019-12-31,-1
2020-10-30,96720,2020-12-31,3,,,,,,,,,,,,,,,,,,,,,,,,,,,,,25.00,,,,,,,false,false,12,2020-01-01,2020-12-31,0
2020-10-30,96720,2020-12-31,3,,,,,,,,,,,,,,,,,,,,,,,,,,,,,50.00,,,,,,,false,true,12,2020-01-01,2020-12-31,0
2020-10-30,96720,2020-12-31,3,,,,,,,,,,,,,,,,,,,,,,,,,,,,,,,,,28764854,211844,28554497,false,false,9,2020-01-01,2020-09-30,0
2020-10-30,96720,2019-12-31,3,,,,,,,,,,,,,,,,,,,,,,,,,,,,,,,,,,,28557747,false,false,9,2019-01-01,2019-09-30,-1
2020-12-11,96720,2020-12-31,,28240000000,,,,,,10660000000,,10750000000,,4730000000,,-0.336,165.65,,,,,,,,,,,,,,,,,,,,,,true,true,12,2020-01-01,2020-12-31,0
2020-12-11,96720,2019-12-31,,24836000000,,,,,,7981000000,,8009000000,,5200000000,,,182.11,,,,,,,,,,,,,,,,,,,,,,true,false,12,2019-01-01,2019-12-31,-1
2021-02-15,96720,2020-12-31,,28789000000,0.159,,,,,11172000000,0.400,11280000000,0.408,,5175000000,,181.24,,0.075,0.117,0.388,,98349000000,70534000000,0.717,2470.40,70534000000,13178000000,-4613000000,-2578000000,15161000000,,0.303,,,,,,true,false,12,2020-01-01,2020-12-31,0
2021-02-15,96720,2019-12-31,,24836000000,0.091,,,,,7981000000,0.203,8009000000,0.212,,5200000000,,182.11,,0.080,0.086,0.321,,93943000000,66992000000,0.713,2346.03,66992000000,9571000000,-9791000000,-2432000000,9175000000,,0.275,,,,,,true,false,12,2019-01-01,2019-12-31,-1
2021-02-15,96720,2021-12-31,,14558000000,0.111,,,,,5338000000,0.085,5348000000,0.071,,3746000000,,131.19,,,,,,,,,,,,,,,,,,,,,,true,true,6,2021-01-01,2021-06-30,1
2021-02-15,96720,2021-12-31,,32800000000,0.139,,,,,12600000000,0.128,12620000000,0.119,,8740000000,,306.09,,,,,,,,,,,,,,,,0.196,,,,,,true,true,12,2021-01-01,2021-12-31,1
2021-02-15,96720,2020-12-31,,25990000000,0.197,,,,,11110000000,0.481,11187000000,0.486,5653000000,,0.145,197.98,,,,,,88896000000,62623000000,0.704,2193.30,62623000000,,,,,55.00,,,,28764854,212860,28553947,false,false,12,2020-01-01,2020-12-31,0
2021-02-15,96720,2019-12-31,,21707000000,0.100,,,,,7500000000,0.236,7530000000,0.248,4937000000,,0.235,172.90,,,,,,83723000000,58591000000,0.700,2051.84,58591000000,,,,,50.00,,,,28764854,209221,28557333,false,false,12,2019-01-01,2019-12-31,-1
2021-02-15,96720,2021-12-31,,,,,,,,,,,,,,,,,,,,,,,,,,,,,,60.00,,,,,,,false,true,12,2021-01-01,2021-12-31,1
2021-04-30,96720,2021-12-31,1,7096000000,0.271,,,,,2749000000,0.613,2745000000,0.590,,2041000000,,71.51,,,,,,97654000000,71639000000,0.734,,71639000000,,,,,,,,,,,,true,false,3,2021-01-01,2021-03-31,0
2021-04-30,96720,2020-12-31,1,5581000000,0.119,,,,,1705000000,0.406,1726000000,0.424,,928000000,,32.53,,,,,,,,,,,,,,,,,,,,,,true,false,3,2020-01-01,2020-03-31,-1
2021-04-30,96720,2021-12-31,1,14558000000,0.111,,,,,5338000000,0.085,5348000000,0.071,,3746000000,,131.19,,,,,,,,,,,,,,,,,,,,,,true,true,6,2021-01-01,2021-06-30,0
2021-04-30,96720,2021-12-31,1,32800000000,0.139,,,,,12600000000,0.128,12620000000,0.119,,8740000000,,306.09,,,,,,,,,,,,,,,,,,,,,,true,true,12,2021-01-01,2021-12-31,0
2021-04-30,96720,2020-12-31,1,,,,,,,,,,,,,,,,,,,,98349000000,70534000000,0.717,,70534000000,,,,,,,,,,,,true,false,12,2020-01-01,2020-12-31,-1
2021-04-30,96720,2020-12-31,1,,,,,,,,,,,,,,,,,,,,,,,,,,,,,55.00,,,,28764854,212860,,false,false,12,2020-01-01,2020-12-31,-1
2021-04-30,96720,2021-12-31,1,,,,,,,,,,,,,,,,,,,,,,,,,,,,,60.00,,,,,,,false,true,12,2021-01-01,2021-12-31,0
2021-04-30,96720,2021-12-31,1,,,,,,,,,,,,,,,,,,,,,,,,,,,,,,,,,28764854,213832,28551501,false,false,3,2021-01-01,2021-03-31,0
2021-04-30,96720,2020-12-31,1,,,,,,,,,,,,,,,,,,,,,,,,,,,,,,,,,,,28555202,false,false,3,2020-01-01,2020-03-31,-1
2021-07-30,96720,2021-12-31,2,14975000000,0.142,,,,,6249000000,0.270,6264000000,0.255,,4448000000,,155.82,,,,,,100347000000,74059000000,0.738,,74059000000,,,,,,,,,,,,true,false,6,2021-01-01,2021-06-30,0
2021-07-30,96720,2020-12-31,2,13108000000,0.186,,,,,4919000000,0.453,4992000000,0.469,,3145000000,,110.15,,,,,,,,,,,,,,,,,,,,,,true,false,6,2020-01-01,2020-06-30,-1
2021-07-30,96720,2021-12-31,2,32800000000,0.139,,,,,12600000000,0.128,12620000000,0.119,,8740000000,,306.09,,,,,,,,,,,,,,,,,,,,,,true,true,12,2021-01-01,2021-12-31,0
2021-07-30,96720,2020-12-31,2,,,,,,,,,,,,,,,,,,,,98349000000,70534000000,0.717,,70534000000,,,,,,,,,,,,true,false,12,2020-01-01,2020-12-31,-1
2021-07-30,96720,2020-12-31,2,,,,,,,,,,,,,,,,,,,,,,,,,,,,,55.00,,,,28764854,212860,,false,false,12,2020-01-01,2020-12-31,-1
2021-07-30,96720,2021-12-31,2,,,,,,,,,,,,,,,,,,,,,,,,,,,,,30.00,,,,,,,false,false,12,2021-01-01,2021-12-31,0
2021-07-30,96720,2021-12-31,2,,,,,,,,,,,,,,,,,,,,,,,,,,,,,60.00,,,,,,,false,true,12,2021-01-01,2021-12-31,0
2021-07-30,96720,2021-12-31,2,,,,,,,,,,,,,,,,,,,,,,,,,,,,,,,,,28764854,215216,28550829,false,false,6,2021-01-01,2021-06-30,0
2021-07-30,96720,2020-12-31,2,,,,,,,,,,,,,,,,,,,,,,,,,,,,,,,,,,,28554866,false,false,6,2020-01-01,2020-06-30,-1
2021-10-28,96720,2021-12-31,3,23523000000,0.119,,,,,9743000000,0.172,9771000000,0.163,,6941000000,,243.12,,,,,,101324000000,75719000000,0.747,,75719000000,,,,,,,,,,,,true,false,9,2021-01-01,2021-09-30,0
2021-10-28,96720,2020-12-31,3,21025000000,0.130,,,,,8315000000,0.336,8402000000,0.347,,5541000000,,194.07,,,,,,,,,,,,,,,,,,,,,,true,false,9,2020-01-01,2020-09-30,-1
2021-10-28,96720,2021-12-31,3,32800000000,0.139,,,,,12600000000,0.128,12620000000,0.119,,8740000000,,306.09,,,,,,,,,,,,,,,,,,,,,,true,true,12,2021-01-01,2021-12-31,0
2021-10-28,96720,2020-12-31,3,,,,,,,,,,,,,,,,,,,,98349000000,70534000000,0.717,,70534000000,,,,,,,,,,,,true,false,12,2020-01-01,2020-12-31,-1
2021-10-28,96720,2020-12-31,3,,,,,,,,,,,,,,,,,,,,,,,,,,,,,55.00,,,,28764854,212860,,false,false,12,2020-01-01,2020-12-31,-1
2021-10-28,96720,2021-12-31,3,,,,,,,,,,,,,,,,,,,,,,,,,,,,,30.00,,,,,,,false,false,12,2021-01-01,2021-12-31,0
2021-10-28,96720,2021-12-31,3,,,,,,,,,,,,,,,,,,,,,,,,,,,,,60.00,,,,,,,false,true,12,2021-01-01,2021-12-31,0
2021-10-28,96720,2021-12-31,3,,,,,,,,,,,,,,,,,,,,,,,,,,,,,,,,,28764854,215839,28550328,false,false,9,2021-01-01,2021-09-30,0
2021-10-28,96720,2020-12-31,3,,,,,,,,,,,,,,,,,,,,,,,,,,,,,,,,,,,28554497,false,false,9,2020-01-01,2020-09-30,-1
2022-02-14,96720,2021-12-31,,31800000000,0.105,,,,,12803000000,0.146,12842000000,0.138,,9084000000,,320.43,,0.127,0.123,0.403,,110114000000,72846000000,0.662,2657.32,72846000000,14366000000,-10822000000,2199000000,20904000000,,0.203,,,,,,true,false,12,2021-01-01,2021-12-31,0
2022-02-14,96720,2020-12-31,,28789000000,0.159,,,,,11172000000,0.400,11280000000,0.408,,5175000000,,181.24,,0.075,0.117,0.388,,98349000000,70534000000,0.717,2470.40,70534000000,13178000000,-4613000000,-2578000000,15161000000,,0.303,,,,,,true,false,12,2020-01-01,2020-12-31,-1
2022-02-14,96720,2022-12-31,,16604000000,0.109,,,,,6821000000,0.092,6812000000,0.087,,4879000000,,172.10,,,,,,,,,,,,,,,,,,,,,,true,true,6,2022-01-01,2022-06-30,1
2022-02-14,96720,2022-12-31,,35023000000,0.101,,,,,13131000000,0.026,13115000000,0.021,,8214000000,,289.73,,,,,,,,,,,,,,,,0.224,,,,,,true,true,12,2022-01-01,2022-12-31,1
2022-02-14,96720,2021-12-31,,28741000000,0.106,,,,,12385000000,0.115,12356000000,0.105,8749000000,,0.548,308.60,,,,,,100053000000,64590000000,0.646,2356.15,64590000000,,,,,65.00,,,,28764854,1351402,28350894,false,false,12,2021-01-01,2021-12-31,0
2022-02-14,96720,2020-12-31,,25990000000,0.197,,,,,11110000000,0.481,11187000000,0.486,5653000000,,0.145,197.98,,,,,,88896000000,62623000000,0.704,2193.30,62623000000,,,,,55.00,,,,28764854,212860,28553947,false,false,12,2020-01-01,2020-12-31,-1
2022-02-14,96720,2022-12-31,,,,,,,,,,,,,,,,,,,,,,,,,,,,,,65.00,,,,,,,false,true,12,2022-01-01,2022-12-31,1
2022-04-28,96720,2022-12-31,1,7952000000,0.121,,,,,3009000000,0.094,3010000000,0.096,,2060000000,,75.16,,,,,,110325000000,74014000000,0.671,,74014000000,,,,,,,,,,,,true,false,3,2022-01-01,2022-03-31,0
2022-04-28,96720,2021-12-31,1,7096000000,0.271,,,,,2749000000,0.613,2745000000,0.590,,2041000000,,71.51,,,,,,,,,,,,,,,,,,,,,,true,false,3,2021-01-01,2021-03-31,-1
2022-04-28,96720,2022-12-31,1,16604000000,0.109,,,,,6821000000,0.092,6812000000,0.087,,4879000000,,172.10,,,,,,,,,,,,,,,,,,,,,,true,true,6,2022-01-01,2022-06-30,0
2022-04-28,96720,2022-12-31,1,35023000000,0.101,,,,,13131000000,0.026,13115000000,0.021,,8214000000,,289.73,,,,,,,,,,,,,,,,,,,,,,true,true,12,2022-01-01,2022-12-31,0
2022-04-28,96720,2021-12-31,1,,,,,,,,,,,,,,,,,,,,110114000000,72846000000,0.662,,72846000000,,,,,,,,,,,,true,false,12,2021-01-01,2021-12-31,-1
2022-04-28,96720,2021-12-31,1,,,,,,,,,,,,,,,,,,,,,,,,,,,,,65.00,,,,28764854,1351402,,false,false,12,2021-01-01,2021-12-31,-1
2022-04-28,96720,2022-12-31,1,,,,,,,,,,,,,,,,,,,,,,,,,,,,,65.00,,,,,,,false,true,12,2022-01-01,2022-12-31,0
2022-04-28,96720,2022-12-31,1,,,,,,,,,,,,,,,,,,,,,,,,,,,,,,,,,28764854,1351759,27413235,false,false,3,2022-01-01,2022-03-31,0
2022-04-28,96720,2021-12-31,1,,,,,,,,,,,,,,,,,,,,,,,,,,,,,,,,,,,28551501,false,false,3,2021-01-01,2021-03-31,-1
2022-07-29,96720,2022-12-31,2,16700000000,0.115,,,,,6999000000,0.120,7006000000,0.118,,5047000000,,184.11,,,,,,111836000000,77082000000,0.689,,77082000000,,,,,,,,,,,,true,false,6,2022-01-01,2022-06-30,0
2022-07-29,96720,2021-12-31,2,14975000000,0.142,,,,,6249000000,0.270,6264000000,0.255,,4448000000,,155.82,,,,,,,,,,,,,,,,,,,,,,true,false,6,2021-01-01,2021-06-30,-1
2022-07-29,96720,2022-12-31,2,35023000000,0.101,,,,,13131000000,0.026,13115000000,0.021,,8214000000,,289.73,,,,,,,,,,,,,,,,,,,,,,true,true,12,2022-01-01,2022-12-31,0
2022-07-29,96720,2021-12-31,2,,,,,,,,,,,,,,,,,,,,110114000000,72846000000,0.662,,72846000000,,,,,,,,,,,,true,false,12,2021-01-01,2021-12-31,-1
2022-07-29,96720,2021-12-31,2,,,,,,,,,,,,,,,,,,,,,,,,,,,,,65.00,,,,28764854,1351402,,false,false,12,2021-01-01,2021-12-31,-1
2022-07-29,96720,2022-12-31,2,,,,,,,,,,,,,,,,,,,,,,,,,,,,,30.00,,,,,,,false,false,12,2022-01-01,2022-12-31,0
2022-07-29,96720,2022-12-31,2,,,,,,,,,,,,,,,,,,,,,,,,,,,,,65.00,,,,,,,false,true,12,2022-01-01,2022-12-31,0
2022-07-29,96720,2022-12-31,2,,,,,,,,,,,,,,,,,,,,,,,,,,,,,,,,,28764854,1352588,27412945,false,false,6,2022-01-01,2022-06-30,0
2022-07-29,96720,2021-12-31,2,,,,,,,,,,,,,,,,,,,,,,,,,,,,,,,,,,,28550829,false,false,6,2021-01-01,2021-06-30,-1
2022-10-28,96720,2022-12-31,3,26621000000,0.132,,,,,11448000000,0.175,11447000000,0.172,,8263000000,,301.46,,,,,,113604000000,79474000000,0.700,,79474000000,,,,,,,,,,,,true,false,9,2022-01-01,2022-09-30,0
2022-10-28,96720,2021-12-31,3,23523000000,0.119,,,,,9743000000,0.172,9771000000,0.163,,6941000000,,243.12,,,,,,,,,,,,,,,,,,,,,,true,false,9,2021-01-01,2021-09-30,-1
2022-10-28,96720,2022-12-31,3,35023000000,0.101,,,,,13131000000,0.026,13115000000,0.021,,8214000000,,289.73,,,,,,,,,,,,,,,,,,,,,,true,true,12,2022-01-01,2022-12-31,0
2022-10-28,96720,2021-12-31,3,,,,,,,,,,,,,,,,,,,,110114000000,72846000000,0.662,,72846000000,,,,,,,,,,,,true,false,12,2021-01-01,2021-12-31,-1
2022-10-28,96720,2021-12-31,3,,,,,,,,,,,,,,,,,,,,,,,,,,,,,65.00,,,,28764854,1351402,,false,false,12,2021-01-01,2021-12-31,-1
2022-10-28,96720,2022-12-31,3,,,,,,,,,,,,,,,,,,,,,,,,,,,,,30.00,,,,,,,false,false,12,2022-01-01,2022-12-31,0
2022-10-28,96720,2022-12-31,3,,,,,,,,,,,,,,,,,,,,,,,,,,,,,65.00,,,,,,,false,true,12,2022-01-01,2022-12-31,0
2022-10-28,96720,2022-12-31,3,,,,,,,,,,,,,,,,,,,,,,,,,,,,,,,,,28764854,1353169,27412647,false,false,9,2022-01-01,2022-09-30,0
2022-10-28,96720,2021-12-31,3,,,,,,,,,,,,,,,,,,,,,,,,,,,,,,,,,,,28550328,false,false,9,2021-01-01,2021-09-30,-1
2023-02-14,96720,2022-12-31,,35450000000,0.115,,,,,14163000000,0.106,14171000000,0.103,,9386000000,,342.41,,0.123,0.121,0.400,,124647000000,80288000000,0.644,2929.06,80288000000,14675000000,-14844000000,-2764000000,17971000000,,0.219,,,,,,true,false,12,2022-01-01,2022-12-31,0
2023-02-14,96720,2021-12-31,,31800000000,0.105,,,,,12803000000,0.146,12842000000,0.138,,9084000000,,320.43,,0.127,0.123,0.403,,110114000000,72846000000,0.662,2657.32,72846000000,14366000000,-10822000000,2199000000,20904000000,,0.203,,,,,,true,false,12,2021-01-01,2021-12-31,-1
2023-02-14,96720,2023-12-31,,17418000000,0.043,,,,,6146000000,-0.122,6139000000,-0.124,,3310000000,,120.78,,,,,,,,,,,,,,,,,,,,,,true,true,6,2023-01-01,2023-06-30,1
2023-02-14,96720,2023-12-31,,37214000000,0.050,,,,,12859000000,-0.092,12820000000,-0.095,,8110000000,,295.85,,,,,,,,,,,,,,,,0.254,,,,,,true,true,12,2023-01-01,2023-12-31,1
2023-02-14,96720,2022-12-31,,32141000000,0.118,,,,,13222000000,0.068,13230000000,0.071,8608000000,,-0.016,314.03,,,,,,113385000000,71236000000,0.628,2598.82,71236000000,,,,,75.00,,,,28764854,1353774,27412334,false,false,12,2022-01-01,2022-12-31,0
2023-02-14,96720,2021-12-31,,28741000000,0.106,,,,,12385000000,0.115,12356000000,0.105,8749000000,,0.548,308.60,,,,,,100053000000,64590000000,0.646,2356.15,64590000000,,,,,65.00,,,,28764854,1351402,28350894,false,false,12,2021-01-01,2021-12-31,-1
2023-02-14,96720,2023-12-31,,,,,,,,,,,,,,,,,,,,,,,,,,,,,,75.00,,,,,,,false,true,12,2023-01-01,2023-12-31,1
2023-04-28,96720,2023-12-31,1,8250000000,0.037,,,,,2912000000,-0.032,2913000000,-0.032,,1186000000,,43.29,,,,,,115356000000,80243000000,0.696,,80243000000,,,,,,,,,,,,true,false,3,2023-01-01,2023-03-31,0
2023-04-28,96720,2022-12-31,1,7952000000,0.121,,,,,3009000000,0.094,3010000000,0.096,,2060000000,,75.16,,,,,,,,,,,,,,,,,,,,,,true,false,3,2022-01-01,2022-03-31,-1
2023-04-28,96720,2023-12-31,1,17418000000,0.043,,,,,6146000000,-0.122,6139000000,-0.124,,3310000000,,120.78,,,,,,,,,,,,,,,,,,,,,,true,true,6,2023-01-01,2023-06-30,0
2023-04-28,96720,2023-12-31,1,37214000000,0.050,,,,,12859000000,-0.092,12820000000,-0.095,,8110000000,,295.85,,,,,,,,,,,,,,,,,,,,,,true,true,12,2023-01-01,2023-12-31,0
2023-04-28,96720,2022-12-31,1,,,,,,,,,,,,,,,,,,,,124647000000,80288000000,0.644,,80288000000,,,,,,,,,,,,true,false,12,2022-01-01,2022-12-31,-1
2023-04-28,96720,2022-12-31,1,,,,,,,,,,,,,,,,,,,,,,,,,,,,,75.00,,,,28764854,1353774,,false,false,12,2022-01-01,2022-12-31,-1
2023-04-28,96720,2023-12-31,1,,,,,,,,,,,,,,,,,,,,,,,,,,,,,75.00,,,,,,,false,true,12,2023-01-01,2023-12-31,0
2023-04-28,96720,2023-12-31,1,,,,,,,,,,,,,,,,,,,,,,,,,,,,,,,,,28764854,1354164,27410912,false,false,3,2023-01-01,2023-03-31,0
2023-04-28,96720,2022-12-31,1,,,,,,,,,,,,,,,,,,,,,,,,,,,,,,,,,,,27413235,false,false,3,2022-01-01,2022-03-31,-1
2023-07-31,96720,2023-12-31,2,17399000000,0.042,,,,,6364000000,-0.091,6369000000,-0.091,,3547000000,,129.41,,,,,,123667000000,82733000000,0.668,,82593000000,,,,,,,,,,,,true,false,6,2023-01-01,2023-06-30,0
2023-07-31,96720,2022-12-31,2,16700000000,0.115,,,,,6999000000,0.120,7006000000,0.118,,5047000000,,184.11,,,,,,,,,,,,,,,,,,,,,,true,false,6,2022-01-01,2022-06-30,-1
2023-07-31,96720,2023-12-31,2,37214000000,0.050,,,,,12859000000,-0.092,12820000000,-0.095,,8110000000,,295.85,,,,,,,,,,,,,,,,,,,,,,true,true,12,2023-01-01,2023-12-31,0
2023-07-31,96720,2022-12-31,2,,,,,,,,,,,,,,,,,,,,124647000000,80288000000,0.644,,80288000000,,,,,,,,,,,,true,false,12,2022-01-01,2022-12-31,-1
2023-07-31,96720,2022-12-31,2,,,,,,,,,,,,,,,,,,,,,,,,,,,,,75.00,,,,28764854,1353774,,false,false,12,2022-01-01,2022-12-31,-1
2023-07-31,96720,2023-12-31,2,,,,,,,,,,,,,,,,,,,,,,,,,,,,,30.00,,,,,,,false,false,12,2023-01-01,2023-12-31,0
2023-07-31,96720,2023-12-31,2,,,,,,,,,,,,,,,,,,,,,,,,,,,,,75.00,,,,,,,false,true,12,2023-01-01,2023-12-31,0
2023-07-31,96720,2023-12-31,2,,,,,,,,,,,,,,,,,,,,,,,,,,,,,,,,,28764854,1355050,27410587,false,false,6,2023-01-01,2023-06-30,0
2023-07-31,96720,2022-12-31,2,,,,,,,,,,,,,,,,,,,,,,,,,,,,,,,,,,,27412945,false,false,6,2022-01-01,2022-06-30,-1
2023-10-31,96720,2023-12-31,3,27962000000,0.050,,,,,10481000000,-0.085,10486000000,-0.084,,6379000000,,232.74,,,,,,113116000000,84855000000,0.748,,84665000000,,,,,,,,,,,,true,false,9,2023-01-01,2023-09-30,0
2023-10-31,96720,2022-12-31,3,26621000000,0.132,,,,,11448000000,0.175,11447000000,0.172,,8263000000,,301.46,,,,,,,,,,,,,,,,,,,,,,true,false,9,2022-01-01,2022-09-30,-1
2023-10-31,96720,2023-12-31,3,37214000000,0.050,,,,,12859000000,-0.092,12820000000,-0.095,,8110000000,,295.85,,,,,,,,,,,,,,,,,,,,,,true,true,12,2023-01-01,2023-12-31,0
2023-10-31,96720,2022-12-31,3,,,,,,,,,,,,,,,,,,,,124647000000,80288000000,0.644,,80288000000,,,,,,,,,,,,true,false,12,2022-01-01,2022-12-31,-1
2023-10-31,96720,2022-12-31,3,,,,,,,,,,,,,,,,,,,,,,,,,,,,,75.00,,,,28764854,1353774,,false,false,12,2022-01-01,2022-12-31,-1
2023-10-31,96720,2023-12-31,3,,,,,,,,,,,,,,,,,,,,,,,,,,,,,30.00,,,,,,,false,false,12,2023-01-01,2023-12-31,0
2023-10-31,96720,2023-12-31,3,,,,,,,,,,,,,,,,,,,,,,,,,,,,,90.00,,,,,,,false,true,12,2023-01-01,2023-12-31,0
2023-10-31,96720,2023-12-31,3,,,,,,,,,,,,,,,,,,,,,,,,,,,,,,,,,28764854,1355975,27410169,false,false,9,2023-01-01,2023-09-30,0
2023-10-31,96720,2022-12-31,3,,,,,,,,,,,,,,,,,,,,,,,,,,,,,,,,,,,27412647,false,false,9,2022-01-01,2022-09-30,-1
2024-02-14,96720,2023-12-31,,37544000000,0.059,,,,,13362000000,-0.057,13383000000,-0.056,,8452000000,,308.37,,0.101,0.111,0.356,,115792000000,86787000000,0.749,3163.92,86716000000,12803000000,-8729000000,-8284000000,13760000000,,0.292,,,,,,true,false,12,2023-01-01,2023-12-31,0
2024-02-14,96720,2022-12-31,,35450000000,0.115,,,,,14163000000,0.106,14171000000,0.103,,9386000000,,342.41,,0.123,0.121,0.400,,124647000000,80288000000,0.644,2929.06,80288000000,14675000000,-14844000000,-2764000000,17971000000,,0.219,,,,,,true,false,12,2022-01-01,2022-12-31,-1
2024-02-14,96720,2024-12-31,,18777000000,0.079,,,,,6013000000,-0.055,6009000000,-0.057,,4167000000,,152.03,,,,,,,,,,,,,,,,,,,,,,true,true,6,2024-01-01,2024-06-30,1
2024-02-14,96720,2024-12-31,,40047000000,0.067,,,,,12349000000,-0.076,12341000000,-0.078,,8674000000,,316.46,,,,,,,,,,,,,,,,0.300,,,,,,true,true,12,2024-01-01,2024-12-31,1
2024-02-14,96720,2023-12-31,,33030000000,0.028,,,,,11943000000,-0.097,11969000000,-0.095,7444000000,,-0.135,271.59,,,,,,100937000000,74844000000,0.741,2730.77,74844000000,,,,,90.00,,,,28764854,1357026,27409717,false,false,12,2023-01-01,2023-12-31,0
2024-02-14,96720,2022-12-31,,32141000000,0.118,,,,,13222000000,0.068,13230000000,0.071,8608000000,,-0.016,314.03,,,,,,113385000000,71236000000,0.628,2598.82,71236000000,,,,,75.00,,,,28764854,1353774,27412334,false,false,12,2022-01-01,2022-12-31,-1
2024-02-14,96720,2024-12-31,,,,,,,,,,,,,,,,,,,,,,,,,,,,,,95.00,,,,,,,false,true,12,2024-01-01,2024-12-31,1
2024-04-30,96720,2024-12-31,1,8782000000,0.064,,,,,2822000000,-0.031,2815000000,-0.033,,1944000000,,71.05,,,,,,125080000000,86686000000,0.692,,86595000000,,,,,,,,,,,,true,false,3,2024-01-01,2024-03-31,0
2024-04-30,96720,2023-12-31,1,8250000000,0.037,,,,,2912000000,-0.032,2913000000,-0.032,,1186000000,,43.29,,,,,,,,,,,,,,,,,,,,,,true,false,3,2023-01-01,2023-03-31,-1
2024-04-30,96720,2024-12-31,1,18777000000,0.079,,,,,6013000000,-0.055,6009000000,-0.057,,4167000000,,152.03,,,,,,,,,,,,,,,,,,,,,,true,true,6,2024-01-01,2024-06-30,0
2024-04-30,96720,2024-12-31,1,40047000000,0.067,,,,,12349000000,-0.076,12341000000,-0.078,,8674000000,,316.46,,,,,,,,,,,,,,,,,,,,,,true,true,12,2024-01-01,2024-12-31,0
2024-04-30,96720,2023-12-31,1,,,,,,,,,,,,,,,,,,,,115792000000,86787000000,0.749,,86716000000,,,,,,,,,,,,true,false,12,2023-01-01,2023-12-31,-1
2024-04-30,96720,2023-12-31,1,,,,,,,,,,,,,,,,,,,,,,,,,,,,,90.00,,,,28764854,1357026,,false,false,12,2023-01-01,2023-12-31,-1
2024-04-30,96720,2024-12-31,1,,,,,,,,,,,,,,,,,,,,,,,,,,,,,95.00,,,,,,,false,true,12,2024-01-01,2024-12-31,0
2024-04-30,96720,2024-12-31,1,,,,,,,,,,,,,,,,,,,,,,,,,,,,,,,,,28764854,1498548,27363010,false,false,3,2024-01-01,2024-03-31,0
2024-04-30,96720,2023-12-31,1,,,,,,,,,,,,,,,,,,,,,,,,,,,,,,,,,,,27410912,false,false,3,2023-01-01,2023-03-31,-1
2024-07-31,96720,2024-12-31,2,18662000000,0.073,,,,,6532000000,0.026,6542000000,0.027,,4487000000,,164.81,,,,,,118654000000,87763000000,0.739,,87674000000,,,,,,,,,,,,true,false,6,2024-01-01,2024-06-30,0
2024-07-31,96720,2023-12-31,2,17399000000,0.042,,,,,6364000000,-0.091,6369000000,-0.091,,3547000000,,129.41,,,,,,,,,,,,,,,,,,,,,,true,false,6,2023-01-01,2023-06-30,-1
2024-07-31,96720,2024-12-31,2,40047000000,0.067,,,,,12349000000,-0.076,12341000000,-0.078,,8674000000,,316.46,,,,,,,,,,,,,,,,,,,,,,true,true,12,2024-01-01,2024-12-31,0
2024-07-31,96720,2023-12-31,2,,,,,,,,,,,,,,,,,,,,115792000000,86787000000,0.749,,86716000000,,,,,,,,,,,,true,false,12,2023-01-01,2023-12-31,-1
2024-07-31,96720,2023-12-31,2,,,,,,,,,,,,,,,,,,,,,,,,,,,,,90.00,,,,28764854,1357026,,false,false,12,2023-01-01,2023-12-31,-1
2024-07-31,96720,2024-12-31,2,,,,,,,,,,,,,,,,,,,,,,,,,,,,,40.00,,,,,,,false,false,12,2024-01-01,2024-12-31,0
2024-07-31,96720,2024-12-31,2,,,,,,,,,,,,,,,,,,,,,,,,,,,,,95.00,,,,,,,false,true,12,2024-01-01,2024-12-31,0
2024-07-31,96720,2024-12-31,2,,,,,,,,,,,,,,,,,,,,,,,,,,,,,,,,,28764854,1863526,27226574,false,false,6,2024-01-01,2024-06-30,0
2024-07-31,96720,2023-12-31,2,,,,,,,,,,,,,,,,,,,,,,,,,,,,,,,,,,,27410587,false,false,6,2023-01-01,2023-06-30,-1
2024-10-31,96720,2024-12-31,3,30216000000,0.081,,,,,10855000000,0.036,10836000000,0.033,,7594000000,,280.64,,,,,,118622000000,88828000000,0.748,,88728000000,,,,,,,,,,,,true,false,9,2024-01-01,2024-09-30,0
2024-10-31,96720,2023-12-31,3,27962000000,0.050,,,,,10481000000,-0.085,10486000000,-0.084,,6379000000,,232.74,,,,,,,,,,,,,,,,,,,,,,true,false,9,2023-01-01,2023-09-30,-1
2024-10-31,96720,2024-12-31,3,40047000000,0.067,,,,,12349000000,-0.076,12341000000,-0.078,,8674000000,,316.46,,,,,,,,,,,,,,,,,,,,,,true,true,12,2024-01-01,2024-12-31,0
2024-10-31,96720,2023-12-31,3,,,,,,,,,,,,,,,,,,,,115792000000,86787000000,0.749,,86716000000,,,,,,,,,,,,true,false,12,2023-01-01,2023-12-31,-1
2024-10-31,96720,2023-12-31,3,,,,,,,,,,,,,,,,,,,,,,,,,,,,,90.00,,,,28764854,1357026,,false,false,12,2023-01-01,2023-12-31,-1
2024-10-31,96720,2024-12-31,3,,,,,,,,,,,,,,,,,,,,,,,,,,,,,40.00,,,,,,,false,false,12,2024-01-01,2024-12-31,0
2024-10-31,96720,2024-12-31,3,,,,,,,,,,,,,,,,,,,,,,,,,,,,,100.00,,,,,,,false,true,12,2024-01-01,2024-12-31,0
2024-10-31,96720,2024-12-31,3,,,,,,,,,,,,,,,,,,,,,,,,,,,,,,,,,28764854,2077730,27061135,false,false,9,2024-01-01,2024-09-30,0
2024-10-31,96720,2023-12-31,3,,,,,,,,,,,,,,,,,,,,,,,,,,,,,,,,,,,27410169,false,false,9,2023-01-01,2023-09-30,-1
2024-11-08,96720,2024-12-31,3,30216000000,0.081,,,,,10855000000,0.036,10836000000,0.033,,7594000000,,280.64,,,,,,118622000000,88828000000,0.748,,88728000000,,,,,,,,,,,,true,false,9,2024-01-01,2024-09-30,0
2024-11-08,96720,2023-12-31,3,27962000000,0.050,,,,,10481000000,-0.085,10486000000,-0.084,,6379000000,,232.74,,,,,,,,,,,,,,,,,,,,,,true,false,9,2023-01-01,2023-09-30,-1
2024-11-08,96720,2024-12-31,3,40047000000,0.067,,,,,12349000000,-0.076,12341000000,-0.078,,8674000000,,316.46,,,,,,,,,,,,,,,,,,,,,,true,true,12,2024-01-01,2024-12-31,0
2024-11-08,96720,2023-12-31,3,,,,,,,,,,,,,,,,,,,,115792000000,86787000000,0.749,,86716000000,,,,,,,,,,,,true,false,12,2023-01-01,2023-12-31,-1
2024-11-08,96720,2023-12-31,3,,,,,,,,,,,,,,,,,,,,,,,,,,,,,90.00,,,,28764854,1357026,,false,false,12,2023-01-01,2023-12-31,-1
2024-11-08,96720,2024-12-31,3,,,,,,,,,,,,,,,,,,,,,,,,,,,,,40.00,,,,,,,false,false,12,2024-01-01,2024-12-31,0
2024-11-08,96720,2024-12-31,3,,,,,,,,,,,,,,,,,,,,,,,,,,,,,100.00,,,,,,,false,true,12,2024-01-01,2024-12-31,0
2024-11-08,96720,2024-12-31,3,,,,,,,,,,,,,,,,,,,,,,,,,,,,,,,,,28764854,2077730,27061135,false,false,9,2024-01-01,2024-09-30,0
2024-11-08,96720,2023-12-31,3,,,,,,,,,,,,,,,,,,,,,,,,,,,,,,,,,,,27410169,false,false,9,2023-01-01,2023-09-30,-1
2025-02-14,96720,2024-12-31,,40443000000,0.077,,,,,13926000000,0.042,13912000000,0.039,,9706000000,,359.94,,0.109,0.117,0.344,,122405000000,91142000000,0.744,3410.48,91028000000,16101000000,-8633000000,-5361000000,15867000000,,0.314,,,,,,true,false,12,2024-01-01,2024-12-31,0
2025-02-14,96720,2023-12-31,,37544000000,0.059,,,,,13362000000,-0.057,13383000000,-0.056,,8452000000,,308.37,,0.101,0.111,0.356,,115792000000,86787000000,0.749,3163.92,86716000000,12803000000,-8729000000,-8284000000,13760000000,,0.292,,,,,,true,false,12,2023-01-01,2023-12-31,-1
2025-02-14,96720,2025-12-31,,18738000000,0.004,,,,,5801000000,-0.112,5800000000,-0.114,,3947000000,,146.36,,,,,,,,,,,,,,,,,,,,,,true,true,6,2025-01-01,2025-06-30,1
2025-02-14,96720,2025-12-31,,41293000000,0.021,,,,,14132000000,0.015,14122000000,0.015,,9861000000,,365.67,,,,,,,,,,,,,,,,0.301,,,,,,true,true,12,2025-01-01,2025-12-31,1
2025-02-14,96720,2024-12-31,,34824000000,0.054,,,,,12489000000,0.046,12486000000,0.043,8759000000,,0.177,324.83,,,,,,106453000000,78142000000,0.734,2927.72,78142000000,,,,,113.00,,,,28764854,2074165,26967161,false,false,12,2024-01-01,2024-12-31,0
2025-02-14,96720,2023-12-31,,33030000000,0.028,,,,,11943000000,-0.097,11969000000,-0.095,7444000000,,-0.135,271.59,,,,,,100937000000,74844000000,0.741,2730.77,74844000000,,,,,90.00,,,,28764854,1357026,27409717,false,false,12,2023-01-01,2023-12-31,-1
2025-02-14,96720,2025-12-31,,,,,,,,,,,,,,,,,,,,,,,,,,,,,,110.00,,,,,,,false,true,12,2025-01-01,2025-12-31,1
2025-05-14,96720,2025-12-31,1,9264000000,0.055,,,,,3276000000,0.161,3266000000,0.160,,2270000000,,85.09,,,,,,124819000000,91479000000,0.732,,91340000000,,,,,,,,,,,,true,false,3,2025-01-01,2025-03-31,0
2025-05-14,96720,2024-12-31,1,8782000000,0.064,,,,,2822000000,-0.031,2815000000,-0.033,,1944000000,,71.05,,,,,,,,,,,,,,,,,,,,,,true,false,3,2024-01-01,2024-03-31,-1
2025-05-14,96720,2025-12-31,1,18738000000,0.004,,,,,5801000000,-0.112,5800000000,-0.114,,3947000000,,146.36,,,,,,,,,,,,,,,,,,,,,,true,true,6,2025-01-01,2025-06-30,0
2025-05-14,96720,2025-12-31,1,41293000000,0.021,,,,,14132000000,0.015,14122000000,0.015,,9861000000,,365.67,,,,,,,,,,,,,,,,,,,,,,true,true,12,2025-01-01,2025-12-31,0
2025-05-14,96720,2024-12-31,1,,,,,,,,,,,,,,,,,,,,122405000000,91142000000,0.744,,91028000000,,,,,,,,,,,,true,false,12,2024-01-01,2024-12-31,-1
2025-05-14,96720,2024-12-31,1,,,,,,,,,,,,,,,,,,,,,,,,,,,,,113.00,,,,28764854,2074165,,false,false,12,2024-01-01,2024-12-31,-1
2025-05-14,96720,2025-12-31,1,,,,,,,,,,,,,,,,,,,,,,,,,,,,,110.00,,,,,,,false,true,12,2025-01-01,2025-12-31,0
2025-05-14,96720,2025-12-31,1,,,,,,,,,,,,,,,,,,,,,,,,,,,,,,,,,28764854,2074656,26690395,false,false,3,2025-01-01,2025-03-31,0
2025-05-14,96720,2024-12-31,1,,,,,,,,,,,,,,,,,,,,,,,,,,,,,,,,,,,27363010,false,false,3,2024-01-01,2024-03-31,-1
