filing_date,code,fiscal_year_end,quarterly_period,net_sales,net_sales_change,revenue,revenue_change,operating_revenue,operating_revenue_change,operating_profit,operating_profit_change,ordinary_profit,ordinary_profit_change,net_income,net_income_of_parent,net_income_change,eps,diluted_eps,roe,roa,operating_profit_to_net_sales,operating_profit_to_revenue,total_assets,net_assets,equity_ratio,bps,owner_equity,operating_cash_flow,investing_cash_flow,financing_cash_flow,cash,dividend_per_share,payout_ratio,commemorative_dividend,extra_dividend,number_of_shares,number_of_treqsury_shares,avg_number_of_shares,is_consolidated,is_forecast,duration,period_start,period_end,period_pos
2015-05-12,96860,2015-03-31,,19841000000,0.027,,,,,683000000,-0.033,843000000,-0.035,444000000,,-0.007,42.35,,0.023,0.035,0.034,,24377000000,19474000000,0.799,1854.83,19474000000,1134000000,-664000000,-89000000,6710000000,,0.472,,,,,,true,false,12,2014-04-01,2015-03-31,0
2015-05-12,96860,2014-03-31,,19322000000,0.051,,,,,706000000,0.436,873000000,0.401,447000000,,0.338,42.65,,0.024,0.039,0.037,,22619000000,18526000000,0.819,1764.59,18526000000,732000000,-580000000,-240000000,6330000000,,0.469,,,,,,true,false,12,2013-04-01,2014-03-31,-1
2015-05-12,96860,2016-03-31,,10100000000,0.044,,,,,400000000,0.102,480000000,0.079,,280000000,,26.66,,,,,,,,,,,,,,,,,,,,,,true,true,6,2015-04-01,2015-09-30,1
2015-05-12,96860,2016-03-31,,20600000000,0.038,,,,,880000000,0.288,1030000000,0.222,,600000000,,57.14,,,,,,,,,,,,,,,,0.350,,,,,,true,true,12,2015-04-01,2016-03-31,1
2015-05-12,96860,2015-03-31,,14334000000,0.036,,,,,331000000,-0.128,651000000,-0.034,359000000,,-0.039,34.23,,,,,,22303000000,18661000000,0.837,1777.43,18661000000,,,,,20.00,,,,11440000,940953,10499180,false,false,12,2014-04-01,2015-03-31,0
2015-05-12,96860,2014-03-31,,13830000000,0.037,,,,,379000000,0.266,674000000,0.254,373000000,,0.165,35.60,,,,,,21076000000,17886000000,0.849,1703.60,17886000000,,,,,20.00,,,,11440000,940717,10499376,false,false,12,2013-04-01,2014-03-31,-1
2015-05-12,96860,2016-03-31,,7400000000,0.059,,,,,,,480000000,0.148,340000000,,0.360,32.38,,,,,,,,,,,,,,,,,,,,,,false,true,6,2015-04-01,2015-09-30,1
2015-05-12,96860,2016-03-31,,15000000000,0.046,,,,,,,850000000,0.306,550000000,,0.532,52.38,,,,,,,,,,,,,,,20.00,,,,,,,false,true,12,2015-04-01,2016-03-31,1
2015-07-31,96860,2016-03-31,1,4987000000,0.055,,,,,111000000,0.018,173000000,-0.004,,103000000,,9.89,,,,,,24082000000,19809000000,0.823,1884.51,19809000000,,,,,,,,,,,,true,false,3,2015-04-01,2015-06-30,0
2015-07-31,96860,2015-03-31,1,4725000000,0.023,,,,,109000000,-0.298,174000000,-0.208,,100000000,,9.52,,,,,,,,,,,,,,,,,,,,,,true,false,3,2014-04-01,2014-06-30,-1
2015-07-31,96860,2016-03-31,1,10100000000,0.044,,,,,400000000,0.102,480000000,0.079,,280000000,,26.66,,,,,,,,,,,,,,,,,,,,,,true,true,6,2015-04-01,2015-09-30,0
2015-07-31,96860,2016-03-31,1,20600000000,0.038,,,,,880000000,0.288,1030000000,0.222,,600000000,,57.14,,,,,,,,,,,,,,,,,,,,,,true,true,12,2015-04-01,2016-03-31,0
2015-07-31,96860,2015-03-31,1,,,,,,,,,,,,,,,,,,,,24377000000,19474000000,0.799,1854.83,19474000000,,,,,,,,,,,,true,false,12,2014-04-01,2015-03-31,-1
2015-07-31,96860,2015-03-31,1,,,,,,,,,,,,,,,,,,,,,,,,,,,,,20.00,,,,11440000,940953,,false,false,12,2014-04-01,2015-03-31,-1
2015-07-31,96860,2016-03-31,1,,,,,,,,,,,,,,,,,,,,,,,,,,,,,20.00,,,,,,,false,true,12,2015-04-01,2016-03-31,0
2015-07-31,96860,2016-03-31,1,,,,,,,,,,,,,,,,,,,,,,,,,,,,,,,,,11440000,928483,10505694,false,false,3,2015-04-01,2015-06-30,0
2015-07-31,96860,2015-03-31,1,,,,,,,,,,,,,,,,,,,,,,,,,,,,,,,,,,,10499273,false,false,3,2014-04-01,2014-06-30,-1
,96860,2016-03-31,,,,,,,,,,,,,,,,,,,,,,,,,,,,,,30.00,,,,,,,false,true,12,2015-04-01,2016-03-31,0
,96860,2015-03-31,,,,,,,,,,,,,,,,,,,,,,,,,,,,,,20.00,,,,,,,false,false,12,2014-04-01,2015-03-31,-1
2015-11-06,96860,2016-03-31,2,10219000000,0.057,,,,,329000000,-0.092,420000000,-0.056,,234000000,,22.34,,,,,,24300000000,19775000000,0.812,1876.57,19741000000,,,,,,,,,,,,true,false,6,2015-04-01,2015-09-30,0
2015-11-06,96860,2015-03-31,2,9670000000,0.031,,,,,363000000,0.045,445000000,0.012,,217000000,,20.72,,,,,,,,,,,,,,,,,,,,,,true,false,6,2014-04-01,2014-09-30,-1
2015-11-06,96860,2016-03-31,2,21000000000,0.058,,,,,730000000,0.069,870000000,0.032,,510000000,,48.51,,,,,,,,,,,,,,,,,,,,,,true,true,12,2015-04-01,2016-03-31,0
2015-11-06,96860,2015-03-31,2,,,,,,,,,,,,,,,,,,,,24377000000,19474000000,0.799,1854.83,19474000000,,,,,,,,,,,,true,false,12,2014-04-01,2015-03-31,-1
2015-11-06,96860,2015-03-31,2,,,,,,,,,,,,,,,,,,,,,,,,,,,,,20.00,,,,11440000,810153,,false,false,12,2014-04-01,2015-03-31,-1
2015-11-06,96860,2016-03-31,2,,,,,,,,,,,,,,,,,,,,,,,,,,,,,10.00,,,,,,,false,false,12,2015-04-01,2016-03-31,0
2015-11-06,96860,2016-03-31,2,,,,,,,,,,,,,,,,,,,,,,,,,,,,,30.00,,,,,,,false,true,12,2015-04-01,2016-03-31,0
2015-11-06,96860,2016-03-31,2,,,,,,,,,,,,,,,,,,,,,,,,,,,,,,,,,11440000,920269,10511548,false,false,6,2015-04-01,2015-09-30,0
2015-11-06,96860,2015-03-31,2,,,,,,,,,,,,,,,,,,,,,,,,,,,,,,,,,,,10499248,false,false,6,2014-04-01,2014-09-30,-1
2016-02-02,96860,2016-03-31,3,15337000000,0.041,,,,,536000000,-0.026,672000000,-0.018,,350000000,,33.31,,,,,,24782000000,19405000000,0.783,1839.18,19405000000,,,,,,,,,,,,true,false,9,2015-04-01,2015-12-31,0
2016-02-02,96860,2015-03-31,3,14732000000,0.021,,,,,550000000,0.069,684000000,0.032,,350000000,,33.34,,,,,,,,,,,,,,,,,,,,,,true,false,9,2014-04-01,2014-12-31,-1
2016-02-02,96860,2016-03-31,3,21000000000,0.058,,,,,730000000,0.069,870000000,0.032,,510000000,,48.51,,,,,,,,,,,,,,,,,,,,,,true,true,12,2015-04-01,2016-03-31,0
2016-02-02,96860,2015-03-31,3,,,,,,,,,,,,,,,,,,,,24377000000,19474000000,0.799,1854.83,19474000000,,,,,,,,,,,,true,false,12,2014-04-01,2015-03-31,-1
2016-02-02,96860,2015-03-31,3,,,,,,,,,,,,,,,,,,,,,,,,,,,,,20.00,,,,11440000,940953,,false,false,12,2014-04-01,2015-03-31,-1
2016-02-02,96860,2016-03-31,3,,,,,,,,,,,,,,,,,,,,,,,,,,,,,10.00,,,,,,,false,false,12,2015-04-01,2016-03-31,0
2016-02-02,96860,2016-03-31,3,,,,,,,,,,,,,,,,,,,,,,,,,,,,,30.00,,,,,,,false,true,12,2015-04-01,2016-03-31,0
2016-02-02,96860,2016-03-31,3,,,,,,,,,,,,,,,,,,,,,,,,,,,,,,,,,11440000,907269,10516487,false,false,9,2015-04-01,2015-12-31,0
2016-02-02,96860,2015-03-31,3,,,,,,,,,,,,,,,,,,,,,,,,,,,,,,,,,,,10499221,false,false,9,2014-04-01,2014-12-31,-1
2016-04-27,96860,2016-03-31,,20818000000,-0.009,,,,,615000000,-0.158,765000000,-0.121,,314000000,,29.88,,,,,,,,,,,,,,,,,,,,,,true,true,12,2015-04-01,2016-03-31,0
2016-04-27,96860,2015-03-31,,19875000000,,,,,,698000000,,843000000,,,444000000,,42.30,,,,,,,,,,,,,,,,,,,,,,true,false,12,2014-04-01,2015-03-31,-1
2016-05-10,96860,2016-03-31,,20818000000,0.047,,,,,615000000,-0.119,765000000,-0.092,,314000000,,29.88,,0.016,0.031,0.030,,24712000000,19279000000,0.780,1825.75,19279000000,1191000000,-1911000000,-533000000,5456000000,,1.004,,,,,,true,false,12,2015-04-01,2016-03-31,0
2016-05-10,96860,2015-03-31,,19875000000,0.029,,,,,698000000,-0.012,843000000,-0.035,,444000000,,42.35,,0.023,0.035,0.034,,24377000000,19474000000,0.799,1854.83,19474000000,1134000000,-664000000,-89000000,6710000000,,0.472,,,,,,true,false,12,2014-04-01,2015-03-31,-1
2016-05-10,96860,2017-03-31,,10700000000,0.044,,,,,270000000,-0.211,340000000,-0.192,,170000000,,16.13,,,,,,,,,,,,,,,,,,,,,,true,true,6,2016-04-01,2016-09-30,1
2016-05-10,96860,2017-03-31,,22000000000,0.057,,,,,750000000,0.219,860000000,0.123,,500000000,,47.44,,,,,,,,,,,,,,,,0.422,,,,,,true,true,12,2016-04-01,2017-03-31,1
2016-05-10,96860,2016-03-31,,14778000000,0.028,,,,,301000000,-0.127,680000000,0.044,340000000,,-0.054,32.32,,,,,,22921000000,18505000000,0.807,1755.81,18505000000,,,,,30.00,,,,11440000,900429,10521683,false,false,12,2015-04-01,2016-03-31,0
2016-05-10,96860,2015-03-31,,14369000000,0.039,,,,,345000000,-0.090,651000000,-0.034,359000000,,-0.039,34.23,,,,,,22303000000,18661000000,0.837,1777.43,18661000000,,,,,20.00,,,,11440000,940953,10499180,false,false,12,2014-04-01,2015-03-31,-1
2016-05-10,96860,2017-03-31,,7600000000,0.046,,,,,,,350000000,-0.282,230000000,,-0.345,21.82,,,,,,,,,,,,,,,,,,,,,,false,true,6,2016-04-01,2016-09-30,1
2016-05-10,96860,2017-03-31,,15600000000,0.056,,,,,,,710000000,0.044,450000000,,0.323,42.70,,,,,,,,,,,,,,,20.00,,,,,,,false,true,12,2016-04-01,2017-03-31,1
2016-08-02,96860,2017-03-31,1,5117000000,0.024,,,,,112000000,-0.034,157000000,-0.094,,110000000,,10.50,,,,,,23528000000,19008000000,0.806,1798.24,18972000000,,,,,,,,,,,,true,false,3,2016-04-01,2016-06-30,0
2016-08-02,96860,2016-03-31,1,4995000000,0.057,,,,,116000000,0.055,173000000,-0.004,,103000000,,9.89,,,,,,,,,,,,,,,,,,,,,,true,false,3,2015-04-01,2015-06-30,-1
2016-08-02,96860,2017-03-31,1,10700000000,0.044,,,,,270000000,-0.211,340000000,-0.192,,170000000,,16.13,,,,,,,,,,,,,,,,,,,,,,true,true,6,2016-04-01,2016-09-30,0
2016-08-02,96860,2017-03-31,1,22000000000,0.057,,,,,750000000,0.219,860000000,0.123,,500000000,,47.44,,,,,,,,,,,,,,,,,,,,,,true,true,12,2016-04-01,2017-03-31,0
2016-08-02,96860,2016-03-31,1,,,,,,,,,,,,,,,,,,,,24712000000,19279000000,0.779,1825.75,19279000000,,,,,,,,,,,,true,false,12,2015-04-01,2016-03-31,-1
2016-08-02,96860,2016-03-31,1,,,,,,,,,,,,,,,,,,,,,,,,,,,,,30.00,,,,11440000,900429,,false,false,12,2015-04-01,2016-03-31,-1
2016-08-02,96860,2017-03-31,1,,,,,,,,,,,,,,,,,,,,,,,,,,,,,20.00,,,,,,,false,true,12,2016-04-01,2017-03-31,0
2016-08-02,96860,2017-03-31,1,,,,,,,,,,,,,,,,,,,,,,,,,,,,,,,,,11440000,889329,10545471,false,false,3,2016-04-01,2016-06-30,0
2016-08-02,96860,2016-03-31,1,,,,,,,,,,,,,,,,,,,,,,,,,,,,,,,,,,,10505694,false,false,3,2015-04-01,2015-06-30,-1
2016-11-02,96860,2017-03-31,2,10292000000,0.005,,,,,244000000,-0.276,301000000,-0.283,,189000000,,17.92,,,,,,24758000000,19228000000,0.775,1817.28,19191000000,,,,,,,,,,,,true,false,6,2016-04-01,2016-09-30,0
2016-11-02,96860,2016-03-31,2,10237000000,0.059,,,,,338000000,-0.069,420000000,-0.056,,234000000,,22.34,,,,,,,,,,,,,,,,,,,,,,true,false,6,2015-04-01,2015-09-30,-1
2016-11-02,96860,2017-03-31,2,22000000000,0.057,,,,,750000000,0.219,860000000,0.123,,500000000,,47.44,,,,,,,,,,,,,,,,,,,,,,true,true,12,2016-04-01,2017-03-31,0
2016-11-02,96860,2016-03-31,2,,,,,,,,,,,,,,,,,,,,24712000000,19279000000,0.779,1825.75,19242000000,,,,,,,,,,,,true,false,12,2015-04-01,2016-03-31,-1
2016-11-02,96860,2016-03-31,2,,,,,,,,,,,,,,,,,,,,,,,,,,,,,30.00,,,,11440000,900429,,false,false,12,2015-04-01,2016-03-31,-1
2016-11-02,96860,2017-03-31,2,,,,,,,,,,,,,,,,,,,,,,,,,,,,,10.00,,,,,,,false,false,12,2016-04-01,2017-03-31,0
2016-11-02,96860,2017-03-31,2,,,,,,,,,,,,,,,,,,,,,,,,,,,,,20.00,,,,,,,false,true,12,2016-04-01,2017-03-31,0
2016-11-02,96860,2017-03-31,2,,,,,,,,,,,,,,,,,,,,,,,,,,,,,,,,,11440000,879259,10551911,false,false,6,2016-04-01,2016-09-30,0
2016-11-02,96860,2016-03-31,2,,,,,,,,,,,,,,,,,,,,,,,,,,,,,,,,,,,10511548,false,false,6,2015-04-01,2015-09-30,-1
2017-02-01,96860,2017-03-31,3,15476000000,0.007,,,,,407000000,-0.256,504000000,-0.248,,296000000,,28.04,,,,,,27001000000,19405000000,0.717,1831.63,19368000000,,,,,,,,,,,,true,false,9,2016-04-01,2016-12-31,0
2017-02-01,96860,2016-03-31,3,15363000000,0.042,,,,,548000000,-0.003,672000000,-0.018,,350000000,,33.31,,,,,,,,,,,,,,,,,,,,,,true,false,9,2015-04-01,2015-12-31,-1
2017-02-01,96860,2017-03-31,3,22000000000,0.057,,,,,750000000,0.219,860000000,0.123,,500000000,,47.44,,,,,,,,,,,,,,,,,,,,,,true,true,12,2016-04-01,2017-03-31,0
2017-02-01,96860,2016-03-31,3,,,,,,,,,,,,,,,,,,,,24712000000,19279000000,0.779,1825.75,19242000000,,,,,,,,,,,,true,false,12,2015-04-01,2016-03-31,-1
2017-02-01,96860,2016-03-31,3,,,,,,,,,,,,,,,,,,,,,,,,,,,,,30.00,,,,11440000,900429,,false,false,12,2015-04-01,2016-03-31,-1
2017-02-01,96860,2017-03-31,3,,,,,,,,,,,,,,,,,,,,,,,,,,,,,10.00,,,,,,,false,false,12,2016-04-01,2017-03-31,0
2017-02-01,96860,2017-03-31,3,,,,,,,,,,,,,,,,,,,,,,,,,,,,,20.00,,,,,,,false,true,12,2016-04-01,2017-03-31,0
2017-02-01,96860,2017-03-31,3,,,,,,,,,,,,,,,,,,,,,,,,,,,,,,,,,11440000,865689,10557151,false,false,9,2016-04-01,2016-12-31,0
2017-02-01,96860,2016-03-31,3,,,,,,,,,,,,,,,,,,,,,,,,,,,,,,,,,,,10516487,false,false,9,2015-04-01,2015-12-31,-1
2017-05-10,96860,2017-03-31,,21274000000,0.022,,,,,658000000,0.071,778000000,0.016,,471000000,,44.67,,0.024,0.030,0.031,,26354000000,19544000000,0.742,1847.04,19544000000,107000000,-1362000000,1628000000,5830000000,,0.560,,,,,,true,false,12,2016-04-01,2017-03-31,0
2017-05-10,96860,2016-03-31,,20818000000,0.047,,,,,615000000,-0.119,765000000,-0.092,,314000000,,29.88,,0.016,0.031,0.030,,24712000000,19279000000,0.780,1825.75,19242000000,1191000000,-1911000000,-533000000,5456000000,,1.004,,,,,,true,false,12,2015-04-01,2016-03-31,-1
2017-05-10,96860,2018-03-31,,23000000000,0.081,,,,,1000000000,0.518,1100000000,0.414,,660000000,,62.48,,,,,,,,,,,,,,,,0.400,,,,,,true,true,12,2017-04-01,2018-03-31,1
2017-05-10,96860,2017-03-31,,15018000000,0.016,,,,,451000000,0.497,748000000,0.100,521000000,,0.532,49.33,,,,,,24730000000,18855000000,0.762,1781.91,18855000000,,,,,25.00,,,,11440000,858389,10562666,false,false,12,2016-04-01,2017-03-31,0
2017-05-10,96860,2016-03-31,,14778000000,0.028,,,,,301000000,-0.127,680000000,0.044,340000000,,-0.054,32.32,,,,,,22921000000,18505000000,0.807,1755.81,18505000000,,,,,30.00,,,,11440000,900429,10521683,false,false,12,2015-04-01,2016-03-31,-1
2017-05-10,96860,2018-03-31,,16400000000,0.092,,,,,,,850000000,0.136,550000000,,0.055,52.06,,,,,,,,,,,,,,,25.00,,,,,,,false,true,12,2017-04-01,2018-03-31,1
2017-08-02,96860,2018-03-31,1,5369000000,0.049,,,,,167000000,0.496,214000000,0.362,,97000000,,9.23,,,,,,26380000000,19747000000,0.749,,19747000000,,,,,,,,,,,,true,false,3,2017-04-01,2017-06-30,0
2017-08-02,96860,2017-03-31,1,5117000000,0.024,,,,,112000000,-0.034,157000000,-0.094,,110000000,,10.50,,,,,,,,,,,,,,,,,,,,,,true,false,3,2016-04-01,2016-06-30,-1
2017-08-02,96860,2018-03-31,1,23000000000,0.081,,,,,1000000000,0.518,1100000000,0.414,,660000000,,62.48,,,,,,,,,,,,,,,,,,,,,,true,true,12,2017-04-01,2018-03-31,0
2017-08-02,96860,2017-03-31,1,,,,,,,,,,,,,,,,,,,,26354000000,19544000000,0.742,,19544000000,,,,,,,,,,,,true,false,12,2016-04-01,2017-03-31,-1
2017-08-02,96860,2017-03-31,1,,,,,,,,,,,,,,,,,,,,,,,,,,,,,25.00,,,,11440000,858389,,false,false,12,2016-04-01,2017-03-31,-1
2017-08-02,96860,2018-03-31,1,,,,,,,,,,,,,,,,,,,,,,,,,,,,,25.00,,,,,,,false,true,12,2017-04-01,2018-03-31,0
2017-08-02,96860,2018-03-31,1,,,,,,,,,,,,,,,,,,,,,,,,,,,,,,,,,11440000,846619,10587924,false,false,3,2017-04-01,2017-06-30,0
2017-08-02,96860,2017-03-31,1,,,,,,,,,,,,,,,,,,,,,,,,,,,,,,,,,,,10545471,false,false,3,2016-04-01,2016-06-30,-1
2017-11-02,96860,2018-03-31,2,10841000000,0.053,,,,,386000000,0.578,441000000,0.462,,218000000,,20.58,,,,,,27737000000,20171000000,0.727,,20171000000,,,,,,,,,,,,true,false,6,2017-04-01,2017-09-30,0
2017-11-02,96860,2017-03-31,2,10292000000,0.005,,,,,244000000,-0.276,301000000,-0.283,,189000000,,17.92,,,,,,,,,,,,,,,,,,,,,,true,false,6,2016-04-01,2016-09-30,-1
2017-11-02,96860,2018-03-31,2,23000000000,0.081,,,,,1000000000,0.518,1100000000,0.414,,660000000,,62.48,,,,,,,,,,,,,,,,,,,,,,true,true,9,2017-04-01,2017-12-31,0
2017-11-02,96860,2018-03-31,2,22500000000,0.058,,,,,900000000,0.366,1000000000,0.285,,580000000,,54.75,,,,,,,,,,,,,,,,,,,,,,true,true,12,2017-04-01,2018-03-31,0
2017-11-02,96860,2017-03-31,2,,,,,,,,,,,,,,,,,,,,26354000000,19544000000,0.742,,19544000000,,,,,,,,,,,,true,false,12,2016-04-01,2017-03-31,-1
2017-11-02,96860,2017-03-31,2,,,,,,,,,,,,,,,,,,,,,,,,,,,,,25.00,,,,11440000,858389,,false,false,12,2016-04-01,2017-03-31,-1
2017-11-02,96860,2018-03-31,2,,,,,,,,,,,,,,,,,,,,,,,,,,,,,12.50,,,,,,,false,false,12,2017-04-01,2018-03-31,0
2017-11-02,96860,2018-03-31,2,,,,,,,,,,,,,,,,,,,,,,,,,,,,,25.00,,,,,,,false,true,12,2017-04-01,2018-03-31,0
2017-11-02,96860,2018-03-31,2,,,,,,,,,,,,,,,,,,,,,,,,,,,,,,,,,11440000,836949,10594276,false,false,6,2017-04-01,2017-09-30,0
2017-11-02,96860,2017-03-31,2,,,,,,,,,,,,,,,,,,,,,,,,,,,,,,,,,,,10551911,false,false,6,2016-04-01,2016-09-30,-1
2018-02-01,96860,2018-03-31,3,16371000000,0.058,,,,,590000000,0.448,677000000,0.342,,348000000,,32.92,,,,,,30248000000,20373000000,0.674,,20373000000,,,,,,,,,,,,true,false,9,2017-04-01,2017-12-31,0
2018-02-01,96860,2017-03-31,3,15476000000,0.007,,,,,407000000,-0.256,504000000,-0.248,,296000000,,28.04,,,,,,,,,,,,,,,,,,,,,,true,false,9,2016-04-01,2016-12-31,-1
2018-02-01,96860,2018-03-31,3,22500000000,0.058,,,,,900000000,0.366,1000000000,0.285,,580000000,,54.75,,,,,,,,,,,,,,,,,,,,,,true,true,12,2017-04-01,2018-03-31,0
2018-02-01,96860,2017-03-31,3,,,,,,,,,,,,,,,,,,,,26354000000,19544000000,0.742,,19544000000,,,,,,,,,,,,true,false,12,2016-04-01,2017-03-31,-1
2018-02-01,96860,2017-03-31,3,,,,,,,,,,,,,,,,,,,,,,,,,,,,,25.00,,,,11440000,858389,,false,false,12,2016-04-01,2017-03-31,-1
2018-02-01,96860,2018-03-31,3,,,,,,,,,,,,,,,,,,,,,,,,,,,,,12.50,,,,,,,false,false,12,2017-04-01,2018-03-31,0
2018-02-01,96860,2018-03-31,3,,,,,,,,,,,,,,,,,,,,,,,,,,,,,25.00,,,,,,,false,true,12,2017-04-01,2018-03-31,0
2018-02-01,96860,2018-03-31,3,,,,,,,,,,,,,,,,,,,,,,,,,,,,,,,,,11440000,823149,10599512,false,false,9,2017-04-01,2017-12-31,0
2018-02-01,96860,2017-03-31,3,,,,,,,,,,,,,,,,,,,,,,,,,,,,,,,,,,,10557151,false,false,9,2016-04-01,2016-12-31,-1
2018-05-10,96860,2018-03-31,,22184000000,0.043,,,,,959000000,0.456,1062000000,0.365,,595000000,,56.11,,0.029,0.037,0.043,,28864000000,20549000000,0.712,1934.30,20549000000,1762000000,-2209000000,-141000000,5241000000,,0.463,,,,,,true,false,12,2017-04-01,2018-03-31,0
2018-05-10,96860,2017-03-31,,21274000000,0.022,,,,,658000000,0.071,778000000,0.016,,471000000,,44.67,,0.024,0.030,0.031,,26354000000,19544000000,0.742,1847.04,19544000000,107000000,-1362000000,1628000000,5830000000,,0.560,,,,,,true,false,12,2016-04-01,2017-03-31,-1
2018-05-10,96860,2019-03-31,,23000000000,0.037,,,,,1000000000,0.043,1100000000,0.036,,600000000,,56.57,,,,,,,,,,,,,,,,0.460,,,,,,true,true,12,2018-04-01,2019-03-31,1
2018-05-10,96860,2018-03-31,,15917000000,0.060,,,,,457000000,0.012,702000000,-0.061,392000000,,-0.246,37.03,,,,,,26820000000,19629000000,0.732,1847.70,19629000000,,,,,26.00,,,,11440000,816349,10604988,false,false,12,2017-04-01,2018-03-31,0
2018-05-10,96860,2017-03-31,,15018000000,0.016,,,,,451000000,0.497,748000000,0.100,521000000,,0.532,49.33,,,,,,24730000000,18855000000,0.762,1781.91,18855000000,,,,,25.00,,,,11440000,858389,10562666,false,false,12,2016-04-01,2017-03-31,-1
2018-05-10,96860,2019-03-31,,16500000000,0.037,,,,,,,800000000,0.139,500000000,,0.273,47.14,,,,,,,,,,,,,,,26.00,,,,,,,false,true,12,2018-04-01,2019-03-31,1
2018-08-02,96860,2019-03-31,1,5524000000,0.029,,,,,215000000,0.285,278000000,0.300,,162000000,,15.24,,,,,,28961000000,21013000000,0.726,,21013000000,,,,,,,,,,,,true,false,3,2018-04-01,2018-06-30,0
2018-08-02,96860,2018-03-31,1,5369000000,0.049,,,,,167000000,0.496,214000000,0.362,,97000000,,9.23,,,,,,,,,,,,,,,,,,,,,,true,false,3,2017-04-01,2017-06-30,-1
2018-08-02,96860,2019-03-31,1,23000000000,0.037,,,,,1000000000,0.043,1100000000,0.036,,600000000,,56.57,,,,,,,,,,,,,,,,,,,,,,true,true,12,2018-04-01,2019-03-31,0
2018-08-02,96860,2018-03-31,1,,,,,,,,,,,,,,,,,,,,28665000000,20549000000,0.717,,20549000000,,,,,,,,,,,,true,false,12,2017-04-01,2018-03-31,-1
2018-08-02,96860,2018-03-31,1,,,,,,,,,,,,,,,,,,,,,,,,,,,,,26.00,,,,11440000,816349,,false,false,12,2017-04-01,2018-03-31,-1
2018-08-02,96860,2019-03-31,1,,,,,,,,,,,,,,,,,,,,,,,,,,,,,26.00,,,,,,,false,true,12,2018-04-01,2019-03-31,0
2018-08-02,96860,2019-03-31,1,,,,,,,,,,,,,,,,,,,,,,,,,,,,,,,,,11440000,803093,10630470,false,false,3,2018-04-01,2018-06-30,0
2018-08-02,96860,2018-03-31,1,,,,,,,,,,,,,,,,,,,,,,,,,,,,,,,,,,,10587924,false,false,3,2017-04-01,2017-06-30,-1
2018-11-01,96860,2019-03-31,2,11165000000,0.030,,,,,430000000,0.114,506000000,0.149,,288000000,,27.05,,,,,,29811000000,21179000000,0.710,,21179000000,,,,,,,,,,,,true,false,6,2018-04-01,2018-09-30,0
2018-11-01,96860,2018-03-31,2,10841000000,0.053,,,,,386000000,0.578,441000000,0.462,,218000000,,20.58,,,,,,,,,,,,,,,,,,,,,,true,false,6,2017-04-01,2017-09-30,-1
2018-11-01,96860,2019-03-31,2,23000000000,0.037,,,,,1000000000,0.043,1100000000,0.036,,600000000,,56.57,,,,,,,,,,,,,,,,,,,,,,true,true,12,2018-04-01,2019-03-31,0
2018-11-01,96860,2018-03-31,2,,,,,,,,,,,,,,,,,,,,28665000000,20549000000,0.717,,20549000000,,,,,,,,,,,,true,false,12,2017-04-01,2018-03-31,-1
2018-11-01,96860,2018-03-31,2,,,,,,,,,,,,,,,,,,,,,,,,,,,,,26.00,,,,11440000,816349,,false,false,12,2017-04-01,2018-03-31,-1
2018-11-01,96860,2019-03-31,2,,,,,,,,,,,,,,,,,,,,,,,,,,,,,13.00,,,,,,,false,false,12,2018-04-01,2019-03-31,0
2018-11-01,96860,2019-03-31,2,,,,,,,,,,,,,,,,,,,,,,,,,,,,,26.00,,,,,,,false,true,12,2018-04-01,2019-03-31,0
2018-11-01,96860,2019-03-31,2,,,,,,,,,,,,,,,,,,,,,,,,,,,,,,,,,11440000,776402,10645932,false,false,6,2018-04-01,2018-09-30,0
2018-11-01,96860,2018-03-31,2,,,,,,,,,,,,,,,,,,,,,,,,,,,,,,,,,,,10594276,false,false,6,2017-04-01,2017-09-30,-1
2019-01-30,96860,2019-03-31,3,16967000000,0.036,,,,,721000000,0.222,874000000,0.291,,513000000,,48.53,,,,,,31488000000,20466000000,0.650,,20466000000,,,,,,,,,,,,true,false,9,2018-04-01,2018-12-31,0
2019-01-30,96860,2018-03-31,3,16371000000,0.058,,,,,590000000,0.448,677000000,0.342,,348000000,,32.92,,,,,,,,,,,,,,,,,,,,,,true,false,9,2017-04-01,2017-12-31,-1
2019-01-30,96860,2019-03-31,3,23000000000,0.037,,,,,1000000000,0.043,1100000000,0.036,,600000000,,56.57,,,,,,,,,,,,,,,,,,,,,,true,true,12,2018-04-01,2019-03-31,0
2019-01-30,96860,2018-03-31,3,,,,,,,,,,,,,,,,,,,,28665000000,20549000000,0.717,,20549000000,,,,,,,,,,,,true,false,12,2017-04-01,2018-03-31,-1
2019-01-30,96860,2018-03-31,3,,,,,,,,,,,,,,,,,,,,,,,,,,,,,26.00,,,,11440000,816349,,false,false,12,2017-04-01,2018-03-31,-1
2019-01-30,96860,2019-03-31,3,,,,,,,,,,,,,,,,,,,,,,,,,,,,,13.00,,,,,,,false,false,12,2018-04-01,2019-03-31,0
2019-01-30,96860,2019-03-31,3,,,,,,,,,,,,,,,,,,,,,,,,,,,,,26.00,,,,,,,false,true,12,2018-04-01,2019-03-31,0
2019-01-30,96860,2019-03-31,3,,,,,,,,,,,,,,,,,,,,,,,,,,,,,,,,,11440000,961932,10587525,false,false,9,2018-04-01,2018-12-31,0
2019-01-30,96860,2018-03-31,3,,,,,,,,,,,,,,,,,,,,,,,,,,,,,,,,,,,10599512,false,false,9,2017-04-01,2017-12-31,-1
2019-05-09,96860,2019-03-31,,23233000000,0.047,,,,,1029000000,0.073,1204000000,0.134,,705000000,,66.83,,0.034,0.040,0.044,,30868000000,20811000000,0.674,1984.83,20811000000,386000000,-1765000000,1004000000,4866000000,,0.419,,,,,,true,false,12,2018-04-01,2019-03-31,0
2019-05-09,96860,2018-03-31,,22184000000,0.043,,,,,959000000,0.456,1062000000,0.365,,595000000,,56.11,,0.030,0.039,0.043,,28665000000,20549000000,0.717,1934.30,20549000000,1762000000,-2209000000,-141000000,5241000000,,0.463,,,,,,true,false,12,2017-04-01,2018-03-31,-1
2019-05-09,96860,2020-03-31,,24500000000,0.055,,,,,1100000000,0.068,1280000000,0.063,,750000000,,71.01,,,,,,,,,,,,,,,,0.394,,,,,,true,true,12,2019-04-01,2020-03-31,1
2019-05-09,96860,2019-03-31,,16952000000,0.065,,,,,636000000,0.393,972000000,0.384,614000000,,0.564,58.14,,,,,,28753000000,19814000000,0.689,1889.75,19814000000,,,,,28.00,,,,11440000,954662,10561367,false,false,12,2018-04-01,2019-03-31,0
2019-05-09,96860,2018-03-31,,15917000000,0.060,,,,,457000000,0.012,702000000,-0.061,392000000,,-0.246,37.03,,,,,,26642000000,19629000000,0.737,1847.70,19629000000,,,,,26.00,,,,11440000,816349,10604988,false,false,12,2017-04-01,2018-03-31,-1
2019-05-09,96860,2020-03-31,,17100000000,0.009,,,,,,,980000000,0.008,620000000,,0.010,58.70,,,,,,,,,,,,,,,28.00,,,,,,,false,true,12,2019-04-01,2020-03-31,1
2019-08-01,96860,2020-03-31,1,5971000000,0.081,,,,,146000000,-0.322,204000000,-0.268,,323000000,,30.81,,,,,,30883000000,20843000000,0.675,,20843000000,,,,,,,,,,,,true,false,3,2019-04-01,2019-06-30,0
2019-08-01,96860,2019-03-31,1,5524000000,0.029,,,,,215000000,0.285,278000000,0.300,,162000000,,15.24,,,,,,,,,,,,,,,,,,,,,,true,false,3,2018-04-01,2018-06-30,-1
2019-08-01,96860,2020-03-31,1,24500000000,0.055,,,,,1100000000,0.068,1280000000,0.063,,750000000,,71.01,,,,,,,,,,,,,,,,,,,,,,true,true,12,2019-04-01,2020-03-31,0
2019-08-01,96860,2019-03-31,1,,,,,,,,,,,,,,,,,,,,30868000000,20811000000,0.674,,20811000000,,,,,,,,,,,,true,false,12,2018-04-01,2019-03-31,-1
2019-08-01,96860,2019-03-31,1,,,,,,,,,,,,,,,,,,,,,,,,,,,,,28.00,,,,11440000,954662,,false,false,12,2018-04-01,2019-03-31,-1
2019-08-01,96860,2020-03-31,1,,,,,,,,,,,,,,,,,,,,,,,,,,,,,28.00,,,,,,,false,true,12,2019-04-01,2020-03-31,0
2019-08-01,96860,2020-03-31,1,,,,,,,,,,,,,,,,,,,,,,,,,,,,,,,,,11440000,942562,10491705,false,false,3,2019-04-01,2019-06-30,0
2019-08-01,96860,2019-03-31,1,,,,,,,,,,,,,,,,,,,,,,,,,,,,,,,,,,,10630470,false,false,3,2018-04-01,2018-06-30,-1
2019-10-31,96860,2020-03-31,2,12484000000,0.118,,,,,737000000,0.712,835000000,0.648,,701000000,,66.94,,,,,,30411000000,21196000000,0.697,,21196000000,,,,,,,,,,,,true,false,6,2019-04-01,2019-09-30,0
2019-10-31,96860,2019-03-31,2,11165000000,0.030,,,,,430000000,0.114,506000000,0.149,,288000000,,27.05,,,,,,,,,,,,,,,,,,,,,,true,false,6,2018-04-01,2018-09-30,-1
2019-10-31,96860,2020-03-31,2,24500000000,0.055,,,,,1100000000,0.068,1280000000,0.063,,750000000,,71.01,,,,,,,,,,,,,,,,,,,,,,true,true,9,2019-04-01,2019-12-31,0
2019-10-31,96860,2020-03-31,2,24900000000,0.072,,,,,1200000000,0.166,1380000000,0.146,,830000000,,78.58,,,,,,,,,,,,,,,,,,,,,,true,true,12,2019-04-01,2020-03-31,0
2019-10-31,96860,2019-03-31,2,,,,,,,,,,,,,,,,,,,,30868000000,20811000000,0.674,,20811000000,,,,,,,,,,,,true,false,12,2018-04-01,2019-03-31,-1
2019-10-31,96860,2019-03-31,2,,,,,,,,,,,,,,,,,,,,,,,,,,,,,28.00,,,,11440000,954662,,false,false,12,2018-04-01,2019-03-31,-1
2019-10-31,96860,2020-03-31,2,,,,,,,,,,,,,,,,,,,,,,,,,,,,,15.00,,,,,,,false,false,12,2019-04-01,2020-03-31,0
2019-10-31,96860,2020-03-31,2,,,,,,,,,,,,,,,,,,,,,,,,,,,,,30.00,,,,,,,false,true,12,2019-04-01,2020-03-31,0
2019-10-31,96860,2020-03-31,2,,,,,,,,,,,,,,,,,,,,,,,,,,,,,,,,,11440000,1060362,10480205,false,false,6,2019-04-01,2019-09-30,0
2019-10-31,96860,2019-03-31,2,,,,,,,,,,,,,,,,,,,,,,,,,,,,,,,,,,,10645932,false,false,6,2018-04-01,2018-09-30,-1
2020-01-30,96860,2020-03-31,3,18494000000,0.090,,,,,904000000,0.253,1058000000,0.211,,826000000,,79.08,,,,,,32507000000,21599000000,0.664,,21599000000,,,,,,,,,,,,true,false,9,2019-04-01,2019-12-31,0
2020-01-30,96860,2019-03-31,3,16967000000,0.036,,,,,721000000,0.222,874000000,0.291,,513000000,,48.53,,,,,,,,,,,,,,,,,,,,,,true,false,9,2018-04-01,2018-12-31,-1
2020-01-30,96860,2020-03-31,3,24900000000,0.072,,,,,1200000000,0.166,1380000000,0.146,,830000000,,78.58,,,,,,,,,,,,,,,,,,,,,,true,true,12,2019-04-01,2020-03-31,0
2020-01-30,96860,2019-03-31,3,,,,,,,,,,,,,,,,,,,,30868000000,20811000000,0.674,,20811000000,,,,,,,,,,,,true,false,12,2018-04-01,2019-03-31,-1
2020-01-30,96860,2019-03-31,3,,,,,,,,,,,,,,,,,,,,,,,,,,,,,28.00,,,,11440000,954662,,false,false,12,2018-04-01,2019-03-31,-1
2020-01-30,96860,2020-03-31,3,,,,,,,,,,,,,,,,,,,,,,,,,,,,,15.00,,,,,,,false,false,12,2019-04-01,2020-03-31,0
2020-01-30,96860,2020-03-31,3,,,,,,,,,,,,,,,,,,,,,,,,,,,,,30.00,,,,,,,false,true,12,2019-04-01,2020-03-31,0
2020-01-30,96860,2020-03-31,3,,,,,,,,,,,,,,,,,,,,,,,,,,,,,,,,,11440000,1044912,10449249,false,false,9,2019-04-01,2019-12-31,0
2020-01-30,96860,2019-03-31,3,,,,,,,,,,,,,,,,,,,,,,,,,,,,,,,,,,,10587525,false,false,9,2018-04-01,2018-12-31,-1
2020-05-12,96860,2020-03-31,,24842000000,0.069,,,,,1079000000,0.048,1253000000,0.040,,861000000,,82.57,,0.041,0.041,0.043,,29881000000,20845000000,0.698,2003.78,20845000000,2038000000,-1444000000,-527000000,4933000000,,0.363,,,,,,true,false,12,2019-04-01,2020-03-31,0
2020-05-12,96860,2019-03-31,,23233000000,0.047,,,,,1029000000,0.073,1204000000,0.134,,705000000,,66.83,,0.034,0.040,0.044,,30868000000,20811000000,0.674,1984.83,20811000000,386000000,-1765000000,1004000000,4866000000,,0.419,,,,,,true,false,12,2018-04-01,2019-03-31,-1
2020-05-12,96860,2021-03-31,,26000000000,0.047,,,,,600000000,-0.444,720000000,-0.426,,430000000,,41.19,,,,,,,,,,,,,,,,0.728,,,,,,true,true,12,2020-04-01,2021-03-31,1
2020-05-12,96860,2020-03-31,,16859000000,-0.005,,,,,378000000,-0.405,692000000,-0.288,396000000,,-0.354,38.02,,,,,,26802000000,19441000000,0.725,1868.80,19441000000,,,,,30.00,,,,11440000,1036812,10436992,false,false,12,2019-04-01,2020-03-31,0
2020-05-12,96860,2019-03-31,,16952000000,0.065,,,,,636000000,0.393,972000000,0.384,614000000,,0.564,58.14,,,,,,28753000000,19814000000,0.689,1889.75,19814000000,,,,,28.00,,,,11440000,954662,10561367,false,false,12,2018-04-01,2019-03-31,-1
2020-05-12,96860,2021-03-31,,17000000000,0.008,,,,,,,550000000,-0.205,330000000,,-0.169,31.61,,,,,,,,,,,,,,,30.00,,,,,,,false,true,12,2020-04-01,2021-03-31,1
2020-07-27,96860,2021-03-31,1,6219000000,0.041,,,,,184000000,0.265,242000000,0.186,,133000000,,12.78,,,,,,29168000000,21017000000,0.721,,21017000000,,,,,,,,,,,,true,false,3,2020-04-01,2020-06-30,0
2020-07-27,96860,2020-03-31,1,5971000000,0.081,,,,,146000000,-0.322,204000000,-0.268,,323000000,,30.83,,,,,,,,,,,,,,,,,,,,,,true,false,3,2019-04-01,2019-06-30,-1
2020-07-27,96860,2021-03-31,1,26000000000,0.047,,,,,600000000,-0.444,720000000,-0.426,,430000000,,41.19,,,,,,,,,,,,,,,,,,,,,,true,true,12,2020-04-01,2021-03-31,0
2020-07-27,96860,2020-03-31,1,,,,,,,,,,,,,,,,,,,,29881000000,20845000000,0.698,,20845000000,,,,,,,,,,,,true,false,12,2019-04-01,2020-03-31,-1
2020-07-27,96860,2020-03-31,1,,,,,,,,,,,,,,,,,,,,,,,,,,,,,30.00,,,,11440000,1036812,,false,false,12,2019-04-01,2020-03-31,-1
2020-07-27,96860,2021-03-31,1,,,,,,,,,,,,,,,,,,,,,,,,,,,,,30.00,,,,,,,false,true,12,2020-04-01,2021-03-31,0
2020-07-27,96860,2021-03-31,1,,,,,,,,,,,,,,,,,,,,,,,,,,,,,,,,,11440000,1022312,10410955,false,false,3,2020-04-01,2020-06-30,0
2020-07-27,96860,2020-03-31,1,,,,,,,,,,,,,,,,,,,,,,,,,,,,,,,,,,,10486705,false,false,3,2019-04-01,2019-06-30,-1
2020-10-30,96860,2021-03-31,2,12676000000,0.015,,,,,274000000,-0.627,364000000,-0.563,,247000000,,23.68,,,,,,31499000000,21236000000,0.674,,21236000000,,,,,,,,,,,,true,false,6,2020-04-01,2020-09-30,0
2020-10-30,96860,2020-03-31,2,12484000000,0.118,,,,,737000000,0.712,835000000,0.648,,701000000,,66.94,,,,,,,,,,,,,,,,,,,,,,true,false,6,2019-04-01,2019-09-30,-1
2020-10-30,96860,2021-03-31,2,26000000000,0.047,,,,,600000000,-0.444,720000000,-0.426,,430000000,,41.19,,,,,,,,,,,,,,,,,,,,,,true,true,12,2020-04-01,2021-03-31,0
2020-10-30,96860,2020-03-31,2,,,,,,,,,,,,,,,,,,,,29881000000,20845000000,0.698,,20845000000,,,,,,,,,,,,true,false,12,2019-04-01,2020-03-31,-1
2020-10-30,96860,2020-03-31,2,,,,,,,,,,,,,,,,,,,,,,,,,,,,,30.00,,,,11440000,1036812,,false,false,12,2019-04-01,2020-03-31,-1
2020-10-30,96860,2021-03-31,2,,,,,,,,,,,,,,,,,,,,,,,,,,,,,15.00,,,,,,,false,false,12,2020-04-01,2021-03-31,0
2020-10-30,96860,2021-03-31,2,,,,,,,,,,,,,,,,,,,,,,,,,,,,,30.00,,,,,,,false,true,12,2020-04-01,2021-03-31,0
2020-10-30,96860,2021-03-31,2,,,,,,,,,,,,,,,,,,,,,,,,,,,,,,,,,11440000,981796,10433063,false,false,6,2020-04-01,2020-09-30,0
2020-10-30,96860,2020-03-31,2,,,,,,,,,,,,,,,,,,,,,,,,,,,,,,,,,,,10480205,false,false,6,2019-04-01,2019-09-30,-1
2021-01-29,96860,2021-03-31,3,19221000000,0.039,,,,,475000000,-0.474,610000000,-0.424,,426000000,,40.80,,,,,,32618000000,21315000000,0.653,,21315000000,,,,,,,,,,,,true,false,9,2020-04-01,2020-12-31,0
2021-01-29,96860,2020-03-31,3,18494000000,0.090,,,,,904000000,0.253,1058000000,0.211,,826000000,,79.08,,,,,,,,,,,,,,,,,,,,,,true,false,9,2019-04-01,2019-12-31,-1
2021-01-29,96860,2021-03-31,3,26000000000,0.047,,,,,600000000,-0.444,720000000,-0.426,,430000000,,41.19,,,,,,,,,,,,,,,,,,,,,,true,true,12,2020-04-01,2021-03-31,0
2021-01-29,96860,2020-03-31,3,,,,,,,,,,,,,,,,,,,,29881000000,20845000000,0.698,,20845000000,,,,,,,,,,,,true,false,12,2019-04-01,2020-03-31,-1
2021-01-29,96860,2020-03-31,3,,,,,,,,,,,,,,,,,,,,,,,,,,,,,30.00,,,,11440000,1036812,,false,false,12,2019-04-01,2020-03-31,-1
2021-01-29,96860,2021-03-31,3,,,,,,,,,,,,,,,,,,,,,,,,,,,,,15.00,,,,,,,false,false,12,2020-04-01,2021-03-31,0
2021-01-29,96860,2021-03-31,3,,,,,,,,,,,,,,,,,,,,,,,,,,,,,30.00,,,,,,,false,true,12,2020-04-01,2021-03-31,0
2021-01-29,96860,2021-03-31,3,,,,,,,,,,,,,,,,,,,,,,,,,,,,,,,,,11440000,969026,10443889,false,false,9,2020-04-01,2020-12-31,0
2021-01-29,96860,2020-03-31,3,,,,,,,,,,,,,,,,,,,,,,,,,,,,,,,,,,,10449249,false,false,9,2019-04-01,2019-12-31,-1
2021-05-11,96860,2021-03-31,,26000000000,0.047,,,,,697000000,-0.354,848000000,-0.323,,560000000,,53.67,,0.026,0.027,0.027,,32133000000,21749000000,0.677,2075.38,21749000000,1273000000,-1398000000,576000000,5384000000,,0.559,,,,,,true,false,12,2020-04-01,2021-03-31,0
2021-05-11,96860,2020-03-31,,24842000000,0.069,,,,,1079000000,0.048,1253000000,0.040,,861000000,,82.57,,0.041,0.041,0.043,,29881000000,20845000000,0.698,2003.78,20845000000,2038000000,-1444000000,-527000000,4933000000,,0.363,,,,,,true,false,12,2019-04-01,2020-03-31,-1
2021-05-11,96860,2022-03-31,,27000000000,0.038,,,,,800000000,0.147,900000000,0.061,,540000000,,51.66,,,,,,,,,,,,,,,,0.581,,,,,,true,true,12,2021-04-01,2022-03-31,1
2021-05-11,96860,2021-03-31,,16743000000,-0.007,,,,,151000000,-0.599,476000000,-0.311,387000000,,-0.023,37.10,,,,,,28499000000,19965000000,0.701,1905.16,19965000000,,,,,30.00,,,,11440000,960226,10452110,false,false,12,2020-04-01,2021-03-31,0
2021-05-11,96860,2020-03-31,,16859000000,-0.005,,,,,378000000,-0.405,692000000,-0.288,396000000,,-0.354,38.02,,,,,,26802000000,19441000000,0.725,1868.80,19441000000,,,,,30.00,,,,11440000,1036812,10436992,false,false,12,2019-04-01,2020-03-31,-1
2021-05-11,96860,2022-03-31,,17000000000,0.015,,,,,,,500000000,0.049,300000000,,-0.227,28.70,,,,,,,,,,,,,,,30.00,,,,,,,false,true,12,2021-04-01,2022-03-31,1
2021-07-29,96860,2022-03-31,1,6566000000,0.056,,,,,198000000,0.074,265000000,0.094,,157000000,,15.03,,,,,,31678000000,21454000000,0.677,,21454000000,,,,,,,,,,,,true,false,3,2021-04-01,2021-06-30,0
2021-07-29,96860,2021-03-31,1,6219000000,0.041,,,,,184000000,0.265,242000000,0.186,,133000000,,12.78,,,,,,,,,,,,,,,,,,,,,,true,false,3,2020-04-01,2020-06-30,-1
2021-07-29,96860,2022-03-31,1,27000000000,0.038,,,,,800000000,0.147,900000000,0.061,,540000000,,51.66,,,,,,,,,,,,,,,,,,,,,,true,true,12,2021-04-01,2022-03-31,0
2021-07-29,96860,2021-03-31,1,,,,,,,,,,,,,,,,,,,,32133000000,21749000000,0.677,,21749000000,,,,,,,,,,,,true,false,12,2020-04-01,2021-03-31,-1
2021-07-29,96860,2021-03-31,1,,,,,,,,,,,,,,,,,,,,,,,,,,,,,30.00,,,,11440000,960226,,false,false,12,2020-04-01,2021-03-31,-1
2021-07-29,96860,2022-03-31,1,,,,,,,,,,,,,,,,,,,,,,,,,,,,,30.00,,,,,,,false,true,12,2021-04-01,2022-03-31,0
2021-07-29,96860,2022-03-31,1,,,,,,,,,,,,,,,,,,,,,,,,,,,,,,,,,11440000,951226,10486107,false,false,3,2021-04-01,2021-06-30,0
2021-07-29,96860,2021-03-31,1,,,,,,,,,,,,,,,,,,,,,,,,,,,,,,,,,,,10410955,false,false,3,2020-04-01,2020-06-30,-1
2021-10-27,96860,2022-03-31,2,13307000000,0.050,,,,,373000000,0.360,411000000,0.129,,215000000,,20.47,,,,,,32660000000,21719000000,0.665,,21719000000,,,,,,,,,,,,true,false,6,2021-04-01,2021-09-30,0
2021-10-27,96860,2021-03-31,2,12676000000,0.015,,,,,274000000,-0.627,364000000,-0.563,,247000000,,23.68,,,,,,,,,,,,,,,,,,,,,,true,false,6,2020-04-01,2020-09-30,-1
2021-10-27,96860,2022-03-31,2,27000000000,0.038,,,,,800000000,0.147,900000000,0.061,,540000000,,51.66,,,,,,,,,,,,,,,,,,,,,,true,true,12,2021-04-01,2022-03-31,0
2021-10-27,96860,2021-03-31,2,,,,,,,,,,,,,,,,,,,,32133000000,21749000000,0.677,,21749000000,,,,,,,,,,,,true,false,12,2020-04-01,2021-03-31,-1
2021-10-27,96860,2021-03-31,2,,,,,,,,,,,,,,,,,,,,,,,,,,,,,30.00,,,,11440000,960226,,false,false,12,2020-04-01,2021-03-31,-1
2021-10-27,96860,2022-03-31,2,,,,,,,,,,,,,,,,,,,,,,,,,,,,,15.00,,,,,,,false,false,12,2021-04-01,2022-03-31,0
2021-10-27,96860,2022-03-31,2,,,,,,,,,,,,,,,,,,,,,,,,,,,,,30.00,,,,,,,false,true,12,2021-04-01,2022-03-31,0
2021-10-27,96860,2022-03-31,2,,,,,,,,,,,,,,,,,,,,,,,,,,,,,,,,,11440000,897226,10512641,false,false,6,2021-04-01,2021-09-30,0
2021-10-27,96860,2021-03-31,2,,,,,,,,,,,,,,,,,,,,,,,,,,,,,,,,,,,10433063,false,false,6,2020-04-01,2020-09-30,-1
2022-01-31,96860,2022-03-31,3,20122000000,0.047,,,,,542000000,0.141,616000000,0.010,,116000000,,11.03,,,,,,33844000000,21314000000,0.630,,21314000000,,,,,,,,,,,,true,false,9,2021-04-01,2021-12-31,0
2022-01-31,96860,2021-03-31,3,19221000000,0.039,,,,,475000000,-0.474,610000000,-0.424,,426000000,,40.80,,,,,,,,,,,,,,,,,,,,,,true,false,9,2020-04-01,2020-12-31,-1
2022-01-31,96860,2022-03-31,3,27000000000,0.038,,,,,800000000,0.147,900000000,0.061,,540000000,,51.66,,,,,,,,,,,,,,,,,,,,,,true,true,12,2021-04-01,2022-03-31,0
2022-01-31,96860,2021-03-31,3,,,,,,,,,,,,,,,,,,,,32133000000,21749000000,0.677,,21749000000,,,,,,,,,,,,true,false,12,2020-04-01,2021-03-31,-1
2022-01-31,96860,2021-03-31,3,,,,,,,,,,,,,,,,,,,,,,,,,,,,,30.00,,,,11440000,960226,,false,false,12,2020-04-01,2021-03-31,-1
2022-01-31,96860,2022-03-31,3,,,,,,,,,,,,,,,,,,,,,,,,,,,,,15.00,,,,,,,false,false,12,2021-04-01,2022-03-31,0
2022-01-31,96860,2022-03-31,3,,,,,,,,,,,,,,,,,,,,,,,,,,,,,30.00,,,,,,,false,true,12,2021-04-01,2022-03-31,0
2022-01-31,96860,2022-03-31,3,,,,,,,,,,,,,,,,,,,,,,,,,,,,,,,,,11440000,883416,10525321,false,false,9,2021-04-01,2021-12-31,0
2022-01-31,96860,2021-03-31,3,,,,,,,,,,,,,,,,,,,,,,,,,,,,,,,,,,,10443889,false,false,9,2020-04-01,2020-12-31,-1
2022-05-09,96860,2022-03-31,,27465000000,0.056,,,,,848000000,0.218,895000000,0.056,,459000000,,43.61,,0.022,0.029,0.031,,29879000000,20446000000,0.684,1935.00,20446000000,783000000,203000000,-881000000,5490000000,,0.688,,,,,,true,false,12,2021-04-01,2022-03-31,0
2022-05-09,96860,2021-03-31,,26000000000,0.047,,,,,697000000,-0.354,848000000,-0.323,,560000000,,53.67,,0.026,0.027,0.027,,32133000000,21749000000,0.677,2075.38,21749000000,1273000000,-1398000000,576000000,5384000000,,0.559,,,,,,true,false,12,2020-04-01,2021-03-31,-1
2022-05-09,96860,2023-03-31,,30000000000,0.092,,,,,900000000,0.060,900000000,0.005,,540000000,,51.25,,,,,,,,,,,,,,,,,,,,,,true,true,12,2022-04-01,2023-03-31,1
2022-05-09,96860,2022-03-31,,17304000000,0.034,,,,,188000000,0.240,530000000,0.113,272000000,,-0.296,25.90,,,,,,25887000000,18529000000,0.716,1753.61,18529000000,,,,,30.00,,,,11440000,873316,10534820,false,false,12,2021-04-01,2022-03-31,0
2022-05-09,96860,2021-03-31,,16743000000,-0.007,,,,,151000000,-0.599,476000000,-0.311,387000000,,-0.023,37.10,,,,,,28499000000,19965000000,0.701,1905.16,19965000000,,,,,30.00,,,,11440000,960226,10452110,false,false,12,2020-04-01,2021-03-31,-1
2022-05-09,96860,2023-03-31,,17800000000,0.029,,,,,,,550000000,0.037,330000000,,0.209,31.32,,,,,,,,,,,,,,,30.00,,,,,,,false,true,12,2022-04-01,2023-03-31,1
2022-07-28,96860,2023-03-31,1,6605000000,0.006,,,,,-40000000,,45000000,-0.827,,24000000,,2.40,,,,,,31378000000,19883000000,0.634,,19883000000,,,,,,,,,,,,true,false,3,2022-04-01,2022-06-30,0
2022-07-28,96860,2022-03-31,1,6566000000,0.056,,,,,198000000,0.074,265000000,0.094,,157000000,,15.03,,,,,,,,,,,,,,,,,,,,,,true,false,3,2021-04-01,2021-06-30,-1
2022-07-28,96860,2023-03-31,1,30000000000,0.092,,,,,900000000,0.060,900000000,0.005,,540000000,,51.25,,,,,,,,,,,,,,,,,,,,,,true,true,12,2022-04-01,2023-03-31,0
2022-07-28,96860,2022-03-31,1,,,,,,,,,,,,,,,,,,,,29879000000,20446000000,0.684,,20446000000,,,,,,,,,,,,true,false,12,2021-04-01,2022-03-31,-1
2022-07-28,96860,2022-03-31,1,,,,,,,,,,,,,,,,,,,,,,,,,,,,,30.00,,,,11440000,873316,,false,false,12,2021-04-01,2022-03-31,-1
2022-07-28,96860,2023-03-31,1,,,,,,,,,,,,,,,,,,,,,,,,,,,,,30.00,,,,,,,false,true,12,2022-04-01,2023-03-31,0
2022-07-28,96860,2023-03-31,1,,,,,,,,,,,,,,,,,,,,,,,,,,,,,,,,,11440000,1306416,10277917,false,false,3,2022-04-01,2022-06-30,0
2022-07-28,96860,2022-03-31,1,,,,,,,,,,,,,,,,,,,,,,,,,,,,,,,,,,,10486107,false,false,3,2021-04-01,2021-06-30,-1
2022-07-28,96860,2023-03-31,1,6605000000,0.006,,,,,-40000000,,45000000,-0.827,,24000000,,2.40,,,,,,31391000000,19883000000,0.633,,19883000000,,,,,,,,,,,,true,false,3,2022-04-01,2022-06-30,0
2022-07-28,96860,2022-03-31,1,6566000000,0.056,,,,,198000000,0.074,265000000,0.094,,157000000,,15.03,,,,,,,,,,,,,,,,,,,,,,true,false,3,2021-04-01,2021-06-30,-1
2022-07-28,96860,2023-03-31,1,30000000000,0.092,,,,,900000000,0.060,900000000,0.005,,540000000,,51.25,,,,,,,,,,,,,,,,,,,,,,true,true,12,2022-04-01,2023-03-31,0
2022-07-28,96860,2022-03-31,1,,,,,,,,,,,,,,,,,,,,29879000000,20446000000,0.684,,20446000000,,,,,,,,,,,,true,false,12,2021-04-01,2022-03-31,-1
2022-07-28,96860,2022-03-31,1,,,,,,,,,,,,,,,,,,,,,,,,,,,,,30.00,,,,11440000,873316,,false,false,12,2021-04-01,2022-03-31,-1
2022-07-28,96860,2023-03-31,1,,,,,,,,,,,,,,,,,,,,,,,,,,,,,30.00,,,,,,,false,true,12,2022-04-01,2023-03-31,0
2022-07-28,96860,2023-03-31,1,,,,,,,,,,,,,,,,,,,,,,,,,,,,,,,,,11440000,1306416,10277917,false,false,3,2022-04-01,2022-06-30,0
2022-07-28,96860,2022-03-31,1,,,,,,,,,,,,,,,,,,,,,,,,,,,,,,,,,,,10486107,false,false,3,2021-04-01,2021-06-30,-1
2022-10-28,96860,2023-03-31,2,14097000000,0.059,,,,,186000000,-0.501,276000000,-0.329,,277000000,,27.14,,,,,,31385000000,20193000000,0.643,,20193000000,,,,,,,,,,,,true,false,6,2022-04-01,2022-09-30,0
2022-10-28,96860,2022-03-31,2,13307000000,0.050,,,,,373000000,0.360,411000000,0.129,,215000000,,20.47,,,,,,,,,,,,,,,,,,,,,,true,false,6,2021-04-01,2021-09-30,-1
2022-10-28,96860,2023-03-31,2,30000000000,0.092,,,,,900000000,0.060,900000000,0.005,,540000000,,51.25,,,,,,,,,,,,,,,,,,,,,,true,true,12,2022-04-01,2023-03-31,0
2022-10-28,96860,2022-03-31,2,,,,,,,,,,,,,,,,,,,,29879000000,20446000000,0.684,,20446000000,,,,,,,,,,,,true,false,12,2021-04-01,2022-03-31,-1
2022-10-28,96860,2022-03-31,2,,,,,,,,,,,,,,,,,,,,,,,,,,,,,30.00,,,,11440000,873316,,false,false,12,2021-04-01,2022-03-31,-1
2022-10-28,96860,2023-03-31,2,,,,,,,,,,,,,,,,,,,,,,,,,,,,,15.00,,,,,,,false,false,12,2022-04-01,2023-03-31,0
2022-10-28,96860,2023-03-31,2,,,,,,,,,,,,,,,,,,,,,,,,,,,,,30.00,,,,,,,false,true,12,2022-04-01,2023-03-31,0
2022-10-28,96860,2023-03-31,2,,,,,,,,,,,,,,,,,,,,,,,,,,,,,,,,,11440000,1253216,10230584,false,false,6,2022-04-01,2022-09-30,0
2022-10-28,96860,2022-03-31,2,,,,,,,,,,,,,,,,,,,,,,,,,,,,,,,,,,,10512641,false,false,6,2021-04-01,2021-09-30,-1
2023-01-30,96860,2023-03-31,3,21642000000,0.076,,,,,491000000,-0.094,604000000,-0.019,,528000000,,51.73,,,,,,33346000000,20359000000,0.611,,20359000000,,,,,,,,,,,,true,false,9,2022-04-01,2022-12-31,0
2023-01-30,96860,2022-03-31,3,20122000000,0.047,,,,,542000000,0.141,616000000,0.010,,116000000,,11.03,,,,,,,,,,,,,,,,,,,,,,true,false,9,2021-04-01,2021-12-31,-1
2023-01-30,96860,2023-03-31,3,30000000000,0.092,,,,,900000000,0.060,900000000,0.005,,540000000,,51.25,,,,,,,,,,,,,,,,,,,,,,true,true,12,2022-04-01,2023-03-31,0
2023-01-30,96860,2022-03-31,3,,,,,,,,,,,,,,,,,,,,29879000000,20446000000,0.684,,20446000000,,,,,,,,,,,,true,false,12,2021-04-01,2022-03-31,-1
2023-01-30,96860,2022-03-31,3,,,,,,,,,,,,,,,,,,,,,,,,,,,,,30.00,,,,11440000,873316,,false,false,12,2021-04-01,2022-03-31,-1
2023-01-30,96860,2023-03-31,3,,,,,,,,,,,,,,,,,,,,,,,,,,,,,15.00,,,,,,,false,false,12,2022-04-01,2023-03-31,0
2023-01-30,96860,2023-03-31,3,,,,,,,,,,,,,,,,,,,,,,,,,,,,,30.00,,,,,,,false,true,12,2022-04-01,2023-03-31,0
2023-01-30,96860,2023-03-31,3,,,,,,,,,,,,,,,,,,,,,,,,,,,,,,,,,11440000,1235976,10219178,false,false,9,2022-04-01,2022-12-31,0
2023-01-30,96860,2022-03-31,3,,,,,,,,,,,,,,,,,,,,,,,,,,,,,,,,,,,10525321,false,false,9,2021-04-01,2021-12-31,-1
2023-05-09,96860,2023-03-31,,30139000000,0.097,,,,,844000000,-0.005,964000000,0.077,,741000000,,72.60,,0.036,0.031,0.028,,31586000000,20623000000,0.653,2018.27,20623000000,1495000000,-1327000000,-135000000,5522000000,,0.455,,,,,,true,false,12,2022-04-01,2023-03-31,0
2023-05-09,96860,2022-03-31,,27465000000,0.056,,,,,848000000,0.218,895000000,0.056,,459000000,,43.61,,0.022,0.029,0.031,,29879000000,20446000000,0.684,1935.00,20446000000,783000000,203000000,-881000000,5490000000,,0.688,,,,,,true,false,12,2021-04-01,2022-03-31,-1
2023-05-09,96860,2024-03-31,,31500000000,0.045,,,,,1200000000,0.421,1250000000,0.296,,750000000,,73.40,,,,,,,,,,,,,,,,0.490,,,,,,true,true,12,2023-04-01,2024-03-31,1
2023-05-09,96860,2023-03-31,,17805000000,0.029,,,,,447000000,1.379,926000000,0.746,872000000,,2.198,85.40,,,,,,27453000000,18812000000,0.685,1841.07,18812000000,,,,,33.00,,,,11440000,1221606,10217779,false,false,12,2022-04-01,2023-03-31,0
2023-05-09,96860,2022-03-31,,17304000000,0.034,,,,,188000000,0.240,530000000,0.113,272000000,,-0.296,25.90,,,,,,25887000000,18529000000,0.716,1753.61,18529000000,,,,,30.00,,,,11440000,873316,10534820,false,false,12,2021-04-01,2022-03-31,-1
2023-05-09,96860,2024-03-31,,17800000000,-0.000,,,,,550000000,0.229,,,,,,,,,,,,,,,,,,,,,36.00,,,,,,,false,true,12,2023-04-01,2024-03-31,1
2023-07-27,96860,2024-03-31,1,7394000000,0.119,,,,,142000000,,176000000,2.853,,79000000,,7.72,,,,,,32365000000,20657000000,0.638,,20657000000,,,,,,,,,,,,true,false,3,2023-04-01,2023-06-30,0
2023-07-27,96860,2023-03-31,1,6605000000,0.006,,,,,-40000000,,45000000,-0.827,,24000000,,2.40,,,,,,,,,,,,,,,,,,,,,,true,false,3,2022-04-01,2022-06-30,-1
2023-07-27,96860,2024-03-31,1,31500000000,0.045,,,,,1200000000,0.421,1250000000,0.296,,750000000,,73.40,,,,,,,,,,,,,,,,,,,,,,true,true,12,2023-04-01,2024-03-31,0
2023-07-27,96860,2023-03-31,1,,,,,,,,,,,,,,,,,,,,31586000000,20623000000,0.653,,20623000000,,,,,,,,,,,,true,false,12,2022-04-01,2023-03-31,-1
2023-07-27,96860,2023-03-31,1,,,,,,,,,,,,,,,,,,,,,,,,,,,,,33.00,,,,11440000,1221606,,false,false,12,2022-04-01,2023-03-31,-1
2023-07-27,96860,2024-03-31,1,,,,,,,,,,,,,,,,,,,,,,,,,,,,,36.00,,,,,,,false,true,12,2023-04-01,2024-03-31,0
2023-07-27,96860,2024-03-31,1,,,,,,,,,,,,,,,,,,,,,,,,,,,,,,,,,11440000,1207621,10227779,false,false,3,2023-04-01,2023-06-30,0
2023-07-27,96860,2023-03-31,1,,,,,,,,,,,,,,,,,,,,,,,,,,,,,,,,,,,10277917,false,false,3,2022-04-01,2022-06-30,-1
2023-10-27,96860,2024-03-31,2,15312000000,0.086,,,,,393000000,1.107,427000000,0.550,,218000000,,21.33,,,,,,33095000000,20872000000,0.631,,20872000000,,,,,,,,,,,,true,false,6,2023-04-01,2023-09-30,0
2023-10-27,96860,2023-03-31,2,14097000000,0.059,,,,,186000000,-0.501,276000000,-0.329,,277000000,,27.14,,,,,,,,,,,,,,,,,,,,,,true,false,6,2022-04-01,2022-09-30,-1
2023-10-27,96860,2024-03-31,2,31500000000,0.045,,,,,1200000000,0.421,1250000000,0.296,,750000000,,73.40,,,,,,,,,,,,,,,,,,,,,,true,true,12,2023-04-01,2024-03-31,0
2023-10-27,96860,2023-03-31,2,,,,,,,,,,,,,,,,,,,,31586000000,20623000000,0.653,,20623000000,,,,,,,,,,,,true,false,12,2022-04-01,2023-03-31,-1
2023-10-27,96860,2023-03-31,2,,,,,,,,,,,,,,,,,,,,,,,,,,,,,33.00,,,,11440000,1221606,,false,false,12,2022-04-01,2023-03-31,-1
2023-10-27,96860,2024-03-31,2,,,,,,,,,,,,,,,,,,,,,,,,,,,,,18.00,,,,,,,false,false,12,2023-04-01,2024-03-31,0
2023-10-27,96860,2024-03-31,2,,,,,,,,,,,,,,,,,,,,,,,,,,,,,36.00,,,,,,,false,true,12,2023-04-01,2024-03-31,0
2023-10-27,96860,2024-03-31,2,,,,,,,,,,,,,,,,,,,,,,,,,,,,,,,,,11440000,1157606,10253584,false,false,6,2023-04-01,2023-09-30,0
2023-10-27,96860,2023-03-31,2,,,,,,,,,,,,,,,,,,,,,,,,,,,,,,,,,,,10230584,false,false,6,2022-04-01,2022-09-30,-1
2024-01-29,96860,2024-03-31,3,23165000000,0.070,,,,,659000000,0.342,715000000,0.184,,377000000,,36.81,,,,,,35376000000,20820000000,0.589,,20820000000,,,,,,,,,,,,true,false,9,2023-04-01,2023-12-31,0
2024-01-29,96860,2023-03-31,3,21642000000,0.076,,,,,491000000,-0.094,604000000,-0.019,,528000000,,51.73,,,,,,,,,,,,,,,,,,,,,,true,false,9,2022-04-01,2022-12-31,-1
2024-01-29,96860,2024-03-31,3,31500000000,0.045,,,,,1200000000,0.421,1250000000,0.296,,750000000,,73.40,,,,,,,,,,,,,,,,,,,,,,true,true,12,2023-04-01,2024-03-31,0
2024-01-29,96860,2023-03-31,3,,,,,,,,,,,,,,,,,,,,31586000000,20623000000,0.653,,20623000000,,,,,,,,,,,,true,false,12,2022-04-01,2023-03-31,-1
2024-01-29,96860,2023-03-31,3,,,,,,,,,,,,,,,,,,,,,,,,,,,,,33.00,,,,11440000,1221606,,false,false,12,2022-04-01,2023-03-31,-1
2024-01-29,96860,2024-03-31,3,,,,,,,,,,,,,,,,,,,,,,,,,,,,,18.00,,,,,,,false,false,12,2023-04-01,2024-03-31,0
2024-01-29,96860,2024-03-31,3,,,,,,,,,,,,,,,,,,,,,,,,,,,,,36.00,,,,,,,false,true,12,2023-04-01,2024-03-31,0
2024-01-29,96860,2024-03-31,3,,,,,,,,,,,,,,,,,,,,,,,,,,,,,,,,,11440000,1157546,10263206,false,false,9,2023-04-01,2023-12-31,0
2024-01-29,96860,2023-03-31,3,,,,,,,,,,,,,,,,,,,,,,,,,,,,,,,,,,,10219178,false,false,9,2022-04-01,2022-12-31,-1
2024-05-09,96860,2024-03-31,,31249000000,0.037,,,,,966000000,0.144,1063000000,0.103,,626000000,,60.98,,0.030,0.032,0.031,,35772000000,21312000000,0.596,2071.95,21312000000,1900000000,-3049000000,1138000000,5511000000,,0.590,,,,,,true,false,12,2023-04-01,2024-03-31,0
2024-05-09,96860,2023-03-31,,30139000000,0.097,,,,,844000000,-0.005,964000000,0.077,,741000000,,72.60,,0.036,0.031,0.028,,31586000000,20623000000,0.653,2018.27,20623000000,1495000000,-1327000000,-135000000,5522000000,,0.455,,,,,,true,false,12,2022-04-01,2023-03-31,-1
2024-05-09,96860,2025-03-31,,34500000000,0.104,,,,,1350000000,0.397,1400000000,0.316,,840000000,,81.80,,,,,,,,,,,,,,,,0.489,,,,,,true,true,12,2024-04-01,2025-03-31,1
2024-05-09,96860,2024-03-31,,18270000000,0.026,,,,,463000000,0.036,1144000000,0.236,945000000,,0.083,92.03,,,,,,32171000000,19661000000,0.611,1911.51,19661000000,,,,,36.00,,,,11440000,1154016,10268312,false,false,12,2023-04-01,2024-03-31,0
2024-05-09,96860,2023-03-31,,17805000000,0.029,,,,,447000000,1.379,926000000,0.746,872000000,,2.198,85.40,,,,,,27453000000,18812000000,0.685,1841.07,18812000000,,,,,33.00,,,,11440000,1221606,10217779,false,false,12,2022-04-01,2023-03-31,-1
2024-05-09,96860,2025-03-31,,,,,,,,,,,,,,,,,,,,,,,,,,,,,,40.00,,,,,,,false,true,12,2024-04-01,2025-03-31,1
2024-07-29,96860,2025-03-31,1,7554000000,0.022,,,,,4000000,-0.968,26000000,-0.852,,-71000000,,-6.95,,,,,,39288000000,21306000000,0.542,,21306000000,,,,,,,,,,,,true,false,3,2024-04-01,2024-06-30,0
2024-07-29,96860,2024-03-31,1,7394000000,0.119,,,,,142000000,,176000000,2.853,,79000000,,7.72,,,,,,,,,,,,,,,,,,,,,,true,false,3,2023-04-01,2023-06-30,-1
2024-07-29,96860,2025-03-31,1,34500000000,0.104,,,,,1350000000,0.397,1400000000,0.316,,840000000,,81.80,,,,,,,,,,,,,,,,,,,,,,true,true,12,2024-04-01,2025-03-31,0
2024-07-29,96860,2024-03-31,1,,,,,,,,,,,,,,,,,,,,35772000000,21312000000,0.596,,21312000000,,,,,,,,,,,,true,false,12,2023-04-01,2024-03-31,-1
2024-07-29,96860,2024-03-31,1,,,,,,,,,,,,,,,,,,,,,,,,,,,,,36.00,,,,11440000,1154016,,false,false,12,2023-04-01,2024-03-31,-1
2024-07-29,96860,2025-03-31,1,,,,,,,,,,,,,,,,,,,,,,,,,,,,,40.00,,,,,,,false,true,12,2024-04-01,2025-03-31,0
2024-07-29,96860,2025-03-31,1,,,,,,,,,,,,,,,,,,,,,,,,,,,,,,,,,11440000,1156921,10278786,false,false,3,2024-04-01,2024-06-30,0
2024-07-29,96860,2024-03-31,1,,,,,,,,,,,,,,,,,,,,,,,,,,,,,,,,,,,10227779,false,false,3,2023-04-01,2023-06-30,-1
2024-10-31,96860,2025-03-31,2,16268000000,0.062,,,,,317000000,-0.193,340000000,-0.205,,83000000,,8.10,,,,,,37711000000,21414000000,0.568,,21414000000,,,,,,,,,,,,true,false,6,2024-04-01,2024-09-30,0
2024-10-31,96860,2024-03-31,2,15312000000,0.086,,,,,393000000,1.107,427000000,0.550,,218000000,,21.33,,,,,,,,,,,,,,,,,,,,,,true,false,6,2023-04-01,2023-09-30,-1
2024-10-31,96860,2025-03-31,2,34500000000,0.104,,,,,1350000000,0.397,1400000000,0.316,,840000000,,81.80,,,,,,,,,,,,,,,,,,,,,,true,true,12,2024-04-01,2025-03-31,0
2024-10-31,96860,2024-03-31,2,,,,,,,,,,,,,,,,,,,,35772000000,21312000000,0.596,,21312000000,,,,,,,,,,,,true,false,12,2023-04-01,2024-03-31,-1
2024-10-31,96860,2024-03-31,2,,,,,,,,,,,,,,,,,,,,,,,,,,,,,36.00,,,,11440000,1154016,,false,false,12,2023-04-01,2024-03-31,-1
2024-10-31,96860,2025-03-31,2,,,,,,,,,,,,,,,,,,,,,,,,,,,,,20.00,,,,,,,false,false,12,2024-04-01,2025-03-31,0
2024-10-31,96860,2025-03-31,2,,,,,,,,,,,,,,,,,,,,,,,,,,,,,40.00,,,,,,,false,true,12,2024-04-01,2025-03-31,0
2024-10-31,96860,2025-03-31,2,,,,,,,,,,,,,,,,,,,,,,,,,,,,,,,,,11440000,1110281,10302214,false,false,6,2024-04-01,2024-09-30,0
2024-10-31,96860,2024-03-31,2,,,,,,,,,,,,,,,,,,,,,,,,,,,,,,,,,,,10253584,false,false,6,2023-04-01,2023-09-30,-1
2025-01-30,96860,2025-03-31,3,24954000000,0.077,,,,,573000000,-0.131,608000000,-0.150,,431000000,,41.84,,,,,,39204000000,21433000000,0.547,,21433000000,,,,,,,,,,,,true,false,9,2024-04-01,2024-12-31,0
2025-01-30,96860,2024-03-31,3,23165000000,0.070,,,,,659000000,0.342,715000000,0.184,,377000000,,36.81,,,,,,,,,,,,,,,,,,,,,,true,false,9,2023-04-01,2023-12-31,-1
2025-01-30,96860,2025-03-31,3,34500000000,0.104,,,,,1350000000,0.397,1400000000,0.316,,840000000,,81.80,,,,,,,,,,,,,,,,,,,,,,true,true,12,2024-04-01,2025-03-31,0
2025-01-30,96860,2024-03-31,3,,,,,,,,,,,,,,,,,,,,35772000000,21312000000,0.596,,21312000000,,,,,,,,,,,,true,false,12,2023-04-01,2024-03-31,-1
2025-01-30,96860,2024-03-31,3,,,,,,,,,,,,,,,,,,,,,,,,,,,,,36.00,,,,11440000,1154016,,false,false,12,2023-04-01,2024-03-31,-1
2025-01-30,96860,2025-03-31,3,,,,,,,,,,,,,,,,,,,,,,,,,,,,,20.00,,,,,,,false,false,12,2024-04-01,2025-03-31,0
2025-01-30,96860,2025-03-31,3,,,,,,,,,,,,,,,,,,,,,,,,,,,,,40.00,,,,,,,false,true,12,2024-04-01,2025-03-31,0
2025-01-30,96860,2025-03-31,3,,,,,,,,,,,,,,,,,,,,,,,,,,,,,,,,,11440000,1094951,10314399,false,false,9,2024-04-01,2024-12-31,0
2025-01-30,96860,2024-03-31,3,,,,,,,,,,,,,,,,,,,,,,,,,,,,,,,,,,,10263206,false,false,9,2023-04-01,2023-12-31,-1
2025-05-14,96860,2025-03-31,,34925000000,0.118,,,,,1049000000,0.086,1063000000,-0.001,,692000000,,67.09,,0.032,0.029,0.030,,38798000000,21738000000,0.560,2099.10,21738000000,2861000000,-4452000000,2422000000,6343000000,,0.596,,,,,,true,false,12,2024-04-01,2025-03-31,0
2025-05-14,96860,2024-03-31,,31249000000,0.037,,,,,966000000,0.144,1063000000,0.103,,626000000,,60.98,,0.030,0.032,0.031,,35772000000,21312000000,0.596,2071.95,21312000000,1900000000,-3049000000,1138000000,5511000000,,0.590,,,,,,true,false,12,2023-04-01,2024-03-31,-1
2025-05-14,96860,2026-03-31,,41180000000,0.179,,,,,2015000000,0.921,2050000000,0.928,,1100000000,,106.54,,,,,,,,,,,,,,,,0.563,,,,,,true,true,12,2025-04-01,2026-03-31,1
2025-05-14,96860,2025-03-31,,19595000000,0.073,,,,,397000000,-0.144,877000000,-0.233,729000000,,-0.228,70.64,,,,,,34851000000,20096000000,0.577,1940.57,20096000000,,,,,40.00,,,,11440000,1084021,10323919,false,false,12,2024-04-01,2025-03-31,0
2025-05-14,96860,2024-03-31,,18270000000,0.026,,,,,463000000,0.036,1144000000,0.236,945000000,,0.083,92.03,,,,,,32171000000,19661000000,0.611,1911.51,19661000000,,,,,36.00,,,,11440000,1154016,10268312,false,false,12,2023-04-01,2024-03-31,-1
2025-05-14,96860,2026-03-31,,,,,,,,,,,,,,,,,,,,,,,,,,,,,,60.00,,,,,,,false,true,12,2025-04-01,2026-03-31,1
2025-07-30,96860,2026-03-31,1,11727000000,0.552,,,,,912000000,,964000000,,,694000000,,66.97,,,,,,40685000000,22294000000,0.548,,22294000000,,,,,,,,,,,,true,false,3,2025-04-01,2025-06-30,0
2025-07-30,96860,2025-03-31,1,7554000000,0.022,,,,,4000000,-0.968,26000000,-0.852,,-71000000,,-6.95,,,,,,,,,,,,,,,,,,,,,,true,false,3,2024-04-01,2024-06-30,-1
2025-07-30,96860,2026-03-31,1,41180000000,0.179,,,,,2015000000,0.921,2050000000,0.928,,1100000000,,106.54,,,,,,,,,,,,,,,,,,,,,,true,true,12,2025-04-01,2026-03-31,0
2025-07-30,96860,2025-03-31,1,,,,,,,,,,,,,,,,,,,,38798000000,21738000000,0.560,,21738000000,,,,,,,,,,,,true,false,12,2024-04-01,2025-03-31,-1
2025-07-30,96860,2025-03-31,1,,,,,,,,,,,,,,,,,,,,,,,,,,,,,40.00,,,,11440000,1084021,,false,false,12,2024-04-01,2025-03-31,-1
2025-07-30,96860,2026-03-31,1,,,,,,,,,,,,,,,,,,,,,,,,,,,,,60.00,,,,,,,false,true,12,2025-04-01,2026-03-31,0
2025-07-30,96860,2026-03-31,1,,,,,,,,,,,,,,,,,,,,,,,,,,,,,,,,,11440000,1072226,10363836,false,false,3,2025-04-01,2025-06-30,0
2025-07-30,96860,2025-03-31,1,,,,,,,,,,,,,,,,,,,,,,,,,,,,,,,,,,,10278786,false,false,3,2024-04-01,2024-06-30,-1
