filing_date,code,fiscal_year_end,quarterly_period,net_sales,net_sales_change,revenue,revenue_change,operating_revenue,operating_revenue_change,operating_profit,operating_profit_change,ordinary_profit,ordinary_profit_change,net_income,net_income_of_parent,net_income_change,eps,diluted_eps,roe,roa,operating_profit_to_net_sales,operating_profit_to_revenue,total_assets,net_assets,equity_ratio,bps,owner_equity,operating_cash_flow,investing_cash_flow,financing_cash_flow,cash,dividend_per_share,payout_ratio,commemorative_dividend,extra_dividend,number_of_shares,number_of_treqsury_shares,avg_number_of_shares,is_consolidated,is_forecast,duration,period_start,period_end,period_pos
2015-07-31,96870,2016-03-31,1,3153000000,0.042,,,,,230000000,2.537,244000000,2.288,,154000000,,24.63,24.59,,,,,11523000000,8475000000,0.733,1359.92,8446000000,,,,,,,,,,,,true,false,3,2015-04-01,2015-06-30,0
2015-07-31,96870,2015-03-31,1,3025000000,0.030,,,,,65000000,-0.432,74000000,-0.421,,45000000,,7.16,,,,,,,,,,,,,,,,,,,,,,true,false,3,2014-04-01,2014-06-30,-1
2015-07-31,96870,2016-03-31,1,14300000000,0.069,,,,,970000000,0.063,1000000000,0.051,,670000000,,107.67,,,,,,,,,,,,,,,,,,,,,,true,true,12,2015-04-01,2016-03-31,0
2015-07-31,96870,2015-03-31,1,,,,,,,,,,,,,,,,,,,,12048000000,8533000000,0.706,1347.62,8504000000,,,,,,,,,,,,true,false,12,2014-04-01,2015-03-31,-1
2015-07-31,96870,2015-03-31,1,,,,,,,,,,,,,,,,,,,,,,,,,,,,,25.00,,,,7636368,1325663,,false,false,12,2014-04-01,2015-03-31,-1
2015-07-31,96870,2016-03-31,1,,,,,,,,,,,,,,,,,,,,,,,,,,,,,32.00,,,,,,,false,true,12,2015-04-01,2016-03-31,0
2015-07-31,96870,2016-03-31,1,,,,,,,,,,,,,,,,,,,,,,,,,,,,,,,,,7636368,1425663,6259057,false,false,3,2015-04-01,2015-06-30,0
2015-07-31,96870,2015-03-31,1,,,,,,,,,,,,,,,,,,,,,,,,,,,,,,,,,,,6355718,false,false,3,2014-04-01,2014-06-30,-1
2015-10-30,96870,2016-03-31,2,6644000000,0.048,,,,,490000000,0.905,509000000,0.851,,320000000,,51.42,51.04,,,,,11874000000,8623000000,0.722,1380.18,8571000000,,,,,,,,,,,,true,false,6,2015-04-01,2015-09-30,0
2015-10-30,96870,2015-03-31,2,6340000000,0.031,,,,,257000000,-0.284,275000000,-0.274,,166000000,,26.30,26.25,,,,,,,,,,,,,,,,,,,,,true,false,6,2014-04-01,2014-09-30,-1
2015-10-30,96870,2016-03-31,2,14300000000,0.069,,,,,970000000,0.063,1000000000,0.051,,670000000,,107.67,,,,,,,,,,,,,,,,,,,,,,true,true,12,2015-04-01,2016-03-31,0
2015-10-30,96870,2015-03-31,2,,,,,,,,,,,,,,,,,,,,12048000000,8533000000,0.706,1347.62,8504000000,,,,,,,,,,,,true,false,12,2014-04-01,2015-03-31,-1
2015-10-30,96870,2015-03-31,2,,,,,,,,,,,,,,,,,,,,,,,,,,,,,25.00,,,,7636368,1325663,,false,false,12,2014-04-01,2015-03-31,-1
2015-10-30,96870,2016-03-31,2,,,,,,,,,,,,,,,,,,,,,,,,,,,,,32.00,,,,,,,false,true,12,2015-04-01,2016-03-31,0
2015-10-30,96870,2016-03-31,2,,,,,,,,,,,,,,,,,,,,,,,,,,,,,,,,,7636368,1425663,6234749,false,false,6,2015-04-01,2015-09-30,0
2015-10-30,96870,2015-03-31,2,,,,,,,,,,,,,,,,,,,,,,,,,,,,,,,,,,,6342439,false,false,6,2014-04-01,2014-09-30,-1
2016-02-01,96870,2016-03-31,3,9967000000,0.037,,,,,706000000,0.483,736000000,0.459,,464000000,,74.56,73.92,,,,,11821000000,8770000000,0.738,1403.80,8718000000,,,,,,,,,,,,true,false,9,2015-04-01,2015-12-31,0
2016-02-01,96870,2015-03-31,3,9611000000,0.035,,,,,476000000,-0.157,504000000,-0.151,,305000000,,48.25,48.12,,,,,,,,,,,,,,,,,,,,,true,false,9,2014-04-01,2014-12-31,-1
2016-02-01,96870,2016-03-31,3,14300000000,0.069,,,,,970000000,0.063,1000000000,0.051,,670000000,,107.67,,,,,,,,,,,,,,,,,,,,,,true,true,12,2015-04-01,2016-03-31,0
2016-02-01,96870,2015-03-31,3,,,,,,,,,,,,,,,,,,,,12048000000,8533000000,0.706,1347.62,8504000000,,,,,,,,,,,,true,false,12,2014-04-01,2015-03-31,-1
2016-02-01,96870,2015-03-31,3,,,,,,,,,,,,,,,,,,,,,,,,,,,,,25.00,,,,7636368,1325663,,false,false,12,2014-04-01,2015-03-31,-1
2016-02-01,96870,2016-03-31,3,,,,,,,,,,,,,,,,,,,,,,,,,,,,,0.00,,,,,,,false,false,12,2015-04-01,2016-03-31,0
2016-02-01,96870,2016-03-31,3,,,,,,,,,,,,,,,,,,,,,,,,,,,,,32.00,,,,,,,false,true,12,2015-04-01,2016-03-31,0
2016-02-01,96870,2016-03-31,3,,,,,,,,,,,,,,,,,,,,,,,,,,,,,,,,,7636368,1425663,6226705,false,false,9,2015-04-01,2015-12-31,0
2016-02-01,96870,2015-03-31,3,,,,,,,,,,,,,,,,,,,,,,,,,,,,,,,,,,,6331827,false,false,9,2014-04-01,2014-12-31,-1
2016-05-02,96870,2016-03-31,,13859000000,0.036,,,,,1125000000,0.233,1166000000,0.227,,705000000,,113.40,112.39,0.081,0.095,0.081,,12500000000,8909000000,0.709,1426.08,8856000000,890000000,-1267000000,-249000000,3876000000,,0.309,,,,,,true,false,12,2015-04-01,2016-03-31,0
2016-05-02,96870,2015-03-31,,13373000000,0.025,,,,,912000000,0.127,951000000,0.120,,524000000,,82.96,82.68,0.063,0.082,0.068,,12048000000,8533000000,0.706,1347.62,8504000000,811000000,-270000000,-223000000,4502000000,,0.301,,,,,,true,false,12,2014-04-01,2015-03-31,-1
2016-05-02,96870,2017-03-31,,14560000000,0.051,,,,,1160000000,0.031,1195000000,0.024,,765000000,,123.17,,,,,,,,,,,,,,,,0.300,,,,,,true,true,12,2016-04-01,2017-03-31,1
2016-05-02,96870,2016-03-31,,10595000000,0.043,,,,,736000000,0.424,867000000,0.359,512000000,,0.539,82.41,81.68,,,,,10095000000,7205000000,0.709,1152.36,7156000000,,,,,35.00,,,,7636368,1425663,6222727,false,false,12,2015-04-01,2016-03-31,0
2016-05-02,96870,2015-03-31,,10159000000,0.030,,,,,517000000,0.270,638000000,0.158,333000000,,0.111,52.66,52.48,,,,,9848000000,6951000000,0.703,1097.61,6926000000,,,,,25.00,,,,7636368,1325663,6326620,false,false,12,2014-04-01,2015-03-31,-1
2016-05-02,96870,2017-03-31,,,,,,,,,,,,,,,,,,,,,,,,,,,,,,37.00,,,,,,,false,true,12,2016-04-01,2017-03-31,1
2016-07-29,96870,2017-03-31,1,3226000000,0.023,,,,,174000000,-0.243,186000000,-0.234,,120000000,,19.38,19.19,,,,,12137000000,8823000000,0.723,1412.11,8770000000,,,,,,,,,,,,true,false,3,2016-04-01,2016-06-30,0
2016-07-29,96870,2016-03-31,1,3153000000,0.042,,,,,230000000,2.537,244000000,2.288,,154000000,,24.63,24.59,,,,,,,,,,,,,,,,,,,,,true,false,3,2015-04-01,2015-06-30,-1
2016-07-29,96870,2017-03-31,1,14560000000,0.051,,,,,1160000000,0.031,1195000000,0.024,,765000000,,123.17,,,,,,,,,,,,,,,,,,,,,,true,true,12,2016-04-01,2017-03-31,0
2016-07-29,96870,2016-03-31,1,,,,,,,,,,,,,,,,,,,,12500000000,8909000000,0.709,1426.08,8856000000,,,,,,,,,,,,true,false,12,2015-04-01,2016-03-31,-1
2016-07-29,96870,2016-03-31,1,,,,,,,,,,,,,,,,,,,,,,,,,,,,,35.00,,,,7636368,1425663,,false,false,12,2015-04-01,2016-03-31,-1
2016-07-29,96870,2017-03-31,1,,,,,,,,,,,,,,,,,,,,,,,,,,,,,37.00,,,,,,,false,true,12,2016-04-01,2017-03-31,0
2016-07-29,96870,2017-03-31,1,,,,,,,,,,,,,,,,,,,,,,,,,,,,,,,,,7636368,1425663,6210705,false,false,3,2016-04-01,2016-06-30,0
2016-07-29,96870,2016-03-31,1,,,,,,,,,,,,,,,,,,,,,,,,,,,,,,,,,,,6259057,false,false,3,2015-04-01,2015-06-30,-1
2016-10-31,96870,2017-03-31,2,6849000000,0.031,,,,,443000000,-0.096,462000000,-0.092,,339000000,,54.76,54.15,,,,,12527000000,8950000000,0.708,1452.18,8873000000,,,,,,,,,,,,true,false,6,2016-04-01,2016-09-30,0
2016-10-31,96870,2016-03-31,2,6644000000,0.048,,,,,490000000,0.905,509000000,0.851,,320000000,,51.42,51.04,,,,,,,,,,,,,,,,,,,,,true,false,6,2015-04-01,2015-09-30,-1
2016-10-31,96870,2017-03-31,2,14560000000,0.051,,,,,1160000000,0.031,1195000000,0.024,,765000000,,124.22,,,,,,,,,,,,,,,,,,,,,,true,true,12,2016-04-01,2017-03-31,0
2016-10-31,96870,2016-03-31,2,,,,,,,,,,,,,,,,,,,,12500000000,8909000000,0.709,1426.08,8856000000,,,,,,,,,,,,true,false,12,2015-04-01,2016-03-31,-1
2016-10-31,96870,2016-03-31,2,,,,,,,,,,,,,,,,,,,,,,,,,,,,,35.00,,,,7636368,1425663,,false,false,12,2015-04-01,2016-03-31,-1
2016-10-31,96870,2017-03-31,2,,,,,,,,,,,,,,,,,,,,,,,,,,,,,0.00,,,,,,,false,false,12,2016-04-01,2017-03-31,0
2016-10-31,96870,2017-03-31,2,,,,,,,,,,,,,,,,,,,,,,,,,,,,,37.00,,,,,,,false,true,12,2016-04-01,2017-03-31,0
2016-10-31,96870,2017-03-31,2,,,,,,,,,,,,,,,,,,,,,,,,,,,,,,,,,7636368,1525663,6206333,false,false,6,2016-04-01,2016-09-30,0
2016-10-31,96870,2016-03-31,2,,,,,,,,,,,,,,,,,,,,,,,,,,,,,,,,,,,6234749,false,false,6,2015-04-01,2015-09-30,-1
2017-01-31,96870,2017-03-31,3,10459000000,0.049,,,,,748000000,0.059,780000000,0.060,,560000000,,91.00,89.88,,,,,12462000000,9152000000,0.728,1503.31,9074000000,,,,,,,,,,,,true,false,9,2016-04-01,2016-12-31,0
2017-01-31,96870,2016-03-31,3,9967000000,0.037,,,,,706000000,0.483,736000000,0.459,,464000000,,74.56,73.92,,,,,,,,,,,,,,,,,,,,,true,false,9,2015-04-01,2015-12-31,-1
2017-01-31,96870,2017-03-31,3,14560000000,0.051,,,,,1160000000,0.031,1195000000,0.024,,815000000,,132.90,,,,,,,,,,,,,,,,,,,,,,true,true,12,2016-04-01,2017-03-31,0
2017-01-31,96870,2016-03-31,3,,,,,,,,,,,,,,,,,,,,12500000000,8909000000,0.709,1426.08,8856000000,,,,,,,,,,,,true,false,12,2015-04-01,2016-03-31,-1
2017-01-31,96870,2016-03-31,3,,,,,,,,,,,,,,,,,,,,,,,,,,,,,35.00,,,,7636368,1425663,,false,false,12,2015-04-01,2016-03-31,-1
2017-01-31,96870,2017-03-31,3,,,,,,,,,,,,,,,,,,,,,,,,,,,,,0.00,,,,,,,false,false,12,2016-04-01,2017-03-31,0
2017-01-31,96870,2017-03-31,3,,,,,,,,,,,,,,,,,,,,,,,,,,,,,40.00,,,,,,,false,true,12,2016-04-01,2017-03-31,0
2017-01-31,96870,2017-03-31,3,,,,,,,,,,,,,,,,,,,,,,,,,,,,,,,,,7636368,1599742,6163562,false,false,9,2016-04-01,2016-12-31,0
2017-01-31,96870,2016-03-31,3,,,,,,,,,,,,,,,,,,,,,,,,,,,,,,,,,,,6226705,false,false,9,2015-04-01,2015-12-31,-1
2017-05-02,96870,2017-03-31,,14540000000,0.049,,,,,1248000000,0.109,1285000000,0.102,,895000000,,146.00,144.05,0.098,0.099,0.086,,13381000000,9551000000,0.708,1569.39,9473000000,1035000000,-356000000,-392000000,4163000000,,0.301,,,,,,true,false,12,2016-04-01,2017-03-31,0
2017-05-02,96870,2016-03-31,,13859000000,0.036,,,,,1125000000,0.233,1166000000,0.227,,705000000,,113.40,112.39,0.081,0.095,0.081,,12500000000,8909000000,0.709,1426.08,8856000000,890000000,-1267000000,-249000000,3876000000,,0.309,,,,,,true,false,12,2015-04-01,2016-03-31,-1
2017-05-02,96870,2018-03-31,,15500000000,0.066,,,,,1300000000,0.041,1330000000,0.034,,880000000,,145.78,,,,,,,,,,,,,,,,0.302,,,,,,true,true,12,2017-04-01,2018-03-31,1
2017-05-02,96870,2016-03-31,,,,,,,,,,,,,,,,,,,,,,,,,,,,,,35.00,,,,7636368,1425663,6222727,false,false,12,2015-04-01,2016-03-31,-1
2017-05-02,96870,2017-03-31,,,,,,,,,,,,,,,,,,,,,,,,,,,,,,44.00,,,,7636368,1599742,6132263,false,false,12,2016-04-01,2017-03-31,0
2017-05-02,96870,2018-03-31,,,,,,,,,,,,,,,,,,,,,,,,,,,,,,44.00,,,,,,,false,true,12,2017-04-01,2018-03-31,1
2017-07-31,96870,2018-03-31,1,3555000000,0.102,,,,,204000000,0.171,216000000,0.158,,137000000,,22.76,22.39,,,,,12947000000,9448000000,0.724,,9372000000,,,,,,,,,,,,true,false,3,2017-04-01,2017-06-30,0
2017-07-31,96870,2017-03-31,1,3226000000,0.023,,,,,174000000,-0.243,186000000,-0.234,,120000000,,19.38,19.19,,,,,,,,,,,,,,,,,,,,,true,false,3,2016-04-01,2016-06-30,-1
2017-07-31,96870,2018-03-31,1,15500000000,0.066,,,,,1300000000,0.041,1330000000,0.034,,880000000,,145.78,,,,,,,,,,,,,,,,,,,,,,true,true,12,2017-04-01,2018-03-31,0
2017-07-31,96870,2017-03-31,1,,,,,,,,,,,,,,,,,,,,13381000000,9551000000,0.708,,9473000000,,,,,,,,,,,,true,false,12,2016-04-01,2017-03-31,-1
2017-07-31,96870,2017-03-31,1,,,,,,,,,,,,,,,,,,,,,,,,,,,,,44.00,,,,7636368,1599742,,false,false,12,2016-04-01,2017-03-31,-1
2017-07-31,96870,2018-03-31,1,,,,,,,,,,,,,,,,,,,,,,,,,,,,,44.00,,,,,,,false,true,12,2017-04-01,2018-03-31,0
2017-07-31,96870,2018-03-31,1,,,,,,,,,,,,,,,,,,,,,,,,,,,,,,,,,7636368,1599785,6036606,false,false,3,2017-04-01,2017-06-30,0
2017-07-31,96870,2017-03-31,1,,,,,,,,,,,,,,,,,,,,,,,,,,,,,,,,,,,6210705,false,false,3,2016-04-01,2016-06-30,-1
2017-10-31,96870,2018-03-31,2,7337000000,0.071,,,,,488000000,0.102,506000000,0.095,,337000000,,55.90,54.91,,,,,13585000000,9680000000,0.705,1586.92,9579000000,,,,,,,,,,,,true,false,6,2017-04-01,2017-09-30,0
2017-10-31,96870,2017-03-31,2,6849000000,0.031,,,,,443000000,-0.096,462000000,-0.092,,339000000,,54.76,54.15,,,,,,,,,,,,,,,,,,,,,true,false,6,2016-04-01,2016-09-30,-1
2017-10-31,96870,2018-03-31,2,15500000000,0.066,,,,,1300000000,0.041,1330000000,0.034,,880000000,,145.78,,,,,,,,,,,,,,,,,,,,,,true,true,12,2017-04-01,2018-03-31,0
2017-10-31,96870,2017-03-31,2,,,,,,,,,,,,,,,,,,,,13381000000,9551000000,0.708,1569.39,9473000000,,,,,,,,,,,,true,false,12,2016-04-01,2017-03-31,-1
2017-10-31,96870,2017-03-31,2,,,,,,,,,,,,,,,,,,,,,,,,,,,,,44.00,,,,7636368,1599742,,false,false,12,2016-04-01,2017-03-31,-1
2017-10-31,96870,2018-03-31,2,,,,,,,,,,,,,,,,,,,,,,,,,,,,,0.00,,,,,,,false,false,12,2017-04-01,2018-03-31,0
2017-10-31,96870,2018-03-31,2,,,,,,,,,,,,,,,,,,,,,,,,,,,,,44.00,,,,,,,false,true,12,2017-04-01,2018-03-31,0
2017-10-31,96870,2018-03-31,2,,,,,,,,,,,,,,,,,,,,,,,,,,,,,,,,,7636368,1599785,6036594,false,false,6,2017-04-01,2017-09-30,0
2017-10-31,96870,2017-03-31,2,,,,,,,,,,,,,,,,,,,,,,,,,,,,,,,,,,,6206333,false,false,6,2016-04-01,2016-09-30,-1
2018-01-31,96870,2018-03-31,3,11150000000,0.066,,,,,858000000,0.147,886000000,0.135,,595000000,,98.66,96.79,,,,,13390000000,9963000000,0.736,1633.54,9860000000,,,,,,,,,,,,true,false,9,2017-04-01,2017-12-31,0
2018-01-31,96870,2017-03-31,3,10459000000,0.049,,,,,748000000,0.059,780000000,0.060,,560000000,,91.00,89.88,,,,,,,,,,,,,,,,,,,,,true,false,9,2016-04-01,2016-12-31,-1
2018-01-31,96870,2018-03-31,3,15500000000,0.066,,,,,1300000000,0.041,1330000000,0.034,,880000000,,145.78,,,,,,,,,,,,,,,,,,,,,,true,true,12,2017-04-01,2018-03-31,0
2018-01-31,96870,2017-03-31,3,,,,,,,,,,,,,,,,,,,,13381000000,9551000000,0.708,1569.39,9473000000,,,,,,,,,,,,true,false,12,2016-04-01,2017-03-31,-1
2018-01-31,96870,2017-03-31,3,,,,,,,,,,,,,,,,,,,,,,,,,,,,,44.00,,,,7636368,1599742,,false,false,12,2016-04-01,2017-03-31,-1
2018-01-31,96870,2018-03-31,3,,,,,,,,,,,,,,,,,,,,,,,,,,,,,0.00,,,,,,,false,false,12,2017-04-01,2018-03-31,0
2018-01-31,96870,2018-03-31,3,,,,,,,,,,,,,,,,,,,,,,,,,,,,,44.00,,,,,,,false,true,12,2017-04-01,2018-03-31,0
2018-01-31,96870,2018-03-31,3,,,,,,,,,,,,,,,,,,,,,,,,,,,,,,,,,7636368,1599851,6036580,false,false,9,2017-04-01,2017-12-31,0
2018-01-31,96870,2017-03-31,3,,,,,,,,,,,,,,,,,,,,,,,,,,,,,,,,,,,6163562,false,false,9,2016-04-01,2016-12-31,-1
2018-05-02,96870,2018-03-31,,15351000000,0.056,,,,,1355000000,0.085,1389000000,0.081,,941000000,,155.95,153.15,0.095,0.100,0.088,,14311000000,10330000000,0.715,1695.83,10239000000,966000000,-479000000,-267000000,4383000000,,0.301,,,,,,true,false,12,2017-04-01,2018-03-31,0
2018-05-02,96870,2017-03-31,,14540000000,0.049,,,,,1248000000,0.109,1285000000,0.102,,895000000,,146.00,144.05,0.098,0.099,0.086,,13381000000,9551000000,0.708,1569.39,9473000000,1035000000,-356000000,-392000000,4163000000,,0.301,,,,,,true,false,12,2016-04-01,2017-03-31,-1
2018-05-02,96870,2019-03-31,,16300000000,0.062,,,,,1360000000,0.004,1400000000,0.008,,945000000,,156.51,,,,,,,,,,,,,,,,0.300,,,,,,true,true,12,2018-04-01,2019-03-31,1
2018-05-02,96870,2017-03-31,,,,,,,,,,,,,,,,,,,,,,,,,,,,,,44.00,,,,7636368,1599742,6132263,false,false,12,2016-04-01,2017-03-31,-1
2018-05-02,96870,2018-03-31,,,,,,,,,,,,,,,,,,,,,,,,,,,,,,47.00,,,,7636368,1598411,6035738,false,false,12,2017-04-01,2018-03-31,0
2018-05-02,96870,2019-03-31,,,,,,,,,,,,,,,,,,,,,,,,,,,,,,47.00,,,,,,,false,true,12,2018-04-01,2019-03-31,1
,96870,2018-03-31,,,,,,,,,,,,,,,,,,,,,,,,,,,,,,47.00,,,,,,,false,true,12,2017-04-01,2018-03-31,0
,96870,2018-03-31,,,,,,,,,,,,,,,,,,,,,,,,,,,,,,0.00,,,,,,,false,false,12,2017-04-01,2018-03-31,0
,96870,2017-03-31,,,,,,,,,,,,,,,,,,,,,,,,,,,,,,44.00,,,,,,,false,false,12,2016-04-01,2017-03-31,-1
2018-07-31,96870,2019-03-31,1,3642000000,0.024,,,,,203000000,-0.006,215000000,-0.004,,143000000,,23.76,23.29,,,,,13917000000,10180000000,0.725,,10089000000,,,,,,,,,,,,true,false,3,2018-04-01,2018-06-30,0
2018-07-31,96870,2018-03-31,1,3555000000,0.102,,,,,204000000,0.171,216000000,0.158,,137000000,,22.76,22.39,,,,,,,,,,,,,,,,,,,,,true,false,3,2017-04-01,2017-06-30,-1
2018-07-31,96870,2019-03-31,1,16300000000,0.062,,,,,1360000000,0.004,1400000000,0.008,,945000000,,156.51,,,,,,,,,,,,,,,,,,,,,,true,true,12,2018-04-01,2019-03-31,0
2018-07-31,96870,2018-03-31,1,,,,,,,,,,,,,,,,,,,,14311000000,10330000000,0.715,,10239000000,,,,,,,,,,,,true,false,12,2017-04-01,2018-03-31,-1
2018-07-31,96870,2018-03-31,1,,,,,,,,,,,,,,,,,,,,,,,,,,,,,47.00,,,,7636368,1598411,,false,false,12,2017-04-01,2018-03-31,-1
2018-07-31,96870,2019-03-31,1,,,,,,,,,,,,,,,,,,,,,,,,,,,,,47.00,,,,,,,false,true,12,2018-04-01,2019-03-31,0
2018-07-31,96870,2019-03-31,1,,,,,,,,,,,,,,,,,,,,,,,,,,,,,,,,,7636368,1598411,6037957,false,false,3,2018-04-01,2018-06-30,0
2018-07-31,96870,2018-03-31,1,,,,,,,,,,,,,,,,,,,,,,,,,,,,,,,,,,,6036606,false,false,3,2017-04-01,2017-06-30,-1
2018-10-31,96870,2019-03-31,2,7669000000,0.045,,,,,512000000,0.048,528000000,0.042,,356000000,,58.98,57.82,,,,,14305000000,10397000000,0.719,1702.39,10290000000,,,,,,,,,,,,true,false,6,2018-04-01,2018-09-30,0
2018-10-31,96870,2018-03-31,2,7337000000,0.071,,,,,488000000,0.102,506000000,0.095,,337000000,,55.90,54.91,,,,,,,,,,,,,,,,,,,,,true,false,6,2017-04-01,2017-09-30,-1
2018-10-31,96870,2019-03-31,2,16300000000,0.062,,,,,1360000000,0.004,1400000000,0.008,,945000000,,156.37,,,,,,,,,,,,,,,,,,,,,,true,true,12,2018-04-01,2019-03-31,0
2018-10-31,96870,2018-03-31,2,,,,,,,,,,,,,,,,,,,,14311000000,10330000000,0.715,1695.83,10239000000,,,,,,,,,,,,true,false,12,2017-04-01,2018-03-31,-1
2018-10-31,96870,2018-03-31,2,,,,,,,,,,,,,,,,,,,,,,,,,,,,,47.00,,,,7636368,1598411,,false,false,12,2017-04-01,2018-03-31,-1
2018-10-31,96870,2019-03-31,2,,,,,,,,,,,,,,,,,,,,,,,,,,,,,0.00,,,,,,,false,false,12,2018-04-01,2019-03-31,0
2018-10-31,96870,2019-03-31,2,,,,,,,,,,,,,,,,,,,,,,,,,,,,,47.00,,,,,,,false,true,12,2018-04-01,2019-03-31,0
2018-10-31,96870,2019-03-31,2,,,,,,,,,,,,,,,,,,,,,,,,,,,,,,,,,7636368,1591431,6041428,false,false,6,2018-04-01,2018-09-30,0
2018-10-31,96870,2018-03-31,2,,,,,,,,,,,,,,,,,,,,,,,,,,,,,,,,,,,6036594,false,false,6,2017-04-01,2017-09-30,-1
2019-01-31,96870,2019-03-31,3,11796000000,0.058,,,,,963000000,0.123,989000000,0.116,,664000000,,110.27,108.07,,,,,14327000000,10456000000,0.722,1740.81,10349000000,,,,,,,,,,,,true,false,9,2018-04-01,2018-12-31,0
2019-01-31,96870,2018-03-31,3,11150000000,0.066,,,,,858000000,0.147,886000000,0.135,,595000000,,98.66,96.79,,,,,,,,,,,,,,,,,,,,,true,false,9,2017-04-01,2017-12-31,-1
2019-01-31,96870,2019-03-31,3,16300000000,0.062,,,,,1360000000,0.004,1400000000,0.008,,945000000,,157.36,,,,,,,,,,,,,,,,,,,,,,true,true,12,2018-04-01,2019-03-31,0
2019-01-31,96870,2018-03-31,3,,,,,,,,,,,,,,,,,,,,14311000000,10330000000,0.715,1695.83,10239000000,,,,,,,,,,,,true,false,12,2017-04-01,2018-03-31,-1
2019-01-31,96870,2018-03-31,3,,,,,,,,,,,,,,,,,,,,,,,,,,,,,47.00,,,,7636368,1598411,,false,false,12,2017-04-01,2018-03-31,-1
2019-01-31,96870,2019-03-31,3,,,,,,,,,,,,,,,,,,,,,,,,,,,,,0.00,,,,,,,false,false,12,2018-04-01,2019-03-31,0
2019-01-31,96870,2019-03-31,3,,,,,,,,,,,,,,,,,,,,,,,,,,,,,94.00,,,,,,,false,true,12,2018-04-01,2019-03-31,0
2019-01-31,96870,2019-03-31,3,,,,,,,,,,,,,,,,,,,,,,,,,,,,,,,,,7636368,1691431,6025147,false,false,9,2018-04-01,2018-12-31,0
2019-01-31,96870,2018-03-31,3,,,,,,,,,,,,,,,,,,,,,,,,,,,,,,,,,,,6036580,false,false,9,2017-04-01,2017-12-31,-1
,96870,2019-03-31,,,,,,,,,,,,,,,,,,,,,,,,,,,,,,94.00,,,,,,,false,true,12,2018-04-01,2019-03-31,0
,96870,2019-03-31,,,,,,,,,,,,,,,,,,,,,,,,,,,,,,0.00,,,,,,,false,false,12,2018-04-01,2019-03-31,0
,96870,2018-03-31,,,,,,,,,,,,,,,,,,,,,,,,,,,,,,47.00,,,,,,,false,false,12,2017-04-01,2018-03-31,-1
2019-04-26,96870,2019-03-31,,16421000000,0.070,,,,,1368000000,0.010,1402000000,0.010,,932000000,,155.21,152.07,0.089,0.095,0.083,,15270000000,10842000000,0.703,1805.69,10734000000,1338000000,-1031000000,-446000000,4243000000,,0.606,,,,,,true,false,12,2018-04-01,2019-03-31,0
2019-04-26,96870,2018-03-31,,15351000000,0.056,,,,,1355000000,0.085,1389000000,0.081,,941000000,,155.95,153.15,0.095,0.100,0.088,,14311000000,10330000000,0.715,1695.83,10239000000,966000000,-479000000,-267000000,4383000000,,0.301,,,,,,true,false,12,2017-04-01,2018-03-31,-1
2019-04-26,96870,2020-03-31,,17450000000,0.063,,,,,1450000000,0.060,1490000000,0.062,,1000000000,,168.21,,,,,,,,,,,,,,,,0.303,,,,,,true,true,12,2019-04-01,2020-03-31,1
2019-04-26,96870,2018-03-31,,,,,,,,,,,,,,,,,,,,,,,,,,,,,,47.00,,,,7636368,1598411,6035738,false,false,12,2017-04-01,2018-03-31,-1
2019-04-26,96870,2019-03-31,,,,,,,,,,,,,,,,,,,,,,,,,,,,,,94.00,,,,7636368,1691571,6005348,false,false,12,2018-04-01,2019-03-31,0
2019-04-26,96870,2020-03-31,,,,,,,,,,,,,,,,,,,,,,,,,,,,,,51.00,,,,,,,false,true,12,2019-04-01,2020-03-31,1
2019-07-31,96870,2020-03-31,1,3963000000,0.088,,,,,171000000,-0.155,180000000,-0.162,,119000000,,20.13,19.71,,,,,14201000000,10381000000,0.723,,10273000000,,,,,,,,,,,,true,false,3,2019-04-01,2019-06-30,0
2019-07-31,96870,2019-03-31,1,3642000000,0.024,,,,,203000000,-0.006,215000000,-0.004,,143000000,,23.76,23.29,,,,,,,,,,,,,,,,,,,,,true,false,3,2018-04-01,2018-06-30,-1
2019-07-31,96870,2020-03-31,1,17450000000,0.063,,,,,1450000000,0.060,1490000000,0.062,,1000000000,,168.21,,,,,,,,,,,,,,,,,,,,,,true,true,12,2019-04-01,2020-03-31,0
2019-07-31,96870,2019-03-31,1,,,,,,,,,,,,,,,,,,,,15270000000,10842000000,0.703,,10734000000,,,,,,,,,,,,true,false,12,2018-04-01,2019-03-31,-1
2019-07-31,96870,2019-03-31,1,,,,,,,,,,,,,,,,,,,,,,,,,,,,,94.00,,,,7636368,1691571,,false,false,12,2018-04-01,2019-03-31,-1
2019-07-31,96870,2020-03-31,1,,,,,,,,,,,,,,,,,,,,,,,,,,,,,51.00,,,,,,,false,true,12,2019-04-01,2020-03-31,0
2019-07-31,96870,2020-03-31,1,,,,,,,,,,,,,,,,,,,,,,,,,,,,,,,,,7636368,1691571,5944797,false,false,3,2019-04-01,2019-06-30,0
2019-07-31,96870,2019-03-31,1,,,,,,,,,,,,,,,,,,,,,,,,,,,,,,,,,,,6037957,false,false,3,2018-04-01,2018-06-30,-1
2019-10-31,96870,2020-03-31,2,8268000000,0.078,,,,,489000000,-0.045,507000000,-0.038,,337000000,,56.78,55.56,,,,,14404000000,10652000000,0.730,1761.28,10517000000,,,,,,,,,,,,true,false,6,2019-04-01,2019-09-30,0
2019-10-31,96870,2019-03-31,2,7669000000,0.045,,,,,512000000,0.048,528000000,0.042,,356000000,,58.98,57.82,,,,,,,,,,,,,,,,,,,,,true,false,6,2018-04-01,2018-09-30,-1
2019-10-31,96870,2020-03-31,2,17450000000,0.063,,,,,1450000000,0.060,1490000000,0.062,,1000000000,,167.76,,,,,,,,,,,,,,,,,,,,,,true,true,12,2019-04-01,2020-03-31,0
2019-10-31,96870,2019-03-31,2,,,,,,,,,,,,,,,,,,,,15270000000,10842000000,0.703,1805.69,10734000000,,,,,,,,,,,,true,false,12,2018-04-01,2019-03-31,-1
2019-10-31,96870,2019-03-31,2,,,,,,,,,,,,,,,,,,,,,,,,,,,,,94.00,,,,7636368,1691571,,false,false,12,2018-04-01,2019-03-31,-1
2019-10-31,96870,2020-03-31,2,,,,,,,,,,,,,,,,,,,,,,,,,,,,,0.00,,,,,,,false,false,12,2019-04-01,2020-03-31,0
2019-10-31,96870,2020-03-31,2,,,,,,,,,,,,,,,,,,,,,,,,,,,,,51.00,,,,,,,false,true,12,2019-04-01,2020-03-31,0
2019-10-31,96870,2020-03-31,2,,,,,,,,,,,,,,,,,,,,,,,,,,,,,,,,,7636368,1664571,5950169,false,false,6,2019-04-01,2019-09-30,0
2019-10-31,96870,2019-03-31,2,,,,,,,,,,,,,,,,,,,,,,,,,,,,,,,,,,,6041428,false,false,6,2018-04-01,2018-09-30,-1
2020-01-31,96870,2020-03-31,3,12562000000,0.065,,,,,950000000,-0.014,979000000,-0.009,,652000000,,109.39,107.08,,,,,14612000000,11058000000,0.748,1825.25,10925000000,,,,,,,,,,,,true,false,9,2019-04-01,2019-12-31,0
2020-01-31,96870,2019-03-31,3,11796000000,0.058,,,,,963000000,0.123,989000000,0.116,,664000000,,110.27,108.07,,,,,,,,,,,,,,,,,,,,,true,false,9,2018-04-01,2018-12-31,-1
2020-01-31,96870,2020-03-31,3,17450000000,0.063,,,,,1450000000,0.060,1490000000,0.062,,1000000000,,167.58,,,,,,,,,,,,,,,,,,,,,,true,true,12,2019-04-01,2020-03-31,0
2020-01-31,96870,2019-03-31,3,,,,,,,,,,,,,,,,,,,,15270000000,10842000000,0.703,1805.69,10734000000,,,,,,,,,,,,true,false,12,2018-04-01,2019-03-31,-1
2020-01-31,96870,2019-03-31,3,,,,,,,,,,,,,,,,,,,,,,,,,,,,,94.00,,,,7636368,1691571,,false,false,12,2018-04-01,2019-03-31,-1
2020-01-31,96870,2020-03-31,3,,,,,,,,,,,,,,,,,,,,,,,,,,,,,0.00,,,,,,,false,false,12,2019-04-01,2020-03-31,0
2020-01-31,96870,2020-03-31,3,,,,,,,,,,,,,,,,,,,,,,,,,,,,,51.00,,,,,,,false,true,12,2019-04-01,2020-03-31,0
2020-01-31,96870,2020-03-31,3,,,,,,,,,,,,,,,,,,,,,,,,,,,,,,,,,7636368,1650571,5960979,false,false,9,2019-04-01,2019-12-31,0
2020-01-31,96870,2019-03-31,3,,,,,,,,,,,,,,,,,,,,,,,,,,,,,,,,,,,6025147,false,false,9,2018-04-01,2018-12-31,-1
2020-04-30,96870,2020-03-31,,17274000000,0.052,,,,,1613000000,0.179,1651000000,0.177,,1083000000,,181.48,177.73,0.098,0.107,0.093,,15550000000,11444000000,0.728,1883.43,11313000000,1388000000,-101000000,-571000000,4960000000,,0.303,,,,,,true,false,12,2019-04-01,2020-03-31,0
2020-04-30,96870,2019-03-31,,16421000000,0.070,,,,,1368000000,0.010,1402000000,0.010,,932000000,,155.21,152.07,0.089,0.095,0.083,,15270000000,10842000000,0.703,1805.69,10734000000,1338000000,-1031000000,-446000000,4243000000,,0.606,,,,,,true,false,12,2018-04-01,2019-03-31,-1
2020-04-30,96870,2019-03-31,,,,,,,,,,,,,,,,,,,,,,,,,,,,,,94.00,,,,7636368,1691571,6005348,false,false,12,2018-04-01,2019-03-31,-1
2020-04-30,96870,2020-03-31,,,,,,,,,,,,,,,,,,,,,,,,,,,,,,55.00,,,,7636368,1629571,5969076,false,false,12,2019-04-01,2020-03-31,0
,96870,2020-03-31,,,,,,,,,,,,,,,,,,,,,,,,,,,,,,55.00,,,,,,,false,true,12,2019-04-01,2020-03-31,0
,96870,2020-03-31,,,,,,,,,,,,,,,,,,,,,,,,,,,,,,0.00,,,,,,,false,false,12,2019-04-01,2020-03-31,0
,96870,2019-03-31,,,,,,,,,,,,,,,,,,,,,,,,,,,,,,94.00,,,,,,,false,false,12,2018-04-01,2019-03-31,-1
2020-07-31,96870,2021-03-31,1,4052000000,0.023,,,,,341000000,0.989,353000000,0.959,,237000000,,39.52,38.81,,,,,15159000000,11416000000,0.744,,11285000000,,,,,,,,,,,,true,false,3,2020-04-01,2020-06-30,0
2020-07-31,96870,2020-03-31,1,3963000000,0.088,,,,,171000000,-0.155,180000000,-0.162,,119000000,,20.13,19.71,,,,,,,,,,,,,,,,,,,,,true,false,3,2019-04-01,2019-06-30,-1
2020-07-31,96870,2020-03-31,1,,,,,,,,,,,,,,,,,,,,15550000000,11444000000,0.728,,11313000000,,,,,,,,,,,,true,false,12,2019-04-01,2020-03-31,-1
2020-07-31,96870,2020-03-31,1,,,,,,,,,,,,,,,,,,,,,,,,,,,,,55.00,,,,7636368,1629571,,false,false,12,2019-04-01,2020-03-31,-1
2020-07-31,96870,2021-03-31,1,,,,,,,,,,,,,,,,,,,,,,,,,,,,,,,,,7636368,1629571,6006797,false,false,3,2020-04-01,2020-06-30,0
2020-07-31,96870,2020-03-31,1,,,,,,,,,,,,,,,,,,,,,,,,,,,,,,,,,,,5944797,false,false,3,2019-04-01,2019-06-30,-1
2020-10-30,96870,2021-03-31,2,8247000000,-0.003,,,,,561000000,0.147,829000000,0.634,,556000000,,92.85,91.21,,,,,15978000000,11728000000,0.724,1940.31,11573000000,,,,,,,,,,,,true,false,6,2020-04-01,2020-09-30,0
2020-10-30,96870,2020-03-31,2,8268000000,0.078,,,,,489000000,-0.045,507000000,-0.038,,337000000,,56.78,55.56,,,,,,,,,,,,,,,,,,,,,true,false,6,2019-04-01,2019-09-30,-1
2020-10-30,96870,2021-03-31,2,17600000000,0.019,,,,,1500000000,-0.070,2000000000,0.211,,1330000000,,222.40,,,,,,,,,,,,,,,,,,,,,,true,true,12,2020-04-01,2021-03-31,0
2020-10-30,96870,2020-03-31,2,,,,,,,,,,,,,,,,,,,,15550000000,11444000000,0.728,1883.43,11313000000,,,,,,,,,,,,true,false,12,2019-04-01,2020-03-31,-1
2020-10-30,96870,2020-03-31,2,,,,,,,,,,,,,,,,,,,,,,,,,,,,,55.00,,,,7636368,1629571,,false,false,12,2019-04-01,2020-03-31,-1
2020-10-30,96870,2021-03-31,2,,,,,,,,,,,,,,,,,,,,,,,,,,,,,0.00,,,,,,,false,false,12,2020-04-01,2021-03-31,0
2020-10-30,96870,2021-03-31,2,,,,,,,,,,,,,,,,,,,,,,,,,,,,,67.00,,,,,,,false,true,12,2020-04-01,2021-03-31,0
2020-10-30,96870,2021-03-31,2,,,,,,,,,,,,,,,,,,,,,,,,,,,,,,,,,7636368,1671786,5995575,false,false,6,2020-04-01,2020-09-30,0
2020-10-30,96870,2020-03-31,2,,,,,,,,,,,,,,,,,,,,,,,,,,,,,,,,,,,5950169,false,false,6,2019-04-01,2019-09-30,-1
2021-01-29,96870,2021-03-31,3,12643000000,0.006,,,,,1140000000,0.199,1527000000,0.559,,1026000000,,171.57,168.57,,,,,16139000000,12142000000,0.743,2009.44,11985000000,,,,,,,,,,,,true,false,9,2020-04-01,2020-12-31,0
2021-01-29,96870,2020-03-31,3,12562000000,0.065,,,,,950000000,-0.014,979000000,-0.009,,652000000,,109.39,107.08,,,,,,,,,,,,,,,,,,,,,true,false,9,2019-04-01,2019-12-31,-1
2021-01-29,96870,2021-03-31,3,17600000000,0.019,,,,,1500000000,-0.070,2000000000,0.211,,1330000000,,222.40,,,,,,,,,,,,,,,,,,,,,,true,true,12,2020-04-01,2021-03-31,0
2021-01-29,96870,2020-03-31,3,,,,,,,,,,,,,,,,,,,,15550000000,11444000000,0.728,1883.43,11313000000,,,,,,,,,,,,true,false,12,2019-04-01,2020-03-31,-1
2021-01-29,96870,2020-03-31,3,,,,,,,,,,,,,,,,,,,,,,,,,,,,,55.00,,,,7636368,1629571,,false,false,12,2019-04-01,2020-03-31,-1
2021-01-29,96870,2021-03-31,3,,,,,,,,,,,,,,,,,,,,,,,,,,,,,0.00,,,,,,,false,false,12,2020-04-01,2021-03-31,0
2021-01-29,96870,2021-03-31,3,,,,,,,,,,,,,,,,,,,,,,,,,,,,,67.00,,,,,,,false,true,12,2020-04-01,2021-03-31,0
2021-01-29,96870,2021-03-31,3,,,,,,,,,,,,,,,,,,,,,,,,,,,,,,,,,7636368,1671861,5985204,false,false,9,2020-04-01,2020-12-31,0
2021-01-29,96870,2020-03-31,3,,,,,,,,,,,,,,,,,,,,,,,,,,,,,,,,,,,5960979,false,false,9,2019-04-01,2019-12-31,-1
2021-04-30,96870,2021-03-31,,17547000000,0.016,,,,,1807000000,0.120,2275000000,0.378,,1533000000,,256.47,251.56,0.129,0.137,0.103,,17624000000,12546000000,0.703,2076.29,12388000000,2296000000,-574000000,-427000000,6253000000,,0.300,,,,,,true,false,12,2020-04-01,2021-03-31,0
2021-04-30,96870,2020-03-31,,17274000000,0.052,,,,,1613000000,0.179,1651000000,0.177,,1083000000,,181.48,177.73,0.098,0.107,0.093,,15550000000,11444000000,0.728,1883.43,11313000000,1388000000,-101000000,-571000000,4960000000,,0.303,,,,,,true,false,12,2019-04-01,2020-03-31,-1
2021-04-30,96870,2022-03-31,,18800000000,0.071,,,,,2000000000,0.106,2100000000,-0.077,,1400000000,,234.64,,,,,,,,,,,,,,,,0.303,,,,,,true,true,12,2021-04-01,2022-03-31,1
2021-04-30,96870,2021-03-31,,13651000000,0.006,,,,,1157000000,0.166,1692000000,0.506,1151000000,,0.533,192.59,188.90,,,,,13525000000,9387000000,0.683,1548.18,9237000000,,,,,77.00,,,,7636368,1669861,5980232,false,false,12,2020-04-01,2021-03-31,0
2021-04-30,96870,2020-03-31,,13567000000,0.043,,,,,992000000,0.124,1123000000,0.113,751000000,,0.113,125.89,123.29,,,,,11993000000,8544000000,0.702,1401.56,8418000000,,,,,55.00,,,,7636368,1629571,5969076,false,false,12,2019-04-01,2020-03-31,-1
2021-04-30,96870,2022-03-31,,,,,,,,,,,,,,,,,,,,,,,,,,,,,,71.00,,,,,,,false,true,12,2021-04-01,2022-03-31,1
,96870,2021-03-31,,,,,,,,,,,,,,,,,,,,,,,,,,,,,,77.00,,,,,,,false,true,12,2020-04-01,2021-03-31,0
,96870,2021-03-31,,,,,,,,,,,,,,,,,,,,,,,,,,,,,,0.00,,,,,,,false,false,12,2020-04-01,2021-03-31,0
,96870,2020-03-31,,,,,,,,,,,,,,,,,,,,,,,,,,,,,,55.00,,,,,,,false,false,12,2019-04-01,2020-03-31,-1
2021-07-30,96870,2022-03-31,1,4400000000,0.086,,,,,390000000,0.143,403000000,0.140,,260000000,,43.68,42.79,,,,,16657000000,12412000000,0.736,,12257000000,,,,,,,,,,,,true,false,3,2021-04-01,2021-06-30,0
2021-07-30,96870,2021-03-31,1,4052000000,0.023,,,,,341000000,0.989,353000000,0.959,,237000000,,39.52,38.81,,,,,,,,,,,,,,,,,,,,,true,false,3,2020-04-01,2020-06-30,-1
2021-07-30,96870,2022-03-31,1,18800000000,0.071,,,,,2000000000,0.106,2100000000,-0.077,,1400000000,,234.64,,,,,,,,,,,,,,,,,,,,,,true,true,12,2021-04-01,2022-03-31,0
2021-07-30,96870,2021-03-31,1,,,,,,,,,,,,,,,,,,,,17624000000,12546000000,0.703,,12388000000,,,,,,,,,,,,true,false,12,2020-04-01,2021-03-31,-1
2021-07-30,96870,2021-03-31,1,,,,,,,,,,,,,,,,,,,,,,,,,,,,,77.00,,,,7636368,1669861,,false,false,12,2020-04-01,2021-03-31,-1
2021-07-30,96870,2022-03-31,1,,,,,,,,,,,,,,,,,,,,,,,,,,,,,71.00,,,,,,,false,true,12,2021-04-01,2022-03-31,0
2021-07-30,96870,2022-03-31,1,,,,,,,,,,,,,,,,,,,,,,,,,,,,,,,,,7636368,1669861,5966507,false,false,3,2021-04-01,2021-06-30,0
2021-07-30,96870,2021-03-31,1,,,,,,,,,,,,,,,,,,,,,,,,,,,,,,,,,,,6006797,false,false,3,2020-04-01,2020-06-30,-1
2021-10-29,9687,2022-03-31,2,8887000000,0.078,,,,,765000000,0.363,859000000,0.035,,570000000,,95.55,93.52,,,,,17296000000,12757000000,0.727,2106.96,12571000000,,,,,,,,,,,,true,false,6,2021-04-01,2021-09-30,0
2021-10-29,9687,2021-03-31,2,8247000000,-0.003,,,,,561000000,0.147,829000000,0.634,,556000000,,92.85,91.21,,,,,,,,,,,,,,,,,,,,,true,false,6,2020-04-01,2020-09-30,-1
2021-10-29,9687,2022-03-31,2,18800000000,0.071,,,,,2000000000,0.106,2100000000,-0.077,,1400000000,,234.64,,,,,,,,,,,,,,,,,,,,,,true,true,12,2021-04-01,2022-03-31,0
2021-10-29,9687,2021-03-31,2,,,,,,,,,,,,,,,,,,,,17624000000,12546000000,0.703,2076.29,12388000000,,,,,,,,,,,,true,false,12,2020-04-01,2021-03-31,-1
2021-10-29,9687,2021-03-31,2,,,,,,,,,,,,,,,,,,,,,,,,,,,,,77.00,,,,7636368,1669861,,false,false,12,2020-04-01,2021-03-31,-1
2021-10-29,9687,2022-03-31,2,,,,,,,,,,,,,,,,,,,,,,,,,,,,,0.00,,,,,,,false,false,12,2021-04-01,2022-03-31,0
2021-10-29,9687,2022-03-31,2,,,,,,,,,,,,,,,,,,,,,,,,,,,,,71.00,,,,,,,false,true,12,2021-04-01,2022-03-31,0
2021-10-29,9687,2022-03-31,2,,,,,,,,,,,,,,,,,,,,,,,,,,,,,,,,,7636368,1669861,5966507,false,false,6,2021-04-01,2021-09-30,0
2021-10-29,9687,2021-03-31,2,,,,,,,,,,,,,,,,,,,,,,,,,,,,,,,,,,,5995575,false,false,6,2020-04-01,2020-09-30,-1
2022-01-31,9687,2022-03-31,3,13624000000,0.078,,,,,1424000000,0.249,1573000000,0.030,,1055000000,,176.82,172.98,,,,,17393000000,13217000000,0.749,2183.99,13030000000,,,,,,,,,,,,true,false,9,2021-04-01,2021-12-31,0
2022-01-31,9687,2021-03-31,3,12643000000,0.006,,,,,1140000000,0.199,1527000000,0.559,,1026000000,,171.57,168.57,,,,,,,,,,,,,,,,,,,,,true,false,9,2020-04-01,2020-12-31,-1
2022-01-31,9687,2022-03-31,3,18800000000,0.071,,,,,2000000000,0.106,2100000000,-0.077,,1400000000,,234.64,,,,,,,,,,,,,,,,,,,,,,true,true,12,2021-04-01,2022-03-31,0
2022-01-31,9687,2021-03-31,3,,,,,,,,,,,,,,,,,,,,17624000000,12546000000,0.703,2076.29,12388000000,,,,,,,,,,,,true,false,12,2020-04-01,2021-03-31,-1
2022-01-31,9687,2021-03-31,3,,,,,,,,,,,,,,,,,,,,,,,,,,,,,77.00,,,,7636368,1669861,,false,false,12,2020-04-01,2021-03-31,-1
2022-01-31,9687,2022-03-31,3,,,,,,,,,,,,,,,,,,,,,,,,,,,,,0.00,,,,,,,false,false,12,2021-04-01,2022-03-31,0
2022-01-31,9687,2022-03-31,3,,,,,,,,,,,,,,,,,,,,,,,,,,,,,71.00,,,,,,,false,true,12,2021-04-01,2022-03-31,0
2022-01-31,9687,2022-03-31,3,,,,,,,,,,,,,,,,,,,,,,,,,,,,,,,,,7636368,1669861,5966507,false,false,9,2021-04-01,2021-12-31,0
2022-01-31,9687,2021-03-31,3,,,,,,,,,,,,,,,,,,,,,,,,,,,,,,,,,,,5985204,false,false,9,2020-04-01,2020-12-31,-1
2022-04-28,9687,2022-03-31,,18623000000,0.061,,,,,2069000000,0.145,2229000000,-0.020,,1501000000,,251.58,246.04,0.116,0.123,0.111,,18497000000,13632000000,0.727,2253.34,13444000000,991000000,-1640000000,-463000000,5141000000,,0.306,,,,,,true,false,12,2021-04-01,2022-03-31,0
2022-04-28,9687,2021-03-31,,17547000000,0.016,,,,,1807000000,0.120,2275000000,0.378,,1533000000,,256.47,251.56,0.129,0.137,0.103,,17624000000,12546000000,0.703,2076.29,12388000000,2296000000,-574000000,-427000000,6253000000,,0.300,,,,,,true,false,12,2020-04-01,2021-03-31,-1
2022-04-28,9687,2023-03-31,,20000000000,0.074,,,,,2100000000,0.015,2250000000,0.009,,1530000000,,256.43,,,,,,,,,,,,,,,,0.300,,,,,,true,true,12,2022-04-01,2023-03-31,1
2022-04-28,9687,2022-03-31,,14608000000,0.070,,,,,1520000000,0.314,1806000000,0.068,1234000000,,0.072,206.97,202.42,,,,,14217000000,10194000000,0.704,1677.94,10011000000,,,,,77.00,,,,7636368,1669861,5966507,false,false,12,2021-04-01,2022-03-31,0
2022-04-28,9687,2021-03-31,,13651000000,0.006,,,,,1157000000,0.166,1692000000,0.506,1151000000,,0.533,192.59,188.90,,,,,13525000000,9387000000,0.683,1548.18,9237000000,,,,,77.00,,,,7636368,1669861,5980232,false,false,12,2020-04-01,2021-03-31,-1
2022-04-28,9687,2023-03-31,,,,,,,,,,,,,,,,,,,,,,,,,,,,,,77.00,,,,,,,false,true,12,2022-04-01,2023-03-31,1
,96870,2022-03-31,,,,,,,,,,,,,,,,,,,,,,,,,,,,,,77.00,,,,,,,false,true,12,2021-04-01,2022-03-31,0
,96870,2022-03-31,,,,,,,,,,,,,,,,,,,,,,,,,,,,,,0.00,,,,,,,false,false,12,2021-04-01,2022-03-31,0
,96870,2021-03-31,,,,,,,,,,,,,,,,,,,,,,,,,,,,,,77.00,,,,,,,false,false,12,2020-04-01,2021-03-31,-1
2022-07-29,9687,2023-03-31,1,4824000000,0.096,,,,,499000000,0.279,514000000,0.274,,346000000,,58.10,56.81,,,,,18024000000,13507000000,0.739,,13318000000,,,,,,,,,,,,true,false,3,2022-04-01,2022-06-30,0
2022-07-29,9687,2022-03-31,1,4400000000,0.086,,,,,390000000,0.143,403000000,0.140,,260000000,,43.68,42.79,,,,,,,,,,,,,,,,,,,,,true,false,3,2021-04-01,2021-06-30,-1
2022-07-29,9687,2023-03-31,1,20000000000,0.074,,,,,2100000000,0.015,2250000000,0.009,,1530000000,,256.43,,,,,,,,,,,,,,,,,,,,,,true,true,12,2022-04-01,2023-03-31,0
2022-07-29,9687,2022-03-31,1,,,,,,,,,,,,,,,,,,,,18497000000,13632000000,0.727,,13444000000,,,,,,,,,,,,true,false,12,2021-04-01,2022-03-31,-1
2022-07-29,9687,2022-03-31,1,,,,,,,,,,,,,,,,,,,,,,,,,,,,,77.00,,,,7636368,1669861,,false,false,12,2021-04-01,2022-03-31,-1
2022-07-29,9687,2023-03-31,1,,,,,,,,,,,,,,,,,,,,,,,,,,,,,77.00,,,,,,,false,true,12,2022-04-01,2023-03-31,0
2022-07-29,9687,2023-03-31,1,,,,,,,,,,,,,,,,,,,,,,,,,,,,,,,,,7636368,1669911,5966480,false,false,3,2022-04-01,2022-06-30,0
2022-07-29,9687,2022-03-31,1,,,,,,,,,,,,,,,,,,,,,,,,,,,,,,,,,,,5966507,false,false,3,2021-04-01,2021-06-30,-1
2022-10-31,9687,2023-03-31,2,9808000000,0.104,,,,,958000000,0.253,986000000,0.148,,714000000,,119.73,117.02,,,,,18831000000,13905000000,0.727,2292.71,13693000000,,,,,,,,,,,,true,false,6,2022-04-01,2022-09-30,0
2022-10-31,9687,2022-03-31,2,8887000000,0.078,,,,,765000000,0.363,859000000,0.035,,570000000,,95.55,93.52,,,,,,,,,,,,,,,,,,,,,true,false,6,2021-04-01,2021-09-30,-1
2022-10-31,9687,2023-03-31,2,20000000000,0.074,,,,,2100000000,0.015,2250000000,0.009,,1530000000,,256.23,,,,,,,,,,,,,,,,,,,,,,true,true,12,2022-04-01,2023-03-31,0
2022-10-31,9687,2022-03-31,2,,,,,,,,,,,,,,,,,,,,18497000000,13632000000,0.727,2253.34,13444000000,,,,,,,,,,,,true,false,12,2021-04-01,2022-03-31,-1
2022-10-31,9687,2022-03-31,2,,,,,,,,,,,,,,,,,,,,,,,,,,,,,77.00,,,,7636368,1669861,,false,false,12,2021-04-01,2022-03-31,-1
2022-10-31,9687,2023-03-31,2,,,,,,,,,,,,,,,,,,,,,,,,,,,,,0.00,,,,,,,false,false,12,2022-04-01,2023-03-31,0
2022-10-31,9687,2023-03-31,2,,,,,,,,,,,,,,,,,,,,,,,,,,,,,77.00,,,,,,,false,true,12,2022-04-01,2023-03-31,0
2022-10-31,9687,2023-03-31,2,,,,,,,,,,,,,,,,,,,,,,,,,,,,,,,,,7636368,1663571,5969483,false,false,6,2022-04-01,2022-09-30,0
2022-10-31,9687,2022-03-31,2,,,,,,,,,,,,,,,,,,,,,,,,,,,,,,,,,,,5966507,false,false,6,2021-04-01,2021-09-30,-1
2023-01-31,9687,2023-03-31,3,14876000000,0.092,,,,,1589000000,0.116,1639000000,0.042,,1088000000,,182.25,178.06,,,,,18706000000,14305000000,0.753,2359.57,14093000000,,,,,,,,,,,,true,false,9,2022-04-01,2022-12-31,0
2023-01-31,9687,2022-03-31,3,13624000000,0.078,,,,,1424000000,0.249,1573000000,0.030,,1055000000,,176.82,172.98,,,,,,,,,,,,,,,,,,,,,true,false,9,2021-04-01,2021-12-31,-1
2023-01-31,9687,2023-03-31,3,20000000000,0.074,,,,,2100000000,0.015,2250000000,0.009,,1530000000,,256.23,,,,,,,,,,,,,,,,,,,,,,true,true,12,2022-04-01,2023-03-31,0
2023-01-31,9687,2022-03-31,3,,,,,,,,,,,,,,,,,,,,18497000000,13632000000,0.727,2253.34,13444000000,,,,,,,,,,,,true,false,12,2021-04-01,2022-03-31,-1
2023-01-31,9687,2022-03-31,3,,,,,,,,,,,,,,,,,,,,,,,,,,,,,77.00,,,,7636368,1669861,,false,false,12,2021-04-01,2022-03-31,-1
2023-01-31,9687,2023-03-31,3,,,,,,,,,,,,,,,,,,,,,,,,,,,,,0.00,,,,,,,false,false,12,2022-04-01,2023-03-31,0
2023-01-31,9687,2023-03-31,3,,,,,,,,,,,,,,,,,,,,,,,,,,,,,77.00,,,,,,,false,true,12,2022-04-01,2023-03-31,0
2023-01-31,9687,2023-03-31,3,,,,,,,,,,,,,,,,,,,,,,,,,,,,,,,,,7636368,1663605,5970581,false,false,9,2022-04-01,2022-12-31,0
2023-01-31,9687,2022-03-31,3,,,,,,,,,,,,,,,,,,,,,,,,,,,,,,,,,,,5966507,false,false,9,2021-04-01,2021-12-31,-1
2023-04-28,9687,2023-03-31,,20358000000,0.093,,,,,2225000000,0.075,2292000000,0.028,,1589000000,,266.27,260.08,0.113,0.119,0.109,,20173000000,14793000000,0.723,2441.29,14581000000,1431000000,-1607000000,-458000000,4507000000,,0.300,,,,,,true,false,12,2022-04-01,2023-03-31,0
2023-04-28,9687,2022-03-31,,18623000000,0.061,,,,,2069000000,0.145,2229000000,-0.020,,1501000000,,251.58,246.04,0.116,0.123,0.111,,18497000000,13632000000,0.727,2253.34,13444000000,991000000,-1640000000,-463000000,5141000000,,0.306,,,,,,true,false,12,2021-04-01,2022-03-31,-1
2023-04-28,9687,2024-03-31,,21900000000,0.076,,,,,2260000000,0.016,2320000000,0.012,,1710000000,,286.30,,,,,,,,,,,,,,,,0.300,,,,,,true,true,12,2023-04-01,2024-03-31,1
2023-04-28,9687,2023-03-31,,16099000000,0.102,,,,,1657000000,0.090,1812000000,0.004,1245000000,,0.009,208.64,203.79,,,,,15416000000,10993000000,0.700,1806.05,10787000000,,,,,80.00,,,,7636368,1663605,5971119,false,false,12,2022-04-01,2023-03-31,0
2023-04-28,9687,2022-03-31,,14608000000,0.070,,,,,1520000000,0.314,1806000000,0.068,1234000000,,0.072,206.97,202.42,,,,,14217000000,10194000000,0.704,1677.94,10011000000,,,,,77.00,,,,7636368,1669861,5966507,false,false,12,2021-04-01,2022-03-31,-1
2023-04-28,9687,2024-03-31,,,,,,,,,,,,,,,,,,,,,,,,,,,,,,86.00,,,,,,,false,true,12,2023-04-01,2024-03-31,1
2023-07-31,9687,2024-03-31,1,5118000000,0.061,,,,,364000000,-0.271,381000000,-0.257,,274000000,,45.89,44.79,,,,,19362000000,14652000000,0.746,,14439000000,,,,,,,,,,,,true,false,3,2023-04-01,2023-06-30,0
2023-07-31,9687,2023-03-31,1,4824000000,0.096,,,,,499000000,0.279,514000000,0.274,,346000000,,58.10,56.81,,,,,,,,,,,,,,,,,,,,,true,false,3,2022-04-01,2022-06-30,-1
2023-07-31,9687,2024-03-31,1,21900000000,0.076,,,,,2260000000,0.016,2320000000,0.012,,1710000000,,286.22,,,,,,,,,,,,,,,,,,,,,,true,true,12,2023-04-01,2024-03-31,0
2023-07-31,9687,2023-03-31,1,,,,,,,,,,,,,,,,,,,,20173000000,14793000000,0.723,,14581000000,,,,,,,,,,,,true,false,12,2022-04-01,2023-03-31,-1
2023-07-31,9687,2023-03-31,1,,,,,,,,,,,,,,,,,,,,,,,,,,,,,80.00,,,,7636368,1663605,,false,false,12,2022-04-01,2023-03-31,-1
2023-07-31,9687,2024-03-31,1,,,,,,,,,,,,,,,,,,,,,,,,,,,,,86.00,,,,,,,false,true,12,2023-04-01,2024-03-31,0
2023-07-31,9687,2024-03-31,1,,,,,,,,,,,,,,,,,,,,,,,,,,,,,,,,,7636368,1661605,5973247,false,false,3,2023-04-01,2023-06-30,0
2023-07-31,9687,2023-03-31,1,,,,,,,,,,,,,,,,,,,,,,,,,,,,,,,,,,,5966480,false,false,3,2022-04-01,2022-06-30,-1
2023-10-31,9687,2024-03-31,2,10567000000,0.077,,,,,962000000,0.004,995000000,0.009,,721000000,,120.86,117.83,,,,,20290000000,15111000000,0.733,2488.34,14867000000,,,,,,,,,,,,true,false,6,2023-04-01,2023-09-30,0
2023-10-31,9687,2023-03-31,2,9808000000,0.104,,,,,958000000,0.253,986000000,0.148,,714000000,,119.73,117.02,,,,,,,,,,,,,,,,,,,,,true,false,6,2022-04-01,2022-09-30,-1
2023-10-31,9687,2024-03-31,2,21900000000,0.076,,,,,2260000000,0.016,2320000000,0.012,,1710000000,,286.22,,,,,,,,,,,,,,,,,,,,,,true,true,12,2023-04-01,2024-03-31,0
2023-10-31,9687,2023-03-31,2,,,,,,,,,,,,,,,,,,,,20173000000,14793000000,0.723,2441.29,14581000000,,,,,,,,,,,,true,false,12,2022-04-01,2023-03-31,-1
2023-10-31,9687,2023-03-31,2,,,,,,,,,,,,,,,,,,,,,,,,,,,,,80.00,,,,7636368,1663605,,false,false,12,2022-04-01,2023-03-31,-1
2023-10-31,9687,2024-03-31,2,,,,,,,,,,,,,,,,,,,,,,,,,,,,,0.00,,,,,,,false,false,12,2023-04-01,2024-03-31,0
2023-10-31,9687,2024-03-31,2,,,,,,,,,,,,,,,,,,,,,,,,,,,,,86.00,,,,,,,false,true,12,2023-04-01,2024-03-31,0
2023-10-31,9687,2024-03-31,2,,,,,,,,,,,,,,,,,,,,,,,,,,,,,,,,,7636368,1661605,5974009,false,false,6,2023-04-01,2023-09-30,0
2023-10-31,9687,2023-03-31,2,,,,,,,,,,,,,,,,,,,,,,,,,,,,,,,,,,,5969483,false,false,6,2022-04-01,2022-09-30,-1
2024-01-31,9687,2024-03-31,3,16045000000,0.079,,,,,1644000000,0.035,1697000000,0.035,,1221000000,,204.54,199.26,,,,,20636000000,15658000000,0.747,2579.66,15412000000,,,,,,,,,,,,true,false,9,2023-04-01,2023-12-31,0
2024-01-31,9687,2023-03-31,3,14876000000,0.092,,,,,1589000000,0.116,1639000000,0.042,,1088000000,,182.25,178.06,,,,,,,,,,,,,,,,,,,,,true,false,9,2022-04-01,2022-12-31,-1
2024-01-31,9687,2024-03-31,3,21900000000,0.076,,,,,2260000000,0.016,2320000000,0.012,,1740000000,,291.22,,,,,,,,,,,,,,,,,,,,,,true,true,12,2023-04-01,2024-03-31,0
2024-01-31,9687,2023-03-31,3,,,,,,,,,,,,,,,,,,,,20173000000,14793000000,0.723,2441.29,14581000000,,,,,,,,,,,,true,false,12,2022-04-01,2023-03-31,-1
2024-01-31,9687,2023-03-31,3,,,,,,,,,,,,,,,,,,,,,,,,,,,,,80.00,,,,7636368,1663605,,false,false,12,2022-04-01,2023-03-31,-1
2024-01-31,9687,2024-03-31,3,,,,,,,,,,,,,,,,,,,,,,,,,,,,,0.00,,,,,,,false,false,12,2023-04-01,2024-03-31,0
2024-01-31,9687,2024-03-31,3,,,,,,,,,,,,,,,,,,,,,,,,,,,,,226.00,,,,,,,false,true,12,2023-04-01,2024-03-31,0
2024-01-31,9687,2024-03-31,3,,,,,,,,,,,,,,,,,,,,,,,,,,,,,,,,,7636368,1661605,5974261,false,false,9,2023-04-01,2023-12-31,0
2024-01-31,9687,2023-03-31,3,,,,,,,,,,,,,,,,,,,,,,,,,,,,,,,,,,,5970581,false,false,9,2022-04-01,2022-12-31,-1
2024-04-30,9687,2024-03-31,,21778000000,0.070,,,,,2306000000,0.036,2381000000,0.039,,1702000000,,284.90,277.23,0.112,0.113,0.106,,21885000000,16116000000,0.726,2656.73,15878000000,1936000000,-470000000,-474000000,5499000000,,0.793,,,,,,true,false,12,2023-04-01,2024-03-31,0
2024-04-30,9687,2023-03-31,,20358000000,0.093,,,,,2225000000,0.075,2292000000,0.028,,1589000000,,266.27,260.08,0.113,0.119,0.109,,20173000000,14793000000,0.723,2441.29,14581000000,1431000000,-1607000000,-458000000,4507000000,,0.300,,,,,,true,false,12,2022-04-01,2023-03-31,-1
2024-04-30,9687,2025-03-31,,23400000000,0.068,,,,,2400000000,0.041,2480000000,0.041,,1780000000,,297.82,,,,,,,,,,,,,,,,0.403,,,,,,true,true,12,2024-04-01,2025-03-31,1
2024-04-30,9687,2024-03-31,,17460000000,0.084,,,,,1713000000,0.033,1877000000,0.035,1406000000,,0.129,235.47,229.13,,,,,16897000000,12051000000,0.699,1976.55,11813000000,,,,,226.00,,,,7636368,1659684,5974508,false,false,12,2023-04-01,2024-03-31,0
2024-04-30,9687,2023-03-31,,16099000000,0.102,,,,,1657000000,0.090,1812000000,0.004,1245000000,,0.009,208.64,203.79,,,,,15416000000,10993000000,0.700,1806.05,10787000000,,,,,80.00,,,,7636368,1663605,5971119,false,false,12,2022-04-01,2023-03-31,-1
2024-04-30,9687,2025-03-31,,,,,,,,,,,,,,,,,,,,,,,,,,,,,,120.00,,,,,,,false,true,12,2024-04-01,2025-03-31,1
2024-07-31,9687,2025-03-31,1,5543000000,0.083,,,,,184000000,-0.493,205000000,-0.461,,147000000,,24.65,23.95,,,,,20301000000,14946000000,0.724,,14708000000,,,,,,,,,,,,true,false,3,2024-04-01,2024-06-30,0
2024-07-31,9687,2024-03-31,1,5118000000,0.061,,,,,364000000,-0.271,381000000,-0.257,,274000000,,45.89,44.79,,,,,,,,,,,,,,,,,,,,,true,false,3,2023-04-01,2023-06-30,-1
2024-07-31,9687,2025-03-31,1,23400000000,0.068,,,,,2400000000,0.041,2480000000,0.041,,1780000000,,297.74,,,,,,,,,,,,,,,,,,,,,,true,true,12,2024-04-01,2025-03-31,0
2024-07-31,9687,2024-03-31,1,,,,,,,,,,,,,,,,,,,,21885000000,16116000000,0.726,,15878000000,,,,,,,,,,,,true,false,12,2023-04-01,2024-03-31,-1
2024-07-31,9687,2024-03-31,1,,,,,,,,,,,,,,,,,,,,,,,,,,,,,226.00,,,,7636368,1659684,,false,false,12,2023-04-01,2024-03-31,-1
2024-07-31,9687,2025-03-31,1,,,,,,,,,,,,,,,,,,,,,,,,,,,,,120.00,,,,,,,false,true,12,2024-04-01,2025-03-31,0
2024-07-31,9687,2025-03-31,1,,,,,,,,,,,,,,,,,,,,,,,,,,,,,,,,,7636368,1657715,5977830,false,false,3,2024-04-01,2024-06-30,0
2024-07-31,9687,2024-03-31,1,,,,,,,,,,,,,,,,,,,,,,,,,,,,,,,,,,,5973247,false,false,3,2023-04-01,2023-06-30,-1
2024-10-31,9687,2025-03-31,2,11353000000,0.074,,,,,829000000,-0.138,865000000,-0.130,,628000000,,104.85,102.15,,,,,20781000000,15424000000,0.733,2528.43,15224000000,,,,,,,,,,,,true,false,6,2024-04-01,2024-09-30,0
2024-10-31,9687,2024-03-31,2,10567000000,0.077,,,,,962000000,0.004,995000000,0.009,,721000000,,120.86,117.83,,,,,,,,,,,,,,,,,,,,,true,false,6,2023-04-01,2023-09-30,-1
2024-10-31,9687,2025-03-31,2,23400000000,0.068,,,,,2400000000,0.041,2480000000,0.041,,1780000000,,296.22,,,,,,,,,,,,,,,,,,,,,,true,true,12,2024-04-01,2025-03-31,0
2024-10-31,9687,2024-03-31,2,,,,,,,,,,,,,,,,,,,,21885000000,16116000000,0.726,2656.73,15878000000,,,,,,,,,,,,true,false,12,2023-04-01,2024-03-31,-1
2024-10-31,9687,2024-03-31,2,,,,,,,,,,,,,,,,,,,,,,,,,,,,,226.00,,,,7636368,1659684,,false,false,12,2023-04-01,2024-03-31,-1
2024-10-31,9687,2025-03-31,2,,,,,,,,,,,,,,,,,,,,,,,,,,,,,0.00,,,,,,,false,false,12,2024-04-01,2025-03-31,0
2024-10-31,9687,2025-03-31,2,,,,,,,,,,,,,,,,,,,,,,,,,,,,,120.00,,,,,,,false,true,12,2024-04-01,2025-03-31,0
2024-10-31,9687,2025-03-31,2,,,,,,,,,,,,,,,,,,,,,,,,,,,,,,,,,7636368,1614895,5996630,false,false,6,2024-04-01,2024-09-30,0
2024-10-31,9687,2024-03-31,2,,,,,,,,,,,,,,,,,,,,,,,,,,,,,,,,,,,5974009,false,false,6,2023-04-01,2023-09-30,-1
2025-01-31,9687,2025-03-31,3,17276000000,0.077,,,,,1645000000,0.001,1706000000,0.005,,1233000000,,205.37,200.30,,,,,21160000000,16058000000,0.750,2630.68,15860000000,,,,,,,,,,,,true,false,9,2024-04-01,2024-12-31,0
2025-01-31,9687,2024-03-31,3,16045000000,0.079,,,,,1644000000,0.035,1697000000,0.035,,1221000000,,204.54,199.26,,,,,,,,,,,,,,,,,,,,,true,false,9,2023-04-01,2023-12-31,-1
2025-01-31,9687,2025-03-31,3,23400000000,0.068,,,,,2400000000,0.041,2480000000,0.041,,1780000000,,296.06,,,,,,,,,,,,,,,,,,,,,,true,true,12,2024-04-01,2025-03-31,0
2025-01-31,9687,2024-03-31,3,,,,,,,,,,,,,,,,,,,,21885000000,16116000000,0.726,2656.73,15878000000,,,,,,,,,,,,true,false,12,2023-04-01,2024-03-31,-1
2025-01-31,9687,2024-03-31,3,,,,,,,,,,,,,,,,,,,,,,,,,,,,,226.00,,,,7636368,1659684,,false,false,12,2023-04-01,2024-03-31,-1
2025-01-31,9687,2025-03-31,3,,,,,,,,,,,,,,,,,,,,,,,,,,,,,0.00,,,,,,,false,false,12,2024-04-01,2025-03-31,0
2025-01-31,9687,2025-03-31,3,,,,,,,,,,,,,,,,,,,,,,,,,,,,,120.00,,,,,,,false,true,12,2024-04-01,2025-03-31,0
2025-01-31,9687,2025-03-31,3,,,,,,,,,,,,,,,,,,,,,,,,,,,,,,,,,7636368,1607395,6006727,false,false,9,2024-04-01,2024-12-31,0
2025-01-31,9687,2024-03-31,3,,,,,,,,,,,,,,,,,,,,,,,,,,,,,,,,,,,5974261,false,false,9,2023-04-01,2023-12-31,-1
2025-04-30,9687,2025-03-31,,23608000000,0.084,,,,,2419000000,0.049,2506000000,0.052,,1860000000,,309.37,301.93,0.115,0.112,0.103,,22944000000,16719000000,0.720,2731.10,16525000000,1825000000,-931000000,-1268000000,5123000000,,0.401,,,,,,true,false,12,2024-04-01,2025-03-31,0
2025-04-30,9687,2024-03-31,,21778000000,0.070,,,,,2306000000,0.036,2381000000,0.039,,1702000000,,284.90,277.23,0.112,0.113,0.106,,21885000000,16116000000,0.726,2656.73,15878000000,1936000000,-470000000,-474000000,5499000000,,0.793,,,,,,true,false,12,2023-04-01,2024-03-31,-1
2025-04-30,9687,2026-03-31,,25400000000,0.076,,,,,2620000000,0.083,2700000000,0.077,,1970000000,,325.57,,,,,,,,,,,,,,,,0.500,,,,,,true,true,12,2025-04-01,2026-03-31,1
2025-04-30,9687,2024-03-31,,,,,,,,,,,,,,,,,,,,,,,,,,,,,,226.00,,,,7636368,1659684,5974508,false,false,12,2023-04-01,2024-03-31,-1
2025-04-30,9687,2025-03-31,,,,,,,,,,,,,,,,,,,,,,,,,,,,,,124.00,,,,7636368,1585418,6014208,false,false,12,2024-04-01,2025-03-31,0
2025-04-30,9687,2026-03-31,,,,,,,,,,,,,,,,,,,,,,,,,,,,,,163.00,,,,,,,false,true,12,2025-04-01,2026-03-31,1
2025-07-31,9687,2026-03-31,1,6095000000,0.100,,,,,845000000,3.580,876000000,3.255,,642000000,,106.10,103.85,,,,,21978000000,16668000000,0.750,,16475000000,,,,,,,,,,,,true,false,3,2025-04-01,2025-06-30,0
2025-07-31,9687,2025-03-31,1,5543000000,0.083,,,,,184000000,-0.493,205000000,-0.461,,147000000,,24.65,23.95,,,,,,,,,,,,,,,,,,,,,true,false,3,2024-04-01,2024-06-30,-1
2025-07-31,9687,2026-03-31,1,25400000000,0.076,,,,,2620000000,0.083,2700000000,0.077,,1970000000,,325.48,,,,,,,,,,,,,,,,,,,,,,true,true,12,2025-04-01,2026-03-31,0
2025-07-31,9687,2025-03-31,1,,,,,,,,,,,,,,,,,,,,22944000000,16719000000,0.720,,16525000000,,,,,,,,,,,,true,false,12,2024-04-01,2025-03-31,-1
2025-07-31,9687,2025-03-31,1,,,,,,,,,,,,,,,,,,,,,,,,,,,,,124.00,,,,7636368,1585418,,false,false,12,2024-04-01,2025-03-31,-1
2025-07-31,9687,2026-03-31,1,,,,,,,,,,,,,,,,,,,,,,,,,,,,,163.00,,,,,,,false,true,12,2025-04-01,2026-03-31,0
2025-07-31,9687,2026-03-31,1,,,,,,,,,,,,,,,,,,,,,,,,,,,,,,,,,7636368,1583448,6051527,false,false,3,2025-04-01,2025-06-30,0
2025-07-31,9687,2025-03-31,1,,,,,,,,,,,,,,,,,,,,,,,,,,,,,,,,,,,5977830,false,false,3,2024-04-01,2024-06-30,-1
