filing_date,code,fiscal_year_end,quarterly_period,net_sales,net_sales_change,revenue,revenue_change,operating_revenue,operating_revenue_change,operating_profit,operating_profit_change,ordinary_profit,ordinary_profit_change,net_income,net_income_of_parent,net_income_change,eps,diluted_eps,roe,roa,operating_profit_to_net_sales,operating_profit_to_revenue,total_assets,net_assets,equity_ratio,bps,owner_equity,operating_cash_flow,investing_cash_flow,financing_cash_flow,cash,dividend_per_share,payout_ratio,commemorative_dividend,extra_dividend,number_of_shares,number_of_treqsury_shares,avg_number_of_shares,is_consolidated,is_forecast,duration,period_start,period_end,period_pos
2015-05-07,96970,2015-03-31,,64277000000,-0.371,,,,,10582000000,0.027,10851000000,-0.009,6616000000,,0.921,117.67,,0.098,0.110,0.165,,100773000000,71331000000,0.708,1268.56,71331000000,4286000000,-5496000000,1278000000,27998000000,,0.340,,,,,,true,false,12,2014-04-01,2015-03-31,0
2015-05-07,96970,2014-03-31,,102200000000,0.086,,,,,10299000000,0.015,10946000000,0.000,3444000000,,0.159,61.11,,0.054,0.109,0.101,,96611000000,63875000000,0.661,1135.91,63875000000,13201000000,-6155000000,-15099000000,26118000000,,0.655,,,,,,true,false,12,2013-04-01,2014-03-31,-1
2015-05-07,96970,2016-03-31,,76000000000,0.182,,,,,12000000000,0.134,11700000000,0.078,,7700000000,,136.94,,,,,,,,,,,,,,,,0.292,,,,,,true,true,12,2015-04-01,2016-03-31,1
2015-05-07,96970,2015-03-31,,53493000000,-0.394,,,,,8070000000,0.063,8021000000,-0.023,4765000000,,1.362,84.75,,,,,,79072000000,57114000000,0.722,1015.73,57114000000,,,,,40.00,,,,67723244,11493262,56231879,false,false,12,2014-04-01,2015-03-31,0
2015-05-07,96970,2014-03-31,,88246000000,0.181,,,,,7593000000,-0.188,8210000000,-0.225,2017000000,,-0.252,35.79,,,,,,83722000000,54259000000,0.648,964.90,54259000000,,,,,40.00,,,,67723244,11490124,56377377,false,false,12,2013-04-01,2014-03-31,-1
2015-05-07,96970,2016-03-31,,,,,,,,,,,,,,,,,,,,,,,,,,,,,,40.00,,,,,,,false,true,12,2015-04-01,2016-03-31,1
2015-07-30,96970,2016-03-31,1,14541000000,0.519,,,,,2026000000,0.598,2135000000,0.745,,1569000000,,27.91,,,,,,106843000000,72352000000,0.677,,72352000000,,,,,,,,,,,,true,false,3,2015-04-01,2015-06-30,0
2015-07-30,96970,2015-03-31,1,9575000000,-0.451,,,,,1268000000,0.753,1223000000,0.063,,765000000,,13.62,,,,,,,,,,,,,,,,,,,,,,true,false,3,2014-04-01,2014-06-30,-1
2015-07-30,96970,2016-03-31,1,76000000000,0.182,,,,,12000000000,0.134,11700000000,0.078,,7700000000,,136.94,,,,,,,,,,,,,,,,,,,,,,true,true,12,2015-04-01,2016-03-31,0
2015-07-30,96970,2015-03-31,1,,,,,,,,,,,,,,,,,,,,100773000000,71331000000,0.708,,71331000000,,,,,,,,,,,,true,false,12,2014-04-01,2015-03-31,-1
2015-07-30,96970,2015-03-31,1,,,,,,,,,,,,,,,,,,,,,,,,,,,,,40.00,,,,67723244,11493262,,false,false,12,2014-04-01,2015-03-31,-1
2015-07-30,96970,2016-03-31,1,,,,,,,,,,,,,,,,,,,,,,,,,,,,,40.00,,,,,,,false,true,12,2015-04-01,2016-03-31,0
2015-07-30,96970,2016-03-31,1,,,,,,,,,,,,,,,,,,,,,,,,,,,,,,,,,67723244,11493747,56229729,false,false,3,2015-04-01,2015-06-30,0
2015-07-30,96970,2015-03-31,1,,,,,,,,,,,,,,,,,,,,,,,,,,,,,,,,,,,56233023,false,false,3,2014-04-01,2014-06-30,-1
2015-10-29,96970,2016-03-31,2,31638000000,0.221,,,,,2844000000,-0.351,2891000000,-0.363,,1951000000,,34.71,,,,,,108774000000,71847000000,0.661,,71847000000,,,,,,,,,,,,true,false,6,2015-04-01,2015-09-30,0
2015-10-29,96970,2015-03-31,2,25917000000,-0.513,,,,,4383000000,-0.416,4540000000,-0.446,,2973000000,,52.89,,,,,,,,,,,,,,,,,,,,,,true,false,6,2014-04-01,2014-09-30,-1
2015-10-29,96970,2016-03-31,2,76000000000,0.182,,,,,12000000000,0.134,11700000000,0.078,,7700000000,,136.94,,,,,,,,,,,,,,,,,,,,,,true,true,12,2015-04-01,2016-03-31,0
2015-10-29,96970,2015-03-31,2,,,,,,,,,,,,,,,,,,,,100773000000,71331000000,0.708,,71331000000,,,,,,,,,,,,true,false,12,2014-04-01,2015-03-31,-1
2015-10-29,96970,2015-03-31,2,,,,,,,,,,,,,,,,,,,,,,,,,,,,,40.00,,,,67723244,11493262,,false,false,12,2014-04-01,2015-03-31,-1
2015-10-29,96970,2016-03-31,2,,,,,,,,,,,,,,,,,,,,,,,,,,,,,15.00,,,,,,,false,false,12,2015-04-01,2016-03-31,0
2015-10-29,96970,2016-03-31,2,,,,,,,,,,,,,,,,,,,,,,,,,,,,,40.00,,,,,,,false,true,12,2015-04-01,2016-03-31,0
2015-10-29,96970,2016-03-31,2,,,,,,,,,,,,,,,,,,,,,,,,,,,,,,,,,67723244,11494178,56229487,false,false,6,2015-04-01,2015-09-30,0
2015-10-29,96970,2015-03-31,2,,,,,,,,,,,,,,,,,,,,,,,,,,,,,,,,,,,56232675,false,false,6,2014-04-01,2014-09-30,-1
2016-01-28,96970,2016-03-31,3,57060000000,0.193,,,,,10604000000,0.090,10640000000,0.052,,7006000000,,124.61,,,,,,111429000000,76098000000,0.683,,76098000000,,,,,,,,,,,,true,false,9,2015-04-01,2015-12-31,0
2016-01-28,96970,2015-03-31,3,47830000000,-0.364,,,,,9727000000,0.141,10114000000,0.093,,6540000000,,116.31,,,,,,,,,,,,,,,,,,,,,,true,false,9,2014-04-01,2014-12-31,-1
2016-01-28,96970,2016-03-31,3,76000000000,0.182,,,,,12000000000,0.134,11700000000,0.078,,7700000000,,136.94,,,,,,,,,,,,,,,,,,,,,,true,true,12,2015-04-01,2016-03-31,0
2016-01-28,96970,2015-03-31,3,,,,,,,,,,,,,,,,,,,,100773000000,71331000000,0.708,,71331000000,,,,,,,,,,,,true,false,12,2014-04-01,2015-03-31,-1
2016-01-28,96970,2015-03-31,3,,,,,,,,,,,,,,,,,,,,,,,,,,,,,40.00,,,,67723244,11493262,,false,false,12,2014-04-01,2015-03-31,-1
2016-01-28,96970,2016-03-31,3,,,,,,,,,,,,,,,,,,,,,,,,,,,,,15.00,,,,,,,false,false,12,2015-04-01,2016-03-31,0
2016-01-28,96970,2016-03-31,3,,,,,,,,,,,,,,,,,,,,,,,,,,,,,40.00,,,,,,,false,true,12,2015-04-01,2016-03-31,0
2016-01-28,96970,2016-03-31,3,,,,,,,,,,,,,,,,,,,,,,,,,,,,,,,,,67723244,11495124,56229256,false,false,9,2015-04-01,2015-12-31,0
2016-01-28,96970,2015-03-31,3,,,,,,,,,,,,,,,,,,,,,,,,,,,,,,,,,,,56232314,false,false,9,2014-04-01,2014-12-31,-1
2016-03-31,96970,2016-03-31,,63609000000,,,,,,6017000000,,7345000000,,12241000000,,,217.70,,,,,,,,,,,,,,,,,,,,,,false,true,12,2015-04-01,2016-03-31,0
2016-03-31,96970,2015-03-31,,53493000000,,,,,,8070000000,,8021000000,,4765000000,,,84.75,,,,,,,,,,,,,,,,,,,,,,false,false,12,2014-04-01,2015-03-31,-1
2016-05-09,96970,2016-03-31,,77021000000,0.198,,,,,12029000000,0.137,11348000000,0.046,,7745000000,,137.75,,0.106,0.106,0.156,,113057000000,75168000000,0.665,1336.86,75168000000,4347000000,-1639000000,-1115000000,28429000000,,0.290,,,,,,true,false,12,2015-04-01,2016-03-31,0
2016-05-09,96970,2015-03-31,,64277000000,-0.371,,,,,10582000000,0.027,10851000000,-0.009,,6616000000,,117.67,,0.098,0.110,0.165,,100773000000,71331000000,0.708,1268.56,71331000000,4286000000,-5496000000,1278000000,27998000000,,0.340,,,,,,true,false,12,2014-04-01,2015-03-31,-1
2016-05-09,96970,2017-03-31,,85000000000,0.104,,,,,13600000000,0.131,13300000000,0.172,,9000000000,,160.06,,,,,,,,,,,,,,,,0.250,,,,,,true,true,12,2016-04-01,2017-03-31,1
2016-05-09,96970,2016-03-31,,64131000000,0.199,,,,,6851000000,-0.151,8178000000,0.020,12886000000,,1.704,229.18,,,,,,94819000000,67578000000,0.713,1201.87,67578000000,,,,,40.00,,,,67723244,11495204,56228955,false,false,12,2015-04-01,2016-03-31,0
2016-05-09,96970,2015-03-31,,53493000000,-0.394,,,,,8070000000,0.063,8021000000,-0.023,4765000000,,1.362,84.75,,,,,,79072000000,57114000000,0.722,1015.73,57114000000,,,,,40.00,,,,67723244,11493262,56231879,false,false,12,2014-04-01,2015-03-31,-1
2016-05-09,96970,2017-03-31,,,,,,,,,,,,,,,,,,,,,,,,,,,,,,40.00,,,,,,,false,true,12,2016-04-01,2017-03-31,1
2016-07-28,96970,2017-03-31,1,10927000000,-0.249,,,,,-726000000,,-2080000000,,,-1411000000,,-25.11,,,,,,111065000000,70172000000,0.632,,70172000000,,,,,,,,,,,,true,false,3,2016-04-01,2016-06-30,0
2016-07-28,96970,2016-03-31,1,14541000000,0.519,,,,,2026000000,0.598,2135000000,0.745,,1569000000,,27.91,,,,,,,,,,,,,,,,,,,,,,true,false,3,2015-04-01,2015-06-30,-1
2016-07-28,96970,2017-03-31,1,85000000000,0.104,,,,,13600000000,0.131,13300000000,0.172,,9000000000,,160.06,,,,,,,,,,,,,,,,,,,,,,true,true,12,2016-04-01,2017-03-31,0
2016-07-28,96970,2016-03-31,1,,,,,,,,,,,,,,,,,,,,113057000000,75168000000,0.665,,75168000000,,,,,,,,,,,,true,false,12,2015-04-01,2016-03-31,-1
2016-07-28,96970,2016-03-31,1,,,,,,,,,,,,,,,,,,,,,,,,,,,,,40.00,,,,67723244,11495204,,false,false,12,2015-04-01,2016-03-31,-1
2016-07-28,96970,2017-03-31,1,,,,,,,,,,,,,,,,,,,,,,,,,,,,,40.00,,,,,,,false,true,12,2016-04-01,2017-03-31,0
2016-07-28,96970,2017-03-31,1,,,,,,,,,,,,,,,,,,,,,,,,,,,,,,,,,67723244,11495205,56228040,false,false,3,2016-04-01,2016-06-30,0
2016-07-28,96970,2016-03-31,1,,,,,,,,,,,,,,,,,,,,,,,,,,,,,,,,,,,56229729,false,false,3,2015-04-01,2015-06-30,-1
2016-10-27,96970,2017-03-31,2,28676000000,-0.094,,,,,1715000000,-0.397,514000000,-0.822,,405000000,,7.25,,,,,,105646000000,68392000000,0.647,,68392000000,,,,,,,,,,,,true,false,6,2016-04-01,2016-09-30,0
2016-10-27,96970,2016-03-31,2,31638000000,0.221,,,,,2844000000,-0.351,2891000000,-0.363,,1951000000,,34.71,,,,,,,,,,,,,,,,,,,,,,true,false,6,2015-04-01,2015-09-30,-1
2016-10-27,96970,2017-03-31,2,85000000000,0.104,,,,,13600000000,0.131,13300000000,0.172,,9000000000,,162.53,,,,,,,,,,,,,,,,,,,,,,true,true,12,2016-04-01,2017-03-31,0
2016-10-27,96970,2016-03-31,2,,,,,,,,,,,,,,,,,,,,113057000000,75168000000,0.665,,75168000000,,,,,,,,,,,,true,false,12,2015-04-01,2016-03-31,-1
2016-10-27,96970,2016-03-31,2,,,,,,,,,,,,,,,,,,,,,,,,,,,,,40.00,,,,67723244,11495204,,false,false,12,2015-04-01,2016-03-31,-1
2016-10-27,96970,2017-03-31,2,,,,,,,,,,,,,,,,,,,,,,,,,,,,,25.00,,,,,,,false,false,12,2016-04-01,2017-03-31,0
2016-10-27,96970,2017-03-31,2,,,,,,,,,,,,,,,,,,,,,,,,,,,,,50.00,,,,,,,false,true,12,2016-04-01,2017-03-31,0
2016-10-27,96970,2017-03-31,2,,,,,,,,,,,,,,,,,,,,,,,,,,,,,,,,,67723244,12976437,55996951,false,false,6,2016-04-01,2016-09-30,0
2016-10-27,96970,2016-03-31,2,,,,,,,,,,,,,,,,,,,,,,,,,,,,,,,,,,,56229487,false,false,6,2015-04-01,2015-09-30,-1
2017-02-01,96970,2017-03-31,3,53507000000,-0.062,,,,,5119000000,-0.517,4147000000,-0.610,,2762000000,,49.70,,,,,,115276000000,72481000000,0.629,,72481000000,,,,,,,,,,,,true,false,9,2016-04-01,2016-12-31,0
2017-02-01,96970,2016-03-31,3,57060000000,0.193,,,,,10604000000,0.090,10640000000,0.052,,7006000000,,124.61,,,,,,,,,,,,,,,,,,,,,,true,false,9,2015-04-01,2015-12-31,-1
2017-02-01,96970,2017-03-31,3,85000000000,0.104,,,,,13600000000,0.131,13300000000,0.172,,9000000000,,162.53,,,,,,,,,,,,,,,,,,,,,,true,true,12,2016-04-01,2017-03-31,0
2017-02-01,96970,2016-03-31,3,,,,,,,,,,,,,,,,,,,,113057000000,75168000000,0.665,,75168000000,,,,,,,,,,,,true,false,12,2015-04-01,2016-03-31,-1
2017-02-01,96970,2016-03-31,3,,,,,,,,,,,,,,,,,,,,,,,,,,,,,40.00,,,,67723244,11495204,,false,false,12,2015-04-01,2016-03-31,-1
2017-02-01,96970,2017-03-31,3,,,,,,,,,,,,,,,,,,,,,,,,,,,,,25.00,,,,,,,false,false,12,2016-04-01,2017-03-31,0
2017-02-01,96970,2017-03-31,3,,,,,,,,,,,,,,,,,,,,,,,,,,,,,50.00,,,,,,,false,true,12,2016-04-01,2017-03-31,0
2017-02-01,96970,2017-03-31,3,,,,,,,,,,,,,,,,,,,,,,,,,,,,,,,,,67723244,12976839,55578651,false,false,9,2016-04-01,2016-12-31,0
2017-02-01,96970,2016-03-31,3,,,,,,,,,,,,,,,,,,,,,,,,,,,,,,,,,,,56229256,false,false,9,2015-04-01,2015-12-31,-1
2017-04-27,96970,2017-03-31,,87170000000,0.132,,,,,13650000000,0.135,12589000000,0.109,,8879000000,,160.35,,0.116,0.109,0.157,,118897000000,77774000000,0.654,1420.64,77774000000,3200000000,-3628000000,-3130000000,24337000000,,0.312,,,,,,true,false,12,2016-04-01,2017-03-31,0
2017-04-27,96970,2016-03-31,,77021000000,0.198,,,,,12029000000,0.137,11348000000,0.046,,7745000000,,137.75,,0.106,0.106,0.156,,113057000000,75168000000,0.665,1336.86,75168000000,4347000000,-1639000000,-1115000000,28429000000,,0.290,,,,,,true,false,12,2015-04-01,2016-03-31,-1
2017-04-27,96970,2018-03-31,,93000000000,0.067,,,,,14500000000,0.062,14000000000,0.112,,9500000000,,173.53,,,,,,,,,,,,,,,,0.288,,,,,,true,true,12,2017-04-01,2018-03-31,1
2017-04-27,96970,2017-03-31,,64424000000,0.005,,,,,6034000000,-0.119,5055000000,-0.382,3396000000,,-0.736,61.34,,,,,,98153000000,65003000000,0.662,1187.36,65003000000,,,,,50.00,,,,67723244,12977009,55373412,false,false,12,2016-04-01,2017-03-31,0
2017-04-27,96970,2016-03-31,,64131000000,0.199,,,,,6851000000,-0.151,8178000000,0.020,12886000000,,1.704,229.18,,,,,,94819000000,67578000000,0.713,1201.87,67578000000,,,,,40.00,,,,67723244,11495204,56228955,false,false,12,2015-04-01,2016-03-31,-1
2017-04-27,96970,2018-03-31,,,,,,,,,,,,,,,,,,,,,,,,,,,,,,50.00,,,,,,,false,true,12,2017-04-01,2018-03-31,1
2017-07-28,96970,2018-03-31,1,11746000000,0.075,,,,,784000000,,772000000,,,521000000,,9.53,,,,,,107763000000,77333000000,0.718,,77333000000,,,,,,,,,,,,true,false,3,2017-04-01,2017-06-30,0
2017-07-28,96970,2017-03-31,1,10927000000,-0.249,,,,,-726000000,,-2080000000,,,-1411000000,,-25.11,,,,,,,,,,,,,,,,,,,,,,true,false,3,2016-04-01,2016-06-30,-1
2017-07-28,96970,2018-03-31,1,93000000000,0.067,,,,,14500000000,0.062,14000000000,0.112,,9500000000,,173.53,,,,,,,,,,,,,,,,,,,,,,true,true,12,2017-04-01,2018-03-31,0
2017-07-28,96970,2017-03-31,1,,,,,,,,,,,,,,,,,,,,118897000000,77774000000,0.654,,77774000000,,,,,,,,,,,,true,false,12,2016-04-01,2017-03-31,-1
2017-07-28,96970,2017-03-31,1,,,,,,,,,,,,,,,,,,,,,,,,,,,,,50.00,,,,67723244,12977009,,false,false,12,2016-04-01,2017-03-31,-1
2017-07-28,96970,2018-03-31,1,,,,,,,,,,,,,,,,,,,,,,,,,,,,,50.00,,,,,,,false,true,12,2017-04-01,2018-03-31,0
2017-07-28,96970,2018-03-31,1,,,,,,,,,,,,,,,,,,,,,,,,,,,,,,,,,67723244,12977139,54746233,false,false,3,2017-04-01,2017-06-30,0
2017-07-28,96970,2017-03-31,1,,,,,,,,,,,,,,,,,,,,,,,,,,,,,,,,,,,56228040,false,false,3,2016-04-01,2016-06-30,-1
2017-11-06,96970,2018-03-31,2,33729000000,0.176,,,,,5001000000,1.915,5016000000,8.755,,3481000000,,63.59,,,,,,114472000000,80689000000,0.705,,80689000000,,,,,,,,,,,,true,false,6,2017-04-01,2017-09-30,0
2017-11-06,96970,2017-03-31,2,28676000000,-0.094,,,,,1715000000,-0.397,514000000,-0.822,,405000000,,7.25,,,,,,,,,,,,,,,,,,,,,,true,false,6,2016-04-01,2016-09-30,-1
2017-11-06,96970,2018-03-31,2,93000000000,0.067,,,,,14500000000,0.062,14000000000,0.112,,9500000000,,173.53,,,,,,,,,,,,,,,,,,,,,,true,true,12,2017-04-01,2018-03-31,0
2017-11-06,96970,2017-03-31,2,,,,,,,,,,,,,,,,,,,,118897000000,77774000000,0.654,,77774000000,,,,,,,,,,,,true,false,12,2016-04-01,2017-03-31,-1
2017-11-06,96970,2017-03-31,2,,,,,,,,,,,,,,,,,,,,,,,,,,,,,50.00,,,,67723244,12977009,,false,false,12,2016-04-01,2017-03-31,-1
2017-11-06,96970,2018-03-31,2,,,,,,,,,,,,,,,,,,,,,,,,,,,,,25.00,,,,,,,false,false,12,2017-04-01,2018-03-31,0
2017-11-06,96970,2018-03-31,2,,,,,,,,,,,,,,,,,,,,,,,,,,,,,50.00,,,,,,,false,true,12,2017-04-01,2018-03-31,0
2017-11-06,96970,2018-03-31,2,,,,,,,,,,,,,,,,,,,,,,,,,,,,,,,,,67723244,12977399,54746122,false,false,6,2017-04-01,2017-09-30,0
2017-11-06,96970,2017-03-31,2,,,,,,,,,,,,,,,,,,,,,,,,,,,,,,,,,,,55996951,false,false,6,2016-04-01,2016-09-30,-1
2018-01-31,96970,2018-03-31,3,47740000000,-0.108,,,,,7009000000,0.369,7099000000,0.712,,4439000000,,81.09,,,,,,111863000000,80531000000,0.720,,80531000000,,,,,,,,,,,,true,false,9,2017-04-01,2017-12-31,0
2018-01-31,96970,2017-03-31,3,53507000000,-0.062,,,,,5119000000,-0.517,4147000000,-0.610,,2762000000,,49.70,,,,,,,,,,,,,,,,,,,,,,true,false,9,2016-04-01,2016-12-31,-1
2018-01-31,96970,2018-03-31,3,93000000000,0.067,,,,,14500000000,0.062,14000000000,0.112,,9500000000,,173.53,,,,,,,,,,,,,,,,,,,,,,true,true,12,2017-04-01,2018-03-31,0
2018-01-31,96970,2017-03-31,3,,,,,,,,,,,,,,,,,,,,118897000000,77774000000,0.654,,77774000000,,,,,,,,,,,,true,false,12,2016-04-01,2017-03-31,-1
2018-01-31,96970,2017-03-31,3,,,,,,,,,,,,,,,,,,,,,,,,,,,,,50.00,,,,67723244,12977009,,false,false,12,2016-04-01,2017-03-31,-1
2018-01-31,96970,2018-03-31,3,,,,,,,,,,,,,,,,,,,,,,,,,,,,,25.00,,,,,,,false,false,12,2017-04-01,2018-03-31,0
2018-01-31,96970,2018-03-31,3,,,,,,,,,,,,,,,,,,,,,,,,,,,,,50.00,,,,,,,false,true,12,2017-04-01,2018-03-31,0
2018-01-31,96970,2018-03-31,3,,,,,,,,,,,,,,,,,,,,,,,,,,,,,,,,,67723244,12978039,54745938,false,false,9,2017-04-01,2017-12-31,0
2018-01-31,96970,2017-03-31,3,,,,,,,,,,,,,,,,,,,,,,,,,,,,,,,,,,,55578651,false,false,9,2016-04-01,2016-12-31,-1
2018-05-08,96970,2018-03-31,,94515000000,0.084,,,,,16037000000,0.175,15254000000,0.212,,10937000000,,99.89,,0.134,0.125,0.170,,125573000000,85421000000,0.680,780.18,85421000000,34721000000,-2847000000,-9577000000,46539000000,,0.300,,,,,,true,false,12,2017-04-01,2018-03-31,0
2018-05-08,96970,2017-03-31,,87170000000,0.132,,,,,13650000000,0.135,12589000000,0.109,,8879000000,,80.18,,0.116,0.109,0.157,,118897000000,77774000000,0.654,710.32,77774000000,3200000000,-3628000000,-3130000000,24337000000,,0.312,,,,,,true,false,12,2016-04-01,2017-03-31,-1
2018-05-08,96970,2019-03-31,,96000000000,0.016,,,,,17000000000,0.060,16500000000,0.082,12000000000,,0.097,109.60,,,,,,,,,,,,,,,,0.274,,,,,,true,true,12,2018-04-01,2019-03-31,1
2018-05-08,96970,2018-03-31,,73237000000,0.137,,,,,15258000000,1.529,15237000000,2.014,11860000000,,2.492,108.32,,,,,,105309000000,74152000000,0.704,677.26,74152000000,,,,,60.00,,,,135446488,25957288,109491381,false,false,12,2017-04-01,2018-03-31,0
2018-05-08,96970,2017-03-31,,64424000000,0.005,,,,,6034000000,-0.119,5055000000,-0.382,3396000000,,-0.736,30.67,,,,,,98153000000,65003000000,0.662,593.68,65003000000,,,,,50.00,,,,135446488,25954018,110746824,false,false,12,2016-04-01,2017-03-31,-1
2018-05-08,96970,2019-03-31,,,,,,,,,,,,,,,,,,,,,,,,,,,,,,30.00,,,,,,,false,true,12,2018-04-01,2019-03-31,1
2018-07-30,96970,2019-03-31,1,17204000000,0.465,,,,,5106000000,5.508,5492000000,6.106,,3903000000,,35.65,,,,,,120220000000,87792000000,0.730,,87792000000,,,,,,,,,,,,true,false,3,2018-04-01,2018-06-30,0
2018-07-30,96970,2018-03-31,1,11746000000,0.075,,,,,784000000,,772000000,,,521000000,,4.76,,,,,,,,,,,,,,,,,,,,,,true,false,3,2017-04-01,2017-06-30,-1
2018-07-30,96970,2019-03-31,1,96000000000,0.016,,,,,17000000000,0.060,16500000000,0.082,12000000000,,0.097,109.60,,,,,,,,,,,,,,,,,,,,,,true,true,12,2018-04-01,2019-03-31,0
2018-07-30,96970,2018-03-31,1,,,,,,,,,,,,,,,,,,,,124829000000,85421000000,0.684,,85421000000,,,,,,,,,,,,true,false,12,2017-04-01,2018-03-31,-1
2018-07-30,96970,2018-03-31,1,,,,,,,,,,,,,,,,,,,,,,,,,,,,,60.00,,,,135446488,25957288,,false,false,12,2017-04-01,2018-03-31,-1
2018-07-30,96970,2019-03-31,1,,,,,,,,,,,,,,,,,,,,,,,,,,,,,30.00,,,,,,,false,true,12,2018-04-01,2019-03-31,0
2018-07-30,96970,2019-03-31,1,,,,,,,,,,,,,,,,,,,,,,,,,,,,,,,,,135446488,25957660,109489012,false,false,3,2018-04-01,2018-06-30,0
2018-07-30,96970,2018-03-31,1,,,,,,,,,,,,,,,,,,,,,,,,,,,,,,,,,,,109492466,false,false,3,2017-04-01,2017-06-30,-1
2018-10-29,96970,2019-03-31,2,43327000000,0.285,,,,,10508000000,1.101,10297000000,1.053,,6849000000,,62.56,,,,,,123515000000,91465000000,0.741,,91465000000,,,,,,,,,,,,true,false,6,2018-04-01,2018-09-30,0
2018-10-29,96970,2018-03-31,2,33729000000,0.176,,,,,5001000000,1.915,5016000000,8.755,,3481000000,,31.79,,,,,,,,,,,,,,,,,,,,,,true,false,6,2017-04-01,2017-09-30,-1
2018-10-29,96970,2019-03-31,2,96000000000,0.016,,,,,17000000000,0.060,16500000000,0.082,,12000000000,,109.60,,,,,,,,,,,,,,,,,,,,,,true,true,12,2018-04-01,2019-03-31,0
2018-10-29,96970,2018-03-31,2,,,,,,,,,,,,,,,,,,,,124829000000,85421000000,0.684,,85421000000,,,,,,,,,,,,true,false,12,2017-04-01,2018-03-31,-1
2018-10-29,96970,2018-03-31,2,,,,,,,,,,,,,,,,,,,,,,,,,,,,,60.00,,,,135446488,25957288,,false,false,12,2017-04-01,2018-03-31,-1
2018-10-29,96970,2019-03-31,2,,,,,,,,,,,,,,,,,,,,,,,,,,,,,15.00,,,,,,,false,false,12,2018-04-01,2019-03-31,0
2018-10-29,96970,2019-03-31,2,,,,,,,,,,,,,,,,,,,,,,,,,,,,,30.00,,,,,,,false,true,12,2018-04-01,2019-03-31,0
2018-10-29,96970,2019-03-31,2,,,,,,,,,,,,,,,,,,,,,,,,,,,,,,,,,135446488,25957900,109488837,false,false,6,2018-04-01,2018-09-30,0
2018-10-29,96970,2018-03-31,2,,,,,,,,,,,,,,,,,,,,,,,,,,,,,,,,,,,109492244,false,false,6,2017-04-01,2017-09-30,-1
2019-02-04,96970,2019-03-31,3,61270000000,0.283,,,,,13461000000,0.920,13539000000,0.907,,9180000000,,83.95,,,,,,112813000000,85415000000,0.757,,85415000000,,,,,,,,,,,,true,false,9,2018-04-01,2018-12-31,0
2019-02-04,96970,2018-03-31,3,47740000000,-0.108,,,,,7009000000,0.369,7099000000,0.712,,4439000000,,40.54,,,,,,,,,,,,,,,,,,,,,,true,false,9,2017-04-01,2017-12-31,-1
2019-02-04,96970,2019-03-31,3,96000000000,0.016,,,,,17000000000,0.060,16500000000,0.082,,12000000000,,110.38,,,,,,,,,,,,,,,,,,,,,,true,true,12,2018-04-01,2019-03-31,0
2019-02-04,96970,2018-03-31,3,,,,,,,,,,,,,,,,,,,,124829000000,85421000000,0.684,,85421000000,,,,,,,,,,,,true,false,12,2017-04-01,2018-03-31,-1
2019-02-04,96970,2018-03-31,3,,,,,,,,,,,,,,,,,,,,,,,,,,,,,60.00,,,,135446488,25957288,,false,false,12,2017-04-01,2018-03-31,-1
2019-02-04,96970,2019-03-31,3,,,,,,,,,,,,,,,,,,,,,,,,,,,,,15.00,,,,,,,false,false,12,2018-04-01,2019-03-31,0
2019-02-04,96970,2019-03-31,3,,,,,,,,,,,,,,,,,,,,,,,,,,,,,30.00,,,,,,,false,true,12,2018-04-01,2019-03-31,0
2019-02-04,96970,2019-03-31,3,,,,,,,,,,,,,,,,,,,,,,,,,,,,,,,,,135446488,28695180,109359350,false,false,9,2018-04-01,2018-12-31,0
2019-02-04,96970,2018-03-31,3,,,,,,,,,,,,,,,,,,,,,,,,,,,,,,,,,,,109491875,false,false,9,2017-04-01,2017-12-31,-1
2019-05-07,96970,2019-03-31,,100031000000,0.058,,,,,18144000000,0.131,18194000000,0.193,,12551000000,,115.45,,0.144,0.147,0.181,,123407000000,88749000000,0.719,831.37,88749000000,19847000000,-2261000000,-11443000000,53004000000,,0.303,,,,,,true,false,12,2018-04-01,2019-03-31,0
2019-05-07,96970,2018-03-31,,94515000000,0.084,,,,,16037000000,0.175,15254000000,0.212,,10937000000,,99.89,,0.134,0.125,0.170,,124829000000,85421000000,0.684,780.18,85421000000,34721000000,-2847000000,-9577000000,46539000000,,0.300,,,,,,true,false,12,2017-04-01,2018-03-31,-1
2019-05-07,96970,2020-03-31,,85000000000,-0.150,,,,,20000000000,0.102,19500000000,0.072,,14000000000,,131.15,,,,,,,,,,,,,,,,0.267,,,,,,true,true,12,2019-04-01,2020-03-31,1
2019-05-07,96970,2019-03-31,,77049000000,0.052,,,,,14651000000,-0.040,18381000000,0.206,17304000000,,0.459,159.17,,,,,,121105000000,81784000000,0.675,766.12,81784000000,,,,,35.00,,,,135446488,28695180,108716271,false,false,12,2018-04-01,2019-03-31,0
2019-05-07,96970,2018-03-31,,73237000000,0.137,,,,,15258000000,1.529,15237000000,2.014,11860000000,,2.492,108.32,,,,,,105309000000,74152000000,0.704,677.26,74152000000,,,,,60.00,,,,135446488,25957288,109491381,false,false,12,2017-04-01,2018-03-31,-1
2019-05-07,96970,2020-03-31,,,,,,,,,,,,,,,,,,,,,,,,,,,,,,35.00,,,,,,,false,true,12,2019-04-01,2020-03-31,1
2019-08-01,96970,2020-03-31,1,17938000000,0.043,,,,,7703000000,0.508,7699000000,0.402,,5420000000,,50.78,,,,,,117996000000,91432000000,0.775,,91432000000,,,,,,,,,,,,true,false,3,2019-04-01,2019-06-30,0
2019-08-01,96970,2019-03-31,1,17204000000,0.465,,,,,5106000000,5.508,5492000000,6.106,,3903000000,,35.65,,,,,,,,,,,,,,,,,,,,,,true,false,3,2018-04-01,2018-06-30,-1
2019-08-01,96970,2020-03-31,1,85000000000,-0.150,,,,,20000000000,0.102,19500000000,0.072,,14000000000,,131.15,,,,,,,,,,,,,,,,,,,,,,true,true,12,2019-04-01,2020-03-31,0
2019-08-01,96970,2019-03-31,1,,,,,,,,,,,,,,,,,,,,123407000000,88749000000,0.719,,88749000000,,,,,,,,,,,,true,false,12,2018-04-01,2019-03-31,-1
2019-08-01,96970,2019-03-31,1,,,,,,,,,,,,,,,,,,,,,,,,,,,,,35.00,,,,135446488,28695180,,false,false,12,2018-04-01,2019-03-31,-1
2019-08-01,96970,2020-03-31,1,,,,,,,,,,,,,,,,,,,,,,,,,,,,,35.00,,,,,,,false,true,12,2019-04-01,2020-03-31,0
2019-08-01,96970,2020-03-31,1,,,,,,,,,,,,,,,,,,,,,,,,,,,,,,,,,135446488,28695280,106751253,false,false,3,2019-04-01,2019-06-30,0
2019-08-01,96970,2019-03-31,1,,,,,,,,,,,,,,,,,,,,,,,,,,,,,,,,,,,109489012,false,false,3,2018-04-01,2018-06-30,-1
2019-10-29,96970,2020-03-31,2,37272000000,-0.140,,,,,13992000000,0.332,14002000000,0.360,,9846000000,,92.23,,,,,,131377000000,95730000000,0.729,,95730000000,,,,,,,,,,,,true,false,6,2019-04-01,2019-09-30,0
2019-10-29,96970,2019-03-31,2,43327000000,0.285,,,,,10508000000,1.101,10297000000,1.053,,6849000000,,62.56,,,,,,,,,,,,,,,,,,,,,,true,false,6,2018-04-01,2018-09-30,-1
2019-10-29,96970,2020-03-31,2,85000000000,-0.150,,,,,20000000000,0.102,19500000000,0.072,,14000000000,,131.15,,,,,,,,,,,,,,,,,,,,,,true,true,12,2019-04-01,2020-03-31,0
2019-10-29,96970,2019-03-31,2,,,,,,,,,,,,,,,,,,,,123407000000,88749000000,0.719,,88749000000,,,,,,,,,,,,true,false,12,2018-04-01,2019-03-31,-1
2019-10-29,96970,2019-03-31,2,,,,,,,,,,,,,,,,,,,,,,,,,,,,,35.00,,,,135446488,28695180,,false,false,12,2018-04-01,2019-03-31,-1
2019-10-29,96970,2020-03-31,2,,,,,,,,,,,,,,,,,,,,,,,,,,,,,20.00,,,,,,,false,false,12,2019-04-01,2020-03-31,0
2019-10-29,96970,2020-03-31,2,,,,,,,,,,,,,,,,,,,,,,,,,,,,,40.00,,,,,,,false,true,12,2019-04-01,2020-03-31,0
2019-10-29,96970,2020-03-31,2,,,,,,,,,,,,,,,,,,,,,,,,,,,,,,,,,135446488,28695300,106751231,false,false,6,2019-04-01,2019-09-30,0
2019-10-29,96970,2019-03-31,2,,,,,,,,,,,,,,,,,,,,,,,,,,,,,,,,,,,109488837,false,false,6,2018-04-01,2018-09-30,-1
2020-02-04,96970,2020-03-31,3,52908000000,-0.136,,,,,18448000000,0.371,18702000000,0.381,,13065000000,,122.39,,,,,,129874000000,97369000000,0.750,,97369000000,,,,,,,,,,,,true,false,9,2019-04-01,2019-12-31,0
2020-02-04,96970,2019-03-31,3,61270000000,0.283,,,,,13461000000,0.920,13539000000,0.907,,9180000000,,83.95,,,,,,,,,,,,,,,,,,,,,,true,false,9,2018-04-01,2018-12-31,-1
2020-02-04,96970,2020-03-31,3,80000000000,-0.200,,,,,22000000000,0.213,22000000000,0.209,,15500000000,,145.20,,,,,,,,,,,,,,,,,,,,,,true,true,12,2019-04-01,2020-03-31,0
2020-02-04,96970,2019-03-31,3,,,,,,,,,,,,,,,,,,,,123407000000,88749000000,0.719,,88749000000,,,,,,,,,,,,true,false,12,2018-04-01,2019-03-31,-1
2020-02-04,96970,2019-03-31,3,,,,,,,,,,,,,,,,,,,,,,,,,,,,,35.00,,,,135446488,28695180,,false,false,12,2018-04-01,2019-03-31,-1
2020-02-04,96970,2020-03-31,3,,,,,,,,,,,,,,,,,,,,,,,,,,,,,20.00,,,,,,,false,false,12,2019-04-01,2020-03-31,0
2020-02-04,96970,2020-03-31,3,,,,,,,,,,,,,,,,,,,,,,,,,,,,,40.00,,,,,,,false,true,12,2019-04-01,2020-03-31,0
2020-02-04,96970,2020-03-31,3,,,,,,,,,,,,,,,,,,,,,,,,,,,,,,,,,135446488,28695576,106751208,false,false,9,2019-04-01,2019-12-31,0
2020-02-04,96970,2019-03-31,3,,,,,,,,,,,,,,,,,,,,,,,,,,,,,,,,,,,109359350,false,false,9,2018-04-01,2018-12-31,-1
2020-03-31,96970,2020-03-31,,67399000000,,,,,,19352000000,,19204000000,,17013000000,,,159.37,,,,,,,,,,,,,,,,,,,,,,false,true,12,2019-04-01,2020-03-31,0
2020-03-31,96970,2019-03-31,,77049000000,,,,,,14651000000,,18381000000,,17304000000,,,159.17,,,,,,,,,,,,,,,,,,,,,,false,false,12,2018-04-01,2019-03-31,-1
2020-05-08,96970,2020-03-31,,81591000000,-0.184,,,,,22827000000,0.258,22957000000,0.262,,15949000000,,149.41,,0.169,0.172,0.280,,143466000000,99735000000,0.695,934.28,99735000000,22279000000,-8437000000,-6351000000,59672000000,,0.301,,,,,,true,false,12,2019-04-01,2020-03-31,0
2020-05-08,96970,2019-03-31,,100031000000,0.058,,,,,18144000000,0.131,18194000000,0.193,,12551000000,,115.45,,0.144,0.147,0.181,,123407000000,88749000000,0.719,831.37,88749000000,19847000000,-2261000000,-11443000000,53004000000,,0.303,,,,,,true,false,12,2018-04-01,2019-03-31,-1
2020-05-08,96970,2021-03-31,,85000000000,0.042,,,,,25500000000,0.117,25500000000,0.111,,18000000000,,168.62,,,,,,,,,,,,,,,,0.267,,,,,,true,true,12,2020-04-01,2021-03-31,1
2020-05-08,96970,2020-03-31,,68206000000,-0.115,,,,,19105000000,0.304,18820000000,0.024,16947000000,,-0.021,158.76,,,,,,149533000000,94326000000,0.631,883.62,94326000000,,,,,45.00,,,,135446488,28695874,106751088,false,false,12,2019-04-01,2020-03-31,0
2020-05-08,96970,2019-03-31,,77049000000,0.052,,,,,14651000000,-0.040,18381000000,0.206,17304000000,,0.459,159.17,,,,,,121105000000,81784000000,0.675,766.12,81784000000,,,,,35.00,,,,135446488,28695180,108716271,false,false,12,2018-04-01,2019-03-31,-1
2020-05-08,96970,2021-03-31,,,,,,,,,,,,,,,,,,,,,,,,,,,,,,45.00,,,,,,,false,true,12,2020-04-01,2021-03-31,1
2020-08-03,96970,2021-03-31,1,23722000000,0.322,,,,,10711000000,0.391,10619000000,0.379,,7815000000,,73.21,,,,,,137456000000,104907000000,0.763,,104907000000,,,,,,,,,,,,true,false,3,2020-04-01,2020-06-30,0
2020-08-03,96970,2020-03-31,1,17938000000,0.043,,,,,7703000000,0.508,7699000000,0.402,,5420000000,,50.78,,,,,,,,,,,,,,,,,,,,,,true,false,3,2019-04-01,2019-06-30,-1
2020-08-03,96970,2021-03-31,1,85000000000,0.042,,,,,25500000000,0.117,25500000000,0.111,,18000000000,,168.62,,,,,,,,,,,,,,,,,,,,,,true,true,12,2020-04-01,2021-03-31,0
2020-08-03,96970,2020-03-31,1,,,,,,,,,,,,,,,,,,,,143466000000,99735000000,0.695,,99735000000,,,,,,,,,,,,true,false,12,2019-04-01,2020-03-31,-1
2020-08-03,96970,2020-03-31,1,,,,,,,,,,,,,,,,,,,,,,,,,,,,,45.00,,,,135446488,28695874,,false,false,12,2019-04-01,2020-03-31,-1
2020-08-03,96970,2021-03-31,1,,,,,,,,,,,,,,,,,,,,,,,,,,,,,45.00,,,,,,,false,true,12,2020-04-01,2021-03-31,0
2020-08-03,96970,2021-03-31,1,,,,,,,,,,,,,,,,,,,,,,,,,,,,,,,,,135446488,28696056,106750555,false,false,3,2020-04-01,2020-06-30,0
2020-08-03,96970,2020-03-31,1,,,,,,,,,,,,,,,,,,,,,,,,,,,,,,,,,,,106751253,false,false,3,2019-04-01,2019-06-30,-1
2020-10-29,96970,2021-03-31,2,42059000000,0.128,,,,,17863000000,0.277,17571000000,0.255,,12993000000,,121.72,,,,,,137806000000,109986000000,0.798,,109986000000,,,,,,,,,,,,true,false,6,2020-04-01,2020-09-30,0
2020-10-29,96970,2020-03-31,2,37272000000,-0.140,,,,,13992000000,0.332,14002000000,0.360,,9846000000,,92.23,,,,,,,,,,,,,,,,,,,,,,true,false,6,2019-04-01,2019-09-30,-1
2020-10-29,96970,2021-03-31,2,85000000000,0.042,,,,,25500000000,0.117,25500000000,0.111,,18000000000,,168.62,,,,,,,,,,,,,,,,,,,,,,true,true,12,2020-04-01,2021-03-31,0
2020-10-29,96970,2020-03-31,2,,,,,,,,,,,,,,,,,,,,143466000000,99735000000,0.695,,99735000000,,,,,,,,,,,,true,false,12,2019-04-01,2020-03-31,-1
2020-10-29,96970,2020-03-31,2,,,,,,,,,,,,,,,,,,,,,,,,,,,,,45.00,,,,135446488,28695874,,false,false,12,2019-04-01,2020-03-31,-1
2020-10-29,96970,2021-03-31,2,,,,,,,,,,,,,,,,,,,,,,,,,,,,,25.00,,,,,,,false,false,12,2020-04-01,2021-03-31,0
2020-10-29,96970,2021-03-31,2,,,,,,,,,,,,,,,,,,,,,,,,,,,,,50.00,,,,,,,false,true,12,2020-04-01,2021-03-31,0
2020-10-29,96970,2021-03-31,2,,,,,,,,,,,,,,,,,,,,,,,,,,,,,,,,,135446488,28696354,106750423,false,false,6,2020-04-01,2020-09-30,0
2020-10-29,96970,2020-03-31,2,,,,,,,,,,,,,,,,,,,,,,,,,,,,,,,,,,,106751231,false,false,6,2019-04-01,2019-09-30,-1
2021-01-21,96970,2021-03-31,,92000000000,0.082,,,,,30500000000,0.196,30000000000,0.176,,21000000000,,196.72,,,,,,,,,,,,,,,,,,,,,,true,true,12,2020-04-01,2021-03-31,0
2021-01-21,96970,2020-03-31,,81591000000,,,,,,22827000000,,22957000000,,,15949000000,,149.41,,,,,,,,,,,,,,,,,,,,,,true,false,12,2019-04-01,2020-03-31,-1
2021-01-21,96970,2021-03-31,,80000000000,,,,,,27000000000,,27500000000,,19000000000,,,177.99,,,,,,,,,,,,,,,60.00,,,,,,,false,true,12,2020-04-01,2021-03-31,0
2021-01-21,96970,2020-03-31,,68206000000,,,,,,19105000000,,18820000000,,16947000000,,,158.76,,,,,,,,,,,,,,,45.00,,,,,,,false,false,12,2019-04-01,2020-03-31,-1
2021-01-21,96970,2021-03-31,,,,,,,,,,,,,,,,,,,,,,,,,,,,,,25.00,,,,,,,false,false,12,2020-04-01,2021-03-31,0
2021-01-28,96970,2021-03-31,3,64867000000,0.226,,,,,24382000000,0.322,24088000000,0.288,,17523000000,,164.15,,,,,,137598000000,111748000000,0.812,,111748000000,,,,,,,,,,,,true,false,9,2020-04-01,2020-12-31,0
2021-01-28,96970,2020-03-31,3,52908000000,-0.136,,,,,18448000000,0.371,18702000000,0.381,,13065000000,,122.39,,,,,,,,,,,,,,,,,,,,,,true,false,9,2019-04-01,2019-12-31,-1
2021-01-28,96970,2021-03-31,3,92000000000,0.128,,,,,30500000000,0.336,30000000000,0.307,,21000000000,,196.72,,,,,,,,,,,,,,,,,,,,,,true,true,12,2020-04-01,2021-03-31,0
2021-01-28,96970,2020-03-31,3,,,,,,,,,,,,,,,,,,,,143466000000,99735000000,0.695,,99735000000,,,,,,,,,,,,true,false,12,2019-04-01,2020-03-31,-1
2021-01-28,96970,2020-03-31,3,,,,,,,,,,,,,,,,,,,,,,,,,,,,,45.00,,,,135446488,28695874,,false,false,12,2019-04-01,2020-03-31,-1
2021-01-28,96970,2021-03-31,3,,,,,,,,,,,,,,,,,,,,,,,,,,,,,25.00,,,,,,,false,false,12,2020-04-01,2021-03-31,0
2021-01-28,96970,2021-03-31,3,,,,,,,,,,,,,,,,,,,,,,,,,,,,,60.00,,,,,,,false,true,12,2020-04-01,2021-03-31,0
2021-01-28,96970,2021-03-31,3,,,,,,,,,,,,,,,,,,,,,,,,,,,,,,,,,135446488,28696468,106750316,false,false,9,2020-04-01,2020-12-31,0
2021-01-28,96970,2020-03-31,3,,,,,,,,,,,,,,,,,,,,,,,,,,,,,,,,,,,106751208,false,false,9,2019-04-01,2019-12-31,-1
2021-05-10,96970,2021-03-31,,95308000000,0.168,,,,,34596000000,0.516,34845000000,0.518,,24923000000,,116.74,,0.226,0.227,0.363,,163712000000,120794000000,0.738,565.78,120794000000,14625000000,-4233000000,-6965000000,64043000000,,0.304,,,,,,true,false,12,2020-04-01,2021-03-31,0
2021-05-10,96970,2020-03-31,,81591000000,-0.184,,,,,22827000000,0.258,22957000000,0.262,,15949000000,,74.70,,0.169,0.172,0.280,,143466000000,99735000000,0.695,467.14,99735000000,22279000000,-8437000000,-6351000000,59672000000,,0.301,,,,,,true,false,12,2019-04-01,2020-03-31,-1
2021-05-10,96970,2022-03-31,,100000000000,0.049,,,,,42000000000,0.214,42000000000,0.205,,30000000000,,140.52,,,,,,,,,,,,,,,,0.256,,,,,,true,true,12,2021-04-01,2022-03-31,1
2021-05-10,96970,2021-03-31,,83585000000,0.225,,,,,30372000000,0.590,31298000000,0.663,22949000000,,0.354,107.49,,,,,,171736000000,112098000000,0.653,525.05,112098000000,,,,,71.00,,,,270892976,57393176,213500467,false,false,12,2020-04-01,2021-03-31,0
2021-05-10,96970,2020-03-31,,68206000000,-0.115,,,,,19105000000,0.304,18820000000,0.024,16947000000,,-0.021,79.38,,,,,,149533000000,94326000000,0.631,441.81,94326000000,,,,,45.00,,,,270892976,57391748,213502175,false,false,12,2019-04-01,2020-03-31,-1
2021-05-10,96970,2022-03-31,,,,,,,,,,,,,,,,,,,,,,,,,,,,,,36.00,,,,,,,false,true,12,2021-04-01,2022-03-31,1
2021-07-29,96970,2022-03-31,1,48423000000,1.041,,,,,23604000000,1.204,23899000000,1.250,,17340000000,,81.22,,,,,,173846000000,133303000000,0.767,,133303000000,,,,,,,,,,,,true,false,3,2021-04-01,2021-06-30,0
2021-07-29,96970,2021-03-31,1,23722000000,0.322,,,,,10711000000,0.391,10619000000,0.379,,7815000000,,36.60,,,,,,,,,,,,,,,,,,,,,,true,false,3,2020-04-01,2020-06-30,-1
2021-07-29,96970,2022-03-31,1,100000000000,0.049,,,,,42000000000,0.214,42000000000,0.205,,30000000000,,140.52,,,,,,,,,,,,,,,,,,,,,,true,true,12,2021-04-01,2022-03-31,0
2021-07-29,96970,2021-03-31,1,,,,,,,,,,,,,,,,,,,,163712000000,120794000000,0.738,,120794000000,,,,,,,,,,,,true,false,12,2020-04-01,2021-03-31,-1
2021-07-29,96970,2021-03-31,1,,,,,,,,,,,,,,,,,,,,,,,,,,,,,71.00,,,,270892976,57393176,,false,false,12,2020-04-01,2021-03-31,-1
2021-07-29,96970,2022-03-31,1,,,,,,,,,,,,,,,,,,,,,,,,,,,,,36.00,,,,,,,false,true,12,2021-04-01,2022-03-31,0
2021-07-29,96970,2022-03-31,1,,,,,,,,,,,,,,,,,,,,,,,,,,,,,,,,,270892976,57393636,213499484,false,false,3,2021-04-01,2021-06-30,0
2021-07-29,96970,2021-03-31,1,,,,,,,,,,,,,,,,,,,,,,,,,,,,,,,,,,,213501109,false,false,3,2020-04-01,2020-06-30,-1
2021-10-28,96970,2022-03-31,2,69995000000,0.664,,,,,28924000000,0.619,29723000000,0.692,,22219000000,,104.07,,,,,,180964000000,137752000000,0.761,,137752000000,,,,,,,,,,,,true,false,6,2021-04-01,2021-09-30,0
2021-10-28,96970,2021-03-31,2,42059000000,0.128,,,,,17863000000,0.277,17571000000,0.255,,12993000000,,60.86,,,,,,,,,,,,,,,,,,,,,,true,false,6,2020-04-01,2020-09-30,-1
2021-10-28,96970,2022-03-31,2,100000000000,0.049,,,,,42000000000,0.214,42000000000,0.205,,30000000000,,140.52,,,,,,,,,,,,,,,,,,,,,,true,true,12,2021-04-01,2022-03-31,0
2021-10-28,96970,2021-03-31,2,,,,,,,,,,,,,,,,,,,,163712000000,120794000000,0.738,,120794000000,,,,,,,,,,,,true,false,12,2020-04-01,2021-03-31,-1
2021-10-28,96970,2021-03-31,2,,,,,,,,,,,,,,,,,,,,,,,,,,,,,71.00,,,,270892976,57393176,,false,false,12,2020-04-01,2021-03-31,-1
2021-10-28,96970,2022-03-31,2,,,,,,,,,,,,,,,,,,,,,,,,,,,,,18.00,,,,,,,false,false,12,2021-04-01,2022-03-31,0
2021-10-28,96970,2022-03-31,2,,,,,,,,,,,,,,,,,,,,,,,,,,,,,36.00,,,,,,,false,true,12,2021-04-01,2022-03-31,0
2021-10-28,96970,2022-03-31,2,,,,,,,,,,,,,,,,,,,,,,,,,,,,,,,,,270892976,57393708,213499392,false,false,6,2021-04-01,2021-09-30,0
2021-10-28,96970,2021-03-31,2,,,,,,,,,,,,,,,,,,,,,,,,,,,,,,,,,,,213500845,false,false,6,2020-04-01,2020-09-30,-1
2022-01-26,96970,2022-03-31,3,88163000000,0.359,,,,,35096000000,0.439,36148000000,0.501,,26708000000,,125.10,,,,,,175831000000,139017000000,0.791,,139017000000,,,,,,,,,,,,true,false,9,2021-04-01,2021-12-31,0
2022-01-26,96970,2021-03-31,3,64867000000,0.226,,,,,24382000000,0.322,24088000000,0.288,,17523000000,,82.08,,,,,,,,,,,,,,,,,,,,,,true,false,9,2020-04-01,2020-12-31,-1
2022-01-26,96970,2022-03-31,3,100000000000,0.049,,,,,42000000000,0.214,42000000000,0.205,,30000000000,,140.52,,,,,,,,,,,,,,,,,,,,,,true,true,12,2021-04-01,2022-03-31,0
2022-01-26,96970,2021-03-31,3,,,,,,,,,,,,,,,,,,,,163712000000,120794000000,0.738,,120794000000,,,,,,,,,,,,true,false,12,2020-04-01,2021-03-31,-1
2022-01-26,96970,2021-03-31,3,,,,,,,,,,,,,,,,,,,,,,,,,,,,,71.00,,,,270892976,57393176,,false,false,12,2020-04-01,2021-03-31,-1
2022-01-26,96970,2022-03-31,3,,,,,,,,,,,,,,,,,,,,,,,,,,,,,18.00,,,,,,,false,false,12,2021-04-01,2022-03-31,0
2022-01-26,96970,2022-03-31,3,,,,,,,,,,,,,,,,,,,,,,,,,,,,,36.00,,,,,,,false,true,12,2021-04-01,2022-03-31,0
2022-01-26,96970,2022-03-31,3,,,,,,,,,,,,,,,,,,,,,,,,,,,,,,,,,270892976,57393684,213499350,false,false,9,2021-04-01,2021-12-31,0
2022-01-26,96970,2021-03-31,3,,,,,,,,,,,,,,,,,,,,,,,,,,,,,,,,,,,213500632,false,false,9,2020-04-01,2020-12-31,-1
2022-04-21,96970,2022-03-31,,110000000000,0.100,,,,,42800000000,0.019,44300000000,0.055,,32500000000,,152.23,,,,,,,,,,,,,,,,,,,,,,true,true,12,2021-04-01,2022-03-31,0
2022-04-21,96970,2021-03-31,,95308000000,,,,,,34596000000,,34845000000,,,24923000000,,116.74,,,,,,,,,,,,,,,,,,,,,,true,false,12,2020-04-01,2021-03-31,-1
2022-04-21,96970,2022-03-31,,101600000000,,,,,,40100000000,,40800000000,,29200000000,,,136.77,,,,,,,,,,,,,,,46.00,,,,,,,false,true,12,2021-04-01,2022-03-31,0
2022-04-21,96970,2021-03-31,,83585000000,,,,,,30372000000,,31298000000,,22949000000,,,107.49,,,,,,,,,,,,,,,71.00,,,,,,,false,false,12,2020-04-01,2021-03-31,-1
2022-04-21,96970,2022-03-31,,,,,,,,,,,,,,,,,,,,,,,,,,,,,,18.00,,,,,,,false,false,12,2021-04-01,2022-03-31,0
2022-05-11,96970,2022-03-31,,110054000000,0.155,,,,,42909000000,0.240,44330000000,0.272,,32553000000,,152.48,,0.244,0.253,0.390,,187365000000,146475000000,0.782,686.07,146475000000,46947000000,-7426000000,-9980000000,95635000000,,0.302,,,,,,true,false,12,2021-04-01,2022-03-31,0
2022-05-11,96970,2021-03-31,,95308000000,0.168,,,,,34596000000,0.516,34845000000,0.518,,24923000000,,116.74,,0.226,0.227,0.363,,163712000000,120794000000,0.738,565.78,120794000000,14625000000,-4233000000,-6965000000,64043000000,,0.304,,,,,,true,false,12,2020-04-01,2021-03-31,-1
2022-05-11,96970,2023-03-31,,120000000000,0.090,,,,,48000000000,0.119,48000000000,0.083,,34500000000,,161.59,,,,,,,,,,,,,,,,0.285,,,,,,true,true,12,2022-04-01,2023-03-31,1
2022-05-11,96970,2022-03-31,,101628000000,0.216,,,,,40173000000,0.323,40864000000,0.306,29289000000,,0.276,137.19,,,,,,193854000000,132675000000,0.684,621.43,132675000000,,,,,46.00,,,,270892976,57393792,213499327,false,false,12,2021-04-01,2022-03-31,0
2022-05-11,96970,2021-03-31,,83585000000,0.225,,,,,30372000000,0.590,31298000000,0.663,22949000000,,0.354,107.49,,,,,,171736000000,112098000000,0.653,525.05,112098000000,,,,,71.00,,,,270892976,57393176,213500467,false,false,12,2020-04-01,2021-03-31,-1
2022-05-11,96970,2023-03-31,,,,,,,,,,,,,,,,,,,,,,,,,,,,,,46.00,,,,,,,false,true,12,2022-04-01,2023-03-31,1
2022-07-26,96970,2023-03-31,1,25232000000,-0.479,,,,,12061000000,-0.489,12803000000,-0.464,,9007000000,,42.19,,,,,,194768000000,152461000000,0.783,,152461000000,,,,,,,,,,,,true,false,3,2022-04-01,2022-06-30,0
2022-07-26,96970,2022-03-31,1,48423000000,1.041,,,,,23604000000,1.204,23899000000,1.250,,17340000000,,81.22,,,,,,,,,,,,,,,,,,,,,,true,false,3,2021-04-01,2021-06-30,-1
2022-07-26,96970,2023-03-31,1,120000000000,0.090,,,,,48000000000,0.119,48000000000,0.083,,34500000000,,165.21,,,,,,,,,,,,,,,,,,,,,,true,true,12,2022-04-01,2023-03-31,0
2022-07-26,96970,2022-03-31,1,,,,,,,,,,,,,,,,,,,,187365000000,146475000000,0.782,,146475000000,,,,,,,,,,,,true,false,12,2021-04-01,2022-03-31,-1
2022-07-26,96970,2022-03-31,1,,,,,,,,,,,,,,,,,,,,,,,,,,,,,46.00,,,,270892976,57393792,,false,false,12,2021-04-01,2022-03-31,-1
2022-07-26,96970,2023-03-31,1,,,,,,,,,,,,,,,,,,,,,,,,,,,,,46.00,,,,,,,false,true,12,2022-04-01,2023-03-31,0
2022-07-26,96970,2023-03-31,1,,,,,,,,,,,,,,,,,,,,,,,,,,,,,,,,,270892976,57393862,213499146,false,false,3,2022-04-01,2022-06-30,0
2022-07-26,96970,2022-03-31,1,,,,,,,,,,,,,,,,,,,,,,,,,,,,,,,,,,,213499484,false,false,3,2021-04-01,2021-06-30,-1
2022-10-26,96970,2023-03-31,2,49067000000,-0.299,,,,,21895000000,-0.243,22996000000,-0.226,,16142000000,,76.36,,,,,,199961000000,147440000000,0.737,,147440000000,,,,,,,,,,,,true,false,6,2022-04-01,2022-09-30,0
2022-10-26,96970,2022-03-31,2,69995000000,0.664,,,,,28924000000,0.619,29723000000,0.692,,22219000000,,104.07,,,,,,,,,,,,,,,,,,,,,,true,false,6,2021-04-01,2021-09-30,-1
2022-10-26,96970,2023-03-31,2,125000000000,0.136,,,,,50000000000,0.165,50000000000,0.128,,36500000000,,173.60,,,,,,,,,,,,,,,,,,,,,,true,true,12,2022-04-01,2023-03-31,0
2022-10-26,96970,2022-03-31,2,,,,,,,,,,,,,,,,,,,,187365000000,146475000000,0.782,,146475000000,,,,,,,,,,,,true,false,12,2021-04-01,2022-03-31,-1
2022-10-26,96970,2022-03-31,2,,,,,,,,,,,,,,,,,,,,,,,,,,,,,46.00,,,,270892976,57393792,,false,false,12,2021-04-01,2022-03-31,-1
2022-10-26,96970,2023-03-31,2,,,,,,,,,,,,,,,,,,,,,,,,,,,,,23.00,,,,,,,false,false,12,2022-04-01,2023-03-31,0
2022-10-26,96970,2023-03-31,2,,,,,,,,,,,,,,,,,,,,,,,,,,,,,46.00,,,,,,,false,true,12,2022-04-01,2023-03-31,0
2022-10-26,96970,2023-03-31,2,,,,,,,,,,,,,,,,,,,,,,,,,,,,,,,,,266505623,57394002,211389338,false,false,6,2022-04-01,2022-09-30,0
2022-10-26,96970,2022-03-31,2,,,,,,,,,,,,,,,,,,,,,,,,,,,,,,,,,,,213499392,false,false,6,2021-04-01,2021-09-30,-1
2022-10-26,96970,2023-03-31,,120000000000,,,,,,48000000000,,48000000000,,34300000000,,,163.14,,,,,,,,,,,,,,,,,,,,,,false,true,12,2022-04-01,2023-03-31,0
2022-10-26,96970,2022-03-31,,101628000000,,,,,,40173000000,,40864000000,,29289000000,,,137.19,,,,,,,,,,,,,,,,,,,,,,false,false,12,2021-04-01,2022-03-31,-1
2023-01-30,96970,2023-03-31,3,79671000000,-0.096,,,,,33332000000,-0.050,33564000000,-0.071,,23610000000,,112.09,,,,,,185719000000,147715000000,0.795,,147715000000,,,,,,,,,,,,true,false,9,2022-04-01,2022-12-31,0
2023-01-30,96970,2022-03-31,3,88163000000,0.359,,,,,35096000000,0.439,36148000000,0.501,,26708000000,,125.10,,,,,,,,,,,,,,,,,,,,,,true,false,9,2021-04-01,2021-12-31,-1
2023-01-30,96970,2023-03-31,3,125000000000,0.136,,,,,50000000000,0.165,50000000000,0.128,,36500000000,,173.60,,,,,,,,,,,,,,,,,,,,,,true,true,12,2022-04-01,2023-03-31,0
2023-01-30,96970,2022-03-31,3,,,,,,,,,,,,,,,,,,,,187365000000,146475000000,0.782,,146475000000,,,,,,,,,,,,true,false,12,2021-04-01,2022-03-31,-1
2023-01-30,96970,2022-03-31,3,,,,,,,,,,,,,,,,,,,,,,,,,,,,,46.00,,,,270892976,57393792,,false,false,12,2021-04-01,2022-03-31,-1
2023-01-30,96970,2023-03-31,3,,,,,,,,,,,,,,,,,,,,,,,,,,,,,23.00,,,,,,,false,false,12,2022-04-01,2023-03-31,0
2023-01-30,96970,2023-03-31,3,,,,,,,,,,,,,,,,,,,,,,,,,,,,,46.00,,,,,,,false,true,12,2022-04-01,2023-03-31,0
2023-01-30,96970,2023-03-31,3,,,,,,,,,,,,,,,,,,,,,,,,,,,,,,,,,266505623,57393860,210627359,false,false,9,2022-04-01,2022-12-31,0
2023-01-30,96970,2022-03-31,3,,,,,,,,,,,,,,,,,,,,,,,,,,,,,,,,,,,213499350,false,false,9,2021-04-01,2021-12-31,-1
2023-05-10,96970,2023-03-31,,125930000000,0.144,,,,,50812000000,0.184,51369000000,0.159,,36737000000,,174.73,,0.239,0.254,0.403,,217365000000,161129000000,0.741,770.54,161129000000,21789000000,-7679000000,-22485000000,89470000000,,0.361,,,,,,true,false,12,2022-04-01,2023-03-31,0
2023-05-10,96970,2022-03-31,,110054000000,0.155,,,,,42909000000,0.240,44330000000,0.272,,32553000000,,152.48,,0.244,0.253,0.390,,187365000000,146475000000,0.782,686.07,146475000000,46947000000,-7426000000,-9980000000,95635000000,,0.302,,,,,,true,false,12,2021-04-01,2022-03-31,-1
2023-05-10,96970,2024-03-31,,140000000000,0.112,,,,,56000000000,0.102,56000000000,0.090,40000000000,,0.089,191.28,,,,,,,,,,,,,,,,0.282,,,,,,true,true,12,2023-04-01,2024-03-31,1
2023-05-10,96970,2023-03-31,,118524000000,0.166,,,,,47621000000,0.185,47305000000,0.158,33244000000,,0.135,158.12,,,,,,220144000000,141398000000,0.642,676.18,141398000000,,,,,63.00,,,,266505623,57393546,210253686,false,false,12,2022-04-01,2023-03-31,0
2023-05-10,96970,2022-03-31,,101628000000,0.216,,,,,40173000000,0.323,40864000000,0.306,29289000000,,0.276,137.19,,,,,,193854000000,132675000000,0.684,621.43,132675000000,,,,,46.00,,,,270892976,57393792,213499327,false,false,12,2021-04-01,2022-03-31,-1
2023-05-10,96970,2024-03-31,,,,,,,,,,,,,,,,,,,,,,,,,,,,,,54.00,,,,,,,false,true,12,2023-04-01,2024-03-31,1
2023-07-26,96970,2024-03-31,1,43858000000,0.738,,,,,24047000000,0.994,25865000000,1.020,,18163000000,,86.86,,,,,,216021000000,174176000000,0.806,,174176000000,,,,,,,,,,,,true,false,3,2023-04-01,2023-06-30,0
2023-07-26,96970,2023-03-31,1,25232000000,-0.479,,,,,12061000000,-0.489,12803000000,-0.464,,9007000000,,42.19,,,,,,,,,,,,,,,,,,,,,,true,false,3,2022-04-01,2022-06-30,-1
2023-07-26,96970,2024-03-31,1,140000000000,0.112,,,,,56000000000,0.102,56000000000,0.090,,40000000000,,191.28,,,,,,,,,,,,,,,,,,,,,,true,true,12,2023-04-01,2024-03-31,0
2023-07-26,96970,2023-03-31,1,,,,,,,,,,,,,,,,,,,,217365000000,161129000000,0.741,,161129000000,,,,,,,,,,,,true,false,12,2022-04-01,2023-03-31,-1
2023-07-26,96970,2023-03-31,1,,,,,,,,,,,,,,,,,,,,,,,,,,,,,63.00,,,,266505623,57393546,,false,false,12,2022-04-01,2023-03-31,-1
2023-07-26,96970,2024-03-31,1,,,,,,,,,,,,,,,,,,,,,,,,,,,,,54.00,,,,,,,false,true,12,2023-04-01,2024-03-31,0
2023-07-26,96970,2024-03-31,1,,,,,,,,,,,,,,,,,,,,,,,,,,,,,,,,,266505623,57391876,209113059,false,false,3,2023-04-01,2023-06-30,0
2023-07-26,96970,2023-03-31,1,,,,,,,,,,,,,,,,,,,,,,,,,,,,,,,,,,,213499146,false,false,3,2022-04-01,2022-06-30,-1
2023-10-26,96970,2024-03-31,2,74934000000,0.527,,,,,33835000000,0.545,36164000000,0.573,,25287000000,,120.93,,,,,,226694000000,182372000000,0.804,,182372000000,,,,,,,,,,,,true,false,6,2023-04-01,2023-09-30,0
2023-10-26,96970,2023-03-31,2,49067000000,-0.299,,,,,21895000000,-0.243,22996000000,-0.226,,16142000000,,76.36,,,,,,,,,,,,,,,,,,,,,,true,false,6,2022-04-01,2022-09-30,-1
2023-10-26,96970,2024-03-31,2,140000000000,0.112,,,,,56000000000,0.102,56000000000,0.090,,40000000000,,191.28,,,,,,,,,,,,,,,,,,,,,,true,true,12,2023-04-01,2024-03-31,0
2023-10-26,96970,2023-03-31,2,,,,,,,,,,,,,,,,,,,,217365000000,161129000000,0.741,,161129000000,,,,,,,,,,,,true,false,12,2022-04-01,2023-03-31,-1
2023-10-26,96970,2023-03-31,2,,,,,,,,,,,,,,,,,,,,,,,,,,,,,63.00,,,,266505623,57393546,,false,false,12,2022-04-01,2023-03-31,-1
2023-10-26,96970,2024-03-31,2,,,,,,,,,,,,,,,,,,,,,,,,,,,,,27.00,,,,,,,false,false,12,2023-04-01,2024-03-31,0
2023-10-26,96970,2024-03-31,2,,,,,,,,,,,,,,,,,,,,,,,,,,,,,54.00,,,,,,,false,true,12,2023-04-01,2024-03-31,0
2023-10-26,96970,2024-03-31,2,,,,,,,,,,,,,,,,,,,,,,,,,,,,,,,,,266505623,57388942,209114335,false,false,6,2023-04-01,2023-09-30,0
2023-10-26,96970,2023-03-31,2,,,,,,,,,,,,,,,,,,,,,,,,,,,,,,,,,,,211389338,false,false,6,2022-04-01,2022-09-30,-1
2024-01-31,96970,2024-03-31,3,106179000000,0.333,,,,,47704000000,0.431,49460000000,0.474,,34636000000,,165.63,,,,,,222925000000,183745000000,0.824,,183745000000,,,,,,,,,,,,true,false,9,2023-04-01,2023-12-31,0
2024-01-31,96970,2023-03-31,3,79671000000,-0.096,,,,,33332000000,-0.050,33564000000,-0.071,,23610000000,,112.09,,,,,,,,,,,,,,,,,,,,,,true,false,9,2022-04-01,2022-12-31,-1
2024-01-31,96970,2024-03-31,3,140000000000,0.112,,,,,56000000000,0.102,56000000000,0.090,,40000000000,,191.28,,,,,,,,,,,,,,,,,,,,,,true,true,12,2023-04-01,2024-03-31,0
2024-01-31,96970,2023-03-31,3,,,,,,,,,,,,,,,,,,,,217365000000,161129000000,0.741,,161129000000,,,,,,,,,,,,true,false,12,2022-04-01,2023-03-31,-1
2024-01-31,96970,2023-03-31,3,,,,,,,,,,,,,,,,,,,,,,,,,,,,,63.00,,,,266505623,57393546,,false,false,12,2022-04-01,2023-03-31,-1
2024-01-31,96970,2024-03-31,3,,,,,,,,,,,,,,,,,,,,,,,,,,,,,27.00,,,,,,,false,false,12,2023-04-01,2024-03-31,0
2024-01-31,96970,2024-03-31,3,,,,,,,,,,,,,,,,,,,,,,,,,,,,,54.00,,,,,,,false,true,12,2023-04-01,2024-03-31,0
2024-01-31,96970,2024-03-31,3,,,,,,,,,,,,,,,,,,,,,,,,,,,,,,,,,266505623,57388078,209115327,false,false,9,2023-04-01,2023-12-31,0
2024-01-31,96970,2023-03-31,3,,,,,,,,,,,,,,,,,,,,,,,,,,,,,,,,,,,210627359,false,false,9,2022-04-01,2022-12-31,-1
,96970,2024-03-31,,,,,,,,,,,,,,,,,,,,,,,,,,,,,,65.00,,,,,,,false,true,12,2023-04-01,2024-03-31,0
,96970,2024-03-31,,,,,,,,,,,,,,,,,,,,,,,,,,,,,,27.00,,,,,,,false,false,12,2023-04-01,2024-03-31,0
,96970,2023-03-31,,,,,,,,,,,,,,,,,,,,,,,,,,,,,,63.00,,,,,,,false,false,12,2022-04-01,2023-03-31,-1
2024-04-25,96970,2024-03-31,,152400000000,0.089,,,,,57000000000,0.018,59400000000,0.061,,43300000000,,103.53,,,,,,,,,,,,,,,,,,,,,,true,true,12,2023-04-01,2024-03-31,0
2024-04-25,96970,2023-03-31,,125930000000,,,,,,50812000000,,51369000000,,,36737000000,,87.36,,,,,,,,,,,,,,,,,,,,,,true,false,12,2022-04-01,2023-03-31,-1
2024-04-25,96970,2024-03-31,,144100000000,,,,,,54200000000,,55200000000,,40700000000,,,97.31,,,,,,,,,,,,,,,70.00,,,,,,,false,true,12,2023-04-01,2024-03-31,0
2024-04-25,96970,2023-03-31,,118524000000,,,,,,47621000000,,47305000000,,33244000000,,,79.06,,,,,,,,,,,,,,,63.00,,,,,,,false,false,12,2022-04-01,2023-03-31,-1
2024-04-25,96970,2024-03-31,,,,,,,,,,,,,,,,,,,,,,,,,,,,,,27.00,,,,,,,false,false,12,2023-04-01,2024-03-31,0
2024-05-09,96970,2024-03-31,,152410000000,0.210,,,,,57081000000,0.123,59422000000,0.157,,43374000000,,103.71,,0.244,0.258,0.375,,243476000000,195081000000,0.801,466.44,195081000000,36921000000,-5962000000,-15969000000,109091000000,,0.337,,,,,,true,false,12,2023-04-01,2024-03-31,0
2024-05-09,96970,2023-03-31,,125930000000,0.144,,,,,50812000000,0.184,51369000000,0.159,,36737000000,,87.36,,0.239,0.254,0.403,,217365000000,161129000000,0.741,385.27,161129000000,21789000000,-7679000000,-22485000000,89470000000,,0.361,,,,,,true,false,12,2022-04-01,2023-03-31,-1
2024-05-09,96970,2025-03-31,,165000000000,0.083,,,,,64000000000,0.121,63000000000,0.060,,46000000000,,109.98,,,,,,,,,,,,,,,,0.327,,,,,,true,true,12,2024-04-01,2025-03-31,1
2024-05-09,96970,2024-03-31,,144121000000,0.216,,,,,54258000000,0.139,55211000000,0.167,40759000000,,0.226,97.46,,,,,,245805000000,167776000000,0.683,401.15,167776000000,,,,,70.00,,,,533011246,114772206,418232447,false,false,12,2023-04-01,2024-03-31,0
2024-05-09,96970,2023-03-31,,118524000000,0.166,,,,,47621000000,0.185,47305000000,0.158,33244000000,,0.135,79.06,,,,,,220144000000,141398000000,0.642,338.09,141398000000,,,,,63.00,,,,533011246,114787092,420507372,false,false,12,2022-04-01,2023-03-31,-1
2024-05-09,96970,2025-03-31,,,,,,,,,,,,,,,,,,,,,,,,,,,,,,36.00,,,,,,,false,true,12,2024-04-01,2025-03-31,1
2024-07-29,96970,2025-03-31,1,29597000000,-0.325,,,,,12889000000,-0.464,13487000000,-0.479,,9975000000,,23.85,,,,,,240795000000,198610000000,0.825,,198610000000,,,,,,,,,,,,true,false,3,2024-04-01,2024-06-30,0
2024-07-29,96970,2024-03-31,1,43858000000,0.738,,,,,24047000000,0.994,25865000000,1.020,,18163000000,,43.43,,,,,,,,,,,,,,,,,,,,,,true,false,3,2023-04-01,2023-06-30,-1
2024-07-29,96970,2025-03-31,1,165000000000,0.083,,,,,64000000000,0.121,63000000000,0.060,,46000000000,,109.98,,,,,,,,,,,,,,,,,,,,,,true,true,12,2024-04-01,2025-03-31,0
2024-07-29,96970,2024-03-31,1,,,,,,,,,,,,,,,,,,,,243476000000,195081000000,0.801,,195081000000,,,,,,,,,,,,true,false,12,2023-04-01,2024-03-31,-1
2024-07-29,96970,2024-03-31,1,,,,,,,,,,,,,,,,,,,,,,,,,,,,,70.00,,,,533011246,114772206,,false,false,12,2023-04-01,2024-03-31,-1
2024-07-29,96970,2025-03-31,1,,,,,,,,,,,,,,,,,,,,,,,,,,,,,36.00,,,,,,,false,true,12,2024-04-01,2025-03-31,0
2024-07-29,96970,2025-03-31,1,,,,,,,,,,,,,,,,,,,,,,,,,,,,,,,,,533011246,114765276,418242943,false,false,3,2024-04-01,2024-06-30,0
2024-07-29,96970,2024-03-31,1,,,,,,,,,,,,,,,,,,,,,,,,,,,,,,,,,,,418226117,false,false,3,2023-04-01,2023-06-30,-1
2024-10-29,96970,2025-03-31,2,56402000000,-0.247,,,,,20726000000,-0.387,20706000000,-0.427,,15275000000,,36.52,,,,,,245782000000,198907000000,0.809,,198897000000,,,,,,,,,,,,true,false,6,2024-04-01,2024-09-30,0
2024-10-29,96970,2024-03-31,2,74934000000,0.527,,,,,33835000000,0.545,36164000000,0.573,,25287000000,,60.46,,,,,,,,,,,,,,,,,,,,,,true,false,6,2023-04-01,2023-09-30,-1
2024-10-29,96970,2025-03-31,2,165000000000,0.083,,,,,64000000000,0.121,63000000000,0.060,,46000000000,,109.98,,,,,,,,,,,,,,,,,,,,,,true,true,12,2024-04-01,2025-03-31,0
2024-10-29,96970,2024-03-31,2,,,,,,,,,,,,,,,,,,,,243476000000,195081000000,0.801,,195081000000,,,,,,,,,,,,true,false,12,2023-04-01,2024-03-31,-1
2024-10-29,96970,2024-03-31,2,,,,,,,,,,,,,,,,,,,,,,,,,,,,,70.00,,,,533011246,114772206,,false,false,12,2023-04-01,2024-03-31,-1
2024-10-29,96970,2025-03-31,2,,,,,,,,,,,,,,,,,,,,,,,,,,,,,18.00,,,,,,,false,false,12,2024-04-01,2025-03-31,0
2024-10-29,96970,2025-03-31,2,,,,,,,,,,,,,,,,,,,,,,,,,,,,,36.00,,,,,,,false,true,12,2024-04-01,2025-03-31,0
2024-10-29,96970,2025-03-31,2,,,,,,,,,,,,,,,,,,,,,,,,,,,,,,,,,533011246,114755967,418246776,false,false,6,2024-04-01,2024-09-30,0
2024-10-29,96970,2024-03-31,2,,,,,,,,,,,,,,,,,,,,,,,,,,,,,,,,,,,418228670,false,false,6,2023-04-01,2023-09-30,-1
2025-01-29,96970,2025-03-31,3,88853000000,-0.163,,,,,31020000000,-0.350,31417000000,-0.365,,23066000000,,55.15,,,,,,251443000000,203071000000,0.808,,203065000000,,,,,,,,,,,,true,false,9,2024-04-01,2024-12-31,0
2025-01-29,96970,2024-03-31,3,106179000000,0.333,,,,,47704000000,0.431,49460000000,0.474,,34636000000,,82.82,,,,,,,,,,,,,,,,,,,,,,true,false,9,2023-04-01,2023-12-31,-1
2025-01-29,96970,2025-03-31,3,165000000000,0.083,,,,,64000000000,0.121,63000000000,0.060,,46000000000,,109.98,,,,,,,,,,,,,,,,,,,,,,true,true,12,2024-04-01,2025-03-31,0
2025-01-29,96970,2024-03-31,3,,,,,,,,,,,,,,,,,,,,243476000000,195081000000,0.801,,195081000000,,,,,,,,,,,,true,false,12,2023-04-01,2024-03-31,-1
2025-01-29,96970,2024-03-31,3,,,,,,,,,,,,,,,,,,,,,,,,,,,,,70.00,,,,533011246,114772206,,false,false,12,2023-04-01,2024-03-31,-1
2025-01-29,96970,2025-03-31,3,,,,,,,,,,,,,,,,,,,,,,,,,,,,,18.00,,,,,,,false,false,12,2024-04-01,2025-03-31,0
2025-01-29,96970,2025-03-31,3,,,,,,,,,,,,,,,,,,,,,,,,,,,,,36.00,,,,,,,false,true,12,2024-04-01,2025-03-31,0
2025-01-29,96970,2025-03-31,3,,,,,,,,,,,,,,,,,,,,,,,,,,,,,,,,,533011246,114749254,418250787,false,false,9,2024-04-01,2024-12-31,0
2025-01-29,96970,2024-03-31,3,,,,,,,,,,,,,,,,,,,,,,,,,,,,,,,,,,,418230654,false,false,9,2023-04-01,2023-12-31,-1
2025-04-24,96970,2025-03-31,,169600000000,0.028,,,,,65700000000,0.027,65600000000,0.041,,48400000000,,115.72,,,,,,,,,,,,,,,,,,,,,,true,true,12,2024-04-01,2025-03-31,0
2025-04-24,96970,2024-03-31,,152410000000,,,,,,57081000000,,59422000000,,,43374000000,,103.71,,,,,,,,,,,,,,,,,,,,,,true,false,12,2023-04-01,2024-03-31,-1
2025-04-24,96970,2025-03-31,,161200000000,,,,,,63300000000,,61600000000,,45500000000,,,108.79,,,,,,,,,,,,,,,40.00,,,,,,,false,true,12,2024-04-01,2025-03-31,0
2025-04-24,96970,2024-03-31,,144121000000,,,,,,54258000000,,55211000000,,40759000000,,,97.46,,,,,,,,,,,,,,,70.00,,,,,,,false,false,12,2023-04-01,2024-03-31,-1
2025-04-24,96970,2025-03-31,,,,,,,,,,,,,,,,,,,,,,,,,,,,,,18.00,,,,,,,false,false,12,2024-04-01,2025-03-31,0
2025-05-13,96970,2025-03-31,,169604000000,0.113,,,,,65777000000,0.152,65635000000,0.105,,48453000000,,115.85,115.84,0.230,0.236,0.388,,312982000000,226303000000,0.723,540.68,226148000000,67618000000,-7273000000,-18735000000,150426000000,,0.345,,,,,,true,false,12,2024-04-01,2025-03-31,0
2025-05-13,96970,2024-03-31,,152410000000,0.210,,,,,57081000000,0.123,59422000000,0.157,,43374000000,,103.71,,0.244,0.258,0.375,,243476000000,195081000000,0.801,466.44,195081000000,36921000000,-5962000000,-15969000000,109091000000,,0.337,,,,,,true,false,12,2023-04-01,2024-03-31,-1
2025-05-13,96970,2026-03-31,,190000000000,0.120,,,,,73000000000,0.110,70000000000,0.066,,51000000000,,121.93,,,,,,,,,,,,,,,,0.328,,,,,,true,true,12,2025-04-01,2026-03-31,1
2025-05-13,96970,2025-03-31,,161208000000,0.119,,,,,63371000000,0.168,61640000000,0.116,45565000000,,0.118,108.94,108.93,,,,,311480000000,196711000000,0.631,469.93,196555000000,,,,,40.00,,,,533011246,114743194,418254366,false,false,12,2024-04-01,2025-03-31,0
2025-05-13,96970,2024-03-31,,144121000000,0.216,,,,,54258000000,0.139,55211000000,0.167,40759000000,,0.226,97.46,,,,,,245805000000,167776000000,0.683,401.15,167776000000,,,,,70.00,,,,533011246,114772206,418232447,false,false,12,2023-04-01,2024-03-31,-1
2025-05-13,96970,2026-03-31,,,,,,,,,,,,,,,,,,,,,,,,,,,,,,40.00,,,,,,,false,true,12,2025-04-01,2026-03-31,1
2025-07-30,96970,2026-03-31,1,45502000000,0.537,,,,,24597000000,0.908,22883000000,0.697,,17238000000,,41.21,41.21,,,,,293241000000,233579000000,0.796,,233392000000,,,,,,,,,,,,true,false,3,2025-04-01,2025-06-30,0
2025-07-30,96970,2025-03-31,1,29597000000,-0.325,,,,,12889000000,-0.464,13487000000,-0.479,,9975000000,,23.85,,,,,,,,,,,,,,,,,,,,,,true,false,3,2024-04-01,2024-06-30,-1
2025-07-30,96970,2026-03-31,1,190000000000,0.120,,,,,73000000000,0.110,70000000000,0.066,,51000000000,,121.93,,,,,,,,,,,,,,,,,,,,,,true,true,12,2025-04-01,2026-03-31,0
2025-07-30,96970,2025-03-31,1,,,,,,,,,,,,,,,,,,,,312982000000,226303000000,0.723,,226148000000,,,,,,,,,,,,true,false,12,2024-04-01,2025-03-31,-1
2025-07-30,96970,2025-03-31,1,,,,,,,,,,,,,,,,,,,,,,,,,,,,,40.00,,,,533011246,114743194,,false,false,12,2024-04-01,2025-03-31,-1
2025-07-30,96970,2026-03-31,1,,,,,,,,,,,,,,,,,,,,,,,,,,,,,40.00,,,,,,,false,true,12,2025-04-01,2026-03-31,0
2025-07-30,96970,2026-03-31,1,,,,,,,,,,,,,,,,,,,,,,,,,,,,,,,,,533011246,114729192,418276440,false,false,3,2025-04-01,2025-06-30,0
2025-07-30,96970,2025-03-31,1,,,,,,,,,,,,,,,,,,,,,,,,,,,,,,,,,,,418242943,false,false,3,2024-04-01,2024-06-30,-1
