filing_date,code,fiscal_year_end,quarterly_period,net_sales,net_sales_change,revenue,revenue_change,operating_revenue,operating_revenue_change,operating_profit,operating_profit_change,ordinary_profit,ordinary_profit_change,net_income,net_income_of_parent,net_income_change,eps,diluted_eps,roe,roa,operating_profit_to_net_sales,operating_profit_to_revenue,total_assets,net_assets,equity_ratio,bps,owner_equity,operating_cash_flow,investing_cash_flow,financing_cash_flow,cash,dividend_per_share,payout_ratio,commemorative_dividend,extra_dividend,number_of_shares,number_of_treqsury_shares,avg_number_of_shares,is_consolidated,is_forecast,duration,period_start,period_end,period_pos
2015-05-13,97010,2015-03-31,,9722000000,-0.041,,,,,326000000,-0.322,370000000,-0.283,103000000,,-0.621,3.09,,0.015,0.033,0.034,,11214000000,7054000000,0.629,211.06,7054000000,136000000,-569000000,-84000000,729000000,2.50,0.809,,,34639434,1213791,33427528,false,false,12,2014-04-01,2015-03-31,0
2015-05-13,97010,2014-03-31,,10133000000,0.017,,,,,482000000,,516000000,,272000000,,,8.16,,0.041,0.045,0.048,,11353000000,6733000000,0.593,201.42,6733000000,177000000,-507000000,-84000000,1247000000,2.50,0.306,,,34639434,1209547,33431709,false,false,12,2013-04-01,2014-03-31,-1
2015-05-13,97010,2016-03-31,,2630000000,-0.424,,,,,-710000000,,-690000000,,-750000000,,,-22.44,,,,,,,,,,,,,,,,,,,,,,false,true,6,2015-04-01,2015-09-30,1
2015-05-13,97010,2016-03-31,,5400000000,-0.445,,,,,-1200000000,,-1170000000,,-200000000,,,-5.98,,,,,,,,,,,,,,,,,,,,,,false,true,12,2015-04-01,2016-03-31,1
2015-08-05,97010,2016-03-31,1,1536000000,-0.404,,,,,-238000000,,-223000000,,-247000000,,,-7.41,,,,,,10748000000,6815000000,0.634,,6815000000,,,,,,,,,34639434,1214817,33425126,false,false,3,2015-04-01,2015-06-30,0
2015-08-05,97010,2015-03-31,1,2578000000,-0.027,,,,,185000000,-0.209,198000000,-0.199,149000000,,0.024,4.48,,,,,,,,,,,,,,,,,,,,,33428981,false,false,3,2014-04-01,2014-06-30,-1
2015-08-05,97010,2016-03-31,1,2630000000,-0.424,,,,,-710000000,,-690000000,,-750000000,,,-22.44,,,,,,,,,,,,,,,,,,,,,,false,true,6,2015-04-01,2015-09-30,0
2015-08-05,97010,2016-03-31,1,5400000000,-0.445,,,,,-1200000000,,-1170000000,,-200000000,,,-5.98,,,,,,,,,,,,,,,,,,,,,,false,true,12,2015-04-01,2016-03-31,0
2015-08-05,97010,2015-03-31,1,,,,,,,,,,,,,,,,,,,,11214000000,7054000000,0.629,,7054000000,,,,,2.50,,,,34639434,1213791,,false,false,12,2014-04-01,2015-03-31,-1
2015-11-04,97010,2016-03-31,2,2793000000,-0.388,,,,,-629000000,,-611000000,,-662000000,,,-19.82,,,,,,9844000000,6253000000,0.635,,6253000000,,,,,,,,,34639434,1214907,33424874,false,false,6,2015-04-01,2015-09-30,0
2015-11-04,97010,2015-03-31,2,4567000000,-0.024,,,,,-62000000,,-42000000,,-51000000,,,-1.55,,,,,,,,,,,,,,,,,,,,,33428567,false,false,6,2014-04-01,2014-09-30,-1
2015-11-04,97010,2016-03-31,2,5760000000,-0.408,,,,,-1040000000,,-1010000000,,0,,,0.00,,,,,,,,,,,,,,,,,,,,,,false,true,12,2015-04-01,2016-03-31,0
2015-11-04,97010,2015-03-31,2,,,,,,,,,,,,,,,,,,,,11214000000,7054000000,0.629,,7054000000,,,,,2.50,,,,34639434,1213791,,false,false,12,2014-04-01,2015-03-31,-1
2015-11-04,97010,2016-03-31,,5760000000,0.067,,,,,-1040000000,,-1010000000,,0,,,0.00,,,,,,,,,,,,,,,,,,,,,,false,true,12,2015-04-01,2016-03-31,0
2015-11-04,97010,2015-03-31,,9722000000,,,,,,326000000,,370000000,,103000000,,,3.09,,,,,,,,,,,,,,,,,,,,,,false,false,12,2014-04-01,2015-03-31,-1
2016-02-10,97010,2016-03-31,3,4512000000,-0.412,,,,,-741000000,,-710000000,,-768000000,,,-22.99,,,,,,9850000000,6231000000,0.633,,6231000000,,,,,,,,,34639434,1215404,33424708,false,false,9,2015-04-01,2015-12-31,0
2016-02-10,97010,2015-03-31,3,7673000000,0.015,,,,,358000000,0.577,387000000,0.532,333000000,,0.712,9.98,,,,,,,,,,,,,,,,,,,,,33428050,false,false,9,2014-04-01,2014-12-31,-1
2016-02-10,97010,2016-03-31,3,5760000000,-0.408,,,,,-1040000000,,-1010000000,,0,,,0.00,,,,,,,,,,,,,,,,,,,,,,false,true,12,2015-04-01,2016-03-31,0
2016-02-10,97010,2015-03-31,3,,,,,,,,,,,,,,,,,,,,11214000000,7054000000,0.629,,7054000000,,,,,2.50,,,,34639434,1213791,,false,false,12,2014-04-01,2015-03-31,-1
2016-04-27,97010,2016-03-31,,5995000000,0.041,,,,,-930000000,,-885000000,,155000000,,,4.76,,,,,,,,,,,,,,,,,,,,,,false,true,12,2015-04-01,2016-03-31,0
2016-04-27,97010,2015-03-31,,9722000000,,,,,,326000000,,370000000,,103000000,,,3.09,,,,,,,,,,,,,,,,,,,,,,false,false,12,2014-04-01,2015-03-31,-1
2016-05-11,97010,2016-03-31,,5995000000,-0.383,,,,,-928000000,,-884000000,,159000000,,0.538,4.76,,0.023,-0.082,-0.155,,10411000000,6950000000,0.668,207.96,6950000000,-1223000000,1976000000,-84000000,1398000000,1.00,0.210,,,34639434,1217986,33424101,false,false,12,2015-04-01,2016-03-31,0
2016-05-11,97010,2015-03-31,,9722000000,-0.041,,,,,326000000,-0.322,370000000,-0.283,103000000,,-0.621,3.09,,0.015,0.033,0.034,,11214000000,7054000000,0.629,211.06,7054000000,136000000,-569000000,-84000000,729000000,2.50,0.809,,,34639434,1213791,33427528,false,false,12,2014-04-01,2015-03-31,-1
2016-05-11,97010,2017-03-31,,2800000000,0.003,,,,,-780000000,,-760000000,,-770000000,,,-23.04,,,,,,,,,,,,,,,,,,,,,,false,true,6,2016-04-01,2016-09-30,1
2016-05-11,97010,2017-03-31,,5590000000,-0.068,,,,,-1360000000,,-1320000000,,100000000,,-0.371,29.92,,,,,,,,,,,,,,,10.00,0.334,,,,,,false,true,12,2016-04-01,2017-03-31,1
2016-07-27,97010,2017-03-31,1,1543000000,0.004,,,,,-308000000,,-295000000,,-303000000,,,-9.09,,,,,,10094000000,6528000000,0.647,,6528000000,,,,,,,,,34639434,1218046,33421403,false,false,3,2016-04-01,2016-06-30,0
2016-07-27,97010,2016-03-31,1,1536000000,-0.404,,,,,-238000000,,-223000000,,-247000000,,,-7.41,,,,,,,,,,,,,,,,,,,,,33425126,false,false,3,2015-04-01,2015-06-30,-1
2016-07-27,97010,2017-03-31,1,2800000000,0.003,,,,,-780000000,,-760000000,,-770000000,,,-23.04,,,,,,,,,,,,,,,,,,,,,,false,true,6,2016-04-01,2016-09-30,0
2016-07-27,97010,2017-03-31,1,5590000000,-0.068,,,,,-1360000000,,-1320000000,,100000000,,-0.371,29.92,,,,,,,,,,,,,,,10.00,,,,,,,false,true,12,2016-04-01,2017-03-31,0
2016-07-27,97010,2016-03-31,1,,,,,,,,,,,,,,,,,,,,10411000000,6950000000,0.668,,6950000000,,,,,1.00,,,,34639434,1217986,,false,false,12,2015-04-01,2016-03-31,-1
2016-10-26,97010,2017-03-31,2,2848000000,0.020,,,,,-693000000,,-677000000,,-690000000,,,-206.62,,,,,,9653000000,6252000000,0.648,,6252000000,,,,,,,,,3463943,121869,3342116,false,false,6,2016-04-01,2016-09-30,0
2016-10-26,97010,2016-03-31,2,2793000000,-0.388,,,,,-629000000,,-611000000,,-662000000,,,-198.20,,,,,,,,,,,,,,,,,,,,,3342487,false,false,6,2015-04-01,2015-09-30,-1
2016-10-26,97010,2017-03-31,2,5590000000,-0.068,,,,,-1360000000,,-1320000000,,100000000,,-0.371,29.92,,,,,,,,,,,,,,,10.00,,,,,,,false,true,12,2016-04-01,2017-03-31,0
2016-10-26,97010,2016-03-31,2,,,,,,,,,,,,,,,,,,,,10411000000,6950000000,0.668,,6950000000,,,,,1.00,,,,3463943,121798,,false,false,12,2015-04-01,2016-03-31,-1
2017-01-25,97010,2017-03-31,3,4457000000,-0.012,,,,,-878000000,,-841000000,,-861000000,,,-257.83,,,,,,9673000000,6249000000,0.646,,6249000000,,,,,,,,,3463943,122096,3342058,false,false,9,2016-04-01,2016-12-31,0
2017-01-25,97010,2016-03-31,3,4512000000,-0.412,,,,,-741000000,,-710000000,,-768000000,,,-229.89,,,,,,,,,,,,,,,,,,,,,3342470,false,false,9,2015-04-01,2015-12-31,-1
2017-01-25,97010,2017-03-31,3,5590000000,-0.068,,,,,-1360000000,,-1320000000,,100000000,,-0.371,29.92,,,,,,,,,,,,,,,10.00,,,,,,,false,true,12,2016-04-01,2017-03-31,0
2017-01-25,97010,2016-03-31,3,,,,,,,,,,,,,,,,,,,,10411000000,6950000000,0.668,,6950000000,,,,,1.00,,,,3463943,121798,,false,false,12,2015-04-01,2016-03-31,-1
2017-04-26,97010,2017-03-31,,5880000000,0.052,,,,,-1090000000,,-1050000000,,140000000,,0.400,41.89,,,,,,,,,,,,,,,,,,,,,,false,true,12,2016-04-01,2017-03-31,0
2017-04-26,97010,2016-03-31,,5995000000,,,,,,-928000000,,-884000000,,159000000,,,47.59,,,,,,,,,,,,,,,,,,,,,,false,false,12,2015-04-01,2016-03-31,-1
2017-05-12,97010,2017-03-31,,5884000000,-0.019,,,,,-1089000000,,-1045000000,,142000000,,-0.106,42.53,,0.020,-0.100,-0.185,,10596000000,7200000000,0.680,2154.83,7200000000,-1285000000,1373000000,-34000000,1452000000,10.00,0.235,,,3463943,122302,3341977,false,false,12,2016-04-01,2017-03-31,0
2017-05-12,97010,2016-03-31,,5995000000,-0.383,,,,,-928000000,,-884000000,,159000000,,0.538,47.59,,0.023,-0.082,-0.155,,10411000000,6950000000,0.668,2079.58,6950000000,-1223000000,1976000000,-84000000,1398000000,1.00,0.210,,,3463943,121798,3342410,false,false,12,2015-04-01,2016-03-31,-1
2017-05-12,97010,2018-03-31,,2550000000,-0.105,,,,,-860000000,,-890000000,,-910000000,,,-272.32,,,,,,,,,,,,,,,,,,,,,,false,true,6,2017-04-01,2017-09-30,1
2017-05-12,97010,2018-03-31,,5400000000,-0.082,,,,,-1460000000,,-1500000000,,100000000,,-0.296,29.93,,,,,,,,,,,,,,,10.00,0.334,,,,,,false,true,12,2017-04-01,2018-03-31,1
2017-07-26,97010,2018-03-31,1,1426000000,-0.076,,,,,-283000000,,-266000000,,-282000000,,,-84.52,,,,,,10506000000,7034000000,0.670,,7034000000,,,,,,,,,3463943,122387,3341579,false,false,3,2017-04-01,2017-06-30,0
2017-07-26,97010,2017-03-31,1,1543000000,0.004,,,,,-308000000,,-295000000,,-303000000,,,-90.88,,,,,,,,,,,,,,,,,,,,,3342140,false,false,3,2016-04-01,2016-06-30,-1
2017-07-26,97010,2018-03-31,1,2550000000,-0.105,,,,,-860000000,,-890000000,,-910000000,,,-272.32,,,,,,,,,,,,,,,,,,,,,,false,true,6,2017-04-01,2017-09-30,0
2017-07-26,97010,2018-03-31,1,5400000000,-0.082,,,,,-1460000000,,-1500000000,,100000000,,-0.296,29.93,,,,,,,,,,,,,,,10.00,,,,,,,false,true,12,2017-04-01,2018-03-31,0
2017-07-26,97010,2017-03-31,1,,,,,,,,,,,,,,,,,,,,10596000000,7200000000,0.680,,7200000000,,,,,10.00,,,,3463943,122302,,false,false,12,2016-04-01,2017-03-31,-1
2017-10-25,97010,2018-03-31,2,2604000000,-0.085,,,,,-801000000,,-790000000,,-822000000,,,-246.09,,,,,,11492000000,6565000000,0.571,,6565000000,,,,,,,,,3463943,122477,3341543,false,false,6,2017-04-01,2017-09-30,0
2017-10-25,97010,2017-03-31,2,2848000000,0.020,,,,,-693000000,,-677000000,,-690000000,,,-206.62,,,,,,,,,,,,,,,,,,,,,3342116,false,false,6,2016-04-01,2016-09-30,-1
2017-10-25,97010,2018-03-31,2,5400000000,-0.082,,,,,-1460000000,,-1500000000,,100000000,,-0.296,29.93,,,,,,,,,,,,,,,10.00,,,,,,,false,true,12,2017-04-01,2018-03-31,0
2017-10-25,97010,2017-03-31,2,,,,,,,,,,,,,,,,,,,,10596000000,7200000000,0.680,,7200000000,,,,,10.00,,,,3463943,122302,,false,false,12,2016-04-01,2017-03-31,-1
2018-01-24,97010,2018-03-31,3,4113000000,-0.077,,,,,-1111000000,,-1098000000,,-1140000000,,,-341.17,,,,,,12681000000,6321000000,0.498,,6321000000,,,,,,,,,3463943,122477,3341520,false,false,9,2017-04-01,2017-12-31,0
2018-01-24,97010,2017-03-31,3,4457000000,-0.012,,,,,-878000000,,-841000000,,-861000000,,,-257.83,,,,,,,,,,,,,,,,,,,,,3342058,false,false,9,2016-04-01,2016-12-31,-1
2018-01-24,97010,2018-03-31,3,5400000000,-0.082,,,,,-1460000000,,-1500000000,,100000000,,-0.296,29.93,,,,,,,,,,,,,,,10.00,,,,,,,false,true,12,2017-04-01,2018-03-31,0
2018-01-24,97010,2017-03-31,3,,,,,,,,,,,,,,,,,,,,10596000000,7200000000,0.680,,7200000000,,,,,10.00,,,,3463943,122302,,false,false,12,2016-04-01,2017-03-31,-1
2018-05-11,97010,2018-03-31,,5341000000,-0.092,,,,,-1505000000,,-1493000000,,103000000,,-0.272,30.98,,0.014,-0.123,-0.282,,13711000000,7375000000,0.538,2207.26,7375000000,-1544000000,-1124000000,2918000000,1701000000,10.00,0.323,,,3463943,122618,3341475,false,false,12,2017-04-01,2018-03-31,0
2018-05-11,97010,2017-03-31,,5884000000,-0.019,,,,,-1089000000,,-1045000000,,142000000,,-0.106,42.53,,0.020,-0.100,-0.185,,10596000000,7200000000,0.680,2154.83,7200000000,-1285000000,1373000000,-34000000,1452000000,10.00,0.235,,,3463943,122302,3341977,false,false,12,2016-04-01,2017-03-31,-1
2018-05-11,97010,2019-03-31,,2540000000,-0.025,,,,,-1370000000,,-1390000000,,3640000000,,,1089.39,,,,,,,,,,,,,,,,,,,,,,false,true,6,2018-04-01,2018-09-30,1
2018-05-11,97010,2019-03-31,,6280000000,0.176,,,,,-4090000000,,-4180000000,,1155000000,,,345.67,,,,,,,,,,,,,,,10.00,0.029,,,,,,false,true,12,2018-04-01,2019-03-31,1
2018-07-25,97010,2019-03-31,1,1405000000,-0.015,,,,,-527000000,,-520000000,,-536000000,,,-160.51,,,,,,14335000000,6813000000,0.475,,6813000000,,,,,,,,,3463943,122620,3341325,false,false,3,2018-04-01,2018-06-30,0
2018-07-25,97010,2018-03-31,1,1426000000,-0.076,,,,,-283000000,,-266000000,,-282000000,,,-84.52,,,,,,,,,,,,,,,,,,,,,3341579,false,false,3,2017-04-01,2017-06-30,-1
2018-07-25,97010,2019-03-31,1,2540000000,-0.025,,,,,-1370000000,,-1390000000,,3640000000,,,1089.39,,,,,,,,,,,,,,,,,,,,,,false,true,6,2018-04-01,2018-09-30,0
2018-07-25,97010,2019-03-31,1,6280000000,0.176,,,,,-4090000000,,-4180000000,,1155000000,,,345.67,,,,,,,,,,,,,,,10.00,,,,,,,false,true,12,2018-04-01,2019-03-31,0
2018-07-25,97010,2018-03-31,1,,,,,,,,,,,,,,,,,,,,13711000000,7375000000,0.538,,7375000000,,,,,10.00,,,,3463943,122618,,false,false,12,2017-04-01,2018-03-31,-1
2018-10-24,97010,2019-03-31,2,2564000000,-0.015,,,,,-1305000000,,-1296000000,,3748000000,,,1121.91,,,,,,23326000000,11168000000,0.479,,11168000000,,,,,,,,,3463943,122890,3341269,false,false,6,2018-04-01,2018-09-30,0
2018-10-24,97010,2018-03-31,2,2604000000,-0.085,,,,,-801000000,,-790000000,,-822000000,,,-246.09,,,,,,,,,,,,,,,,,,,,,3341543,false,false,6,2017-04-01,2017-09-30,-1
2018-10-24,97010,2019-03-31,2,6280000000,0.176,,,,,-4090000000,,-4180000000,,1155000000,,,345.67,,,,,,,,,,,,,,,10.00,,,,,,,false,true,12,2018-04-01,2019-03-31,0
2018-10-24,97010,2018-03-31,2,,,,,,,,,,,,,,,,,,,,13711000000,7375000000,0.538,,7375000000,,,,,10.00,,,,3463943,122618,,false,false,12,2017-04-01,2018-03-31,-1
2019-01-23,97010,2019-03-31,3,4180000000,0.016,,,,,-2558000000,,-2552000000,,2828000000,,,846.63,,,,,,29013000000,10149000000,0.350,,10149000000,,,,,,,,,3463943,123015,3341172,false,false,9,2018-04-01,2018-12-31,0
2019-01-23,97010,2018-03-31,3,4113000000,-0.077,,,,,-1111000000,,-1098000000,,-1140000000,,,-341.17,,,,,,,,,,,,,,,,,,,,,3341520,false,false,9,2017-04-01,2017-12-31,-1
2019-01-23,97010,2019-03-31,3,6280000000,0.176,,,,,-4090000000,,-4180000000,,1155000000,,,345.67,,,,,,,,,,,,,,,10.00,,,,,,,false,true,12,2018-04-01,2019-03-31,0
2019-01-23,97010,2018-03-31,3,,,,,,,,,,,,,,,,,,,,13711000000,7375000000,0.538,,7375000000,,,,,10.00,,,,3463943,122618,,false,false,12,2017-04-01,2018-03-31,-1
2019-04-24,97010,2019-03-31,,7060000000,0.124,,,,,-2830000000,,-2840000000,,2020000000,,0.749,604.59,,,,,,,,,,,,,,,,,,,,,,false,true,12,2018-04-01,2019-03-31,0
2019-04-24,97010,2018-03-31,,5341000000,,,,,,-1505000000,,-1493000000,,103000000,,,30.98,,,,,,,,,,,,,,,,,,,,,,false,false,12,2017-04-01,2018-03-31,-1
2019-05-10,97010,2019-03-31,,7062000000,0.322,,,,,-2826000000,,-2835000000,,2023000000,,,605.74,,0.241,-0.135,-0.400,,28327000000,9442000000,0.333,2826.48,9442000000,-3640000000,-7263000000,10656000000,1454000000,10.00,0.017,,,3463943,123101,3341108,false,false,12,2018-04-01,2019-03-31,0
2019-05-10,97010,2018-03-31,,5341000000,-0.092,,,,,-1505000000,,-1493000000,,103000000,,-0.272,30.98,,0.014,-0.123,-0.282,,13711000000,7375000000,0.538,2207.26,7375000000,-1544000000,-1124000000,2918000000,1701000000,10.00,0.323,,,3463943,122618,3341475,false,false,12,2017-04-01,2018-03-31,-1
2019-05-10,97010,2020-03-31,,5100000000,0.989,,,,,-600000000,,-630000000,,-670000000,,,-200.55,,,,,,,,,,,,,,,,,,,,,,false,true,6,2019-04-01,2019-09-30,1
2019-05-10,97010,2020-03-31,,10700000000,0.515,,,,,-600000000,,-700000000,,-750000000,,,-224.49,,,,,,,,,,,,,,,10.00,,,,,,,false,true,12,2019-04-01,2020-03-31,1
2019-07-24,97010,2020-03-31,1,3183000000,1.265,,,,,261000000,,259000000,,208000000,,,62.32,,,,,,28523000000,9570000000,0.336,,9570000000,,,,,,,,,3463943,123108,3340837,false,false,3,2019-04-01,2019-06-30,0
2019-07-24,97010,2019-03-31,1,1405000000,-0.015,,,,,-527000000,,-520000000,,-536000000,,,-160.51,,,,,,,,,,,,,,,,,,,,,3341325,false,false,3,2018-04-01,2018-06-30,-1
2019-07-24,97010,2020-03-31,1,5100000000,0.989,,,,,-600000000,,-630000000,,-670000000,,,-200.55,,,,,,,,,,,,,,,,,,,,,,false,true,6,2019-04-01,2019-09-30,0
2019-07-24,97010,2020-03-31,1,10700000000,0.515,,,,,-600000000,,-700000000,,-750000000,,,-224.49,,,,,,,,,,,,,,,10.00,,,,,,,false,true,12,2019-04-01,2020-03-31,0
2019-07-24,97010,2019-03-31,1,,,,,,,,,,,,,,,,,,,,28327000000,9442000000,0.333,,9442000000,,,,,10.00,,,,3463943,123101,,false,false,12,2018-04-01,2019-03-31,-1
2019-10-23,97010,2020-03-31,,5870000000,0.151,,,,,120000000,,95000000,,115000000,,,34.42,,,,,,,,,,,,,,,,,,,,,,false,true,6,2019-04-01,2019-09-30,0
2019-10-23,97010,2019-03-31,,2564000000,,,,,,-1305000000,,-1296000000,,3748000000,,,1121.91,,,,,,,,,,,,,,,,,,,,,,false,false,6,2018-04-01,2018-09-30,-1
2019-10-30,97010,2020-03-31,2,5871000000,1.290,,,,,120000000,,96000000,,119000000,,-0.968,35.75,,,,,,26214000000,9509000000,0.363,,9509000000,,,,,,,,,3463943,123127,3340830,false,false,6,2019-04-01,2019-09-30,0
2019-10-30,97010,2019-03-31,2,2564000000,-0.015,,,,,-1305000000,,-1296000000,,3748000000,,,1121.91,,,,,,,,,,,,,,,,,,,,,3341269,false,false,6,2018-04-01,2018-09-30,-1
2019-10-30,97010,2020-03-31,2,11800000000,0.103,,,,,220000000,,150000000,,100000000,,,29.93,,,,,,,,,,,,,,,10.00,,,,,,,false,true,12,2019-04-01,2020-03-31,0
2019-10-30,97010,2019-03-31,2,,,,,,,,,,,,,,,,,,,,28327000000,9442000000,0.333,,9442000000,,,,,10.00,,,,3463943,123101,,false,false,12,2018-04-01,2019-03-31,-1
2020-01-29,97010,2020-03-31,3,9256000000,1.214,,,,,438000000,,389000000,,311000000,,-0.890,93.15,,,,,,26781000000,9777000000,0.365,,9777000000,,,,,,,,,3463943,123127,3340826,false,false,9,2019-04-01,2019-12-31,0
2020-01-29,97010,2019-03-31,3,4180000000,0.016,,,,,-2558000000,,-2552000000,,2828000000,,,846.63,,,,,,,,,,,,,,,,,,,,,3341172,false,false,9,2018-04-01,2018-12-31,-1
2020-01-29,97010,2020-03-31,3,11800000000,0.103,,,,,220000000,,150000000,,100000000,,,29.93,,,,,,,,,,,,,,,10.00,,,,,,,false,true,12,2019-04-01,2020-03-31,0
2020-01-29,97010,2019-03-31,3,,,,,,,,,,,,,,,,,,,,28327000000,9442000000,0.333,,9442000000,,,,,10.00,,,,3463943,123101,,false,false,12,2018-04-01,2019-03-31,-1
2020-04-24,97010,2020-03-31,,11500000000,-0.025,,,,,140000000,-0.364,70000000,-0.533,100000000,,,29.93,,,,,,,,,,,,,,,,,,,,,,false,true,12,2019-04-01,2020-03-31,0
2020-04-24,97010,2019-03-31,,7062000000,,,,,,-2826000000,,-2835000000,,2023000000,,,605.74,,,,,,,,,,,,,,,,,,,,,,false,false,12,2018-04-01,2019-03-31,-1
2020-05-15,97010,2020-03-31,,11504000000,0.629,,,,,148000000,,69000000,,108000000,,-0.947,32.38,,0.012,0.003,0.013,,25391000000,9258000000,0.365,2771.30,9258000000,1914000000,807000000,-2458000000,1719000000,10.00,0.309,,,3463943,123139,3340822,false,false,12,2019-04-01,2020-03-31,0
2020-05-15,97010,2019-03-31,,7062000000,0.322,,,,,-2826000000,,-2835000000,,2023000000,,,605.74,,0.241,-0.135,-0.400,,28327000000,9442000000,0.333,2826.48,9442000000,-3640000000,-7263000000,10656000000,1454000000,10.00,0.017,,,3463943,123101,3341108,false,false,12,2018-04-01,2019-03-31,-1
2020-07-31,97010,2021-03-31,1,478000000,-0.850,,,,,-1155000000,,-932000000,,-1265000000,,,-378.73,,,,,,24113000000,8038000000,0.333,,8038000000,,,,,,,,,3463943,123139,3340804,false,false,3,2020-04-01,2020-06-30,0
2020-07-31,97010,2020-03-31,1,3183000000,1.265,,,,,261000000,,259000000,,208000000,,,62.32,,,,,,,,,,,,,,,,,,,,,3340837,false,false,3,2019-04-01,2019-06-30,-1
2020-07-31,97010,2020-03-31,1,,,,,,,,,,,,,,,,,,,,25391000000,9258000000,0.365,,9258000000,,,,,10.00,,,,3463943,123139,,false,false,12,2019-04-01,2020-03-31,-1
2020-10-30,97010,2021-03-31,2,1464000000,-0.751,,,,,-2070000000,,-1712000000,,-2047000000,,,-612.85,,,,,,23904000000,7302000000,0.306,,7302000000,,,,,,,,,3463943,123221,3340771,false,false,6,2020-04-01,2020-09-30,0
2020-10-30,97010,2020-03-31,2,5871000000,1.290,,,,,120000000,,96000000,,119000000,,-0.968,35.75,,,,,,,,,,,,,,,,,,,,,3340830,false,false,6,2019-04-01,2019-09-30,-1
2020-10-30,97010,2021-03-31,2,4000000000,-0.652,,,,,-3910000000,,-3360000000,,-3790000000,,,-1134.49,,,,,,,,,,,,,,,0.00,,,,,,,false,true,12,2020-04-01,2021-03-31,0
2020-10-30,97010,2020-03-31,2,,,,,,,,,,,,,,,,,,,,25391000000,9258000000,0.365,,9258000000,,,,,10.00,,,,3463943,123139,,false,false,12,2019-04-01,2020-03-31,-1
2020-10-30,97010,2021-03-31,,4000000000,,,,,,-3910000000,,-3360000000,,-3790000000,,,-1134.49,,,,,,,,,,,,,,,0.00,,,,,,,false,true,12,2020-04-01,2021-03-31,0
2020-10-30,97010,2020-03-31,,11504000000,,,,,,148000000,,69000000,,108000000,,,32.38,,,,,,,,,,,,,,,10.00,,,,,,,false,false,12,2019-04-01,2020-03-31,-1
2021-01-29,97010,2021-03-31,3,3118000000,-0.663,,,,,-2627000000,,-2167000000,,-2486000000,,,-744.29,,,,,,23973000000,6904000000,0.288,,6904000000,,,,,,,,,3463943,123230,3340756,false,false,9,2020-04-01,2020-12-31,0
2021-01-29,97010,2020-03-31,3,9256000000,1.214,,,,,438000000,,389000000,,311000000,,-0.890,93.15,,,,,,,,,,,,,,,,,,,,,3340826,false,false,9,2019-04-01,2019-12-31,-1
2021-01-29,97010,2021-03-31,3,4000000000,-0.652,,,,,-3910000000,,-3360000000,,-3790000000,,,-1134.49,,,,,,,,,,,,,,,0.00,,,,,,,false,true,12,2020-04-01,2021-03-31,0
2021-01-29,97010,2020-03-31,3,,,,,,,,,,,,,,,,,,,,25391000000,9258000000,0.365,,9258000000,,,,,10.00,,,,3463943,123139,,false,false,12,2019-04-01,2020-03-31,-1
2021-05-14,97010,2021-03-31,,4034000000,-0.649,,,,,-3374000000,,-2869000000,,-3219000000,,,-963.78,,-0.415,-0.118,-0.836,,23249000000,6272000000,0.270,1877.69,6272000000,-1264000000,2227000000,-286000000,2395000000,0.00,,,,3463943,123388,3340730,false,false,12,2020-04-01,2021-03-31,0
2021-05-14,97010,2020-03-31,,11504000000,0.629,,,,,148000000,,69000000,,108000000,,-0.947,32.38,,0.012,0.003,0.013,,25391000000,9258000000,0.365,2771.30,9258000000,1914000000,807000000,-2458000000,1719000000,10.00,0.309,,,3463943,123139,3340822,false,false,12,2019-04-01,2020-03-31,-1
2021-07-29,97010,2022-03-31,1,1969000000,3.114,,,,,-448000000,,-151000000,,-120000000,,,-35.94,,,,,,23412000000,6123000000,0.262,,6123000000,,,,,,,,,3463943,123388,3340555,false,false,3,2021-04-01,2021-06-30,0
2021-07-29,97010,2021-03-31,1,478000000,-0.850,,,,,-1155000000,,-932000000,,-1265000000,,,-378.73,,,,,,,,,,,,,,,,,,,,,3340804,false,false,3,2020-04-01,2020-06-30,-1
2021-07-29,97010,2021-03-31,1,,,,,,,,,,,,,,,,,,,,23249000000,6272000000,0.270,,6272000000,,,,,0.00,,,,3463943,123388,,false,false,12,2020-04-01,2021-03-31,-1
2021-10-28,97010,2022-03-31,2,3582000000,1.445,,,,,-1073000000,,-633000000,,-685000000,,,-205.14,,,,,,23140000000,5697000000,0.246,,5697000000,,,,,,,,,3463943,123548,3340504,false,false,6,2021-04-01,2021-09-30,0
2021-10-28,97010,2021-03-31,2,1464000000,-0.751,,,,,-2070000000,,-1712000000,,-2047000000,,,-612.85,,,,,,,,,,,,,,,,,,,,,3340771,false,false,6,2020-04-01,2020-09-30,-1
2021-10-28,97010,2021-03-31,2,,,,,,,,,,,,,,,,,,,,23249000000,6272000000,0.270,,6272000000,,,,,0.00,,,,3463943,123388,,false,false,12,2020-04-01,2021-03-31,-1
2022-01-28,97010,2022-03-31,3,6319000000,1.027,,,,,-1215000000,,-215000000,,-245000000,,,-73.63,,,,,,23667000000,6030000000,0.255,,6030000000,,,,,,,,,3463943,123548,3340471,false,false,9,2021-04-01,2021-12-31,0
2022-01-28,97010,2021-03-31,3,3118000000,-0.663,,,,,-2627000000,,-2167000000,,-2486000000,,,-744.29,,,,,,,,,,,,,,,,,,,,,3340756,false,false,9,2020-04-01,2020-12-31,-1
2022-01-28,97010,2021-03-31,3,,,,,,,,,,,,,,,,,,,,23249000000,6272000000,0.270,,6272000000,,,,,0.00,,,,3463943,123388,,false,false,12,2020-04-01,2021-03-31,-1
2022-03-25,97010,2022-03-31,,8200000000,,,,,,-1850000000,,-720000000,,800000000,,,235.30,,,,,,,,,,,,,,,0.00,,,,,,,false,true,12,2021-04-01,2022-03-31,0
2022-03-25,97010,2021-03-31,,4034000000,,,,,,-3374000000,,-2869000000,,-3219000000,,,-963.78,,,,,,,,,,,,,,,0.00,,,,,,,false,false,12,2020-04-01,2021-03-31,-1
2022-05-13,97010,2022-03-31,,8399000000,1.082,,,,,-1743000000,,-683000000,,844000000,,,252.86,,0.126,-0.028,-0.208,,24942000000,7122000000,0.286,2132.27,7122000000,-2005000000,1813000000,2240000000,4444000000,0.00,,,,3463943,123574,3340448,false,false,12,2021-04-01,2022-03-31,0
2022-05-13,97010,2021-03-31,,4034000000,-0.649,,,,,-3374000000,,-2869000000,,-3219000000,,,-963.78,,-0.415,-0.118,-0.836,,23249000000,6272000000,0.270,1877.69,6272000000,-1264000000,2227000000,-286000000,2395000000,0.00,,,,3463943,123388,3340730,false,false,12,2020-04-01,2021-03-31,-1
2022-07-29,97010,2023-03-31,1,3138000000,0.593,,,,,-2000000,,96000000,,77000000,,,23.08,,,,,,24857000000,7238000000,0.291,,7238000000,,,,,,,,,3463943,123588,3340363,false,false,3,2022-04-01,2022-06-30,0
2022-07-29,97010,2022-03-31,1,1969000000,3.114,,,,,-448000000,,-151000000,,-120000000,,,-35.94,,,,,,,,,,,,,,,,,,,,,3340555,false,false,3,2021-04-01,2021-06-30,-1
2022-07-29,97010,2022-03-31,1,,,,,,,,,,,,,,,,,,,,24942000000,7122000000,0.286,,7122000000,,,,,0.00,,,,3463943,123574,,false,false,12,2021-04-01,2022-03-31,-1
2022-10-28,97010,2023-03-31,2,5851000000,0.633,,,,,-226000000,,-177000000,,-157000000,,,-47.13,,,,,,24657000000,7036000000,0.285,,7036000000,,,,,,,,,3463943,123593,3340357,false,false,6,2022-04-01,2022-09-30,0
2022-10-28,97010,2022-03-31,2,3582000000,1.445,,,,,-1073000000,,-633000000,,-685000000,,,-205.14,,,,,,,,,,,,,,,,,,,,,3340504,false,false,6,2021-04-01,2021-09-30,-1
2022-10-28,97010,2022-03-31,2,,,,,,,,,,,,,,,,,,,,24942000000,7122000000,0.286,,7122000000,,,,,0.00,,,,3463943,123574,,false,false,12,2021-04-01,2022-03-31,-1
2023-01-27,97010,2023-03-31,3,9570000000,0.514,,,,,98000000,,154000000,,126000000,,,37.99,,,,,,24913000000,7404000000,0.297,,7404000000,,,,,,,,,3463943,123629,3340351,false,false,9,2022-04-01,2022-12-31,0
2023-01-27,97010,2022-03-31,3,6319000000,1.027,,,,,-1215000000,,-215000000,,-245000000,,,-73.63,,,,,,,,,,,,,,,,,,,,,3340471,false,false,9,2021-04-01,2021-12-31,-1
2023-01-27,97010,2022-03-31,3,,,,,,,,,,,,,,,,,,,,24942000000,7122000000,0.286,,7122000000,,,,,0.00,,,,3463943,123574,,false,false,12,2021-04-01,2022-03-31,-1
2023-03-03,97010,2023-03-31,,12700000000,,,,,,110000000,,150000000,,120000000,,,35.20,,,,,,,,,,,,,,,20.00,,,,,,,false,true,12,2022-04-01,2023-03-31,0
2023-03-03,97010,2022-03-31,,8399000000,,,,,,-1743000000,,-683000000,,844000000,,,252.86,,,,,,,,,,,,,,,0.00,,,,,,,false,false,12,2021-04-01,2022-03-31,-1
2023-04-24,97010,2023-03-31,,12880000000,0.014,,,,,225000000,1.045,275000000,0.833,245000000,,1.042,73.30,,,,,,,,,,,,,,,,,,,,,,false,true,12,2022-04-01,2023-03-31,0
2023-04-24,97010,2022-03-31,,8399000000,,,,,,-1743000000,,-683000000,,844000000,,,252.86,,,,,,,,,,,,,,,,,,,,,,false,false,12,2021-04-01,2022-03-31,-1
2023-05-12,97010,2023-03-31,,12885000000,0.534,,,,,228000000,,276000000,,249000000,,-0.705,74.71,,0.034,0.011,0.018,,25219000000,7532000000,0.299,2255.07,7532000000,1073000000,-333000000,-465000000,4718000000,20.00,0.268,,,3463943,123764,3340323,false,false,12,2022-04-01,2023-03-31,0
2023-05-12,97010,2022-03-31,,8399000000,1.082,,,,,-1743000000,,-683000000,,844000000,,,252.86,,0.126,-0.028,-0.208,,24942000000,7122000000,0.286,2132.27,7122000000,-2005000000,1813000000,2240000000,4444000000,0.00,,,,3463943,123574,3340448,false,false,12,2021-04-01,2022-03-31,-1
2023-05-12,97010,2024-03-31,,6020000000,0.029,,,,,-90000000,,-140000000,,-160000000,,,-47.90,,,,,,,,,,,,,,,,,,,,,,false,true,6,2023-04-01,2023-09-30,1
2023-05-12,97010,2024-03-31,,13200000000,0.024,,,,,350000000,0.529,250000000,-0.095,200000000,,-0.199,59.90,,,,,,,,,,,,,,,10.00,0.167,,,,,,false,true,12,2023-04-01,2024-03-31,1
2023-07-28,97010,2024-03-31,1,3722000000,0.186,,,,,331000000,,323000000,2.362,317000000,,3.121,95.11,,,,,,25465000000,7960000000,0.313,,7960000000,,,,,,,,,3463943,123782,3340175,false,false,3,2023-04-01,2023-06-30,0
2023-07-28,97010,2023-03-31,1,3138000000,0.593,,,,,-2000000,,96000000,,77000000,,,23.08,,,,,,,,,,,,,,,,,,,,,3340363,false,false,3,2022-04-01,2022-06-30,-1
2023-07-28,97010,2024-03-31,1,6020000000,0.029,,,,,-90000000,,-140000000,,-160000000,,,-47.90,,,,,,,,,,,,,,,,,,,,,,false,true,6,2023-04-01,2023-09-30,0
2023-07-28,97010,2024-03-31,1,13200000000,0.024,,,,,350000000,0.529,250000000,-0.095,200000000,,-0.199,59.90,,,,,,,,,,,,,,,10.00,,,,,,,false,true,12,2023-04-01,2024-03-31,0
2023-07-28,97010,2023-03-31,1,,,,,,,,,,,,,,,,,,,,25219000000,7532000000,0.299,,7532000000,,,,,20.00,,,,3463943,123764,,false,false,12,2022-04-01,2023-03-31,-1
2023-08-25,97010,2024-03-31,,6790000000,0.128,,,,,220000000,,170000000,,140000000,,,41.90,,,,,,,,,,,,,,,,,,,,,,false,true,6,2023-04-01,2023-09-30,0
2023-08-25,97010,2023-03-31,,5851000000,,,,,,-226000000,,-177000000,,-157000000,,,-47.13,,,,,,,,,,,,,,,,,,,,,,false,false,6,2022-04-01,2022-09-30,-1
2023-08-25,97010,2024-03-31,,13970000000,0.058,,,,,590000000,0.686,490000000,0.960,410000000,,1.050,122.75,,,,,,,,,,,,,,,,,,,,,,false,true,12,2023-04-01,2024-03-31,0
2023-08-25,97010,2023-03-31,,12885000000,,,,,,228000000,,276000000,,249000000,,,74.71,,,,,,,,,,,,,,,,,,,,,,false,false,12,2022-04-01,2023-03-31,-1
2023-10-27,97010,2024-03-31,2,6904000000,0.180,,,,,272000000,,238000000,,210000000,,,63.16,,,,,,25333000000,7925000000,0.313,,7925000000,,,,,,,,,3463943,123823,3340157,false,false,6,2023-04-01,2023-09-30,0
2023-10-27,97010,2023-03-31,2,5851000000,0.633,,,,,-226000000,,-177000000,,-157000000,,,-47.13,,,,,,,,,,,,,,,,,,,,,3340357,false,false,6,2022-04-01,2022-09-30,-1
2023-10-27,97010,2024-03-31,2,14320000000,0.111,,,,,770000000,2.364,690000000,1.498,570000000,,1.284,170.65,,,,,,,,,,,,,,,20.00,,,,,,,false,true,12,2023-04-01,2024-03-31,0
2023-10-27,97010,2023-03-31,2,,,,,,,,,,,,,,,,,,,,25219000000,7532000000,0.299,,7532000000,,,,,20.00,,,,3463943,123764,,false,false,12,2022-04-01,2023-03-31,-1
2024-01-26,97010,2024-03-31,3,11049000000,0.154,,,,,826000000,7.415,781000000,4.052,680000000,,4.360,203.62,,,,,,25678000000,8298000000,0.323,,8298000000,,,,,,,,,3463943,123844,3340142,false,false,9,2023-04-01,2023-12-31,0
2024-01-26,97010,2023-03-31,3,9570000000,0.514,,,,,98000000,,154000000,,126000000,,,37.99,,,,,,,,,,,,,,,,,,,,,3340351,false,false,9,2022-04-01,2022-12-31,-1
2024-01-26,97010,2024-03-31,3,14600000000,0.133,,,,,920000000,3.020,840000000,2.041,680000000,,1.725,203.59,,,,,,,,,,,,,,,30.00,,,,,,,false,true,12,2023-04-01,2024-03-31,0
2024-01-26,97010,2023-03-31,3,,,,,,,,,,,,,,,,,,,,25219000000,7532000000,0.299,,7532000000,,,,,20.00,,,,3463943,123764,,false,false,12,2022-04-01,2023-03-31,-1
2024-05-10,97010,2024-03-31,,14883000000,0.155,,,,,1047000000,3.578,986000000,2.572,1535000000,,5.153,459.67,,0.179,0.038,0.070,,26430000000,9597000000,0.363,2873.56,9597000000,1936000000,-624000000,-517000000,5512000000,30.00,0.065,,,3463943,123855,3340131,false,false,12,2023-04-01,2024-03-31,0
2024-05-10,97010,2023-03-31,,12885000000,0.534,,,,,228000000,,276000000,,249000000,,-0.705,74.71,,0.034,0.011,0.018,,25219000000,7532000000,0.299,2255.07,7532000000,1073000000,-333000000,-465000000,4718000000,20.00,0.268,,,3463943,123764,3340323,false,false,12,2022-04-01,2023-03-31,-1
2024-05-10,97010,2025-03-31,,6990000000,0.012,,,,,290000000,0.063,250000000,0.050,160000000,,-0.242,47.90,,,,,,,,,,,,,,,,,,,,,,false,true,6,2024-04-01,2024-09-30,1
2024-05-10,97010,2025-03-31,,14920000000,0.002,,,,,1160000000,0.107,1080000000,0.095,810000000,,-0.472,242.50,,,,,,,,,,,,,,,30.00,0.124,,,,,,false,true,12,2024-04-01,2025-03-31,1
2024-08-06,97010,2025-03-31,1,3860000000,0.037,,,,,405000000,0.226,414000000,0.280,309000000,,-0.025,92.77,,,,,,26633000000,9991000000,0.375,,9991000000,,,,,,,,,3463943,123890,3340065,false,false,3,2024-04-01,2024-06-30,0
2024-08-06,97010,2024-03-31,1,3722000000,0.186,,,,,331000000,,323000000,2.362,317000000,,3.121,95.11,,,,,,,,,,,,,,,,,,,,,3340175,false,false,3,2023-04-01,2023-06-30,-1
2024-08-06,97010,2025-03-31,1,6990000000,0.012,,,,,290000000,0.063,250000000,0.050,160000000,,-0.242,47.90,,,,,,,,,,,,,,,,,,,,,,false,true,6,2024-04-01,2024-09-30,0
2024-08-06,97010,2025-03-31,1,14920000000,0.002,,,,,1160000000,0.107,1080000000,0.095,810000000,,-0.472,242.50,,,,,,,,,,,,,,,30.00,,,,,,,false,true,12,2024-04-01,2025-03-31,0
2024-08-06,97010,2024-03-31,1,,,,,,,,,,,,,,,,,,,,26430000000,9597000000,0.363,,9597000000,,,,,30.00,,,,3463943,123855,,false,false,12,2023-04-01,2024-03-31,-1
2024-10-28,97010,2025-03-31,2,7097000000,0.028,,,,,360000000,0.323,336000000,0.413,233000000,,0.106,70.10,,,,,,26095000000,9741000000,0.373,,9741000000,,,,,,,,,3463943,164076,3328561,false,false,6,2024-04-01,2024-09-30,0
2024-10-28,97010,2024-03-31,2,6904000000,0.180,,,,,272000000,,238000000,,210000000,,,63.16,,,,,,,,,,,,,,,,,,,,,3340157,false,false,6,2023-04-01,2023-09-30,-1
2024-10-28,97010,2025-03-31,2,15080000000,0.013,,,,,1240000000,0.183,1180000000,0.196,860000000,,-0.440,259.40,,,,,,,,,,,,,,,30.00,,,,,,,false,true,12,2024-04-01,2025-03-31,0
2024-10-28,97010,2024-03-31,2,,,,,,,,,,,,,,,,,,,,26430000000,9597000000,0.363,,9597000000,,,,,30.00,,,,3463943,123855,,false,false,12,2023-04-01,2024-03-31,-1
2025-02-06,97010,2025-03-31,3,11349000000,0.027,,,,,947000000,0.148,937000000,0.199,646000000,,-0.049,194.84,,,,,,27127000000,10575000000,0.390,,10575000000,,,,,,,,,3463943,164228,3319929,false,false,9,2024-04-01,2024-12-31,0
2025-02-06,97010,2024-03-31,3,11049000000,0.154,,,,,826000000,7.415,781000000,4.052,680000000,,4.360,203.62,,,,,,,,,,,,,,,,,,,,,3340142,false,false,9,2023-04-01,2023-12-31,-1
2025-02-06,97010,2025-03-31,3,15080000000,0.013,,,,,1240000000,0.183,1180000000,0.196,860000000,,-0.440,259.40,,,,,,,,,,,,,,,30.00,,,,,,,false,true,12,2024-04-01,2025-03-31,0
2025-02-06,97010,2024-03-31,3,,,,,,,,,,,,,,,,,,,,26430000000,9597000000,0.363,,9597000000,,,,,30.00,,,,3463943,123855,,false,false,12,2023-04-01,2024-03-31,-1
2025-05-07,97010,2025-03-31,,15273000000,0.026,,,,,1275000000,0.217,1246000000,0.263,889000000,,-0.421,268.30,,0.087,0.046,0.084,,27497000000,10957000000,0.398,3320.86,10957000000,1573000000,-1879000000,-796000000,4410000000,30.00,0.112,,,3463943,164348,3315242,false,false,12,2024-04-01,2025-03-31,0
2025-05-07,97010,2024-03-31,,14883000000,0.155,,,,,1047000000,3.578,986000000,2.572,1535000000,,5.153,459.67,,0.179,0.038,0.070,,26430000000,9597000000,0.363,2873.56,9597000000,1936000000,-624000000,-517000000,5512000000,30.00,0.065,,,3463943,123855,3340131,false,false,12,2023-04-01,2024-03-31,-1
2025-05-07,97010,2026-03-31,,7400000000,0.043,,,,,360000000,-0.002,360000000,0.070,250000000,,0.071,75.40,,,,,,,,,,,,,,,,,,,,,,false,true,6,2025-04-01,2025-09-30,1
2025-05-07,97010,2026-03-31,,15770000000,0.033,,,,,1340000000,0.051,1330000000,0.067,910000000,,0.023,274.50,,,,,,,,,,,,,,,30.00,0.109,,,,,,false,true,12,2025-04-01,2026-03-31,1
