filing_date,code,fiscal_year_end,quarterly_period,net_sales,net_sales_change,revenue,revenue_change,operating_revenue,operating_revenue_change,operating_profit,operating_profit_change,ordinary_profit,ordinary_profit_change,net_income,net_income_of_parent,net_income_change,eps,diluted_eps,roe,roa,operating_profit_to_net_sales,operating_profit_to_revenue,total_assets,net_assets,equity_ratio,bps,owner_equity,operating_cash_flow,investing_cash_flow,financing_cash_flow,cash,dividend_per_share,payout_ratio,commemorative_dividend,extra_dividend,number_of_shares,number_of_treqsury_shares,avg_number_of_shares,is_consolidated,is_forecast,duration,period_start,period_end,period_pos
2015-08-03,97020,2015-12-31,2,6127000000,-0.132,,,,,91000000,-0.600,76000000,-0.651,26000000,,-0.929,5.88,,,,,,7041000000,5422000000,0.770,,5422000000,,,,,,,,,,,,true,false,6,2015-01-01,2015-06-30,0
2015-08-03,97020,2014-12-31,2,7057000000,0.249,,,,,227000000,0.581,218000000,0.235,381000000,,4.371,95.91,,,,,,,,,,,,,,,,,,,,,,true,false,6,2014-01-01,2014-06-30,-1
2015-08-03,97020,2015-12-31,2,14000000000,0.021,,,,,420000000,0.189,421000000,0.148,252000000,,-0.469,52.00,,,,,,,,,,,,,,,,,,,,,,true,true,12,2015-01-01,2015-12-31,0
2015-08-03,97020,2014-12-31,2,,,,,,,,,,,,,,,,,,,,7136000000,4443000000,0.623,,4443000000,,,,,,,,,,,,true,false,12,2014-01-01,2014-12-31,-1
2015-08-03,97020,2014-12-31,2,,,,,,,,,,,,,,,,,,,,,,,,,,,,,25.00,,,,4521000,545206,,false,false,12,2014-01-01,2014-12-31,-1
2015-08-03,97020,2015-12-31,2,,,,,,,,,,,,,,,,,,,,,,,,,,,,,0.00,,,,,,,false,false,12,2015-01-01,2015-12-31,0
2015-08-03,97020,2015-12-31,2,,,,,,,,,,,,,,,,,,,,,,,,,,,,,25.00,,,,,,,false,true,12,2015-01-01,2015-12-31,0
2015-08-03,97020,2015-12-31,2,,,,,,,,,,,,,,,,,,,,,,,,,,,,,,,,,5105800,6,4581424,false,false,6,2015-01-01,2015-06-30,0
2015-08-03,97020,2014-12-31,2,,,,,,,,,,,,,,,,,,,,,,,,,,,,,,,,,,,4175794,false,false,6,2014-01-01,2014-06-30,-1
2015-11-02,97020,2015-12-31,3,9341000000,-0.101,,,,,134000000,-0.415,129000000,-0.425,19000000,,-0.957,4.00,,,,,,7234000000,5393000000,0.746,,5393000000,,,,,,,,,,,,true,false,9,2015-01-01,2015-09-30,0
2015-11-02,97020,2014-12-31,3,10386000000,0.239,,,,,229000000,0.414,224000000,0.102,442000000,,3.853,111.33,,,,,,,,,,,,,,,,,,,,,,true,false,9,2014-01-01,2014-09-30,-1
2015-11-02,97020,2015-12-31,3,14000000000,0.021,,,,,420000000,0.189,421000000,0.148,252000000,,-0.469,52.00,,,,,,,,,,,,,,,,,,,,,,true,true,12,2015-01-01,2015-12-31,0
2015-11-02,97020,2014-12-31,3,,,,,,,,,,,,,,,,,,,,7136000000,4443000000,0.623,,4443000000,,,,,,,,,,,,true,false,12,2014-01-01,2014-12-31,-1
2015-11-02,97020,2014-12-31,3,,,,,,,,,,,,,,,,,,,,,,,,,,,,,25.00,,,,4521000,545206,,false,false,12,2014-01-01,2014-12-31,-1
2015-11-02,97020,2015-12-31,3,,,,,,,,,,,,,,,,,,,,,,,,,,,,,0.00,,,,,,,false,false,12,2015-01-01,2015-12-31,0
2015-11-02,97020,2015-12-31,3,,,,,,,,,,,,,,,,,,,,,,,,,,,,,25.00,,,,,,,false,true,12,2015-01-01,2015-12-31,0
2015-11-02,97020,2015-12-31,3,,,,,,,,,,,,,,,,,,,,,,,,,,,,,,,,,5105800,6,4758135,false,false,9,2015-01-01,2015-09-30,0
2015-11-02,97020,2014-12-31,3,,,,,,,,,,,,,,,,,,,,,,,,,,,,,,,,,,,4175794,false,false,9,2014-01-01,2014-09-30,-1
2016-02-12,97020,2015-12-31,,12823000000,-0.065,,,,,399000000,0.130,427000000,0.166,180000000,,-0.618,37.35,,0.036,0.059,0.031,,7388000000,5565000000,0.753,1090.02,5565000000,590000000,-274000000,146000000,2683000000,,0.987,,,,,,true,false,12,2015-01-01,2015-12-31,0
2016-02-12,97020,2014-12-31,,13718000000,0.166,,,,,353000000,-0.098,366000000,-0.182,474000000,,0.979,119.27,,0.112,0.055,0.026,,7136000000,4443000000,0.623,1117.54,4443000000,970000000,-182000000,487000000,2223000000,,0.210,,,,,,true,false,12,2014-01-01,2014-12-31,-1
2016-02-12,97020,2016-12-31,,6700000000,0.093,,,,,90000000,-0.014,90000000,0.179,60000000,,1.227,11.75,,,,,,,,,,,,,,,,,,,,,,true,true,6,2016-01-01,2016-06-30,1
2016-02-12,97020,2016-12-31,,14000000000,0.092,,,,,420000000,0.052,435000000,0.018,280000000,,0.547,54.84,,,,,,,,,,,,,,,,0.456,,,,,,true,true,12,2016-01-01,2016-12-31,1
2016-02-12,97020,2015-12-31,,9690000000,-0.106,,,,,224000000,-0.029,261000000,-0.112,99000000,,-0.001,20.46,,,,,,6176000000,4881000000,0.790,956.05,4881000000,,,,,35.00,,,,5105800,6,4845764,false,false,12,2015-01-01,2015-12-31,0
2016-02-12,97020,2014-12-31,,10843000000,0.102,,,,,231000000,-0.186,294000000,-0.172,99000000,,-0.281,24.96,,,,,,6031000000,3835000000,0.636,964.83,3835000000,,,,,25.00,,,,4521000,545206,3975794,false,false,12,2014-01-01,2014-12-31,-1
2016-02-12,97020,2016-12-31,,,,,,,,,,,,,,,,,,,,,,,,,,,,,,25.00,,,,,,,false,true,12,2016-01-01,2016-12-31,1
2016-05-02,97020,2016-12-31,1,3452000000,0.130,,,,,92000000,0.973,97000000,1.866,,42000000,,8.40,,,,,,7488000000,5402000000,0.722,,5402000000,,,,,,,,,,,,true,false,3,2016-01-01,2016-03-31,0
2016-05-02,97020,2015-12-31,1,3054000000,-0.169,,,,,46000000,-0.732,33000000,-0.803,,-20000000,,-5.15,,,,,,,,,,,,,,,,,,,,,,true,false,3,2015-01-01,2015-03-31,-1
2016-05-02,97020,2016-12-31,1,6700000000,0.093,,,,,90000000,-0.014,90000000,0.179,,60000000,,11.75,,,,,,,,,,,,,,,,,,,,,,true,true,6,2016-01-01,2016-06-30,0
2016-05-02,97020,2016-12-31,1,14000000000,0.092,,,,,420000000,0.052,435000000,0.018,,280000000,,54.84,,,,,,,,,,,,,,,,,,,,,,true,true,12,2016-01-01,2016-12-31,0
2016-05-02,97020,2015-12-31,1,,,,,,,,,,,,,,,,,,,,7388000000,5565000000,0.753,,5565000000,,,,,,,,,,,,true,false,12,2015-01-01,2015-12-31,-1
2016-05-02,97020,2015-12-31,1,,,,,,,,,,,,,,,,,,,,,,,,,,,,,35.00,,,,5105800,6,,false,false,12,2015-01-01,2015-12-31,-1
2016-05-02,97020,2016-12-31,1,,,,,,,,,,,,,,,,,,,,,,,,,,,,,25.00,,,,,,,false,true,12,2016-01-01,2016-12-31,0
2016-05-02,97020,2016-12-31,1,,,,,,,,,,,,,,,,,,,,,,,,,,,,,,,,,5105800,6,5105764,false,false,3,2016-01-01,2016-03-31,0
2016-05-02,97020,2015-12-31,1,,,,,,,,,,,,,,,,,,,,,,,,,,,,,,,,,,,4074094,false,false,3,2015-01-01,2015-03-31,-1
2016-08-01,97020,2016-12-31,2,6630000000,0.082,,,,,172000000,0.888,193000000,1.528,,112000000,,22.02,,,,,,7322000000,5460000000,0.746,,5460000000,,,,,,,,,,,,true,false,6,2016-01-01,2016-06-30,0
2016-08-01,97020,2015-12-31,2,6127000000,-0.132,,,,,91000000,-0.600,76000000,-0.651,,26000000,,5.88,,,,,,,,,,,,,,,,,,,,,,true,false,6,2015-01-01,2015-06-30,-1
2016-08-01,97020,2016-12-31,2,14000000000,0.092,,,,,420000000,0.052,435000000,0.018,,280000000,,54.84,,,,,,,,,,,,,,,,,,,,,,true,true,12,2016-01-01,2016-12-31,0
2016-08-01,97020,2015-12-31,2,,,,,,,,,,,,,,,,,,,,7388000000,5565000000,0.753,,5565000000,,,,,,,,,,,,true,false,12,2015-01-01,2015-12-31,-1
2016-08-01,97020,2015-12-31,2,,,,,,,,,,,,,,,,,,,,,,,,,,,,,35.00,,,,5105800,6,,false,false,12,2015-01-01,2015-12-31,-1
2016-08-01,97020,2016-12-31,2,,,,,,,,,,,,,,,,,,,,,,,,,,,,,0.00,,,,,,,false,false,12,2016-01-01,2016-12-31,0
2016-08-01,97020,2016-12-31,2,,,,,,,,,,,,,,,,,,,,,,,,,,,,,25.00,,,,,,,false,true,12,2016-01-01,2016-12-31,0
2016-08-01,97020,2016-12-31,2,,,,,,,,,,,,,,,,,,,,,,,,,,,,,,,,,5105800,6,5105794,false,false,6,2016-01-01,2016-06-30,0
2016-08-01,97020,2015-12-31,2,,,,,,,,,,,,,,,,,,,,,,,,,,,,,,,,,,,4581424,false,false,6,2015-01-01,2015-06-30,-1
2016-11-02,97020,2016-12-31,3,9925000000,0.063,,,,,253000000,0.888,274000000,1.120,,136000000,,26.82,,,,,,7415000000,5487000000,0.740,,5487000000,,,,,,,,,,,,true,false,9,2016-01-01,2016-09-30,0
2016-11-02,97020,2015-12-31,3,9341000000,-0.101,,,,,134000000,-0.415,129000000,-0.425,,19000000,,4.00,,,,,,,,,,,,,,,,,,,,,,true,false,9,2015-01-01,2015-09-30,-1
2016-11-02,97020,2016-12-31,3,14000000000,0.092,,,,,420000000,0.052,435000000,0.018,,280000000,,54.84,,,,,,,,,,,,,,,,,,,,,,true,true,12,2016-01-01,2016-12-31,0
2016-11-02,97020,2015-12-31,3,,,,,,,,,,,,,,,,,,,,7388000000,5565000000,0.753,,5565000000,,,,,,,,,,,,true,false,12,2015-01-01,2015-12-31,-1
2016-11-02,97020,2015-12-31,3,,,,,,,,,,,,,,,,,,,,,,,,,,,,,35.00,,,,5105800,6,,false,false,12,2015-01-01,2015-12-31,-1
2016-11-02,97020,2016-12-31,3,,,,,,,,,,,,,,,,,,,,,,,,,,,,,0.00,,,,,,,false,false,12,2016-01-01,2016-12-31,0
2016-11-02,97020,2016-12-31,3,,,,,,,,,,,,,,,,,,,,,,,,,,,,,25.00,,,,,,,false,true,12,2016-01-01,2016-12-31,0
2016-11-02,97020,2016-12-31,3,,,,,,,,,,,,,,,,,,,,,,,,,,,,,,,,,5105800,6,5105794,false,false,9,2016-01-01,2016-09-30,0
2016-11-02,97020,2015-12-31,3,,,,,,,,,,,,,,,,,,,,,,,,,,,,,,,,,,,4758135,false,false,9,2015-01-01,2015-09-30,-1
2017-02-14,97020,2016-12-31,,13395000000,0.045,,,,,302000000,-0.242,325000000,-0.239,,175000000,,34.29,,0.031,0.043,0.023,,7802000000,5556000000,0.712,1088.19,5556000000,345000000,-54000000,122000000,3091000000,,0.729,,,,,,true,false,12,2016-01-01,2016-12-31,0
2017-02-14,97020,2015-12-31,,12823000000,-0.065,,,,,399000000,0.130,427000000,0.166,,180000000,,37.35,,0.036,0.059,0.031,,7388000000,5565000000,0.753,1090.02,5565000000,590000000,-274000000,146000000,2683000000,,0.987,,,,,,true,false,12,2015-01-01,2015-12-31,-1
2017-02-14,97020,2017-12-31,,8400000000,0.267,,,,,260000000,0.509,270000000,0.399,,160000000,,31.34,,,,,,,,,,,,,,,,,,,,,,true,true,6,2017-01-01,2017-06-30,1
2017-02-14,97020,2017-12-31,,17000000000,0.269,,,,,680000000,1.247,700000000,1.153,,420000000,,82.26,,,,,,,,,,,,,,,,0.304,,,,,,true,true,12,2017-01-01,2017-12-31,1
2017-02-14,97020,2016-12-31,,10056000000,0.038,,,,,249000000,0.112,302000000,0.158,133000000,,0.351,26.23,,,,,,6602000000,4840000000,0.733,947.97,4840000000,,,,,25.00,,,,5105800,6,5105794,false,false,12,2016-01-01,2016-12-31,0
2017-02-14,97020,2015-12-31,,9690000000,-0.106,,,,,224000000,-0.029,261000000,-0.112,99000000,,-0.001,20.46,,,,,,6176000000,4881000000,0.790,956.05,4881000000,,,,,35.00,,,,5105800,6,4845764,false,false,12,2015-01-01,2015-12-31,-1
2017-02-14,97020,2017-12-31,,,,,,,,,,,,,,,,,,,,,,,,,,,,,,25.00,,,,,,,false,true,12,2017-01-01,2017-12-31,1
2017-05-02,97020,2017-12-31,1,4440000000,0.286,,,,,352000000,2.824,345000000,2.554,,164000000,,32.13,,,,,,9271000000,5596000000,0.604,,5596000000,,,,,,,,,,,,true,false,3,2017-01-01,2017-03-31,0
2017-05-02,97020,2016-12-31,1,3452000000,0.130,,,,,92000000,0.973,97000000,1.866,,42000000,,8.40,,,,,,,,,,,,,,,,,,,,,,true,false,3,2016-01-01,2016-03-31,-1
2017-05-02,97020,2017-12-31,1,8400000000,0.267,,,,,260000000,0.509,270000000,0.399,,160000000,,31.34,,,,,,,,,,,,,,,,,,,,,,true,true,6,2017-01-01,2017-06-30,0
2017-05-02,97020,2017-12-31,1,17000000000,0.269,,,,,680000000,1.247,700000000,1.153,,420000000,,82.26,,,,,,,,,,,,,,,,,,,,,,true,true,12,2017-01-01,2017-12-31,0
2017-05-02,97020,2016-12-31,1,,,,,,,,,,,,,,,,,,,,7802000000,5556000000,0.712,,5556000000,,,,,,,,,,,,true,false,12,2016-01-01,2016-12-31,-1
2017-05-02,97020,2016-12-31,1,,,,,,,,,,,,,,,,,,,,,,,,,,,,,25.00,,,,5105800,6,,false,false,12,2016-01-01,2016-12-31,-1
2017-05-02,97020,2017-12-31,1,,,,,,,,,,,,,,,,,,,,,,,,,,,,,25.00,,,,,,,false,true,12,2017-01-01,2017-12-31,0
2017-05-02,97020,2017-12-31,1,,,,,,,,,,,,,,,,,,,,,,,,,,,,,,,,,5105800,6,5105794,false,false,3,2017-01-01,2017-03-31,0
2017-05-02,97020,2016-12-31,1,,,,,,,,,,,,,,,,,,,,,,,,,,,,,,,,,,,5105794,false,false,3,2016-01-01,2016-03-31,-1
2017-08-01,97020,2017-12-31,2,8237000000,0.242,,,,,385000000,1.235,384000000,0.991,,189000000,,37.15,,,,,,8876000000,5639000000,0.635,,5639000000,,,,,,,,,,,,true,false,6,2017-01-01,2017-06-30,0
2017-08-01,97020,2016-12-31,2,6630000000,0.082,,,,,172000000,0.888,193000000,1.528,,112000000,,22.02,,,,,,,,,,,,,,,,,,,,,,true,false,6,2016-01-01,2016-06-30,-1
2017-08-01,97020,2017-12-31,2,17000000000,0.269,,,,,680000000,1.247,700000000,1.153,,420000000,,82.26,,,,,,,,,,,,,,,,,,,,,,true,true,12,2017-01-01,2017-12-31,0
2017-08-01,97020,2016-12-31,2,,,,,,,,,,,,,,,,,,,,7802000000,5556000000,0.712,,5556000000,,,,,,,,,,,,true,false,12,2016-01-01,2016-12-31,-1
2017-08-01,97020,2016-12-31,2,,,,,,,,,,,,,,,,,,,,,,,,,,,,,25.00,,,,5105800,6,,false,false,12,2016-01-01,2016-12-31,-1
2017-08-01,97020,2017-12-31,2,,,,,,,,,,,,,,,,,,,,,,,,,,,,,0.00,,,,,,,false,false,12,2017-01-01,2017-12-31,0
2017-08-01,97020,2017-12-31,2,,,,,,,,,,,,,,,,,,,,,,,,,,,,,25.00,,,,,,,false,true,12,2017-01-01,2017-12-31,0
2017-08-01,97020,2017-12-31,2,,,,,,,,,,,,,,,,,,,,,,,,,,,,,,,,,5105800,6,5105794,false,false,6,2017-01-01,2017-06-30,0
2017-08-01,97020,2016-12-31,2,,,,,,,,,,,,,,,,,,,,,,,,,,,,,,,,,,,5105794,false,false,6,2016-01-01,2016-06-30,-1
2017-11-01,97020,2017-12-31,3,12280000000,0.237,,,,,447000000,0.762,447000000,0.633,,193000000,,37.93,,,,,,9194000000,5658000000,0.615,,5658000000,,,,,,,,,,,,true,false,9,2017-01-01,2017-09-30,0
2017-11-01,97020,2016-12-31,3,9925000000,0.063,,,,,253000000,0.888,274000000,1.120,,136000000,,26.82,,,,,,,,,,,,,,,,,,,,,,true,false,9,2016-01-01,2016-09-30,-1
2017-11-01,97020,2017-12-31,3,17000000000,0.269,,,,,680000000,1.247,700000000,1.153,,420000000,,82.26,,,,,,,,,,,,,,,,,,,,,,true,true,12,2017-01-01,2017-12-31,0
2017-11-01,97020,2016-12-31,3,,,,,,,,,,,,,,,,,,,,7802000000,5556000000,0.712,,5556000000,,,,,,,,,,,,true,false,12,2016-01-01,2016-12-31,-1
2017-11-01,97020,2016-12-31,3,,,,,,,,,,,,,,,,,,,,,,,,,,,,,25.00,,,,5105800,6,,false,false,12,2016-01-01,2016-12-31,-1
2017-11-01,97020,2017-12-31,3,,,,,,,,,,,,,,,,,,,,,,,,,,,,,0.00,,,,,,,false,false,12,2017-01-01,2017-12-31,0
2017-11-01,97020,2017-12-31,3,,,,,,,,,,,,,,,,,,,,,,,,,,,,,25.00,,,,,,,false,true,12,2017-01-01,2017-12-31,0
2017-11-01,97020,2017-12-31,3,,,,,,,,,,,,,,,,,,,,,,,,,,,,,,,,,5105800,6,5105794,false,false,9,2017-01-01,2017-09-30,0
2017-11-01,97020,2016-12-31,3,,,,,,,,,,,,,,,,,,,,,,,,,,,,,,,,,,,5105794,false,false,9,2016-01-01,2016-09-30,-1
2018-02-14,97020,2017-12-31,,16668000000,0.244,,,,,596000000,0.972,627000000,0.929,,307000000,,60.26,,0.054,0.074,0.036,,9195000000,5805000000,0.631,1136.98,5805000000,290000000,61000000,-792000000,2650000000,,0.415,,,,,,true,false,12,2017-01-01,2017-12-31,0
2018-02-14,97020,2016-12-31,,13395000000,0.045,,,,,302000000,-0.242,325000000,-0.239,,175000000,,34.29,,0.031,0.043,0.023,,7802000000,5556000000,0.712,1088.19,5556000000,345000000,-54000000,122000000,3091000000,,0.729,,,,,,true,false,12,2016-01-01,2016-12-31,-1
2018-02-14,97020,2018-12-31,,8500000000,0.032,,,,,340000000,-0.117,350000000,-0.089,,180000000,,35.25,,,,,,,,,,,,,,,,,,,,,,true,true,6,2018-01-01,2018-06-30,1
2018-02-14,97020,2018-12-31,,17500000000,0.050,,,,,720000000,0.207,740000000,0.180,,380000000,,74.43,,,,,,,,,,,,,,,,0.336,,,,,,true,true,12,2018-01-01,2018-12-31,1
2018-02-14,97020,2017-12-31,,10373000000,0.031,,,,,338000000,0.355,421000000,0.392,228000000,,0.708,44.80,,,,,,7228000000,4994000000,0.691,978.14,4994000000,,,,,25.00,,,,5105800,6,5105794,false,false,12,2017-01-01,2017-12-31,0
2018-02-14,97020,2016-12-31,,10056000000,0.038,,,,,249000000,0.112,302000000,0.158,133000000,,0.351,26.23,,,,,,6602000000,4840000000,0.733,947.97,4840000000,,,,,25.00,,,,5105800,6,5105794,false,false,12,2016-01-01,2016-12-31,-1
2018-02-14,97020,2018-12-31,,,,,,,,,,,,,,,,,,,,,,,,,,,,,,25.00,,,,,,,false,true,12,2018-01-01,2018-12-31,1
2018-04-27,97020,2018-12-31,1,4480000000,0.009,,,,,411000000,0.168,415000000,0.201,,273000000,,53.64,,,,,,9776000000,5936000000,0.607,,5936000000,,,,,,,,,,,,true,false,3,2018-01-01,2018-03-31,0
2018-04-27,97020,2017-12-31,1,4440000000,0.286,,,,,352000000,2.824,345000000,2.554,,164000000,,32.13,,,,,,,,,,,,,,,,,,,,,,true,false,3,2017-01-01,2017-03-31,-1
2018-04-27,97020,2018-12-31,1,8500000000,0.032,,,,,340000000,-0.117,350000000,-0.089,,180000000,,35.25,,,,,,,,,,,,,,,,,,,,,,true,true,6,2018-01-01,2018-06-30,0
2018-04-27,97020,2018-12-31,1,17500000000,0.050,,,,,720000000,0.207,740000000,0.180,,380000000,,74.43,,,,,,,,,,,,,,,,,,,,,,true,true,12,2018-01-01,2018-12-31,0
2018-04-27,97020,2017-12-31,1,,,,,,,,,,,,,,,,,,,,9195000000,5805000000,0.631,,5805000000,,,,,,,,,,,,true,false,12,2017-01-01,2017-12-31,-1
2018-04-27,97020,2017-12-31,1,,,,,,,,,,,,,,,,,,,,,,,,,,,,,25.00,,,,5105800,6,,false,false,12,2017-01-01,2017-12-31,-1
2018-04-27,97020,2018-12-31,1,,,,,,,,,,,,,,,,,,,,,,,,,,,,,25.00,,,,,,,false,true,12,2018-01-01,2018-12-31,0
2018-04-27,97020,2018-12-31,1,,,,,,,,,,,,,,,,,,,,,,,,,,,,,,,,,5105800,6,5105794,false,false,3,2018-01-01,2018-03-31,0
2018-04-27,97020,2017-12-31,1,,,,,,,,,,,,,,,,,,,,,,,,,,,,,,,,,,,5105794,false,false,3,2017-01-01,2017-03-31,-1
2018-08-01,97020,2018-12-31,2,8688000000,0.055,,,,,519000000,0.350,529000000,0.378,,360000000,,70.70,,,,,,9554000000,6021000000,0.630,,6021000000,,,,,,,,,,,,true,false,6,2018-01-01,2018-06-30,0
2018-08-01,97020,2017-12-31,2,8237000000,0.242,,,,,385000000,1.235,384000000,0.991,,189000000,,37.15,,,,,,,,,,,,,,,,,,,,,,true,false,6,2017-01-01,2017-06-30,-1
2018-08-01,97020,2018-12-31,2,17500000000,0.050,,,,,800000000,0.341,820000000,0.308,,480000000,,94.01,,,,,,,,,,,,,,,,,,,,,,true,true,12,2018-01-01,2018-12-31,0
2018-08-01,97020,2017-12-31,2,,,,,,,,,,,,,,,,,,,,9195000000,5805000000,0.631,,5805000000,,,,,,,,,,,,true,false,12,2017-01-01,2017-12-31,-1
2018-08-01,97020,2017-12-31,2,,,,,,,,,,,,,,,,,,,,,,,,,,,,,25.00,,,,5105800,6,,false,false,12,2017-01-01,2017-12-31,-1
2018-08-01,97020,2018-12-31,2,,,,,,,,,,,,,,,,,,,,,,,,,,,,,0.00,,,,,,,false,false,12,2018-01-01,2018-12-31,0
2018-08-01,97020,2018-12-31,2,,,,,,,,,,,,,,,,,,,,,,,,,,,,,25.00,,,,,,,false,true,12,2018-01-01,2018-12-31,0
2018-08-01,97020,2018-12-31,2,,,,,,,,,,,,,,,,,,,,,,,,,,,,,,,,,5105800,6,5105794,false,false,6,2018-01-01,2018-06-30,0
2018-08-01,97020,2017-12-31,2,,,,,,,,,,,,,,,,,,,,,,,,,,,,,,,,,,,5105794,false,false,6,2017-01-01,2017-06-30,-1
2018-08-01,97020,2018-12-31,,8688000000,0.022,,,,,519000000,0.528,529000000,0.513,,360000000,,70.70,,,,,,,,,,,,,,,,,,,,,,true,true,6,2018-01-01,2018-06-30,0
2018-08-01,97020,2017-12-31,,8237000000,,,,,,385000000,,384000000,,,189000000,,37.15,,,,,,,,,,,,,,,,,,,,,,true,false,6,2017-01-01,2017-06-30,-1
2018-08-01,97020,2018-12-31,,17500000000,,,,,,800000000,0.111,820000000,0.108,,480000000,,94.01,,,,,,,,,,,,,,,,,,,,,,true,true,12,2018-01-01,2018-12-31,0
2018-08-01,97020,2017-12-31,,16668000000,,,,,,596000000,,627000000,,,307000000,,60.26,,,,,,,,,,,,,,,,,,,,,,true,false,12,2017-01-01,2017-12-31,-1
2018-11-02,97020,2018-12-31,3,12930000000,0.053,,,,,676000000,0.512,687000000,0.536,,409000000,,80.19,,,,,,9800000000,6069000000,0.619,,6069000000,,,,,,,,,,,,true,false,9,2018-01-01,2018-09-30,0
2018-11-02,97020,2017-12-31,3,12280000000,0.237,,,,,447000000,0.762,447000000,0.633,,193000000,,37.93,,,,,,,,,,,,,,,,,,,,,,true,false,9,2017-01-01,2017-09-30,-1
2018-11-02,97020,2018-12-31,3,17500000000,0.050,,,,,800000000,0.341,820000000,0.308,,480000000,,94.01,,,,,,,,,,,,,,,,,,,,,,true,true,12,2018-01-01,2018-12-31,0
2018-11-02,97020,2017-12-31,3,,,,,,,,,,,,,,,,,,,,9195000000,5805000000,0.631,,5805000000,,,,,,,,,,,,true,false,12,2017-01-01,2017-12-31,-1
2018-11-02,97020,2017-12-31,3,,,,,,,,,,,,,,,,,,,,,,,,,,,,,25.00,,,,5105800,6,,false,false,12,2017-01-01,2017-12-31,-1
2018-11-02,97020,2018-12-31,3,,,,,,,,,,,,,,,,,,,,,,,,,,,,,0.00,,,,,,,false,false,12,2018-01-01,2018-12-31,0
2018-11-02,97020,2018-12-31,3,,,,,,,,,,,,,,,,,,,,,,,,,,,,,25.00,,,,,,,false,true,12,2018-01-01,2018-12-31,0
2018-11-02,97020,2018-12-31,3,,,,,,,,,,,,,,,,,,,,,,,,,,,,,,,,,5105800,7,5105794,false,false,9,2018-01-01,2018-09-30,0
2018-11-02,97020,2017-12-31,3,,,,,,,,,,,,,,,,,,,,,,,,,,,,,,,,,,,5105794,false,false,9,2017-01-01,2017-09-30,-1
2019-02-14,97020,2018-12-31,,17441000000,0.046,,,,,868000000,0.456,917000000,0.463,,546000000,,107.11,,0.091,0.096,0.050,,9981000000,6185000000,0.620,1211.53,6185000000,1155000000,-141000000,-130000000,3534000000,,0.308,,,,,,true,false,12,2018-01-01,2018-12-31,0
2019-02-14,97020,2017-12-31,,16668000000,0.244,,,,,596000000,0.972,627000000,0.929,,307000000,,60.26,,0.054,0.074,0.036,,9195000000,5805000000,0.631,1136.98,5805000000,290000000,61000000,-792000000,2650000000,,0.415,,,,,,true,false,12,2017-01-01,2017-12-31,-1
2019-02-14,97020,2019-12-31,,11000000000,0.266,,,,,500000000,-0.038,500000000,-0.056,,300000000,,58.76,,,,,,,,,,,,,,,,,,,,,,true,true,6,2019-01-01,2019-06-30,1
2019-02-14,97020,2019-12-31,,22500000000,0.290,,,,,950000000,0.093,980000000,0.068,,580000000,,113.60,,,,,,,,,,,,,,,,0.291,,,,,,true,true,12,2019-01-01,2019-12-31,1
2019-02-14,97020,2018-12-31,,11056000000,0.066,,,,,497000000,0.471,593000000,0.407,396000000,,0.731,77.57,,,,,,7750000000,5235000000,0.676,1025.49,5235000000,,,,,33.00,,,,5105800,7,5105794,false,false,12,2018-01-01,2018-12-31,0
2019-02-14,97020,2017-12-31,,10373000000,0.031,,,,,338000000,0.355,421000000,0.392,228000000,,0.708,44.80,,,,,,7228000000,4994000000,0.691,978.14,4994000000,,,,,25.00,,,,5105800,6,5105794,false,false,12,2017-01-01,2017-12-31,-1
2019-02-14,97020,2019-12-31,,,,,,,,,,,,,,,,,,,,,,,,,,,,,,33.00,,,,,,,false,true,12,2019-01-01,2019-12-31,1
2019-05-07,97020,2019-12-31,1,5697000000,0.272,,,,,479000000,0.164,490000000,0.180,,305000000,,59.74,,,,,,13415000000,6342000000,0.472,,6335000000,,,,,,,,,,,,true,false,3,2019-01-01,2019-03-31,0
2019-05-07,97020,2018-12-31,1,4480000000,0.009,,,,,411000000,0.168,415000000,0.201,,273000000,,53.64,,,,,,,,,,,,,,,,,,,,,,true,false,3,2018-01-01,2018-03-31,-1
2019-05-07,97020,2019-12-31,1,11000000000,0.266,,,,,500000000,-0.038,500000000,-0.056,,300000000,,58.76,,,,,,,,,,,,,,,,,,,,,,true,true,6,2019-01-01,2019-06-30,0
2019-05-07,97020,2019-12-31,1,22500000000,0.290,,,,,950000000,0.093,980000000,0.068,,580000000,,113.60,,,,,,,,,,,,,,,,,,,,,,true,true,12,2019-01-01,2019-12-31,0
2019-05-07,97020,2018-12-31,1,,,,,,,,,,,,,,,,,,,,9955000000,6185000000,0.621,,6185000000,,,,,,,,,,,,true,false,12,2018-01-01,2018-12-31,-1
2019-05-07,97020,2018-12-31,1,,,,,,,,,,,,,,,,,,,,,,,,,,,,,33.00,,,,5105800,7,,false,false,12,2018-01-01,2018-12-31,-1
2019-05-07,97020,2019-12-31,1,,,,,,,,,,,,,,,,,,,,,,,,,,,,,33.00,,,,,,,false,true,12,2019-01-01,2019-12-31,0
2019-05-07,97020,2019-12-31,1,,,,,,,,,,,,,,,,,,,,,,,,,,,,,,,,,5105800,7,5105793,false,false,3,2019-01-01,2019-03-31,0
2019-05-07,97020,2018-12-31,1,,,,,,,,,,,,,,,,,,,,,,,,,,,,,,,,,,,5105794,false,false,3,2018-01-01,2018-03-31,-1
2019-08-02,97020,2019-12-31,2,10992000000,0.265,,,,,583000000,0.123,601000000,0.135,,325000000,,63.75,,,,,,11880000000,6359000000,0.535,,6352000000,,,,,,,,,,,,true,false,6,2019-01-01,2019-06-30,0
2019-08-02,97020,2018-12-31,2,8688000000,0.055,,,,,519000000,0.350,529000000,0.378,,360000000,,70.70,,,,,,,,,,,,,,,,,,,,,,true,false,6,2018-01-01,2018-06-30,-1
2019-08-02,97020,2019-12-31,2,22500000000,0.290,,,,,950000000,0.093,980000000,0.068,,580000000,,113.60,,,,,,,,,,,,,,,,,,,,,,true,true,12,2019-01-01,2019-12-31,0
2019-08-02,97020,2018-12-31,2,,,,,,,,,,,,,,,,,,,,9955000000,6185000000,0.621,,6185000000,,,,,,,,,,,,true,false,12,2018-01-01,2018-12-31,-1
2019-08-02,97020,2018-12-31,2,,,,,,,,,,,,,,,,,,,,,,,,,,,,,33.00,,,,5105800,7,,false,false,12,2018-01-01,2018-12-31,-1
2019-08-02,97020,2019-12-31,2,,,,,,,,,,,,,,,,,,,,,,,,,,,,,0.00,,,,,,,false,false,12,2019-01-01,2019-12-31,0
2019-08-02,97020,2019-12-31,2,,,,,,,,,,,,,,,,,,,,,,,,,,,,,33.00,,,,,,,false,true,12,2019-01-01,2019-12-31,0
2019-08-02,97020,2019-12-31,2,,,,,,,,,,,,,,,,,,,,,,,,,,,,,,,,,5105800,7,5105793,false,false,6,2019-01-01,2019-06-30,0
2019-08-02,97020,2018-12-31,2,,,,,,,,,,,,,,,,,,,,,,,,,,,,,,,,,,,5105794,false,false,6,2018-01-01,2018-06-30,-1
2019-11-01,97020,2019-12-31,3,16590000000,0.283,,,,,847000000,0.252,863000000,0.256,,463000000,,90.71,,,,,,11962000000,6506000000,0.543,,6499000000,,,,,,,,,,,,true,false,9,2019-01-01,2019-09-30,0
2019-11-01,97020,2018-12-31,3,12930000000,0.053,,,,,676000000,0.512,687000000,0.536,,409000000,,80.19,,,,,,,,,,,,,,,,,,,,,,true,false,9,2018-01-01,2018-09-30,-1
2019-11-01,97020,2019-12-31,3,22500000000,0.290,,,,,950000000,0.093,980000000,0.068,,580000000,,113.60,,,,,,,,,,,,,,,,,,,,,,true,true,12,2019-01-01,2019-12-31,0
2019-11-01,97020,2018-12-31,3,,,,,,,,,,,,,,,,,,,,9955000000,6185000000,0.621,,6185000000,,,,,,,,,,,,true,false,12,2018-01-01,2018-12-31,-1
2019-11-01,97020,2018-12-31,3,,,,,,,,,,,,,,,,,,,,,,,,,,,,,33.00,,,,5105800,7,,false,false,12,2018-01-01,2018-12-31,-1
2019-11-01,97020,2019-12-31,3,,,,,,,,,,,,,,,,,,,,,,,,,,,,,0.00,,,,,,,false,false,12,2019-01-01,2019-12-31,0
2019-11-01,97020,2019-12-31,3,,,,,,,,,,,,,,,,,,,,,,,,,,,,,33.00,,,,,,,false,true,12,2019-01-01,2019-12-31,0
2019-11-01,97020,2019-12-31,3,,,,,,,,,,,,,,,,,,,,,,,,,,,,,,,,,5105800,56,5105782,false,false,9,2019-01-01,2019-09-30,0
2019-11-01,97020,2018-12-31,3,,,,,,,,,,,,,,,,,,,,,,,,,,,,,,,,,,,5105794,false,false,9,2018-01-01,2018-09-30,-1
2020-02-14,97020,2019-12-31,,22520000000,0.291,,,,,1193000000,0.374,1227000000,0.338,,633000000,,124.04,,0.098,0.111,0.053,,12243000000,6687000000,0.546,1309.81,6687000000,1347000000,-1042000000,-176000000,3660000000,,0.306,,,,,,true,false,12,2019-01-01,2019-12-31,0
2020-02-14,97020,2018-12-31,,17441000000,0.046,,,,,868000000,0.456,917000000,0.463,,546000000,,107.11,,0.091,0.096,0.050,,9955000000,6185000000,0.621,1211.53,6185000000,1155000000,-141000000,-130000000,3534000000,,0.308,,,,,,true,false,12,2018-01-01,2018-12-31,-1
2020-02-14,97020,2020-12-31,,11500000000,0.046,,,,,600000000,0.028,604000000,0.004,,326000000,,63.85,,,,,,,,,,,,,,,,,,,,,,true,true,6,2020-01-01,2020-06-30,1
2020-02-14,97020,2020-12-31,,24000000000,0.066,,,,,1250000000,0.047,1280000000,0.043,,680000000,,133.18,,,,,,,,,,,,,,,,0.375,,,,,,true,true,12,2020-01-01,2020-12-31,1
2020-02-14,97020,2019-12-31,,11545000000,0.044,,,,,543000000,0.093,1492000000,1.516,1265000000,,2.196,247.92,,,,,,9080000000,6361000000,0.701,1245.98,6361000000,,,,,38.00,,,,5105800,56,5105772,false,false,12,2019-01-01,2019-12-31,0
2020-02-14,97020,2018-12-31,,11056000000,0.066,,,,,497000000,0.471,593000000,0.407,396000000,,0.731,77.57,,,,,,7725000000,5235000000,0.676,1025.49,5235000000,,,,,33.00,,,,5105800,7,5105794,false,false,12,2018-01-01,2018-12-31,-1
2020-02-14,97020,2020-12-31,,,,,,,,,,,,,,,,,,,,,,,,,,,,,,50.00,,,,,,,false,true,12,2020-01-01,2020-12-31,1
2020-05-15,97020,2020-12-31,1,6335000000,0.112,,,,,619000000,0.292,621000000,0.268,,322000000,,63.08,,,,,,12489000000,6778000000,0.543,,6778000000,,,,,,,,,,,,true,false,3,2020-01-01,2020-03-31,0
2020-05-15,97020,2019-12-31,1,5697000000,0.272,,,,,479000000,0.164,490000000,0.180,,305000000,,59.74,,,,,,,,,,,,,,,,,,,,,,true,false,3,2019-01-01,2019-03-31,-1
2020-05-15,97020,2020-12-31,1,11500000000,0.046,,,,,600000000,0.028,604000000,0.004,,326000000,,63.85,,,,,,,,,,,,,,,,,,,,,,true,true,6,2020-01-01,2020-06-30,0
2020-05-15,97020,2020-12-31,1,24000000000,0.066,,,,,1250000000,0.047,1280000000,0.043,,680000000,,133.18,,,,,,,,,,,,,,,,,,,,,,true,true,12,2020-01-01,2020-12-31,0
2020-05-15,97020,2019-12-31,1,,,,,,,,,,,,,,,,,,,,12243000000,6687000000,0.546,,6687000000,,,,,,,,,,,,true,false,12,2019-01-01,2019-12-31,-1
2020-05-15,97020,2019-12-31,1,,,,,,,,,,,,,,,,,,,,,,,,,,,,,38.00,,,,5105800,56,,false,false,12,2019-01-01,2019-12-31,-1
2020-05-15,97020,2020-12-31,1,,,,,,,,,,,,,,,,,,,,,,,,,,,,,50.00,,,,,,,false,true,12,2020-01-01,2020-12-31,0
2020-05-15,97020,2020-12-31,1,,,,,,,,,,,,,,,,,,,,,,,,,,,,,,,,,5105800,56,5105744,false,false,3,2020-01-01,2020-03-31,0
2020-05-15,97020,2019-12-31,1,,,,,,,,,,,,,,,,,,,,,,,,,,,,,,,,,,,5105793,false,false,3,2019-01-01,2019-03-31,-1
2020-07-31,97020,2020-12-31,2,12131000000,0.104,,,,,883000000,0.514,905000000,0.505,,497000000,,97.30,,,,,,12470000000,7002000000,0.561,,7002000000,,,,,,,,,,,,true,false,6,2020-01-01,2020-06-30,0
2020-07-31,97020,2019-12-31,2,10992000000,0.265,,,,,583000000,0.123,601000000,0.135,,325000000,,63.75,,,,,,,,,,,,,,,,,,,,,,true,false,6,2019-01-01,2019-06-30,-1
2020-07-31,97020,2020-12-31,2,24631000000,0.094,,,,,1533000000,0.284,1581000000,0.288,,851000000,,166.21,,,,,,,,,,,,,,,,,,,,,,true,true,12,2020-01-01,2020-12-31,0
2020-07-31,97020,2019-12-31,2,,,,,,,,,,,,,,,,,,,,12243000000,6687000000,0.546,,6687000000,,,,,,,,,,,,true,false,12,2019-01-01,2019-12-31,-1
2020-07-31,97020,2019-12-31,2,,,,,,,,,,,,,,,,,,,,,,,,,,,,,38.00,,,,5105800,56,,false,false,12,2019-01-01,2019-12-31,-1
2020-07-31,97020,2020-12-31,2,,,,,,,,,,,,,,,,,,,,,,,,,,,,,0.00,,,,,,,false,false,12,2020-01-01,2020-12-31,0
2020-07-31,97020,2020-12-31,2,,,,,,,,,,,,,,,,,,,,,,,,,,,,,50.00,,,,,,,false,true,12,2020-01-01,2020-12-31,0
2020-07-31,97020,2020-12-31,2,,,,,,,,,,,,,,,,,,,,,,,,,,,,,,,,,5119952,56,5110798,false,false,6,2020-01-01,2020-06-30,0
2020-07-31,97020,2019-12-31,2,,,,,,,,,,,,,,,,,,,,,,,,,,,,,,,,,,,5105793,false,false,6,2019-01-01,2019-06-30,-1
2020-10-30,97020,2020-12-31,3,18092000000,0.091,,,,,1266000000,0.495,1298000000,0.503,,700000000,,135.81,,,,,,13064000000,8277000000,0.634,,8277000000,,,,,,,,,,,,true,false,9,2020-01-01,2020-09-30,0
2020-10-30,97020,2019-12-31,3,16590000000,0.283,,,,,847000000,0.252,863000000,0.256,,463000000,,90.71,,,,,,,,,,,,,,,,,,,,,,true,false,9,2019-01-01,2019-09-30,-1
2020-10-30,97020,2020-12-31,3,24631000000,0.094,,,,,1533000000,0.284,1581000000,0.288,,851000000,,165.06,,,,,,,,,,,,,,,,,,,,,,true,true,12,2020-01-01,2020-12-31,0
2020-10-30,97020,2019-12-31,3,,,,,,,,,,,,,,,,,,,,12243000000,6687000000,0.546,,6687000000,,,,,,,,,,,,true,false,12,2019-01-01,2019-12-31,-1
2020-10-30,97020,2019-12-31,3,,,,,,,,,,,,,,,,,,,,,,,,,,,,,38.00,,,,5105800,56,,false,false,12,2019-01-01,2019-12-31,-1
2020-10-30,97020,2020-12-31,3,,,,,,,,,,,,,,,,,,,,,,,,,,,,,0.00,,,,,,,false,false,12,2020-01-01,2020-12-31,0
2020-10-30,97020,2020-12-31,3,,,,,,,,,,,,,,,,,,,,,,,,,,,,,50.00,,,,,,,false,true,12,2020-01-01,2020-12-31,0
2020-10-30,97020,2020-12-31,3,,,,,,,,,,,,,,,,,,,,,,,,,,,,,,,,,5598952,56,5155809,false,false,9,2020-01-01,2020-09-30,0
2020-10-30,97020,2019-12-31,3,,,,,,,,,,,,,,,,,,,,,,,,,,,,,,,,,,,5105782,false,false,9,2019-01-01,2019-09-30,-1
,97020,2020-12-31,,,,,,,,,,,,,,,,,,,,,,,,,,,,,,56.00,,,,,,,false,true,12,2020-01-01,2020-12-31,0
,97020,2020-12-31,,,,,,,,,,,,,,,,,,,,,,,,,,,,,,0.00,,,,,,,false,false,12,2020-01-01,2020-12-31,0
,97020,2019-12-31,,,,,,,,,,,,,,,,,,,,,,,,,,,,,,38.00,,,,,,,false,false,12,2019-01-01,2019-12-31,-1
2021-02-15,97020,2020-12-31,,24434000000,0.085,,,,,1644000000,0.377,1712000000,0.395,,994000000,,94.10,,0.129,0.133,0.067,,13505000000,8755000000,0.648,772.12,8755000000,1863000000,-132000000,-185000000,5196000000,,0.335,,,,,,true,false,12,2020-01-01,2020-12-31,0
2021-02-15,97020,2019-12-31,,22520000000,0.291,,,,,1193000000,0.374,1227000000,0.338,,633000000,,62.02,,0.098,0.111,0.053,,12243000000,6687000000,0.546,654.90,6687000000,1347000000,-1042000000,-176000000,3660000000,,0.306,,,,,,true,false,12,2019-01-01,2019-12-31,-1
2021-02-15,97020,2021-12-31,,12500000000,0.030,,,,,820000000,-0.072,850000000,-0.061,,490000000,,43.21,,,,,,,,,,,,,,,,,,,,,,true,true,6,2021-01-01,2021-06-30,1
2021-02-15,97020,2021-12-31,,26000000000,0.064,,,,,1770000000,0.077,1850000000,0.080,,1070000000,,94.36,,,,,,,,,,,,,,,,0.307,,,,,,true,true,12,2021-01-01,2021-12-31,1
2021-02-15,97020,2020-12-31,,12188000000,0.056,,,,,611000000,0.124,1040000000,-0.303,780000000,,-0.383,68.86,,,,,,10398000000,8231000000,0.792,725.88,8231000000,,,,,63.00,,,,11339904,112,10567738,false,false,12,2020-01-01,2020-12-31,0
2021-02-15,97020,2019-12-31,,11545000000,0.044,,,,,543000000,0.093,1492000000,1.516,1265000000,,2.196,123.96,,,,,,9080000000,6361000000,0.701,622.99,6361000000,,,,,38.00,,,,10211600,112,10211544,false,false,12,2019-01-01,2019-12-31,-1
2021-02-15,97020,2021-12-31,,,,,,,,,,,,,,,,,,,,,,,,,,,,,,29.00,,,,,,,false,true,12,2021-01-01,2021-12-31,1
2021-04-28,97020,2021-12-31,1,6686000000,0.055,,,,,826000000,0.335,845000000,0.361,,532000000,,47.00,,,,,,13561000000,8949000000,0.660,,8949000000,,,,,,,,,,,,true,false,3,2021-01-01,2021-03-31,0
2021-04-28,97020,2020-12-31,1,6335000000,0.112,,,,,619000000,0.292,621000000,0.268,,322000000,,31.54,,,,,,,,,,,,,,,,,,,,,,true,false,3,2020-01-01,2020-03-31,-1
2021-04-28,97020,2021-12-31,1,12500000000,0.030,,,,,820000000,-0.072,850000000,-0.061,,490000000,,43.21,,,,,,,,,,,,,,,,,,,,,,true,true,6,2021-01-01,2021-06-30,0
2021-04-28,97020,2021-12-31,1,26000000000,0.064,,,,,1770000000,0.077,1850000000,0.080,,1070000000,,94.36,,,,,,,,,,,,,,,,,,,,,,true,true,12,2021-01-01,2021-12-31,0
2021-04-28,97020,2020-12-31,1,,,,,,,,,,,,,,,,,,,,13505000000,8755000000,0.648,,8755000000,,,,,,,,,,,,true,false,12,2020-01-01,2020-12-31,-1
2021-04-28,97020,2020-12-31,1,,,,,,,,,,,,,,,,,,,,,,,,,,,,,63.00,,,,11339904,112,,false,false,12,2020-01-01,2020-12-31,-1
2021-04-28,97020,2021-12-31,1,,,,,,,,,,,,,,,,,,,,,,,,,,,,,29.00,,,,,,,false,true,12,2021-01-01,2021-12-31,0
2021-04-28,97020,2021-12-31,1,,,,,,,,,,,,,,,,,,,,,,,,,,,,,,,,,11339904,112,11339792,false,false,3,2021-01-01,2021-03-31,0
2021-04-28,97020,2020-12-31,1,,,,,,,,,,,,,,,,,,,,,,,,,,,,,,,,,,,10211488,false,false,3,2020-01-01,2020-03-31,-1
2021-07-30,97020,2021-12-31,2,12845000000,0.059,,,,,1021000000,0.156,1052000000,0.163,,648000000,,57.13,,,,,,13342000000,9096000000,0.682,,9096000000,,,,,,,,,,,,true,false,6,2021-01-01,2021-06-30,0
2021-07-30,97020,2020-12-31,2,12131000000,0.104,,,,,883000000,0.514,905000000,0.505,,497000000,,48.65,,,,,,,,,,,,,,,,,,,,,,true,false,6,2020-01-01,2020-06-30,-1
2021-07-30,97020,2021-12-31,2,26000000000,0.064,,,,,1770000000,0.077,1850000000,0.080,,1070000000,,94.36,,,,,,,,,,,,,,,,,,,,,,true,true,12,2021-01-01,2021-12-31,0
2021-07-30,97020,2020-12-31,2,,,,,,,,,,,,,,,,,,,,13505000000,8755000000,0.648,,8755000000,,,,,,,,,,,,true,false,12,2020-01-01,2020-12-31,-1
2021-07-30,97020,2020-12-31,2,,,,,,,,,,,,,,,,,,,,,,,,,,,,,63.00,,,,11339904,112,,false,false,12,2020-01-01,2020-12-31,-1
2021-07-30,97020,2021-12-31,2,,,,,,,,,,,,,,,,,,,,,,,,,,,,,0.00,,,,,,,false,false,12,2021-01-01,2021-12-31,0
2021-07-30,97020,2021-12-31,2,,,,,,,,,,,,,,,,,,,,,,,,,,,,,29.00,,,,,,,false,true,12,2021-01-01,2021-12-31,0
2021-07-30,97020,2021-12-31,2,,,,,,,,,,,,,,,,,,,,,,,,,,,,,,,,,11363159,112,11348272,false,false,6,2021-01-01,2021-06-30,0
2021-07-30,97020,2020-12-31,2,,,,,,,,,,,,,,,,,,,,,,,,,,,,,,,,,,,10221596,false,false,6,2020-01-01,2020-06-30,-1
2021-10-29,97020,2021-12-31,3,19138000000,0.058,,,,,1330000000,0.051,1376000000,0.060,,784000000,,69.09,,,,,,13466000000,9224000000,0.685,,9224000000,,,,,,,,,,,,true,false,9,2021-01-01,2021-09-30,0
2021-10-29,97020,2020-12-31,3,18092000000,0.091,,,,,1266000000,0.495,1298000000,0.503,,700000000,,67.90,,,,,,,,,,,,,,,,,,,,,,true,false,9,2020-01-01,2020-09-30,-1
2021-10-29,97020,2021-12-31,3,26000000000,0.064,,,,,1770000000,0.077,1850000000,0.080,,1070000000,,94.36,,,,,,,,,,,,,,,,,,,,,,true,true,12,2021-01-01,2021-12-31,0
2021-10-29,97020,2020-12-31,3,,,,,,,,,,,,,,,,,,,,13505000000,8755000000,0.648,,8755000000,,,,,,,,,,,,true,false,12,2020-01-01,2020-12-31,-1
2021-10-29,97020,2020-12-31,3,,,,,,,,,,,,,,,,,,,,,,,,,,,,,63.00,,,,11339904,112,,false,false,12,2020-01-01,2020-12-31,-1
2021-10-29,97020,2021-12-31,3,,,,,,,,,,,,,,,,,,,,,,,,,,,,,0.00,,,,,,,false,false,12,2021-01-01,2021-12-31,0
2021-10-29,97020,2021-12-31,3,,,,,,,,,,,,,,,,,,,,,,,,,,,,,29.00,,,,,,,false,true,12,2021-01-01,2021-12-31,0
2021-10-29,97020,2021-12-31,3,,,,,,,,,,,,,,,,,,,,,,,,,,,,,,,,,11363159,112,11353251,false,false,9,2021-01-01,2021-09-30,0
2021-10-29,97020,2020-12-31,3,,,,,,,,,,,,,,,,,,,,,,,,,,,,,,,,,,,10311618,false,false,9,2020-01-01,2020-09-30,-1
2022-02-14,97020,2021-12-31,,26176000000,0.071,,,,,1869000000,0.137,1940000000,0.133,,1110000000,,97.77,,0.121,0.139,0.071,,14361000000,9557000000,0.666,841.13,9557000000,1457000000,-202000000,-402000000,6071000000,,0.307,,,,,,true,false,12,2021-01-01,2021-12-31,0
2022-02-14,97020,2020-12-31,,24434000000,0.085,,,,,1644000000,0.377,1712000000,0.395,,994000000,,94.10,,0.129,0.133,0.067,,13505000000,8755000000,0.648,772.12,8755000000,1863000000,-132000000,-185000000,5196000000,,0.335,,,,,,true,false,12,2020-01-01,2020-12-31,-1
2022-02-14,97020,2022-12-31,,13500000000,0.051,,,,,890000000,-0.129,910000000,-0.136,,530000000,,46.64,,,,,,,,,,,,,,,,,,,,,,true,true,6,2022-01-01,2022-06-30,1
2022-02-14,97020,2022-12-31,,28000000000,0.070,,,,,2070000000,0.107,2130000000,0.098,,1240000000,,109.13,,,,,,,,,,,,,,,,0.302,,,,,,true,true,12,2022-01-01,2022-12-31,1
2022-02-14,97020,2021-12-31,,12970000000,0.064,,,,,783000000,0.282,1303000000,0.253,989000000,,0.268,87.17,,,,,,11075000000,8896000000,0.803,782.93,8896000000,,,,,30.00,,,,11363159,112,11355720,false,false,12,2021-01-01,2021-12-31,0
2022-02-14,97020,2020-12-31,,12188000000,0.056,,,,,611000000,0.124,1040000000,-0.303,780000000,,-0.383,68.86,,,,,,10398000000,8231000000,0.792,725.88,8231000000,,,,,63.00,,,,11339904,112,10567738,false,false,12,2020-01-01,2020-12-31,-1
2022-02-14,97020,2022-12-31,,,,,,,,,,,,,,,,,,,,,,,,,,,,,,33.00,,,,,,,false,true,12,2022-01-01,2022-12-31,1
2022-04-28,97020,2022-12-31,1,7056000000,0.055,,,,,695000000,-0.158,697000000,-0.175,,445000000,,39.18,,,,,,14485000000,9686000000,0.669,,9686000000,,,,,,,,,,,,true,false,3,2022-01-01,2022-03-31,0
2022-04-28,97020,2021-12-31,1,6686000000,0.055,,,,,826000000,0.335,845000000,0.361,,532000000,,47.00,,,,,,,,,,,,,,,,,,,,,,true,false,3,2021-01-01,2021-03-31,-1
2022-04-28,97020,2022-12-31,1,13500000000,0.051,,,,,890000000,-0.129,910000000,-0.136,,530000000,,46.64,,,,,,,,,,,,,,,,,,,,,,true,true,6,2022-01-01,2022-06-30,0
2022-04-28,97020,2022-12-31,1,28000000000,0.070,,,,,2070000000,0.107,2130000000,0.098,,1240000000,,109.13,,,,,,,,,,,,,,,,,,,,,,true,true,12,2022-01-01,2022-12-31,0
2022-04-28,97020,2021-12-31,1,,,,,,,,,,,,,,,,,,,,14361000000,9557000000,0.666,,9557000000,,,,,,,,,,,,true,false,12,2021-01-01,2021-12-31,-1
2022-04-28,97020,2021-12-31,1,,,,,,,,,,,,,,,,,,,,,,,,,,,,,30.00,,,,11363159,112,,false,false,12,2021-01-01,2021-12-31,-1
2022-04-28,97020,2022-12-31,1,,,,,,,,,,,,,,,,,,,,,,,,,,,,,33.00,,,,,,,false,true,12,2022-01-01,2022-12-31,0
2022-04-28,97020,2022-12-31,1,,,,,,,,,,,,,,,,,,,,,,,,,,,,,,,,,11363159,112,11363047,false,false,3,2022-01-01,2022-03-31,0
2022-04-28,97020,2021-12-31,1,,,,,,,,,,,,,,,,,,,,,,,,,,,,,,,,,,,11339792,false,false,3,2021-01-01,2021-03-31,-1
2022-07-29,97020,2022-12-31,2,14173000000,0.103,,,,,1106000000,0.083,1133000000,0.077,,694000000,,61.07,,,,,,14572000000,9983000000,0.685,,9983000000,,,,,,,,,,,,true,false,6,2022-01-01,2022-06-30,0
2022-07-29,97020,2021-12-31,2,12845000000,0.059,,,,,1021000000,0.156,1052000000,0.163,,648000000,,57.13,,,,,,,,,,,,,,,,,,,,,,true,false,6,2021-01-01,2021-06-30,-1
2022-07-29,97020,2022-12-31,2,28673000000,0.095,,,,,2286000000,0.222,2353000000,0.212,,1404000000,,123.28,,,,,,,,,,,,,,,,,,,,,,true,true,12,2022-01-01,2022-12-31,0
2022-07-29,97020,2021-12-31,2,,,,,,,,,,,,,,,,,,,,14361000000,9557000000,0.666,,9557000000,,,,,,,,,,,,true,false,12,2021-01-01,2021-12-31,-1
2022-07-29,97020,2021-12-31,2,,,,,,,,,,,,,,,,,,,,,,,,,,,,,30.00,,,,11363159,112,,false,false,12,2021-01-01,2021-12-31,-1
2022-07-29,97020,2022-12-31,2,,,,,,,,,,,,,,,,,,,,,,,,,,,,,0.00,,,,,,,false,false,12,2022-01-01,2022-12-31,0
2022-07-29,97020,2022-12-31,2,,,,,,,,,,,,,,,,,,,,,,,,,,,,,37.00,,,,,,,false,true,12,2022-01-01,2022-12-31,0
2022-07-29,97020,2022-12-31,2,,,,,,,,,,,,,,,,,,,,,,,,,,,,,,,,,11388716,112,11372507,false,false,6,2022-01-01,2022-06-30,0
2022-07-29,97020,2021-12-31,2,,,,,,,,,,,,,,,,,,,,,,,,,,,,,,,,,,,11348272,false,false,6,2021-01-01,2021-06-30,-1
2022-10-31,97020,2022-12-31,3,21426000000,0.120,,,,,1722000000,0.295,1762000000,0.280,,1049000000,,92.28,,,,,,15222000000,10352000000,0.680,,10352000000,,,,,,,,,,,,true,false,9,2022-01-01,2022-09-30,0
2022-10-31,97020,2021-12-31,3,19138000000,0.058,,,,,1330000000,0.051,1376000000,0.060,,784000000,,69.09,,,,,,,,,,,,,,,,,,,,,,true,false,9,2021-01-01,2021-09-30,-1
2022-10-31,97020,2022-12-31,3,28673000000,0.095,,,,,2286000000,0.222,2353000000,0.212,,1404000000,,123.28,,,,,,,,,,,,,,,,,,,,,,true,true,12,2022-01-01,2022-12-31,0
2022-10-31,97020,2021-12-31,3,,,,,,,,,,,,,,,,,,,,14361000000,9557000000,0.666,,9557000000,,,,,,,,,,,,true,false,12,2021-01-01,2021-12-31,-1
2022-10-31,97020,2021-12-31,3,,,,,,,,,,,,,,,,,,,,,,,,,,,,,30.00,,,,11363159,112,,false,false,12,2021-01-01,2021-12-31,-1
2022-10-31,97020,2022-12-31,3,,,,,,,,,,,,,,,,,,,,,,,,,,,,,0.00,,,,,,,false,false,12,2022-01-01,2022-12-31,0
2022-10-31,97020,2022-12-31,3,,,,,,,,,,,,,,,,,,,,,,,,,,,,,37.00,,,,,,,false,true,12,2022-01-01,2022-12-31,0
2022-10-31,97020,2022-12-31,3,,,,,,,,,,,,,,,,,,,,,,,,,,,,,,,,,11388716,112,11377932,false,false,9,2022-01-01,2022-09-30,0
2022-10-31,97020,2021-12-31,3,,,,,,,,,,,,,,,,,,,,,,,,,,,,,,,,,,,11353251,false,false,9,2021-01-01,2021-09-30,-1
2023-02-28,97020,2022-12-31,,28952000000,0.106,,,,,2319000000,0.240,2401000000,0.237,,1423000000,,125.12,,0.267,0.156,0.080,,16458000000,10682000000,0.649,938.03,10682000000,1943000000,-90000000,-341000000,7626000000,,0.320,,,,,,true,false,12,2022-01-01,2022-12-31,0
2023-02-28,97020,2021-12-31,,26176000000,0.071,,,,,1869000000,0.137,1940000000,0.133,,1110000000,,97.77,,0.121,0.139,0.071,,14361000000,9557000000,0.666,841.13,9557000000,1457000000,-202000000,-402000000,6071000000,,0.307,,,,,,true,false,12,2021-01-01,2021-12-31,-1
2023-02-28,97020,2023-12-31,,14500000000,0.023,,,,,1000000000,-0.096,1000000000,-0.118,,550000000,,48.29,,,,,,,,,,,,,,,,,,,,,,true,true,6,2023-01-01,2023-06-30,1
2023-02-28,97020,2023-12-31,,30000000000,0.036,,,,,2400000000,0.035,2430000000,0.012,,1440000000,,126.44,,,,,,,,,,,,,,,,0.304,,,,,,true,true,12,2023-01-01,2023-12-31,1
2023-02-28,97020,2022-12-31,,14679000000,0.132,,,,,917000000,0.171,1417000000,0.087,1103000000,,0.115,96.95,,,,,,12250000000,9661000000,0.789,848.37,9661000000,,,,,40.00,,,,11388716,112,11380622,false,false,12,2022-01-01,2022-12-31,0
2023-02-28,97020,2021-12-31,,12970000000,0.064,,,,,783000000,0.282,1303000000,0.253,989000000,,0.268,87.17,,,,,,11075000000,8896000000,0.803,782.93,8896000000,,,,,30.00,,,,11363159,112,11355720,false,false,12,2021-01-01,2021-12-31,-1
2023-02-28,97020,2023-12-31,,,,,,,,,,,,,,,,,,,,,,,,,,,,,,38.00,,,,,,,false,true,12,2023-01-01,2023-12-31,1
2023-02-28,97020,2022-12-31,,28952000000,0.106,,,,,2319000000,0.240,2401000000,0.237,,1423000000,,125.12,,0.267,0.156,0.080,,16458000000,10682000000,0.649,938.03,10682000000,1926000000,-73000000,-341000000,7626000000,,0.320,,,,,,true,false,12,2022-01-01,2022-12-31,0
2023-02-28,97020,2021-12-31,,26176000000,0.071,,,,,1869000000,0.137,1940000000,0.133,,1110000000,,97.77,,0.121,0.139,0.071,,14361000000,9557000000,0.666,841.13,9557000000,1457000000,-202000000,-402000000,6071000000,,0.307,,,,,,true,false,12,2021-01-01,2021-12-31,-1
2023-02-28,97020,2023-12-31,,14500000000,0.023,,,,,1000000000,-0.096,1000000000,-0.118,,550000000,,48.29,,,,,,,,,,,,,,,,,,,,,,true,true,6,2023-01-01,2023-06-30,1
2023-02-28,97020,2023-12-31,,30000000000,0.036,,,,,2400000000,0.035,2430000000,0.012,,1440000000,,126.44,,,,,,,,,,,,,,,,0.304,,,,,,true,true,12,2023-01-01,2023-12-31,1
2023-02-28,97020,2022-12-31,,14679000000,0.132,,,,,917000000,0.171,1417000000,0.087,1103000000,,0.115,96.95,,,,,,12250000000,9661000000,0.789,848.37,9661000000,,,,,40.00,,,,11388716,112,11380622,false,false,12,2022-01-01,2022-12-31,0
2023-02-28,97020,2021-12-31,,12970000000,0.064,,,,,783000000,0.282,1303000000,0.253,989000000,,0.268,87.17,,,,,,11075000000,8896000000,0.803,782.93,8896000000,,,,,30.00,,,,11363159,112,11355720,false,false,12,2021-01-01,2021-12-31,-1
2023-02-28,97020,2023-12-31,,,,,,,,,,,,,,,,,,,,,,,,,,,,,,38.00,,,,,,,false,true,12,2023-01-01,2023-12-31,1
2023-04-28,97020,2023-12-31,1,8366000000,0.186,,,,,1030000000,0.480,1042000000,0.495,,579000000,,50.93,,,,,,16562000000,10817000000,0.653,,10817000000,,,,,,,,,,,,true,false,3,2023-01-01,2023-03-31,0
2023-04-28,97020,2022-12-31,1,7056000000,0.055,,,,,695000000,-0.158,697000000,-0.175,,445000000,,39.18,,,,,,,,,,,,,,,,,,,,,,true,false,3,2022-01-01,2022-03-31,-1
2023-04-28,97020,2023-12-31,1,15500000000,0.094,,,,,1200000000,0.085,1215000000,0.072,,700000000,,61.46,,,,,,,,,,,,,,,,,,,,,,true,true,6,2023-01-01,2023-06-30,0
2023-04-28,97020,2023-12-31,1,31000000000,0.071,,,,,2600000000,0.121,2645000000,0.102,,1590000000,,139.61,,,,,,,,,,,,,,,,,,,,,,true,true,12,2023-01-01,2023-12-31,0
2023-04-28,97020,2022-12-31,1,,,,,,,,,,,,,,,,,,,,16458000000,10682000000,0.649,,10682000000,,,,,,,,,,,,true,false,12,2022-01-01,2022-12-31,-1
2023-04-28,97020,2022-12-31,1,,,,,,,,,,,,,,,,,,,,,,,,,,,,,40.00,,,,11388716,112,,false,false,12,2022-01-01,2022-12-31,-1
2023-04-28,97020,2023-12-31,1,,,,,,,,,,,,,,,,,,,,,,,,,,,,,42.00,,,,,,,false,true,12,2023-01-01,2023-12-31,0
2023-04-28,97020,2023-12-31,1,,,,,,,,,,,,,,,,,,,,,,,,,,,,,,,,,11388716,112,11388604,false,false,3,2023-01-01,2023-03-31,0
2023-04-28,97020,2022-12-31,1,,,,,,,,,,,,,,,,,,,,,,,,,,,,,,,,,,,11363047,false,false,3,2022-01-01,2022-03-31,-1
2023-04-28,97020,2023-12-31,1,8366000000,0.186,,,,,1030000000,0.480,1042000000,0.495,,579000000,,50.93,,,,,,16467000000,10817000000,0.657,,10817000000,,,,,,,,,,,,true,false,3,2023-01-01,2023-03-31,0
2023-04-28,97020,2022-12-31,1,7056000000,0.055,,,,,695000000,-0.158,697000000,-0.175,,445000000,,39.18,,,,,,,,,,,,,,,,,,,,,,true,false,3,2022-01-01,2022-03-31,-1
2023-04-28,97020,2023-12-31,1,15500000000,0.094,,,,,1200000000,0.085,1215000000,0.072,,700000000,,61.46,,,,,,,,,,,,,,,,,,,,,,true,true,6,2023-01-01,2023-06-30,0
2023-04-28,97020,2023-12-31,1,31000000000,0.071,,,,,2600000000,0.121,2645000000,0.102,,1590000000,,139.61,,,,,,,,,,,,,,,,,,,,,,true,true,12,2023-01-01,2023-12-31,0
2023-04-28,97020,2022-12-31,1,,,,,,,,,,,,,,,,,,,,16458000000,10682000000,0.649,,10682000000,,,,,,,,,,,,true,false,12,2022-01-01,2022-12-31,-1
2023-04-28,97020,2022-12-31,1,,,,,,,,,,,,,,,,,,,,,,,,,,,,,40.00,,,,11388716,112,,false,false,12,2022-01-01,2022-12-31,-1
2023-04-28,97020,2023-12-31,1,,,,,,,,,,,,,,,,,,,,,,,,,,,,,42.00,,,,,,,false,true,12,2023-01-01,2023-12-31,0
2023-04-28,97020,2023-12-31,1,,,,,,,,,,,,,,,,,,,,,,,,,,,,,,,,,11388716,112,11388604,false,false,3,2023-01-01,2023-03-31,0
2023-04-28,97020,2022-12-31,1,,,,,,,,,,,,,,,,,,,,,,,,,,,,,,,,,,,11363047,false,false,3,2022-01-01,2022-03-31,-1
2023-07-31,9702,2023-12-31,2,15919000000,0.123,,,,,1315000000,0.189,1340000000,0.183,,762000000,,66.94,,,,,,16352000000,11101000000,0.679,,11101000000,,,,,,,,,,,,true,false,6,2023-01-01,2023-06-30,0
2023-07-31,9702,2022-12-31,2,14173000000,0.103,,,,,1106000000,0.083,1133000000,0.077,,694000000,,61.07,,,,,,,,,,,,,,,,,,,,,,true,false,6,2022-01-01,2022-06-30,-1
2023-07-31,9702,2023-12-31,2,31000000000,0.071,,,,,2600000000,0.121,2645000000,0.102,,1590000000,,139.61,,,,,,,,,,,,,,,,,,,,,,true,true,12,2023-01-01,2023-12-31,0
2023-07-31,9702,2022-12-31,2,,,,,,,,,,,,,,,,,,,,16458000000,10682000000,0.649,,10682000000,,,,,,,,,,,,true,false,12,2022-01-01,2022-12-31,-1
2023-07-31,9702,2022-12-31,2,,,,,,,,,,,,,,,,,,,,,,,,,,,,,40.00,,,,11388716,112,,false,false,12,2022-01-01,2022-12-31,-1
2023-07-31,9702,2023-12-31,2,,,,,,,,,,,,,,,,,,,,,,,,,,,,,42.00,,,,,,,false,true,12,2023-01-01,2023-12-31,0
2023-07-31,9702,2023-12-31,2,,,,,,,,,,,,,,,,,,,,,,,,,,,,,,,,,11417900,112,11398923,false,false,6,2023-01-01,2023-06-30,0
2023-07-31,9702,2022-12-31,2,,,,,,,,,,,,,,,,,,,,,,,,,,,,,,,,,,,11372507,false,false,6,2022-01-01,2022-06-30,-1
2023-10-30,9702,2023-12-31,3,24073000000,0.124,,,,,2093000000,0.215,2143000000,0.217,,1241000000,,108.90,,,,,,17189000000,11607000000,0.675,,11607000000,,,,,,,,,,,,true,false,9,2023-01-01,2023-09-30,0
2023-10-30,9702,2022-12-31,3,21426000000,0.120,,,,,1722000000,0.295,1762000000,0.280,,1049000000,,92.28,,,,,,,,,,,,,,,,,,,,,,true,false,9,2022-01-01,2022-09-30,-1
2023-10-30,9702,2023-12-31,3,31000000000,0.071,,,,,2600000000,0.121,2645000000,0.102,,1590000000,,139.61,,,,,,,,,,,,,,,,,,,,,,true,true,12,2023-01-01,2023-12-31,0
2023-10-30,9702,2022-12-31,3,,,,,,,,,,,,,,,,,,,,16458000000,10682000000,0.649,,10682000000,,,,,,,,,,,,true,false,12,2022-01-01,2022-12-31,-1
2023-10-30,9702,2022-12-31,3,,,,,,,,,,,,,,,,,,,,,,,,,,,,,40.00,,,,11388716,112,,false,false,12,2022-01-01,2022-12-31,-1
2023-10-30,9702,2023-12-31,3,,,,,,,,,,,,,,,,,,,,,,,,,,,,,0.00,,,,,,,false,false,12,2023-01-01,2023-12-31,0
2023-10-30,9702,2023-12-31,3,,,,,,,,,,,,,,,,,,,,,,,,,,,,,42.00,,,,,,,false,true,12,2023-01-01,2023-12-31,0
2023-10-30,9702,2023-12-31,3,,,,,,,,,,,,,,,,,,,,,,,,,,,,,,,,,11417900,112,11405281,false,false,9,2023-01-01,2023-09-30,0
2023-10-30,9702,2022-12-31,3,,,,,,,,,,,,,,,,,,,,,,,,,,,,,,,,,,,11377932,false,false,9,2022-01-01,2022-09-30,-1
2024-02-14,9702,2023-12-31,,32388000000,0.119,,,,,2734000000,0.179,2810000000,0.170,,1472000000,,129.07,,0.131,0.163,0.084,,17988000000,11821000000,0.657,1035.37,11821000000,1945000000,-270000000,-454000000,8872000000,,0.325,,,,,,true,false,12,2023-01-01,2023-12-31,0
2024-02-14,9702,2022-12-31,,28952000000,0.106,,,,,2319000000,0.240,2401000000,0.237,,1423000000,,125.12,,0.267,0.156,0.080,,16458000000,10682000000,0.649,938.03,10682000000,1926000000,-73000000,-341000000,7626000000,,0.320,,,,,,true,false,12,2022-01-01,2022-12-31,-1
2024-02-14,9702,2024-12-31,,16300000000,0.024,,,,,1070000000,-0.187,1100000000,-0.179,,680000000,,59.60,,,,,,,,,,,,,,,,,,,,,,true,true,6,2024-01-01,2024-06-30,1
2024-02-14,9702,2024-12-31,,33500000000,0.034,,,,,2320000000,-0.151,2400000000,-0.146,,1500000000,,131.40,,,,,,,,,,,,,,,,0.320,,,,,,true,true,12,2024-01-01,2024-12-31,1
2024-02-14,9702,2023-12-31,,15994000000,0.090,,,,,944000000,0.030,1441000000,0.017,778000000,,-0.294,68.26,,,,,,12810000000,10070000000,0.786,882.03,10070000000,,,,,42.00,,,,11417900,149,11408428,false,false,12,2023-01-01,2023-12-31,0
2024-02-14,9702,2022-12-31,,14679000000,0.132,,,,,917000000,0.171,1417000000,0.087,1103000000,,0.115,96.95,,,,,,12250000000,9661000000,0.789,848.37,9661000000,,,,,40.00,,,,11388716,112,11380622,false,false,12,2022-01-01,2022-12-31,-1
2024-02-14,9702,2024-12-31,,,,,,,,,,,,,,,,,,,,,,,,,,,,,,42.00,,,,,,,false,true,12,2024-01-01,2024-12-31,1
2024-04-30,9702,2024-12-31,1,8531000000,0.020,,,,,1105000000,0.073,1132000000,0.086,,760000000,,66.59,,,,,,18100000000,12220000000,0.675,,12220000000,,,,,,,,,,,,true,false,3,2024-01-01,2024-03-31,0
2024-04-30,9702,2023-12-31,1,8366000000,0.186,,,,,1030000000,0.480,1042000000,0.495,,579000000,,50.93,,,,,,,,,,,,,,,,,,,,,,true,false,3,2023-01-01,2023-03-31,-1
2024-04-30,9702,2024-12-31,1,16500000000,0.036,,,,,1220000000,-0.073,1250000000,-0.067,,800000000,,70.70,,,,,,,,,,,,,,,,,,,,,,true,true,6,2024-01-01,2024-06-30,0
2024-04-30,9702,2024-12-31,1,33700000000,0.041,,,,,2470000000,-0.097,2550000000,-0.093,,1620000000,,141.88,,,,,,,,,,,,,,,,,,,,,,true,true,12,2024-01-01,2024-12-31,0
2024-04-30,9702,2023-12-31,1,,,,,,,,,,,,,,,,,,,,17988000000,11821000000,0.657,,11821000000,,,,,,,,,,,,true,false,12,2023-01-01,2023-12-31,-1
2024-04-30,9702,2023-12-31,1,,,,,,,,,,,,,,,,,,,,,,,,,,,,,42.00,,,,11417900,149,,false,false,12,2023-01-01,2023-12-31,-1
2024-04-30,9702,2024-12-31,1,,,,,,,,,,,,,,,,,,,,,,,,,,,,,46.00,,,,,,,false,true,12,2024-01-01,2024-12-31,0
2024-04-30,9702,2024-12-31,1,,,,,,,,,,,,,,,,,,,,,,,,,,,,,,,,,11417900,149,11417751,false,false,3,2024-01-01,2024-03-31,0
2024-04-30,9702,2023-12-31,1,,,,,,,,,,,,,,,,,,,,,,,,,,,,,,,,,,,11388604,false,false,3,2023-01-01,2023-03-31,-1
2024-07-30,9702,2024-12-31,2,16673000000,0.047,,,,,1537000000,0.169,1569000000,0.171,,1120000000,,98.04,,,,,,18143000000,12623000000,0.696,,12623000000,,,,,,,,,,,,true,false,6,2024-01-01,2024-06-30,0
2024-07-30,9702,2023-12-31,2,15919000000,0.123,,,,,1315000000,0.189,1340000000,0.183,,762000000,,66.94,,,,,,,,,,,,,,,,,,,,,,true,false,6,2023-01-01,2023-06-30,-1
2024-07-30,9702,2024-12-31,2,33700000000,0.041,,,,,2470000000,-0.097,2550000000,-0.093,,1620000000,,141.88,,,,,,,,,,,,,,,,,,,,,,true,true,12,2024-01-01,2024-12-31,0
2024-07-30,9702,2023-12-31,2,,,,,,,,,,,,,,,,,,,,17988000000,11821000000,0.657,,11821000000,,,,,,,,,,,,true,false,12,2023-01-01,2023-12-31,-1
2024-07-30,9702,2023-12-31,2,,,,,,,,,,,,,,,,,,,,,,,,,,,,,42.00,,,,11417900,149,,false,false,12,2023-01-01,2023-12-31,-1
2024-07-30,9702,2024-12-31,2,,,,,,,,,,,,,,,,,,,,,,,,,,,,,46.00,,,,,,,false,true,12,2024-01-01,2024-12-31,0
2024-07-30,9702,2024-12-31,2,,,,,,,,,,,,,,,,,,,,,,,,,,,,,,,,,11437521,149,11424435,false,false,6,2024-01-01,2024-06-30,0
2024-07-30,9702,2023-12-31,2,,,,,,,,,,,,,,,,,,,,,,,,,,,,,,,,,,,11398923,false,false,6,2023-01-01,2023-06-30,-1
2024-10-30,9702,2024-12-31,3,25038000000,0.040,,,,,2153000000,0.028,2192000000,0.023,,1550000000,,135.69,,,,,,18303000000,12943000000,0.707,,12943000000,,,,,,,,,,,,true,false,9,2024-01-01,2024-09-30,0
2024-10-30,9702,2023-12-31,3,24073000000,0.124,,,,,2093000000,0.215,2143000000,0.217,,1241000000,,108.90,,,,,,,,,,,,,,,,,,,,,,true,false,9,2023-01-01,2023-09-30,-1
2024-10-30,9702,2024-12-31,3,33700000000,0.041,,,,,2470000000,-0.097,2550000000,-0.093,,1620000000,,141.88,,,,,,,,,,,,,,,,,,,,,,true,true,12,2024-01-01,2024-12-31,0
2024-10-30,9702,2023-12-31,3,,,,,,,,,,,,,,,,,,,,17988000000,11821000000,0.657,,11821000000,,,,,,,,,,,,true,false,12,2023-01-01,2023-12-31,-1
2024-10-30,9702,2023-12-31,3,,,,,,,,,,,,,,,,,,,,,,,,,,,,,42.00,,,,11417900,149,,false,false,12,2023-01-01,2023-12-31,-1
2024-10-30,9702,2024-12-31,3,,,,,,,,,,,,,,,,,,,,,,,,,,,,,0.00,,,,,,,false,false,12,2024-01-01,2024-12-31,0
2024-10-30,9702,2024-12-31,3,,,,,,,,,,,,,,,,,,,,,,,,,,,,,46.00,,,,,,,false,true,12,2024-01-01,2024-12-31,0
2024-10-30,9702,2024-12-31,3,,,,,,,,,,,,,,,,,,,,,,,,,,,,,,,,,11437521,149,11428779,false,false,9,2024-01-01,2024-09-30,0
2024-10-30,9702,2023-12-31,3,,,,,,,,,,,,,,,,,,,,,,,,,,,,,,,,,,,11405281,false,false,9,2023-01-01,2023-09-30,-1
2025-02-14,9702,2024-12-31,,33954000000,0.048,,,,,2800000000,0.024,2892000000,0.029,,2032000000,,177.80,,0.161,0.153,0.082,,19800000000,13504000000,0.682,1180.73,13504000000,1877000000,-1350000000,-480000000,8975000000,,0.304,,,,,,true,false,12,2024-01-01,2024-12-31,0
2025-02-14,9702,2023-12-31,,32388000000,0.119,,,,,2734000000,0.179,2810000000,0.170,,1472000000,,129.07,,0.131,0.163,0.084,,17988000000,11821000000,0.657,1035.37,11821000000,1945000000,-270000000,-454000000,8872000000,,0.325,,,,,,true,false,12,2023-01-01,2023-12-31,-1
2025-02-14,9702,2025-12-31,,17700000000,0.062,,,,,950000000,-0.382,980000000,-0.376,,670000000,,58.60,,,,,,,,,,,,,,,,,,,,,,true,true,6,2025-01-01,2025-06-30,1
2025-02-14,9702,2025-12-31,,36100000000,0.063,,,,,2200000000,-0.214,2300000000,-0.205,,1570000000,,137.30,,,,,,,,,,,,,,,,0.393,,,,,,true,true,12,2025-01-01,2025-12-31,1
2025-02-14,9702,2024-12-31,,16551000000,0.035,,,,,885000000,-0.062,1302000000,-0.096,1088000000,,0.398,95.21,,,,,,13359000000,10726000000,0.803,937.89,10726000000,,,,,54.00,,,,11437521,149,11431153,false,false,12,2024-01-01,2024-12-31,0
2025-02-14,9702,2023-12-31,,15994000000,0.090,,,,,944000000,0.030,1441000000,0.017,778000000,,-0.294,68.26,,,,,,12810000000,10070000000,0.786,882.03,10070000000,,,,,42.00,,,,11417900,149,11408428,false,false,12,2023-01-01,2023-12-31,-1
2025-02-14,9702,2025-12-31,,,,,,,,,,,,,,,,,,,,,,,,,,,,,,54.00,,,,,,,false,true,12,2025-01-01,2025-12-31,1
2025-02-14,9702,2024-12-31,,33954000000,0.048,,,,,2800000000,0.024,2892000000,0.029,,2032000000,,177.80,,0.161,0.153,0.082,,19800000000,13504000000,0.682,1180.73,13504000000,1880000000,-1354000000,-480000000,8975000000,,0.304,,,,,,true,false,12,2024-01-01,2024-12-31,0
2025-02-14,9702,2023-12-31,,32388000000,0.119,,,,,2734000000,0.179,2810000000,0.170,,1472000000,,129.07,,0.131,0.163,0.084,,17988000000,11821000000,0.657,1035.37,11821000000,1945000000,-270000000,-454000000,8872000000,,0.325,,,,,,true,false,12,2023-01-01,2023-12-31,-1
2025-02-14,9702,2025-12-31,,17700000000,0.062,,,,,950000000,-0.382,980000000,-0.376,,670000000,,58.60,,,,,,,,,,,,,,,,,,,,,,true,true,6,2025-01-01,2025-06-30,1
2025-02-14,9702,2025-12-31,,36100000000,0.063,,,,,2200000000,-0.214,2300000000,-0.205,,1570000000,,137.30,,,,,,,,,,,,,,,,0.393,,,,,,true,true,12,2025-01-01,2025-12-31,1
2025-02-14,9702,2024-12-31,,16551000000,0.035,,,,,885000000,-0.062,1302000000,-0.096,1088000000,,0.398,95.21,,,,,,13359000000,10726000000,0.803,937.89,10726000000,,,,,54.00,,,,11437521,149,11431153,false,false,12,2024-01-01,2024-12-31,0
2025-02-14,9702,2023-12-31,,15994000000,0.090,,,,,944000000,0.030,1441000000,0.017,778000000,,-0.294,68.26,,,,,,12810000000,10070000000,0.786,882.03,10070000000,,,,,42.00,,,,11417900,149,11408428,false,false,12,2023-01-01,2023-12-31,-1
2025-02-14,9702,2025-12-31,,,,,,,,,,,,,,,,,,,,,,,,,,,,,,54.00,,,,,,,false,true,12,2025-01-01,2025-12-31,1
2025-05-08,9702,2025-12-31,1,9712000000,0.138,,,,,1131000000,0.023,1139000000,0.007,,726000000,,63.49,,,,,,20361000000,13589000000,0.667,,13589000000,,,,,,,,,,,,true,false,3,2025-01-01,2025-03-31,0
2025-05-08,9702,2024-12-31,1,8531000000,0.020,,,,,1105000000,0.073,1132000000,0.086,,760000000,,66.59,,,,,,,,,,,,,,,,,,,,,,true,false,3,2024-01-01,2024-03-31,-1
2025-05-08,9702,2025-12-31,1,17700000000,0.062,,,,,950000000,-0.382,980000000,-0.376,,670000000,,58.60,,,,,,,,,,,,,,,,,,,,,,true,true,6,2025-01-01,2025-06-30,0
2025-05-08,9702,2025-12-31,1,36100000000,0.063,,,,,2200000000,-0.214,2300000000,-0.205,,1570000000,,137.30,,,,,,,,,,,,,,,,,,,,,,true,true,12,2025-01-01,2025-12-31,0
2025-05-08,9702,2024-12-31,1,,,,,,,,,,,,,,,,,,,,19800000000,13504000000,0.682,,13504000000,,,,,,,,,,,,true,false,12,2024-01-01,2024-12-31,-1
2025-05-08,9702,2024-12-31,1,,,,,,,,,,,,,,,,,,,,,,,,,,,,,54.00,,,,11437521,149,,false,false,12,2024-01-01,2024-12-31,-1
2025-05-08,9702,2025-12-31,1,,,,,,,,,,,,,,,,,,,,,,,,,,,,,54.00,,,,,,,false,true,12,2025-01-01,2025-12-31,0
2025-05-08,9702,2025-12-31,1,,,,,,,,,,,,,,,,,,,,,,,,,,,,,,,,,11437521,149,11437372,false,false,3,2025-01-01,2025-03-31,0
2025-05-08,9702,2024-12-31,1,,,,,,,,,,,,,,,,,,,,,,,,,,,,,,,,,,,11417751,false,false,3,2024-01-01,2024-03-31,-1
2025-08-07,9702,2025-12-31,2,18439000000,0.106,,,,,1402000000,-0.088,1420000000,-0.095,,781000000,,68.29,,,,,,20474000000,13704000000,0.669,,13704000000,,,,,,,,,,,,true,false,6,2025-01-01,2025-06-30,0
2025-08-07,9702,2024-12-31,2,16673000000,0.047,,,,,1537000000,0.169,1569000000,0.171,,1120000000,,98.04,,,,,,,,,,,,,,,,,,,,,,true,false,6,2024-01-01,2024-06-30,-1
2025-08-07,9702,2025-12-31,2,36900000000,0.087,,,,,2660000000,-0.050,2750000000,-0.049,,1690000000,,147.73,,,,,,,,,,,,,,,,,,,,,,true,true,12,2025-01-01,2025-12-31,0
2025-08-07,9702,2024-12-31,2,,,,,,,,,,,,,,,,,,,,19800000000,13504000000,0.682,,13504000000,,,,,,,,,,,,true,false,12,2024-01-01,2024-12-31,-1
2025-08-07,9702,2024-12-31,2,,,,,,,,,,,,,,,,,,,,,,,,,,,,,54.00,,,,11437521,149,,false,false,12,2024-01-01,2024-12-31,-1
2025-08-07,9702,2025-12-31,2,,,,,,,,,,,,,,,,,,,,,,,,,,,,,0.00,,,,,,,false,false,12,2025-01-01,2025-12-31,0
2025-08-07,9702,2025-12-31,2,,,,,,,,,,,,,,,,,,,,,,,,,,,,,55.00,,,,,,,false,true,12,2025-01-01,2025-12-31,0
2025-08-07,9702,2025-12-31,2,,,,,,,,,,,,,,,,,,,,,,,,,,,,,,,,,11463141,149,11446431,false,false,6,2025-01-01,2025-06-30,0
2025-08-07,9702,2024-12-31,2,,,,,,,,,,,,,,,,,,,,,,,,,,,,,,,,,,,11424435,false,false,6,2024-01-01,2024-06-30,-1
