filing_date,code,fiscal_year_end,quarterly_period,net_sales,net_sales_change,revenue,revenue_change,operating_revenue,operating_revenue_change,operating_profit,operating_profit_change,ordinary_profit,ordinary_profit_change,net_income,net_income_of_parent,net_income_change,eps,diluted_eps,roe,roa,operating_profit_to_net_sales,operating_profit_to_revenue,total_assets,net_assets,equity_ratio,bps,owner_equity,operating_cash_flow,investing_cash_flow,financing_cash_flow,cash,dividend_per_share,payout_ratio,commemorative_dividend,extra_dividend,number_of_shares,number_of_treqsury_shares,avg_number_of_shares,is_consolidated,is_forecast,duration,period_start,period_end,period_pos
2015-07-31,97150,2016-03-31,1,51305000000,0.104,,,,,1453000000,0.214,1500000000,0.125,,2819000000,,68.54,,,,,,131620000000,81270000000,0.596,1908.42,78509000000,,,,,,,,,,,,true,false,3,2015-04-01,2015-06-30,0
2015-07-31,97150,2015-03-31,1,46451000000,0.074,,,,,1197000000,-0.312,1333000000,-0.312,,1854000000,,45.08,,,,,,,,,,,,,,,,,,,,,,true,false,3,2014-04-01,2014-06-30,-1
2015-07-31,97150,2015-03-31,1,,,,,,,,,,,,,,,,,,,,101551000000,67396000000,0.640,1580.91,65037000000,,,,,,,,,,,,true,false,12,2014-04-01,2015-03-31,-1
2015-07-31,97150,2015-03-31,1,,,,,,,,,,,,,,,,,,,,,,,,,,,,,54.00,,,,48794046,7654751,,false,false,12,2014-04-01,2015-03-31,-1
2015-07-31,97150,2016-03-31,1,,,,,,,,,,,,,,,,,,,,,,,,,,,,,,,,,48794046,7655816,41138698,false,false,3,2015-04-01,2015-06-30,0
2015-07-31,97150,2015-03-31,1,,,,,,,,,,,,,,,,,,,,,,,,,,,,,,,,,,,41140534,false,false,3,2014-04-01,2014-06-30,-1
2015-10-30,97150,2016-03-31,2,108660000000,0.142,,,,,4048000000,0.216,3674000000,-0.014,,5358000000,,130.25,,,,,,129790000000,84277000000,0.628,1980.04,81454000000,,,,,,,,,,,,true,false,6,2015-04-01,2015-09-30,0
2015-10-30,97150,2015-03-31,2,95165000000,0.063,,,,,3327000000,-0.180,3727000000,-0.197,,4589000000,,111.55,,,,,,,,,,,,,,,,,,,,,,true,false,6,2014-04-01,2014-09-30,-1
2015-10-30,97150,2015-03-31,2,,,,,,,,,,,,,,,,,,,,101551000000,67396000000,0.640,1580.91,65037000000,,,,,,,,,,,,true,false,12,2014-04-01,2015-03-31,-1
2015-10-30,97150,2015-03-31,2,,,,,,,,,,,,,,,,,,,,,,,,,,,,,54.00,,,,48794046,7654751,,false,false,12,2014-04-01,2015-03-31,-1
2015-10-30,97150,2016-03-31,2,,,,,,,,,,,,,,,,,,,,,,,,,,,,,0.00,,,,,,,false,false,12,2015-04-01,2016-03-31,0
2015-10-30,97150,2016-03-31,2,,,,,,,,,,,,,,,,,,,,,,,,,,,,,,,,,48794046,7656312,41138301,false,false,6,2015-04-01,2015-09-30,0
2015-10-30,97150,2015-03-31,2,,,,,,,,,,,,,,,,,,,,,,,,,,,,,,,,,,,41140450,false,false,6,2014-04-01,2014-09-30,-1
2016-01-29,97150,2016-03-31,3,164954000000,0.129,,,,,6705000000,0.007,6307000000,-0.128,,7294000000,,177.32,,,,,,145001000000,84567000000,0.564,1987.69,81768000000,,,,,,,,,,,,true,false,9,2015-04-01,2015-12-31,0
2016-01-29,97150,2015-03-31,3,146141000000,0.082,,,,,6660000000,0.061,7231000000,0.002,,6782000000,,164.87,,,,,,,,,,,,,,,,,,,,,,true,false,9,2014-04-01,2014-12-31,-1
2016-01-29,97150,2015-03-31,3,,,,,,,,,,,,,,,,,,,,101551000000,67396000000,0.640,1580.91,65037000000,,,,,,,,,,,,true,false,12,2014-04-01,2015-03-31,-1
2016-01-29,97150,2015-03-31,3,,,,,,,,,,,,,,,,,,,,,,,,,,,,,54.00,,,,48794046,7654751,,false,false,12,2014-04-01,2015-03-31,-1
2016-01-29,97150,2016-03-31,3,,,,,,,,,,,,,,,,,,,,,,,,,,,,,0.00,,,,,,,false,false,12,2015-04-01,2016-03-31,0
2016-01-29,97150,2016-03-31,3,,,,,,,,,,,,,,,,,,,,,,,,,,,,,,,,,48794046,7656571,41138078,false,false,9,2015-04-01,2015-12-31,0
2016-01-29,97150,2015-03-31,3,,,,,,,,,,,,,,,,,,,,,,,,,,,,,,,,,,,41140342,false,false,9,2014-04-01,2014-12-31,-1
2016-04-28,97150,2016-03-31,,224605000000,0.128,,,,,9725000000,0.061,8870000000,-0.076,,7587000000,,184.45,,0.104,0.073,0.043,,140674000000,83981000000,0.575,1967.29,80929000000,3197000000,-13935000000,12832000000,33339000000,,0.304,,,,,,true,false,12,2015-04-01,2016-03-31,0
2016-04-28,97150,2015-03-31,,199178000000,0.068,,,,,9166000000,-0.039,9603000000,-0.047,,7349000000,,178.65,,0.120,0.099,0.046,,101551000000,67396000000,0.640,1580.91,65037000000,12177000000,-8062000000,-3769000000,31694000000,,0.302,,,,,,true,false,12,2014-04-01,2015-03-31,-1
2016-04-28,97150,2016-03-31,,179107000000,0.139,,,,,8602000000,0.167,7664000000,0.001,8437000000,,0.629,205.09,,,,,,101701000000,58178000000,0.572,1414.25,58178000000,,,,,56.00,,,,48794046,7656653,41137914,false,false,12,2015-04-01,2016-03-31,0
2016-04-28,97150,2015-03-31,,157310000000,0.079,,,,,7374000000,0.063,7657000000,0.043,5178000000,,0.063,125.88,,,,,,78799000000,52010000000,0.660,1264.25,52010000000,,,,,54.00,,,,48794046,7654751,41140190,false,false,12,2014-04-01,2015-03-31,-1
,97150,2016-03-31,,,,,,,,,,,,,,,,,,,,,,,,,,,,,,56.00,,,,,,,false,true,12,2015-04-01,2016-03-31,0
,97150,2016-03-31,,,,,,,,,,,,,,,,,,,,,,,,,,,,,,0.00,,,,,,,false,false,12,2015-04-01,2016-03-31,0
,97150,2015-03-31,,,,,,,,,,,,,,,,,,,,,,,,,,,,,,54.00,,,,,,,false,false,12,2014-04-01,2015-03-31,-1
2016-07-29,97150,2017-03-31,1,56616000000,0.104,,,,,1351000000,-0.070,983000000,-0.345,,436000000,,10.62,,,,,,132578000000,77781000000,0.564,1817.05,74748000000,,,,,,,,,,,,true,false,3,2016-04-01,2016-06-30,0
2016-07-29,97150,2016-03-31,1,51305000000,0.104,,,,,1453000000,0.214,1500000000,0.125,,2819000000,,68.54,,,,,,,,,,,,,,,,,,,,,,true,false,3,2015-04-01,2015-06-30,-1
2016-07-29,97150,2016-03-31,1,,,,,,,,,,,,,,,,,,,,140674000000,83981000000,0.575,1967.29,80929000000,,,,,,,,,,,,true,false,12,2015-04-01,2016-03-31,-1
2016-07-29,97150,2016-03-31,1,,,,,,,,,,,,,,,,,,,,,,,,,,,,,56.00,,,,48794046,7656653,,false,false,12,2015-04-01,2016-03-31,-1
2016-07-29,97150,2017-03-31,1,,,,,,,,,,,,,,,,,,,,,,,,,,,,,,,,,48794046,7656804,41137315,false,false,3,2016-04-01,2016-06-30,0
2016-07-29,97150,2016-03-31,1,,,,,,,,,,,,,,,,,,,,,,,,,,,,,,,,,,,41138698,false,false,3,2015-04-01,2015-06-30,-1
2016-10-31,97150,2017-03-31,2,116912000000,0.076,,,,,3765000000,-0.070,3365000000,-0.084,,2735000000,,66.24,,,,,,130270000000,77434000000,0.571,1793.40,74384000000,,,,,,,,,,,,true,false,6,2016-04-01,2016-09-30,0
2016-10-31,97150,2016-03-31,2,108660000000,0.142,,,,,4048000000,0.216,3674000000,-0.014,,5358000000,,130.25,,,,,,,,,,,,,,,,,,,,,,true,false,6,2015-04-01,2015-09-30,-1
2016-10-31,97150,2016-03-31,2,,,,,,,,,,,,,,,,,,,,140674000000,83981000000,0.575,1967.29,80929000000,,,,,,,,,,,,true,false,12,2015-04-01,2016-03-31,-1
2016-10-31,97150,2016-03-31,2,,,,,,,,,,,,,,,,,,,,,,,,,,,,,56.00,,,,48794046,7656653,,false,false,12,2015-04-01,2016-03-31,-1
2016-10-31,97150,2017-03-31,2,,,,,,,,,,,,,,,,,,,,,,,,,,,,,0.00,,,,,,,false,false,12,2016-04-01,2017-03-31,0
2016-10-31,97150,2017-03-31,2,,,,,,,,,,,,,,,,,,,,,,,,,,,,,,,,,48794046,7317437,41294943,false,false,6,2016-04-01,2016-09-30,0
2016-10-31,97150,2016-03-31,2,,,,,,,,,,,,,,,,,,,,,,,,,,,,,,,,,,,41138301,false,false,6,2015-04-01,2015-09-30,-1
2017-01-31,97150,2017-03-31,3,177446000000,0.076,,,,,5916000000,-0.118,5768000000,-0.085,,6272000000,,151.68,,,,,,135985000000,82465000000,0.580,1902.90,78925000000,,,,,,,,,,,,true,false,9,2016-04-01,2016-12-31,0
2017-01-31,97150,2016-03-31,3,164954000000,0.129,,,,,6705000000,0.007,6307000000,-0.128,,7294000000,,177.32,,,,,,,,,,,,,,,,,,,,,,true,false,9,2015-04-01,2015-12-31,-1
2017-01-31,97150,2016-03-31,3,,,,,,,,,,,,,,,,,,,,140674000000,83981000000,0.575,1967.29,80929000000,,,,,,,,,,,,true,false,12,2015-04-01,2016-03-31,-1
2017-01-31,97150,2016-03-31,3,,,,,,,,,,,,,,,,,,,,,,,,,,,,,56.00,,,,48794046,7656653,,false,false,12,2015-04-01,2016-03-31,-1
2017-01-31,97150,2017-03-31,3,,,,,,,,,,,,,,,,,,,,,,,,,,,,,0.00,,,,,,,false,false,12,2016-04-01,2017-03-31,0
2017-01-31,97150,2017-03-31,3,,,,,,,,,,,,,,,,,,,,,,,,,,,,,,,,,48794046,7317596,41355692,false,false,9,2016-04-01,2016-12-31,0
2017-01-31,97150,2016-03-31,3,,,,,,,,,,,,,,,,,,,,,,,,,,,,,,,,,,,41138078,false,false,9,2015-04-01,2015-12-31,-1
2017-04-28,97150,2017-03-31,,242314000000,0.079,,,,,8080000000,-0.169,6742000000,-0.240,,7156000000,,172.92,,0.088,0.047,0.033,,143802000000,85188000000,0.568,1969.70,81695000000,8487000000,-6199000000,-3300000000,33422000000,,0.301,,,,,,true,false,12,2016-04-01,2017-03-31,0
2017-04-28,97150,2016-03-31,,224605000000,0.128,,,,,9725000000,0.061,8870000000,-0.076,,7587000000,,184.45,,0.104,0.073,0.043,,140674000000,83981000000,0.575,1967.29,80929000000,3197000000,-13935000000,12832000000,33339000000,,0.304,,,,,,true,false,12,2015-04-01,2016-03-31,-1
2017-04-28,97150,2017-03-31,,193535000000,0.081,,,,,8389000000,-0.025,9425000000,0.230,9031000000,,0.070,218.22,,,,,,109815000000,65212000000,0.594,1572.28,65212000000,,,,,52.00,,,,48794046,7317754,41385448,false,false,12,2016-04-01,2017-03-31,0
2017-04-28,97150,2016-03-31,,179107000000,0.139,,,,,8602000000,0.167,7664000000,0.001,8437000000,,0.629,205.09,,,,,,101701000000,58178000000,0.572,1414.25,58178000000,,,,,56.00,,,,48794046,7656653,41137914,false,false,12,2015-04-01,2016-03-31,-1
,97150,2017-03-31,,,,,,,,,,,,,,,,,,,,,,,,,,,,,,52.00,,,,,,,false,true,12,2016-04-01,2017-03-31,0
,97150,2017-03-31,,,,,,,,,,,,,,,,,,,,,,,,,,,,,,0.00,,,,,,,false,false,12,2016-04-01,2017-03-31,0
,97150,2016-03-31,,,,,,,,,,,,,,,,,,,,,,,,,,,,,,56.00,,,,,,,false,false,12,2015-04-01,2016-03-31,-1
2017-07-31,97150,2018-03-31,1,61898000000,0.093,,,,,440000000,-0.674,210000000,-0.786,,123000000,,2.98,,,,,,141085000000,82301000000,0.558,1896.75,78669000000,,,,,,,,,,,,true,false,3,2017-04-01,2017-06-30,0
2017-07-31,97150,2017-03-31,1,56616000000,0.104,,,,,1351000000,-0.070,983000000,-0.345,,436000000,,10.62,,,,,,,,,,,,,,,,,,,,,,true,false,3,2016-04-01,2016-06-30,-1
2017-07-31,97150,2017-03-31,1,,,,,,,,,,,,,,,,,,,,143802000000,85188000000,0.568,1969.70,81695000000,,,,,,,,,,,,true,false,12,2016-04-01,2017-03-31,-1
2017-07-31,97150,2017-03-31,1,,,,,,,,,,,,,,,,,,,,,,,,,,,,,52.00,,,,48794046,7317754,,false,false,12,2016-04-01,2017-03-31,-1
2017-07-31,97150,2018-03-31,1,,,,,,,,,,,,,,,,,,,,,,,,,,,,,,,,,48794046,7317912,41476223,false,false,3,2017-04-01,2017-06-30,0
2017-07-31,97150,2017-03-31,1,,,,,,,,,,,,,,,,,,,,,,,,,,,,,,,,,,,41137315,false,false,3,2016-04-01,2016-06-30,-1
2017-10-31,97150,2018-03-31,2,126640000000,0.083,,,,,1841000000,-0.511,1440000000,-0.572,,238000000,,5.74,,,,,,125656000000,71543000000,0.539,1634.29,67783000000,,,,,,,,,,,,true,false,6,2017-04-01,2017-09-30,0
2017-10-31,97150,2017-03-31,2,116912000000,0.076,,,,,3765000000,-0.070,3365000000,-0.084,,2735000000,,66.24,,,,,,,,,,,,,,,,,,,,,,true,false,6,2016-04-01,2016-09-30,-1
2017-10-31,97150,2017-03-31,2,,,,,,,,,,,,,,,,,,,,143802000000,85188000000,0.568,1969.70,81695000000,,,,,,,,,,,,true,false,12,2016-04-01,2017-03-31,-1
2017-10-31,97150,2017-03-31,2,,,,,,,,,,,,,,,,,,,,,,,,,,,,,52.00,,,,48794046,7317754,,false,false,12,2016-04-01,2017-03-31,-1
2017-10-31,97150,2018-03-31,2,,,,,,,,,,,,,,,,,,,,,,,,,,,,,0.00,,,,,,,false,false,12,2017-04-01,2018-03-31,0
2017-10-31,97150,2018-03-31,2,,,,,,,,,,,,,,,,,,,,,,,,,,,,,,,,,48794046,7318151,41476096,false,false,6,2017-04-01,2017-09-30,0
2017-10-31,97150,2017-03-31,2,,,,,,,,,,,,,,,,,,,,,,,,,,,,,,,,,,,41294943,false,false,6,2016-04-01,2016-09-30,-1
2018-01-31,97150,2018-03-31,3,194848000000,0.098,,,,,4256000000,-0.281,3694000000,-0.360,,1422000000,,34.30,,,,,,126455000000,73853000000,0.557,1698.11,70430000000,,,,,,,,,,,,true,false,9,2017-04-01,2017-12-31,0
2018-01-31,97150,2017-03-31,3,177446000000,0.076,,,,,5916000000,-0.118,5768000000,-0.085,,6272000000,,151.68,,,,,,,,,,,,,,,,,,,,,,true,false,9,2016-04-01,2016-12-31,-1
2018-01-31,97150,2017-03-31,3,,,,,,,,,,,,,,,,,,,,143802000000,85188000000,0.568,1969.70,81695000000,,,,,,,,,,,,true,false,12,2016-04-01,2017-03-31,-1
2018-01-31,97150,2017-03-31,3,,,,,,,,,,,,,,,,,,,,,,,,,,,,,52.00,,,,48794046,7317754,,false,false,12,2016-04-01,2017-03-31,-1
2018-01-31,97150,2018-03-31,3,,,,,,,,,,,,,,,,,,,,,,,,,,,,,0.00,,,,,,,false,false,12,2017-04-01,2018-03-31,0
2018-01-31,97150,2018-03-31,3,,,,,,,,,,,,,,,,,,,,,,,,,,,,,,,,,48794046,7318267,41476018,false,false,9,2017-04-01,2017-12-31,0
2018-01-31,97150,2017-03-31,3,,,,,,,,,,,,,,,,,,,,,,,,,,,,,,,,,,,41355692,false,false,9,2016-04-01,2016-12-31,-1
2018-04-27,97150,2018-03-31,,266645000000,0.100,,,,,6092000000,-0.246,1802000000,-0.733,,-2176000000,,-52.47,,-0.029,0.013,0.023,,129506000000,71199000000,0.522,1630.39,67621000000,7814000000,-6658000000,-4049000000,31772000000,,,,,,,,true,false,12,2017-04-01,2018-03-31,0
2018-04-27,97150,2017-03-31,,242314000000,0.079,,,,,8080000000,-0.169,6742000000,-0.240,,7156000000,,172.92,,0.088,0.047,0.033,,143802000000,85188000000,0.568,1969.70,81695000000,8487000000,-6199000000,-3300000000,33422000000,,0.301,,,,,,true,false,12,2016-04-01,2017-03-31,-1
2018-04-27,97150,2018-03-31,,203097000000,0.049,,,,,5834000000,-0.305,6257000000,-0.336,-1931000000,,,-46.56,,,,,,106469000000,61774000000,0.580,1489.42,61774000000,,,,,23.00,,,,48794046,7318364,41475941,false,false,12,2017-04-01,2018-03-31,0
2018-04-27,97150,2017-03-31,,193535000000,0.081,,,,,8389000000,-0.025,9425000000,0.230,9031000000,,0.070,218.22,,,,,,109815000000,65212000000,0.594,1572.28,65212000000,,,,,52.00,,,,48794046,7317754,41385448,false,false,12,2016-04-01,2017-03-31,-1
,97150,2018-03-31,,,,,,,,,,,,,,,,,,,,,,,,,,,,,,23.00,,,,,,,false,true,12,2017-04-01,2018-03-31,0
,97150,2018-03-31,,,,,,,,,,,,,,,,,,,,,,,,,,,,,,0.00,,,,,,,false,false,12,2017-04-01,2018-03-31,0
,97150,2017-03-31,,,,,,,,,,,,,,,,,,,,,,,,,,,,,,52.00,,,,,,,false,false,12,2016-04-01,2017-03-31,-1
2018-07-31,97150,2019-03-31,1,67083000000,0.084,,,,,-4000000,,472000000,1.248,,258000000,,6.24,,,,,,125813000000,69484000000,0.525,1591.06,65990000000,,,,,,,,,,,,true,false,3,2018-04-01,2018-06-30,0
2018-07-31,97150,2018-03-31,1,61898000000,0.093,,,,,440000000,-0.674,210000000,-0.786,,123000000,,2.98,,,,,,,,,,,,,,,,,,,,,,true,false,3,2017-04-01,2017-06-30,-1
2018-07-31,97150,2018-03-31,1,,,,,,,,,,,,,,,,,,,,129067000000,71199000000,0.524,1630.39,67621000000,,,,,,,,,,,,true,false,12,2017-04-01,2018-03-31,-1
2018-07-31,97150,2018-03-31,1,,,,,,,,,,,,,,,,,,,,,,,,,,,,,23.00,,,,48794046,7318364,,false,false,12,2017-04-01,2018-03-31,-1
2018-07-31,97150,2019-03-31,1,,,,,,,,,,,,,,,,,,,,,,,,,,,,,,,,,48794046,7318445,41475642,false,false,3,2018-04-01,2018-06-30,0
2018-07-31,97150,2018-03-31,1,,,,,,,,,,,,,,,,,,,,,,,,,,,,,,,,,,,41476223,false,false,3,2017-04-01,2017-06-30,-1
2018-10-31,97150,2019-03-31,2,137689000000,0.087,,,,,1600000000,-0.131,2104000000,0.461,,5232000000,,126.17,,,,,,136178000000,76947000000,0.540,1774.56,73600000000,,,,,,,,,,,,true,false,6,2018-04-01,2018-09-30,0
2018-10-31,97150,2018-03-31,2,126640000000,0.083,,,,,1841000000,-0.511,1440000000,-0.572,,238000000,,5.74,,,,,,,,,,,,,,,,,,,,,,true,false,6,2017-04-01,2017-09-30,-1
2018-10-31,97150,2018-03-31,2,,,,,,,,,,,,,,,,,,,,129067000000,71199000000,0.524,1630.39,67621000000,,,,,,,,,,,,true,false,12,2017-04-01,2018-03-31,-1
2018-10-31,97150,2018-03-31,2,,,,,,,,,,,,,,,,,,,,,,,,,,,,,23.00,,,,48794046,7318364,,false,false,12,2017-04-01,2018-03-31,-1
2018-10-31,97150,2019-03-31,2,,,,,,,,,,,,,,,,,,,,,,,,,,,,,0.00,,,,,,,false,false,12,2018-04-01,2019-03-31,0
2018-10-31,97150,2019-03-31,2,,,,,,,,,,,,,,,,,,,,,,,,,,,,,,,,,48794046,7318550,41475587,false,false,6,2018-04-01,2018-09-30,0
2018-10-31,97150,2018-03-31,2,,,,,,,,,,,,,,,,,,,,,,,,,,,,,,,,,,,41476096,false,false,6,2017-04-01,2017-09-30,-1
2019-01-31,97150,2019-03-31,3,208646000000,0.071,,,,,2892000000,-0.321,3176000000,-0.140,,5994000000,,144.52,,,,,,133294000000,77313000000,0.555,1783.86,73986000000,,,,,,,,,,,,true,false,9,2018-04-01,2018-12-31,0
2019-01-31,97150,2018-03-31,3,194848000000,0.098,,,,,4256000000,-0.281,3694000000,-0.360,,1422000000,,34.30,,,,,,,,,,,,,,,,,,,,,,true,false,9,2017-04-01,2017-12-31,-1
2019-01-31,97150,2018-03-31,3,,,,,,,,,,,,,,,,,,,,129067000000,71199000000,0.524,1630.39,67621000000,,,,,,,,,,,,true,false,12,2017-04-01,2018-03-31,-1
2019-01-31,97150,2018-03-31,3,,,,,,,,,,,,,,,,,,,,,,,,,,,,,23.00,,,,48794046,7318364,,false,false,12,2017-04-01,2018-03-31,-1
2019-01-31,97150,2019-03-31,3,,,,,,,,,,,,,,,,,,,,,,,,,,,,,0.00,,,,,,,false,false,12,2018-04-01,2019-03-31,0
2019-01-31,97150,2019-03-31,3,,,,,,,,,,,,,,,,,,,,,,,,,,,,,,,,,48794046,7318657,41475544,false,false,9,2018-04-01,2018-12-31,0
2019-01-31,97150,2018-03-31,3,,,,,,,,,,,,,,,,,,,,,,,,,,,,,,,,,,,41476018,false,false,9,2017-04-01,2017-12-31,-1
2019-04-26,97150,2019-03-31,,284696000000,0.068,,,,,5355000000,-0.121,5394000000,1.993,,4433000000,,106.90,,0.064,0.041,0.019,,135268000000,74915000000,0.529,1725.27,71555000000,3889000000,4344000000,-3165000000,35979000000,,0.309,,,,,,true,false,12,2018-04-01,2019-03-31,0
2019-04-26,97150,2018-03-31,,266645000000,0.100,,,,,6092000000,-0.246,1802000000,-0.733,,-2176000000,,-52.47,,,0.013,0.023,,129067000000,71199000000,0.524,1630.39,67621000000,7814000000,-6658000000,-4049000000,31772000000,,,,,,,,true,false,12,2017-04-01,2018-03-31,-1
2019-04-26,97150,2019-03-31,,210224000000,0.035,,,,,4415000000,-0.243,6748000000,0.078,-1293000000,,,-31.18,,,,,,103734000000,59188000000,0.571,1427.07,59188000000,,,,,33.00,,,,48794046,7318800,41475483,false,false,12,2018-04-01,2019-03-31,0
2019-04-26,97150,2018-03-31,,203097000000,0.049,,,,,5834000000,-0.305,6257000000,-0.336,-1931000000,,,-46.56,,,,,,106469000000,61774000000,0.580,1489.42,61774000000,,,,,23.00,,,,48794046,7318364,41475941,false,false,12,2017-04-01,2018-03-31,-1
2019-07-31,97150,2020-03-31,1,73295000000,0.093,,,,,1367000000,,1271000000,1.691,,468000000,,11.29,,,,,,134610000000,73778000000,0.521,1691.89,70171000000,,,,,,,,,,,,true,false,3,2019-04-01,2019-06-30,0
2019-07-31,97150,2019-03-31,1,67083000000,0.084,,,,,-4000000,,472000000,1.248,,258000000,,6.24,,,,,,,,,,,,,,,,,,,,,,true,false,3,2018-04-01,2018-06-30,-1
2019-07-31,97150,2019-03-31,1,,,,,,,,,,,,,,,,,,,,135268000000,74915000000,0.529,1725.27,71555000000,,,,,,,,,,,,true,false,12,2018-04-01,2019-03-31,-1
2019-07-31,97150,2019-03-31,1,,,,,,,,,,,,,,,,,,,,,,,,,,,,,33.00,,,,48794046,7318800,,false,false,12,2018-04-01,2019-03-31,-1
2019-07-31,97150,2020-03-31,1,,,,,,,,,,,,,,,,,,,,,,,,,,,,,,,,,48794046,7318827,41475232,false,false,3,2019-04-01,2019-06-30,0
2019-07-31,97150,2019-03-31,1,,,,,,,,,,,,,,,,,,,,,,,,,,,,,,,,,,,41475642,false,false,3,2018-04-01,2018-06-30,-1
2019-10-31,97150,2020-03-31,2,151945000000,0.104,,,,,4569000000,1.856,4359000000,1.071,,3351000000,,80.80,,,,,,133672000000,75249000000,0.535,1724.90,71540000000,,,,,,,,,,,,true,false,6,2019-04-01,2019-09-30,0
2019-10-31,97150,2019-03-31,2,137689000000,0.087,,,,,1600000000,-0.131,2104000000,0.461,,5232000000,,126.17,,,,,,,,,,,,,,,,,,,,,,true,false,6,2018-04-01,2018-09-30,-1
2019-10-31,97150,2019-03-31,2,,,,,,,,,,,,,,,,,,,,135268000000,74915000000,0.529,1725.27,71555000000,,,,,,,,,,,,true,false,12,2018-04-01,2019-03-31,-1
2019-10-31,97150,2019-03-31,2,,,,,,,,,,,,,,,,,,,,,,,,,,,,,33.00,,,,48794046,7318800,,false,false,12,2018-04-01,2019-03-31,-1
2019-10-31,97150,2020-03-31,2,,,,,,,,,,,,,,,,,,,,,,,,,,,,,0.00,,,,,,,false,false,12,2019-04-01,2020-03-31,0
2019-10-31,97150,2020-03-31,2,,,,,,,,,,,,,,,,,,,,,,,,,,,,,,,,,48794046,7318915,41475204,false,false,6,2019-04-01,2019-09-30,0
2019-10-31,97150,2019-03-31,2,,,,,,,,,,,,,,,,,,,,,,,,,,,,,,,,,,,41475587,false,false,6,2018-04-01,2018-09-30,-1
2020-01-31,97150,2020-03-31,3,230092000000,0.103,,,,,7794000000,1.695,7700000000,1.424,,6116000000,,147.48,,,,,,138690000000,77731000000,0.533,1781.78,73899000000,,,,,,,,,,,,true,false,9,2019-04-01,2019-12-31,0
2020-01-31,97150,2019-03-31,3,208646000000,0.071,,,,,2892000000,-0.321,3176000000,-0.140,,5994000000,,144.52,,,,,,,,,,,,,,,,,,,,,,true,false,9,2018-04-01,2018-12-31,-1
2020-01-31,97150,2019-03-31,3,,,,,,,,,,,,,,,,,,,,135268000000,74915000000,0.529,1725.27,71555000000,,,,,,,,,,,,true,false,12,2018-04-01,2019-03-31,-1
2020-01-31,97150,2019-03-31,3,,,,,,,,,,,,,,,,,,,,,,,,,,,,,33.00,,,,48794046,7318800,,false,false,12,2018-04-01,2019-03-31,-1
2020-01-31,97150,2020-03-31,3,,,,,,,,,,,,,,,,,,,,,,,,,,,,,0.00,,,,,,,false,false,12,2019-04-01,2020-03-31,0
2020-01-31,97150,2020-03-31,3,,,,,,,,,,,,,,,,,,,,,,,,,,,,,,,,,48794046,7319002,41475165,false,false,9,2019-04-01,2019-12-31,0
2020-01-31,97150,2019-03-31,3,,,,,,,,,,,,,,,,,,,,,,,,,,,,,,,,,,,41475544,false,false,9,2018-04-01,2018-12-31,-1
2020-04-30,97150,2020-03-31,,311871000000,0.095,,,,,10689000000,0.996,8954000000,0.660,,6279000000,,151.40,,0.086,0.064,0.034,,143985000000,77969000000,0.515,1788.95,74196000000,8093000000,-6885000000,-2093000000,34920000000,,0.304,,,,,,true,false,12,2019-04-01,2020-03-31,0
2020-04-30,97150,2019-03-31,,284696000000,0.068,,,,,5355000000,-0.121,5394000000,1.993,,4433000000,,106.90,,0.064,0.041,0.019,,135268000000,74915000000,0.529,1725.27,71555000000,3889000000,4344000000,-3165000000,35979000000,,0.309,,,,,,true,false,12,2018-04-01,2019-03-31,-1
2020-04-30,97150,2020-03-31,,227643000000,0.083,,,,,7912000000,0.792,5496000000,-0.185,3737000000,,,90.12,,,,,,108635000000,61354000000,0.565,1479.32,61354000000,,,,,46.00,,,,48794046,7319064,41475123,false,false,12,2019-04-01,2020-03-31,0
2020-04-30,97150,2019-03-31,,210224000000,0.035,,,,,4415000000,-0.243,6748000000,0.078,-1293000000,,,-31.18,,,,,,103734000000,59188000000,0.571,1427.07,59188000000,,,,,33.00,,,,48794046,7318800,41475483,false,false,12,2018-04-01,2019-03-31,-1
,97150,2020-03-31,,,,,,,,,,,,,,,,,,,,,,,,,,,,,,46.00,,,,,,,false,true,12,2019-04-01,2020-03-31,0
,97150,2020-03-31,,,,,,,,,,,,,,,,,,,,,,,,,,,,,,0.00,,,,,,,false,false,12,2019-04-01,2020-03-31,0
,97150,2019-03-31,,,,,,,,,,,,,,,,,,,,,,,,,,,,,,33.00,,,,,,,false,false,12,2018-04-01,2019-03-31,-1
2020-07-31,97150,2021-03-31,1,78485000000,0.071,,,,,3342000000,1.444,3421000000,1.690,,1722000000,,41.54,,,,,,158445000000,77791000000,0.466,1780.00,73825000000,,,,,,,,,,,,true,false,3,2020-04-01,2020-06-30,0
2020-07-31,97150,2020-03-31,1,73295000000,0.093,,,,,1367000000,,1271000000,1.691,,468000000,,11.29,,,,,,,,,,,,,,,,,,,,,,true,false,3,2019-04-01,2019-06-30,-1
2020-07-31,97150,2020-03-31,1,,,,,,,,,,,,,,,,,,,,143985000000,77969000000,0.515,1788.95,74196000000,,,,,,,,,,,,true,false,12,2019-04-01,2020-03-31,-1
2020-07-31,97150,2020-03-31,1,,,,,,,,,,,,,,,,,,,,,,,,,,,,,46.00,,,,48794046,7319064,,false,false,12,2019-04-01,2020-03-31,-1
2020-07-31,97150,2021-03-31,1,,,,,,,,,,,,,,,,,,,,,,,,,,,,,,,,,48794046,7319161,41474957,false,false,3,2020-04-01,2020-06-30,0
2020-07-31,97150,2020-03-31,1,,,,,,,,,,,,,,,,,,,,,,,,,,,,,,,,,,,41475232,false,false,3,2019-04-01,2019-06-30,-1
2020-10-30,97150,2021-03-31,2,163734000000,0.078,,,,,8485000000,0.857,8677000000,0.990,,5569000000,,134.27,,,,,,167007000000,83074000000,0.472,1900.40,78818000000,,,,,,,,,,,,true,false,6,2020-04-01,2020-09-30,0
2020-10-30,97150,2020-03-31,2,151945000000,0.104,,,,,4569000000,1.856,4359000000,1.071,,3351000000,,80.80,,,,,,,,,,,,,,,,,,,,,,true,false,6,2019-04-01,2019-09-30,-1
2020-10-30,97150,2020-03-31,2,,,,,,,,,,,,,,,,,,,,143985000000,77969000000,0.515,1788.95,74196000000,,,,,,,,,,,,true,false,12,2019-04-01,2020-03-31,-1
2020-10-30,97150,2020-03-31,2,,,,,,,,,,,,,,,,,,,,,,,,,,,,,46.00,,,,48794046,7319064,,false,false,12,2019-04-01,2020-03-31,-1
2020-10-30,97150,2021-03-31,2,,,,,,,,,,,,,,,,,,,,,,,,,,,,,0.00,,,,,,,false,false,12,2020-04-01,2021-03-31,0
2020-10-30,97150,2021-03-31,2,,,,,,,,,,,,,,,,,,,,,,,,,,,,,,,,,48794046,7319322,41474890,false,false,6,2020-04-01,2020-09-30,0
2020-10-30,97150,2020-03-31,2,,,,,,,,,,,,,,,,,,,,,,,,,,,,,,,,,,,41475204,false,false,6,2019-04-01,2019-09-30,-1
2021-01-29,97150,2021-03-31,3,246897000000,0.073,,,,,13223000000,0.696,13568000000,0.762,,8625000000,,207.98,,,,,,165119000000,90927000000,0.512,2037.40,84500000000,,,,,,,,,,,,true,false,9,2020-04-01,2020-12-31,0
2021-01-29,97150,2020-03-31,3,230092000000,0.103,,,,,7794000000,1.695,7700000000,1.424,,6116000000,,147.48,,,,,,,,,,,,,,,,,,,,,,true,false,9,2019-04-01,2019-12-31,-1
2021-01-29,97150,2020-03-31,3,,,,,,,,,,,,,,,,,,,,143985000000,77969000000,0.515,1788.95,74196000000,,,,,,,,,,,,true,false,12,2019-04-01,2020-03-31,-1
2021-01-29,97150,2020-03-31,3,,,,,,,,,,,,,,,,,,,,,,,,,,,,,46.00,,,,48794046,7319064,,false,false,12,2019-04-01,2020-03-31,-1
2021-01-29,97150,2021-03-31,3,,,,,,,,,,,,,,,,,,,,,,,,,,,,,0.00,,,,,,,false,false,12,2020-04-01,2021-03-31,0
2021-01-29,97150,2021-03-31,3,,,,,,,,,,,,,,,,,,,,,,,,,,,,,,,,,48794046,7319394,41474823,false,false,9,2020-04-01,2020-12-31,0
2021-01-29,97150,2020-03-31,3,,,,,,,,,,,,,,,,,,,,,,,,,,,,,,,,,,,41475165,false,false,9,2019-04-01,2019-12-31,-1
2021-04-30,97150,2021-03-31,,336405000000,0.079,,,,,17752000000,0.661,18012000000,1.012,,8744000000,,210.85,,0.110,0.113,0.053,,175883000000,91239000000,0.481,2038.21,84533000000,15715000000,-8402000000,6735000000,49074000000,,0.398,,,,,,true,false,12,2020-04-01,2021-03-31,0
2021-04-30,97150,2020-03-31,,311871000000,0.095,,,,,10689000000,0.996,8954000000,0.660,,6279000000,,151.40,,0.086,0.064,0.034,,143985000000,77969000000,0.515,1788.95,74196000000,8093000000,-6885000000,-2093000000,34920000000,,0.304,,,,,,true,false,12,2019-04-01,2020-03-31,-1
2021-04-30,97150,2021-03-31,,240763000000,0.058,,,,,11237000000,0.420,10232000000,0.861,2468000000,,-0.340,59.52,,,,,,126839000000,62470000000,0.493,1506.24,62470000000,,,,,84.00,,,,48794046,7319599,41474756,false,false,12,2020-04-01,2021-03-31,0
2021-04-30,97150,2020-03-31,,227643000000,0.083,,,,,7912000000,0.792,5496000000,-0.185,3737000000,,,90.12,,,,,,108635000000,61354000000,0.565,1479.32,61354000000,,,,,46.00,,,,48794046,7319064,41475123,false,false,12,2019-04-01,2020-03-31,-1
2021-04-30,97150,2021-03-31,,336405000000,0.079,,,,,17752000000,0.661,18012000000,1.012,,10022000000,,241.65,,0.125,0.113,0.053,,175883000000,92516000000,0.488,2069.01,85811000000,15715000000,-8402000000,6735000000,49074000000,,0.385,,,,,,true,false,12,2020-04-01,2021-03-31,0
2021-04-30,97150,2020-03-31,,311871000000,0.095,,,,,10689000000,0.996,8954000000,0.660,,6279000000,,151.40,,0.086,0.064,0.034,,143985000000,77969000000,0.515,1788.95,74196000000,8093000000,-6885000000,-2093000000,34920000000,,0.304,,,,,,true,false,12,2019-04-01,2020-03-31,-1
2021-04-30,97150,2021-03-31,,240763000000,0.058,,,,,11237000000,0.420,10232000000,0.861,3746000000,,0.002,90.32,,,,,,126839000000,63747000000,0.503,1537.04,63747000000,,,,,93.00,,,,48794046,7319599,41474756,false,false,12,2020-04-01,2021-03-31,0
2021-04-30,97150,2020-03-31,,227643000000,0.083,,,,,7912000000,0.792,5496000000,-0.185,3737000000,,,90.12,,,,,,108635000000,61354000000,0.565,1479.32,61354000000,,,,,46.00,,,,48794046,7319064,41475123,false,false,12,2019-04-01,2020-03-31,-1
2021-07-30,97150,2022-03-31,1,82038000000,,,,,,5692000000,,5540000000,,,3886000000,,93.70,,,,,,181028000000,105259000000,0.543,2368.65,98237000000,,,,,,,,,,,,true,false,3,2021-04-01,2021-06-30,0
2021-07-30,97150,2021-03-31,1,78485000000,0.071,,,,,3342000000,1.444,3421000000,1.690,,1722000000,,41.54,,,,,,,,,,,,,,,,,,,,,,true,false,3,2020-04-01,2020-06-30,-1
2021-07-30,97150,2021-03-31,1,,,,,,,,,,,,,,,,,,,,175883000000,92516000000,0.488,2069.01,85811000000,,,,,,,,,,,,true,false,12,2020-04-01,2021-03-31,-1
2021-07-30,97150,2021-03-31,1,,,,,,,,,,,,,,,,,,,,,,,,,,,,,93.00,,,,48794046,7319599,,false,false,12,2020-04-01,2021-03-31,-1
2021-07-30,97150,2022-03-31,1,,,,,,,,,,,,,,,,,,,,,,,,,,,,,,,,,48794046,7319768,41474307,false,false,3,2021-04-01,2021-06-30,0
2021-07-30,97150,2021-03-31,1,,,,,,,,,,,,,,,,,,,,,,,,,,,,,,,,,,,41474957,false,false,3,2020-04-01,2020-06-30,-1
2021-10-29,97150,2022-03-31,2,168088000000,,,,,,10767000000,,10766000000,,,8772000000,,211.52,,,,,,183538000000,107240000000,0.544,2408.46,99887000000,,,,,,,,,,,,true,false,6,2021-04-01,2021-09-30,0
2021-10-29,97150,2021-03-31,2,163734000000,0.078,,,,,8485000000,0.857,8677000000,0.990,,5569000000,,134.27,,,,,,,,,,,,,,,,,,,,,,true,false,6,2020-04-01,2020-09-30,-1
2021-10-29,97150,2021-03-31,2,,,,,,,,,,,,,,,,,,,,175883000000,92516000000,0.488,2069.01,85811000000,,,,,,,,,,,,true,false,12,2020-04-01,2021-03-31,-1
2021-10-29,97150,2021-03-31,2,,,,,,,,,,,,,,,,,,,,,,,,,,,,,93.00,,,,48794046,7319599,,false,false,12,2020-04-01,2021-03-31,-1
2021-10-29,97150,2022-03-31,2,,,,,,,,,,,,,,,,,,,,,,,,,,,,,0.00,,,,,,,false,false,12,2021-04-01,2022-03-31,0
2021-10-29,97150,2022-03-31,2,,,,,,,,,,,,,,,,,,,,,,,,,,,,,,,,,48794046,7320313,41474184,false,false,6,2021-04-01,2021-09-30,0
2021-10-29,97150,2021-03-31,2,,,,,,,,,,,,,,,,,,,,,,,,,,,,,,,,,,,41474890,false,false,6,2020-04-01,2020-09-30,-1
2022-01-31,97150,2022-03-31,3,258232000000,,,,,,19156000000,,18905000000,,,13978000000,,337.04,,,,,,201758000000,112868000000,0.521,2536.37,105192000000,,,,,,,,,,,,true,false,9,2021-04-01,2021-12-31,0
2022-01-31,97150,2021-03-31,3,246897000000,0.073,,,,,13223000000,0.696,13568000000,0.762,,8625000000,,207.98,,,,,,,,,,,,,,,,,,,,,,true,false,9,2020-04-01,2020-12-31,-1
2022-01-31,97150,2021-03-31,3,,,,,,,,,,,,,,,,,,,,175883000000,92516000000,0.488,2069.01,85811000000,,,,,,,,,,,,true,false,12,2020-04-01,2021-03-31,-1
2022-01-31,97150,2021-03-31,3,,,,,,,,,,,,,,,,,,,,,,,,,,,,,93.00,,,,48794046,7319599,,false,false,12,2020-04-01,2021-03-31,-1
2022-01-31,97150,2022-03-31,3,,,,,,,,,,,,,,,,,,,,,,,,,,,,,0.00,,,,,,,false,false,12,2021-04-01,2022-03-31,0
2022-01-31,97150,2022-03-31,3,,,,,,,,,,,,,,,,,,,,,,,,,,,,,,,,,48794046,7320461,41474002,false,false,9,2021-04-01,2021-12-31,0
2022-01-31,97150,2021-03-31,3,,,,,,,,,,,,,,,,,,,,,,,,,,,,,,,,,,,41474823,false,false,9,2020-04-01,2020-12-31,-1
2022-04-28,97150,2022-03-31,,354085000000,,,,,,25846000000,,28902000000,,,21488000000,,518.12,,0.216,0.147,0.073,,218455000000,120880000000,0.517,2723.29,112944000000,15770000000,-6223000000,4218000000,63858000000,,0.301,,,,,,true,false,12,2021-04-01,2022-03-31,0
2022-04-28,97150,2021-03-31,,336405000000,0.079,,,,,17752000000,0.661,18012000000,1.012,,10022000000,,241.65,,0.125,0.113,0.053,,175883000000,92516000000,0.488,2069.01,85811000000,15715000000,-8402000000,6735000000,49074000000,,0.385,,,,,,true,false,12,2020-04-01,2021-03-31,-1
2022-04-28,97150,2022-03-31,,238812000000,,,,,,17839000000,,17615000000,,9249000000,,,223.03,,,,,,150522000000,76439000000,0.508,1843.10,76439000000,,,,,156.00,,,,48794046,7320461,41473899,false,false,12,2021-04-01,2022-03-31,0
2022-04-28,97150,2021-03-31,,240763000000,0.058,,,,,11237000000,0.420,10232000000,0.861,3746000000,,0.002,90.32,,,,,,126839000000,63747000000,0.503,1537.04,63747000000,,,,,93.00,,,,48794046,7319599,41474756,false,false,12,2020-04-01,2021-03-31,-1
2022-07-29,97150,2023-03-31,1,93256000000,0.137,,,,,7924000000,0.392,8465000000,0.528,,5159000000,,124.41,117.36,,,,,197540000000,114173000000,0.537,2558.19,106097000000,,,,,,,,,,,,true,false,3,2022-04-01,2022-06-30,0
2022-07-29,97150,2022-03-31,1,82038000000,,,,,,5692000000,,5540000000,,,3886000000,,93.70,,,,,,,,,,,,,,,,,,,,,,true,false,3,2021-04-01,2021-06-30,-1
2022-07-29,97150,2022-03-31,1,,,,,,,,,,,,,,,,,,,,218455000000,120880000000,0.517,2723.29,112944000000,,,,,,,,,,,,true,false,12,2021-04-01,2022-03-31,-1
2022-07-29,97150,2022-03-31,1,,,,,,,,,,,,,,,,,,,,,,,,,,,,,156.00,,,,48794046,7320461,,false,false,12,2021-04-01,2022-03-31,-1
2022-07-29,97150,2023-03-31,1,,,,,,,,,,,,,,,,,,,,,,,,,,,,,,,,,48794046,7320565,41473521,false,false,3,2022-04-01,2022-06-30,0
2022-07-29,97150,2022-03-31,1,,,,,,,,,,,,,,,,,,,,,,,,,,,,,,,,,,,41474307,false,false,3,2021-04-01,2021-06-30,-1
2022-10-31,97150,2023-03-31,2,183390000000,0.091,,,,,12695000000,0.179,12941000000,0.202,,7932000000,,191.27,180.39,,,,,203145000000,120682000000,0.553,2708.42,112326000000,,,,,,,,,,,,true,false,6,2022-04-01,2022-09-30,0
2022-10-31,97150,2022-03-31,2,168088000000,,,,,,10767000000,,10766000000,,,8772000000,,211.52,,,,,,,,,,,,,,,,,,,,,,true,false,6,2021-04-01,2021-09-30,-1
2022-10-31,97150,2022-03-31,2,,,,,,,,,,,,,,,,,,,,218455000000,120880000000,0.517,2723.29,112944000000,,,,,,,,,,,,true,false,12,2021-04-01,2022-03-31,-1
2022-10-31,97150,2022-03-31,2,,,,,,,,,,,,,,,,,,,,,,,,,,,,,156.00,,,,48794046,7320461,,false,false,12,2021-04-01,2022-03-31,-1
2022-10-31,97150,2023-03-31,2,,,,,,,,,,,,,,,,,,,,,,,,,,,,,0.00,,,,,,,false,false,12,2022-04-01,2023-03-31,0
2022-10-31,97150,2023-03-31,2,,,,,,,,,,,,,,,,,,,,,,,,,,,,,,,,,48794046,7320789,41473426,false,false,6,2022-04-01,2022-09-30,0
2022-10-31,97150,2022-03-31,2,,,,,,,,,,,,,,,,,,,,,,,,,,,,,,,,,,,41474184,false,false,6,2021-04-01,2021-09-30,-1
2023-01-31,97150,2023-03-31,3,276037000000,0.069,,,,,17235000000,-0.100,16777000000,-0.113,,9979000000,,242.86,228.89,,,,,199078000000,117131000000,0.545,2747.63,108457000000,,,,,,,,,,,,true,false,9,2022-04-01,2022-12-31,0
2023-01-31,97150,2022-03-31,3,258232000000,,,,,,19156000000,,18905000000,,,13978000000,,337.04,335.75,,,,,,,,,,,,,,,,,,,,,true,false,9,2021-04-01,2021-12-31,-1
2023-01-31,97150,2022-03-31,3,,,,,,,,,,,,,,,,,,,,218455000000,120880000000,0.517,2723.29,112944000000,,,,,,,,,,,,true,false,12,2021-04-01,2022-03-31,-1
2023-01-31,97150,2022-03-31,3,,,,,,,,,,,,,,,,,,,,,,,,,,,,,156.00,,,,48794046,7320461,,false,false,12,2021-04-01,2022-03-31,-1
2023-01-31,97150,2023-03-31,3,,,,,,,,,,,,,,,,,,,,,,,,,,,,,0.00,,,,,,,false,false,12,2022-04-01,2023-03-31,0
2023-01-31,97150,2023-03-31,3,,,,,,,,,,,,,,,,,,,,,,,,,,,,,,,,,48794046,9320870,41091530,false,false,9,2022-04-01,2022-12-31,0
2023-01-31,97150,2022-03-31,3,,,,,,,,,,,,,,,,,,,,,,,,,,,,,,,,,,,41474002,false,false,9,2021-04-01,2021-12-31,-1
2023-04-28,97150,2023-03-31,,373830000000,0.056,,,,,23290000000,-0.099,23072000000,-0.202,,15767000000,,389.22,366.60,0.146,0.112,0.062,,193842000000,112381000000,0.534,2761.61,103486000000,24253000000,-7814000000,-31895000000,49366000000,,0.301,,,,,,true,false,12,2022-04-01,2023-03-31,0
2023-04-28,97150,2022-03-31,,354085000000,,,,,,25846000000,,28902000000,,,21488000000,,518.12,509.28,0.216,0.147,0.073,,218455000000,120880000000,0.517,2723.29,112944000000,15770000000,-6223000000,4218000000,63858000000,,0.301,,,,,,true,false,12,2021-04-01,2022-03-31,-1
2023-04-28,97150,2023-03-31,,244513000000,0.024,,,,,15929000000,-0.107,19389000000,0.101,12847000000,,0.389,317.13,298.64,,,,,126583000000,62566000000,0.494,1669.63,62566000000,,,,,117.00,,,,48794046,11320911,40511658,false,false,12,2022-04-01,2023-03-31,0
2023-04-28,97150,2022-03-31,,238812000000,,,,,,17839000000,,17615000000,,9249000000,,,223.03,219.16,,,,,150522000000,76439000000,0.508,1843.10,76439000000,,,,,156.00,,,,48794046,7320461,41473899,false,false,12,2021-04-01,2022-03-31,-1
2023-07-31,97150,2024-03-31,1,88947000000,-0.046,,,,,2222000000,-0.720,3240000000,-0.617,,1468000000,,39.19,36.68,,,,,195907000000,108490000000,0.508,2655.95,99526000000,,,,,,,,,,,,true,false,3,2023-04-01,2023-06-30,0
2023-07-31,97150,2023-03-31,1,93256000000,0.137,,,,,7924000000,0.392,8465000000,0.528,,5159000000,,124.41,117.36,,,,,,,,,,,,,,,,,,,,,true,false,3,2022-04-01,2022-06-30,-1
2023-07-31,97150,2023-03-31,1,,,,,,,,,,,,,,,,,,,,193842000000,112381000000,0.534,2761.61,103486000000,,,,,,,,,,,,true,false,12,2022-04-01,2023-03-31,-1
2023-07-31,97150,2023-03-31,1,,,,,,,,,,,,,,,,,,,,,,,,,,,,,117.00,,,,48794046,11320911,,false,false,12,2022-04-01,2023-03-31,-1
2023-07-31,97150,2024-03-31,1,,,,,,,,,,,,,,,,,,,,,,,,,,,,,,,,,48794046,11320992,37473119,false,false,3,2023-04-01,2023-06-30,0
2023-07-31,97150,2023-03-31,1,,,,,,,,,,,,,,,,,,,,,,,,,,,,,,,,,,,41473521,false,false,3,2022-04-01,2022-06-30,-1
2023-10-31,97150,2024-03-31,2,180047000000,-0.018,,,,,5841000000,-0.540,7290000000,-0.437,,4388000000,,117.12,109.70,,,,,198986000000,114582000000,0.530,2811.83,105367000000,,,,,,,,,,,,true,false,6,2023-04-01,2023-09-30,0
2023-10-31,97150,2023-03-31,2,183390000000,0.091,,,,,12695000000,0.179,12941000000,0.202,,7932000000,,191.27,180.39,,,,,,,,,,,,,,,,,,,,,true,false,6,2022-04-01,2022-09-30,-1
2023-10-31,97150,2023-03-31,2,,,,,,,,,,,,,,,,,,,,193842000000,112381000000,0.534,2761.61,103486000000,,,,,,,,,,,,true,false,12,2022-04-01,2023-03-31,-1
2023-10-31,97150,2023-03-31,2,,,,,,,,,,,,,,,,,,,,,,,,,,,,,117.00,,,,48794046,11320911,,false,false,12,2022-04-01,2023-03-31,-1
2023-10-31,97150,2024-03-31,2,,,,,,,,,,,,,,,,,,,,,,,,,,,,,0.00,,,,,,,false,false,12,2023-04-01,2024-03-31,0
2023-10-31,97150,2024-03-31,2,,,,,,,,,,,,,,,,,,,,,,,,,,,,,,,,,48794046,11321012,37473080,false,false,6,2023-04-01,2023-09-30,0
2023-10-31,97150,2023-03-31,2,,,,,,,,,,,,,,,,,,,,,,,,,,,,,,,,,,,41473426,false,false,6,2022-04-01,2022-09-30,-1
2024-01-31,9715,2024-03-31,3,271368000000,-0.017,,,,,8756000000,-0.492,10126000000,-0.396,,8181000000,,218.32,204.55,,,,,199138000000,117779000000,0.544,2889.17,108266000000,,,,,,,,,,,,true,false,9,2023-04-01,2023-12-31,0
2024-01-31,9715,2023-03-31,3,276037000000,0.069,,,,,17235000000,-0.100,16777000000,-0.113,,9979000000,,242.86,228.89,,,,,,,,,,,,,,,,,,,,,true,false,9,2022-04-01,2022-12-31,-1
2024-01-31,9715,2023-03-31,3,,,,,,,,,,,,,,,,,,,,193842000000,112381000000,0.534,2761.61,103486000000,,,,,,,,,,,,true,false,12,2022-04-01,2023-03-31,-1
2024-01-31,9715,2023-03-31,3,,,,,,,,,,,,,,,,,,,,,,,,,,,,,117.00,,,,48794046,11320911,,false,false,12,2022-04-01,2023-03-31,-1
2024-01-31,9715,2024-03-31,3,,,,,,,,,,,,,,,,,,,,,,,,,,,,,0.00,,,,,,,false,false,12,2023-04-01,2024-03-31,0
2024-01-31,9715,2024-03-31,3,,,,,,,,,,,,,,,,,,,,,,,,,,,,,,,,,48794046,11321012,37473064,false,false,9,2023-04-01,2023-12-31,0
2024-01-31,9715,2023-03-31,3,,,,,,,,,,,,,,,,,,,,,,,,,,,,,,,,,,,41091530,false,false,9,2022-04-01,2022-12-31,-1
2024-04-30,9715,2024-03-31,,362201000000,-0.031,,,,,11474000000,-0.507,13782000000,-0.403,,10097000000,,269.46,252.44,0.095,0.070,0.032,,199446000000,118065000000,0.543,2892.32,108383000000,18255000000,-600000000,-3754000000,64421000000,,0.301,,,,,,true,false,12,2023-04-01,2024-03-31,0
2024-04-30,9715,2023-03-31,,373830000000,0.056,,,,,23290000000,-0.099,23072000000,-0.202,,15767000000,,389.22,366.60,0.146,0.112,0.062,,193842000000,112381000000,0.534,2761.61,103486000000,24253000000,-7814000000,-31895000000,49366000000,,0.301,,,,,,true,false,12,2022-04-01,2023-03-31,-1
2024-04-30,9715,2024-03-31,,236716000000,-0.032,,,,,7003000000,-0.560,9909000000,-0.489,9457000000,,-0.264,252.37,236.41,,,,,132041000000,66807000000,0.506,1782.82,66807000000,,,,,81.00,,,,48794046,11321012,37473057,false,false,12,2023-04-01,2024-03-31,0
2024-04-30,9715,2023-03-31,,244513000000,0.024,,,,,15929000000,-0.107,19389000000,0.101,12847000000,,0.389,317.13,298.64,,,,,126583000000,62566000000,0.494,1669.63,62566000000,,,,,117.00,,,,48794046,11320911,40511658,false,false,12,2022-04-01,2023-03-31,-1
2024-07-31,9715,2025-03-31,1,91083000000,0.024,,,,,3043000000,0.369,3763000000,0.161,,1610000000,,43.44,40.64,,,,,199942000000,117903000000,0.541,2884.74,108099000000,,,,,,,,,,,,true,false,3,2024-04-01,2024-06-30,0
2024-07-31,9715,2024-03-31,1,88947000000,-0.046,,,,,2222000000,-0.720,3240000000,-0.617,,1468000000,,39.19,36.68,,,,,,,,,,,,,,,,,,,,,true,false,3,2023-04-01,2023-06-30,-1
2024-07-31,9715,2024-03-31,1,,,,,,,,,,,,,,,,,,,,199446000000,118065000000,0.543,2892.32,108383000000,,,,,,,,,,,,true,false,12,2023-04-01,2024-03-31,-1
2024-07-31,9715,2024-03-31,1,,,,,,,,,,,,,,,,,,,,,,,,,,,,,81.00,,,,48794046,11321012,,false,false,12,2023-04-01,2024-03-31,-1
2024-07-31,9715,2025-03-31,1,,,,,,,,,,,,,,,,,,,,,,,,,,,,,,,,,43863116,6390102,37066635,false,false,3,2024-04-01,2024-06-30,0
2024-07-31,9715,2024-03-31,1,,,,,,,,,,,,,,,,,,,,,,,,,,,,,,,,,,,37473119,false,false,3,2023-04-01,2023-06-30,-1
2024-08-05,9715,2025-03-31,1,91083000000,0.024,,,,,3043000000,0.369,3763000000,0.161,,1610000000,,43.44,40.64,,,,,199942000000,117903000000,0.541,2884.74,108099000000,,,,,,,,,,,,true,false,3,2024-04-01,2024-06-30,0
2024-08-05,9715,2024-03-31,1,88947000000,-0.046,,,,,2222000000,-0.720,3240000000,-0.617,,1468000000,,39.19,36.68,,,,,,,,,,,,,,,,,,,,,true,false,3,2023-04-01,2023-06-30,-1
2024-08-05,9715,2024-03-31,1,,,,,,,,,,,,,,,,,,,,199446000000,118065000000,0.543,2892.32,108383000000,,,,,,,,,,,,true,false,12,2023-04-01,2024-03-31,-1
2024-08-05,9715,2024-03-31,1,,,,,,,,,,,,,,,,,,,,,,,,,,,,,81.00,,,,48794046,11321012,,false,false,12,2023-04-01,2024-03-31,-1
2024-08-05,9715,2025-03-31,1,,,,,,,,,,,,,,,,,,,,,,,,,,,,,,,,,43863116,6390102,37066635,false,false,3,2024-04-01,2024-06-30,0
2024-08-05,9715,2024-03-31,1,,,,,,,,,,,,,,,,,,,,,,,,,,,,,,,,,,,37473119,false,false,3,2023-04-01,2023-06-30,-1
2024-10-31,9715,2025-03-31,2,185545000000,0.031,,,,,7132000000,0.221,7196000000,-0.013,,4153000000,,110.85,103.81,,,,,199718000000,123170000000,0.567,3022.73,113270000000,,,,,,,,,,,,true,false,6,2024-04-01,2024-09-30,0
2024-10-31,9715,2024-03-31,2,180047000000,-0.018,,,,,5841000000,-0.540,7290000000,-0.437,,4388000000,,117.12,109.70,,,,,,,,,,,,,,,,,,,,,true,false,6,2023-04-01,2023-09-30,-1
2024-10-31,9715,2024-03-31,2,,,,,,,,,,,,,,,,,,,,199446000000,118065000000,0.543,2892.32,108383000000,,,,,,,,,,,,true,false,12,2023-04-01,2024-03-31,-1
2024-10-31,9715,2024-03-31,2,,,,,,,,,,,,,,,,,,,,,,,,,,,,,81.00,,,,48794046,11321012,,false,false,12,2023-04-01,2024-03-31,-1
2024-10-31,9715,2025-03-31,2,,,,,,,,,,,,,,,,,,,,,,,,,,,,,0.00,,,,,,,false,false,12,2024-04-01,2025-03-31,0
2024-10-31,9715,2025-03-31,2,,,,,,,,,,,,,,,,,,,,,,,,,,,,,,,,,43863116,6390145,37473013,false,false,6,2024-04-01,2024-09-30,0
2024-10-31,9715,2024-03-31,2,,,,,,,,,,,,,,,,,,,,,,,,,,,,,,,,,,,37473080,false,false,6,2023-04-01,2023-09-30,-1
2025-01-31,9715,2025-03-31,3,279864000000,0.031,,,,,11128000000,0.271,12519000000,0.236,,7581000000,,202.32,189.54,,,,,201257000000,122766000000,0.560,3005.12,112610000000,,,,,,,,,,,,true,false,9,2024-04-01,2024-12-31,0
2025-01-31,9715,2024-03-31,3,271368000000,-0.017,,,,,8756000000,-0.492,10126000000,-0.396,,8181000000,,218.32,204.55,,,,,,,,,,,,,,,,,,,,,true,false,9,2023-04-01,2023-12-31,-1
2025-01-31,9715,2024-03-31,3,,,,,,,,,,,,,,,,,,,,199446000000,118065000000,0.543,2892.32,108383000000,,,,,,,,,,,,true,false,12,2023-04-01,2024-03-31,-1
2025-01-31,9715,2024-03-31,3,,,,,,,,,,,,,,,,,,,,,,,,,,,,,81.00,,,,48794046,11321012,,false,false,12,2023-04-01,2024-03-31,-1
2025-01-31,9715,2025-03-31,3,,,,,,,,,,,,,,,,,,,,,,,,,,,,,0.00,,,,,,,false,false,12,2024-04-01,2025-03-31,0
2025-01-31,9715,2025-03-31,3,,,,,,,,,,,,,,,,,,,,,,,,,,,,,,,,,43863116,6390199,37472985,false,false,9,2024-04-01,2024-12-31,0
2025-01-31,9715,2024-03-31,3,,,,,,,,,,,,,,,,,,,,,,,,,,,,,,,,,,,37473064,false,false,9,2023-04-01,2023-12-31,-1
2025-02-05,9715,2025-03-31,3,279864000000,0.031,,,,,11128000000,0.271,12519000000,0.236,,7581000000,,202.32,189.54,,,,,201257000000,122766000000,0.560,3005.12,112610000000,,,,,,,,,,,,true,false,9,2024-04-01,2024-12-31,0
2025-02-05,9715,2024-03-31,3,271368000000,-0.017,,,,,8756000000,-0.492,10126000000,-0.396,,8181000000,,218.32,204.55,,,,,,,,,,,,,,,,,,,,,true,false,9,2023-04-01,2023-12-31,-1
2025-02-05,9715,2024-03-31,3,,,,,,,,,,,,,,,,,,,,199446000000,118065000000,0.543,2892.32,108383000000,,,,,,,,,,,,true,false,12,2023-04-01,2024-03-31,-1
2025-02-05,9715,2024-03-31,3,,,,,,,,,,,,,,,,,,,,,,,,,,,,,81.00,,,,48794046,11321012,,false,false,12,2023-04-01,2024-03-31,-1
2025-02-05,9715,2025-03-31,3,,,,,,,,,,,,,,,,,,,,,,,,,,,,,0.00,,,,,,,false,false,12,2024-04-01,2025-03-31,0
2025-02-05,9715,2025-03-31,3,,,,,,,,,,,,,,,,,,,,,,,,,,,,,,,,,43863116,6390199,37472985,false,false,9,2024-04-01,2024-12-31,0
2025-02-05,9715,2024-03-31,3,,,,,,,,,,,,,,,,,,,,,,,,,,,,,,,,,,,37473064,false,false,9,2023-04-01,2023-12-31,-1
2025-04-30,9715,2025-03-31,,375849000000,0.038,,,,,14475000000,0.261,15683000000,0.138,,11332000000,,302.41,283.35,0.100,0.077,0.039,,207984000000,129068000000,0.570,3166.17,118645000000,17314000000,-3670000000,-6028000000,73134000000,,0.351,,,,,,true,false,12,2024-04-01,2025-03-31,0
2025-04-30,9715,2024-03-31,,362201000000,-0.031,,,,,11474000000,-0.507,13782000000,-0.403,,10097000000,,269.46,252.44,0.095,0.070,0.032,,199446000000,118065000000,0.543,2892.32,108383000000,18255000000,-600000000,-3754000000,64421000000,,0.301,,,,,,true,false,12,2023-04-01,2024-03-31,-1
2025-04-30,9715,2026-03-31,,400000000000,0.064,,,,,15500000000,0.071,17000000000,0.084,,11500000000,,306.89,,,,,,,,,,,,,,,,0.352,,,,,,true,true,12,2025-04-01,2026-03-31,1
2025-04-30,9715,2025-03-31,,244017000000,0.031,,,,,7116000000,0.016,7896000000,-0.203,7032000000,,-0.256,187.67,175.71,,,,,133195000000,70637000000,0.530,1885.04,70637000000,,,,,106.00,,,,43863116,6390229,37472967,false,false,12,2024-04-01,2025-03-31,0
2025-04-30,9715,2024-03-31,,236716000000,-0.032,,,,,7003000000,-0.560,9909000000,-0.489,9457000000,,-0.264,252.37,236.41,,,,,132041000000,66807000000,0.506,1782.82,66807000000,,,,,81.00,,,,48794046,11321012,37473057,false,false,12,2023-04-01,2024-03-31,-1
2025-04-30,9715,2026-03-31,,,,,,,,,,,,,,,,,,,,,,,,,,,,,,108.00,,,,,,,false,true,12,2025-04-01,2026-03-31,1
2025-07-31,9715,2026-03-31,1,94439000000,0.037,,,,,3683000000,0.210,4412000000,0.172,,3404000000,,90.85,85.15,,,,,205583000000,125804000000,0.562,3084.93,115601000000,,,,,,,,,,,,true,false,3,2025-04-01,2025-06-30,0
2025-07-31,9715,2025-03-31,1,91083000000,0.024,,,,,3043000000,0.369,3763000000,0.161,,1610000000,,43.44,40.64,,,,,,,,,,,,,,,,,,,,,true,false,3,2024-04-01,2024-06-30,-1
2025-07-31,9715,2026-03-31,1,400000000000,0.064,,,,,15500000000,0.071,17000000000,0.084,,11500000000,,306.89,,,,,,,,,,,,,,,,,,,,,,true,true,12,2025-04-01,2026-03-31,0
2025-07-31,9715,2025-03-31,1,,,,,,,,,,,,,,,,,,,,207984000000,129068000000,0.570,3166.17,118645000000,,,,,,,,,,,,true,false,12,2024-04-01,2025-03-31,-1
2025-07-31,9715,2025-03-31,1,,,,,,,,,,,,,,,,,,,,,,,,,,,,,106.00,,,,43863116,6390229,,false,false,12,2024-04-01,2025-03-31,-1
2025-07-31,9715,2026-03-31,1,,,,,,,,,,,,,,,,,,,,,,,,,,,,,108.00,,,,,,,false,true,12,2025-04-01,2026-03-31,0
2025-07-31,9715,2026-03-31,1,,,,,,,,,,,,,,,,,,,,,,,,,,,,,,,,,43863116,6390276,37472869,false,false,3,2025-04-01,2025-06-30,0
2025-07-31,9715,2025-03-31,1,,,,,,,,,,,,,,,,,,,,,,,,,,,,,,,,,,,37066635,false,false,3,2024-04-01,2024-06-30,-1
2025-08-05,9715,2026-03-31,1,94439000000,0.037,,,,,3683000000,0.210,4412000000,0.172,,3404000000,,90.85,85.15,,,,,205583000000,125804000000,0.562,3084.93,115601000000,,,,,,,,,,,,true,false,3,2025-04-01,2025-06-30,0
2025-08-05,9715,2025-03-31,1,91083000000,0.024,,,,,3043000000,0.369,3763000000,0.161,,1610000000,,43.44,40.64,,,,,,,,,,,,,,,,,,,,,true,false,3,2024-04-01,2024-06-30,-1
2025-08-05,9715,2026-03-31,1,400000000000,0.064,,,,,15500000000,0.071,17000000000,0.084,,11500000000,,306.89,,,,,,,,,,,,,,,,,,,,,,true,true,12,2025-04-01,2026-03-31,0
2025-08-05,9715,2025-03-31,1,,,,,,,,,,,,,,,,,,,,207984000000,129068000000,0.570,3166.17,118645000000,,,,,,,,,,,,true,false,12,2024-04-01,2025-03-31,-1
2025-08-05,9715,2025-03-31,1,,,,,,,,,,,,,,,,,,,,,,,,,,,,,106.00,,,,43863116,6390229,,false,false,12,2024-04-01,2025-03-31,-1
2025-08-05,9715,2026-03-31,1,,,,,,,,,,,,,,,,,,,,,,,,,,,,,108.00,,,,,,,false,true,12,2025-04-01,2026-03-31,0
2025-08-05,9715,2026-03-31,1,,,,,,,,,,,,,,,,,,,,,,,,,,,,,,,,,43863116,6390276,37472869,false,false,3,2025-04-01,2025-06-30,0
2025-08-05,9715,2025-03-31,1,,,,,,,,,,,,,,,,,,,,,,,,,,,,,,,,,,,37066635,false,false,3,2024-04-01,2024-06-30,-1
