filing_date,code,fiscal_year_end,quarterly_period,net_sales,net_sales_change,revenue,revenue_change,operating_revenue,operating_revenue_change,operating_profit,operating_profit_change,ordinary_profit,ordinary_profit_change,net_income,net_income_of_parent,net_income_change,eps,diluted_eps,roe,roa,operating_profit_to_net_sales,operating_profit_to_revenue,total_assets,net_assets,equity_ratio,bps,owner_equity,operating_cash_flow,investing_cash_flow,financing_cash_flow,cash,dividend_per_share,payout_ratio,commemorative_dividend,extra_dividend,number_of_shares,number_of_treqsury_shares,avg_number_of_shares,is_consolidated,is_forecast,duration,period_start,period_end,period_pos
2015-07-30,97190,2016-03-31,1,74026000000,0.112,,,,,5440000000,0.659,5830000000,0.600,,4395000000,,42.35,41.92,,,,,330606000000,140261000000,0.406,,134141000000,,,,,,,,,,,,true,false,3,2015-04-01,2015-06-30,0
2015-07-30,97190,2015-03-31,1,66569000000,0.032,,,,,3279000000,-0.060,3644000000,-0.028,,3013000000,,29.04,28.60,,,,,,,,,,,,,,,,,,,,,true,false,3,2014-04-01,2014-06-30,-1
2015-07-30,97190,2016-03-31,1,153000000000,0.074,,,,,13000000000,0.167,13500000000,0.135,,10500000000,,101.16,,,,,,,,,,,,,,,,,,,,,,true,true,6,2015-04-01,2015-09-30,0
2015-07-30,97190,2016-03-31,1,310000000000,0.042,,,,,29000000000,0.036,30000000000,-0.022,,22000000000,,211.99,,,,,,,,,,,,,,,,,,,,,,true,true,12,2015-04-01,2016-03-31,0
2015-07-30,97190,2015-03-31,1,,,,,,,,,,,,,,,,,,,,334290000000,138536000000,0.396,,132458000000,,,,,,,,,,,,true,false,12,2014-04-01,2015-03-31,-1
2015-07-30,97190,2015-03-31,1,,,,,,,,,,,,,,,,,,,,,,,,,,,,,50.00,,,,107986403,4208816,,false,false,12,2014-04-01,2015-03-31,-1
2015-07-30,97190,2016-03-31,1,,,,,,,,,,,,,,,,,,,,,,,,,,,,,70.00,,,,,,,false,true,12,2015-04-01,2016-03-31,0
2015-07-30,97190,2016-03-31,1,,,,,,,,,,,,,,,,,,,,,,,,,,,,,,,,,107986403,4195081,103784740,false,false,3,2015-04-01,2015-06-30,0
2015-07-30,97190,2015-03-31,1,,,,,,,,,,,,,,,,,,,,,,,,,,,,,,,,,,,103756627,false,false,3,2014-04-01,2014-06-30,-1
2015-10-30,97190,2016-03-31,2,154812000000,0.086,,,,,13926000000,0.250,14780000000,0.243,,11004000000,,106.03,105.64,,,,,333321000000,146078000000,0.420,,140098000000,,,,,,,,,,,,true,false,6,2015-04-01,2015-09-30,0
2015-10-30,97190,2015-03-31,2,142524000000,0.039,,,,,11141000000,0.139,11891000000,0.115,,9235000000,,89.01,88.43,,,,,,,,,,,,,,,,,,,,,true,false,6,2014-04-01,2014-09-30,-1
2015-10-30,97190,2016-03-31,2,315000000000,0.058,,,,,30500000000,0.089,32000000000,0.043,,23500000000,,226.42,,,,,,,,,,,,,,,,,,,,,,true,true,12,2015-04-01,2016-03-31,0
2015-10-30,97190,2015-03-31,2,,,,,,,,,,,,,,,,,,,,334290000000,138536000000,0.396,,132458000000,,,,,,,,,,,,true,false,12,2014-04-01,2015-03-31,-1
2015-10-30,97190,2015-03-31,2,,,,,,,,,,,,,,,,,,,,,,,,,,,,,50.00,,,,107986403,4208816,,false,false,12,2014-04-01,2015-03-31,-1
2015-10-30,97190,2016-03-31,2,,,,,,,,,,,,,,,,,,,,,,,,,,,,,35.00,,,,,,,false,false,12,2015-04-01,2016-03-31,0
2015-10-30,97190,2016-03-31,2,,,,,,,,,,,,,,,,,,,,,,,,,,,,,70.00,,,,,,,false,true,12,2015-04-01,2016-03-31,0
2015-10-30,97190,2016-03-31,2,,,,,,,,,,,,,,,,,,,,,,,,,,,,,,,,,107986403,4196846,103787371,false,false,6,2015-04-01,2015-09-30,0
2015-10-30,97190,2015-03-31,2,,,,,,,,,,,,,,,,,,,,,,,,,,,,,,,,,,,103760352,false,false,6,2014-04-01,2014-09-30,-1
2016-01-28,97190,2016-03-31,3,235216000000,0.097,,,,,22403000000,0.301,23717000000,0.295,,17734000000,,170.87,170.47,,,,,338350000000,148868000000,0.422,,142793000000,,,,,,,,,,,,true,false,9,2015-04-01,2015-12-31,0
2016-01-28,97190,2015-03-31,3,214474000000,0.042,,,,,17223000000,0.148,18321000000,0.123,,13066000000,,125.93,125.28,,,,,,,,,,,,,,,,,,,,,true,false,9,2014-04-01,2014-12-31,-1
2016-01-28,97190,2016-03-31,3,320000000000,0.075,,,,,31500000000,0.125,33000000000,0.076,,23500000000,,226.42,,,,,,,,,,,,,,,,,,,,,,true,true,12,2015-04-01,2016-03-31,0
2016-01-28,97190,2015-03-31,3,,,,,,,,,,,,,,,,,,,,334290000000,138536000000,0.396,,132458000000,,,,,,,,,,,,true,false,12,2014-04-01,2015-03-31,-1
2016-01-28,97190,2015-03-31,3,,,,,,,,,,,,,,,,,,,,,,,,,,,,,50.00,,,,107986403,4208816,,false,false,12,2014-04-01,2015-03-31,-1
2016-01-28,97190,2016-03-31,3,,,,,,,,,,,,,,,,,,,,,,,,,,,,,35.00,,,,,,,false,false,12,2015-04-01,2016-03-31,0
2016-01-28,97190,2016-03-31,3,,,,,,,,,,,,,,,,,,,,,,,,,,,,,70.00,,,,,,,false,true,12,2015-04-01,2016-03-31,0
2016-01-28,97190,2016-03-31,3,,,,,,,,,,,,,,,,,,,,,,,,,,,,,,,,,107986403,4198359,103787869,false,false,9,2015-04-01,2015-12-31,0
2016-01-28,97190,2015-03-31,3,,,,,,,,,,,,,,,,,,,,,,,,,,,,,,,,,,,103761573,false,false,9,2014-04-01,2014-12-31,-1
2016-04-28,97190,2016-03-31,,323945000000,0.088,,,,,31785000000,0.135,33610000000,0.096,,26956000000,,259.72,259.28,0.194,0.098,0.098,,352676000000,151546000000,0.412,1401.00,145420000000,34730000000,-9473000000,-12338000000,98445000000,,0.289,,,,,,true,false,12,2015-04-01,2016-03-31,0
2016-04-28,97190,2015-03-31,,297633000000,0.033,,,,,28003000000,0.168,30667000000,0.194,,15638000000,,150.71,150.02,0.124,0.094,0.094,,334290000000,138536000000,0.396,1276.37,132458000000,29707000000,5166000000,-8395000000,85713000000,,0.332,,,,,,true,false,12,2014-04-01,2015-03-31,-1
2016-04-28,97190,2017-03-31,,156000000000,0.008,,,,,14000000000,0.005,15000000000,0.015,,12500000000,,120.43,,,,,,,,,,,,,,,,,,,,,,true,true,6,2016-04-01,2016-09-30,1
2016-04-28,97190,2017-03-31,,330000000000,0.019,,,,,33000000000,0.038,34000000000,0.012,,25000000000,,240.85,,,,,,,,,,,,,,,,0.353,,,,,,true,true,12,2016-04-01,2017-03-31,1
2016-04-28,97190,2016-03-31,,256115000000,0.086,,,,,24874000000,0.113,25423000000,0.072,22737000000,,0.831,218.60,218.43,,,,,294152000000,135913000000,0.462,1305.71,135825000000,,,,,75.00,,,,107986403,4189210,103789208,false,false,12,2015-04-01,2016-03-31,0
2016-04-28,97190,2015-03-31,,235929000000,0.031,,,,,22356000000,0.151,23711000000,0.198,12420000000,,-0.194,119.43,119.31,,,,,280202000000,120371000000,0.429,1156.30,120264000000,,,,,50.00,,,,107986403,4208816,103764860,false,false,12,2014-04-01,2015-03-31,-1
2016-04-28,97190,2017-03-31,,,,,,,,,,,,,,,,,,,,,,,,,,,,,,85.00,,,,,,,false,true,12,2016-04-01,2017-03-31,1
2016-07-28,97190,2017-03-31,1,75352000000,0.018,,,,,6124000000,0.126,6732000000,0.155,,7296000000,,70.30,70.11,,,,,349620000000,154352000000,0.424,,148114000000,,,,,,,,,,,,true,false,3,2016-04-01,2016-06-30,0
2016-07-28,97190,2016-03-31,1,74026000000,0.112,,,,,5440000000,0.659,5830000000,0.600,,4395000000,,42.35,41.92,,,,,,,,,,,,,,,,,,,,,true,false,3,2015-04-01,2015-06-30,-1
2016-07-28,97190,2017-03-31,1,156000000000,0.008,,,,,14000000000,0.005,15000000000,0.015,,12500000000,,120.43,,,,,,,,,,,,,,,,,,,,,,true,true,6,2016-04-01,2016-09-30,0
2016-07-28,97190,2017-03-31,1,330000000000,0.019,,,,,33000000000,0.038,34000000000,0.012,,25000000000,,240.85,,,,,,,,,,,,,,,,,,,,,,true,true,12,2016-04-01,2017-03-31,0
2016-07-28,97190,2016-03-31,1,,,,,,,,,,,,,,,,,,,,352676000000,151546000000,0.412,,145420000000,,,,,,,,,,,,true,false,12,2015-04-01,2016-03-31,-1
2016-07-28,97190,2016-03-31,1,,,,,,,,,,,,,,,,,,,,,,,,,,,,,75.00,,,,107986403,4189210,,false,false,12,2015-04-01,2016-03-31,-1
2016-07-28,97190,2017-03-31,1,,,,,,,,,,,,,,,,,,,,,,,,,,,,,85.00,,,,,,,false,true,12,2016-04-01,2017-03-31,0
2016-07-28,97190,2017-03-31,1,,,,,,,,,,,,,,,,,,,,,,,,,,,,,,,,,107986403,4183978,103799697,false,false,3,2016-04-01,2016-06-30,0
2016-07-28,97190,2016-03-31,1,,,,,,,,,,,,,,,,,,,,,,,,,,,,,,,,,,,103784740,false,false,3,2015-04-01,2015-06-30,-1
2016-10-28,97190,2017-03-31,2,157412000000,0.017,,,,,14723000000,0.057,15781000000,0.068,,13286000000,,128.00,127.80,,,,,355153000000,160259000000,0.433,,153872000000,,,,,,,,,,,,true,false,6,2016-04-01,2016-09-30,0
2016-10-28,97190,2016-03-31,2,154812000000,0.086,,,,,13926000000,0.250,14780000000,0.243,,11004000000,,106.03,105.64,,,,,,,,,,,,,,,,,,,,,true,false,6,2015-04-01,2015-09-30,-1
2016-10-28,97190,2017-03-31,2,330000000000,0.019,,,,,33000000000,0.038,34000000000,0.012,,25000000000,,240.85,,,,,,,,,,,,,,,,,,,,,,true,true,12,2016-04-01,2017-03-31,0
2016-10-28,97190,2016-03-31,2,,,,,,,,,,,,,,,,,,,,352676000000,151546000000,0.412,,145420000000,,,,,,,,,,,,true,false,12,2015-04-01,2016-03-31,-1
2016-10-28,97190,2016-03-31,2,,,,,,,,,,,,,,,,,,,,,,,,,,,,,75.00,,,,107986403,4189210,,false,false,12,2015-04-01,2016-03-31,-1
2016-10-28,97190,2017-03-31,2,,,,,,,,,,,,,,,,,,,,,,,,,,,,,42.50,,,,,,,false,false,12,2016-04-01,2017-03-31,0
2016-10-28,97190,2017-03-31,2,,,,,,,,,,,,,,,,,,,,,,,,,,,,,85.00,,,,,,,false,true,12,2016-04-01,2017-03-31,0
2016-10-28,97190,2017-03-31,2,,,,,,,,,,,,,,,,,,,,,,,,,,,,,,,,,107986403,4180146,103801670,false,false,6,2016-04-01,2016-09-30,0
2016-10-28,97190,2016-03-31,2,,,,,,,,,,,,,,,,,,,,,,,,,,,,,,,,,,,103787371,false,false,6,2015-04-01,2015-09-30,-1
2017-01-31,97190,2017-03-31,3,239047000000,0.016,,,,,23368000000,0.043,25147000000,0.060,,20253000000,,195.12,194.91,,,,,368957000000,163845000000,0.426,,157310000000,,,,,,,,,,,,true,false,9,2016-04-01,2016-12-31,0
2017-01-31,97190,2016-03-31,3,235216000000,0.097,,,,,22403000000,0.301,23717000000,0.295,,17734000000,,170.87,170.47,,,,,,,,,,,,,,,,,,,,,true,false,9,2015-04-01,2015-12-31,-1
2017-01-31,97190,2017-03-31,3,330000000000,0.019,,,,,33000000000,0.038,34000000000,0.012,,25000000000,,240.85,,,,,,,,,,,,,,,,,,,,,,true,true,12,2016-04-01,2017-03-31,0
2017-01-31,97190,2016-03-31,3,,,,,,,,,,,,,,,,,,,,352676000000,151546000000,0.412,,145420000000,,,,,,,,,,,,true,false,12,2015-04-01,2016-03-31,-1
2017-01-31,97190,2016-03-31,3,,,,,,,,,,,,,,,,,,,,,,,,,,,,,75.00,,,,107986403,4189210,,false,false,12,2015-04-01,2016-03-31,-1
2017-01-31,97190,2017-03-31,3,,,,,,,,,,,,,,,,,,,,,,,,,,,,,42.50,,,,,,,false,false,12,2016-04-01,2017-03-31,0
2017-01-31,97190,2017-03-31,3,,,,,,,,,,,,,,,,,,,,,,,,,,,,,85.00,,,,,,,false,true,12,2016-04-01,2017-03-31,0
2017-01-31,97190,2017-03-31,3,,,,,,,,,,,,,,,,,,,,,,,,,,,,,,,,,107986403,4185249,103802545,false,false,9,2016-04-01,2016-12-31,0
2017-01-31,97190,2016-03-31,3,,,,,,,,,,,,,,,,,,,,,,,,,,,,,,,,,,,103787869,false,false,9,2015-04-01,2015-12-31,-1
2017-04-28,97190,2017-03-31,,329303000000,0.017,,,,,33714000000,0.061,36121000000,0.075,,28458000000,,274.16,273.96,0.182,0.097,0.102,,389537000000,173674000000,0.428,1607.74,166897000000,37161000000,-11982000000,476000000,123935000000,,0.328,,,,,,true,false,12,2016-04-01,2017-03-31,0
2017-04-28,97190,2016-03-31,,323945000000,0.088,,,,,31785000000,0.135,33610000000,0.096,,26956000000,,259.72,259.28,0.194,0.098,0.098,,352676000000,151546000000,0.412,1401.00,145420000000,34730000000,-9473000000,-12338000000,98445000000,,0.289,,,,,,true,false,12,2015-04-01,2016-03-31,-1
2017-04-28,97190,2018-03-31,,160000000000,0.016,,,,,15000000000,0.019,15500000000,-0.018,,10000000000,,96.33,,,,,,,,,,,,,,,,,,,,,,true,true,6,2017-04-01,2017-09-30,1
2017-04-28,97190,2018-03-31,,340000000000,0.032,,,,,36000000000,0.068,37000000000,0.024,,24500000000,,236.01,,,,,,,,,,,,,,,,0.403,,,,,,true,true,12,2017-04-01,2018-03-31,1
2017-04-28,97190,2017-03-31,,258348000000,0.009,,,,,26319000000,0.058,31036000000,0.221,24866000000,,0.094,239.04,238.89,,,,,323648000000,153080000000,0.473,1470.76,153010000000,,,,,90.00,,,,107986403,4177266,103803262,false,false,12,2016-04-01,2017-03-31,0
2017-04-28,97190,2016-03-31,,256115000000,0.086,,,,,24874000000,0.113,25423000000,0.072,22737000000,,0.831,218.60,218.43,,,,,294152000000,135913000000,0.462,1305.71,135825000000,,,,,75.00,,,,107986403,4189210,103789208,false,false,12,2015-04-01,2016-03-31,-1
2017-04-28,97190,2018-03-31,,,,,,,,,,,,,,,,,,,,,,,,,,,,,,95.00,,,,,,,false,true,12,2017-04-01,2018-03-31,1
2017-07-28,97190,2018-03-31,1,77219000000,0.025,,,,,3889000000,-0.365,4455000000,-0.338,,2844000000,,27.40,27.38,,,,,364645000000,171695000000,0.452,,164834000000,,,,,,,,,,,,true,false,3,2017-04-01,2017-06-30,0
2017-07-28,97190,2017-03-31,1,75352000000,0.018,,,,,6124000000,0.126,6732000000,0.155,,7296000000,,70.30,70.11,,,,,,,,,,,,,,,,,,,,,true,false,3,2016-04-01,2016-06-30,-1
2017-07-28,97190,2018-03-31,1,160000000000,0.016,,,,,15000000000,0.019,15500000000,-0.018,,10000000000,,96.33,,,,,,,,,,,,,,,,,,,,,,true,true,6,2017-04-01,2017-09-30,0
2017-07-28,97190,2018-03-31,1,340000000000,0.032,,,,,36000000000,0.068,37000000000,0.024,,24500000000,,236.01,,,,,,,,,,,,,,,,,,,,,,true,true,12,2017-04-01,2018-03-31,0
2017-07-28,97190,2017-03-31,1,,,,,,,,,,,,,,,,,,,,389537000000,173674000000,0.428,,166897000000,,,,,,,,,,,,true,false,12,2016-04-01,2017-03-31,-1
2017-07-28,97190,2017-03-31,1,,,,,,,,,,,,,,,,,,,,,,,,,,,,,90.00,,,,107986403,4177266,,false,false,12,2016-04-01,2017-03-31,-1
2017-07-28,97190,2018-03-31,1,,,,,,,,,,,,,,,,,,,,,,,,,,,,,95.00,,,,,,,false,true,12,2017-04-01,2018-03-31,0
2017-07-28,97190,2018-03-31,1,,,,,,,,,,,,,,,,,,,,,,,,,,,,,,,,,107986403,4173927,103810013,false,false,3,2017-04-01,2017-06-30,0
2017-07-28,97190,2017-03-31,1,,,,,,,,,,,,,,,,,,,,,,,,,,,,,,,,,,,103799697,false,false,3,2016-04-01,2016-06-30,-1
2017-10-30,97190,2018-03-31,2,163466000000,0.038,,,,,13272000000,-0.098,14273000000,-0.096,,12034000000,,115.93,115.87,,,,,382877000000,181122000000,0.455,,174113000000,,,,,,,,,,,,true,false,6,2017-04-01,2017-09-30,0
2017-10-30,97190,2017-03-31,2,157412000000,0.017,,,,,14723000000,0.057,15781000000,0.068,,13286000000,,128.00,127.80,,,,,,,,,,,,,,,,,,,,,true,false,6,2016-04-01,2016-09-30,-1
2017-10-30,97190,2018-03-31,2,340000000000,0.032,,,,,36000000000,0.068,37000000000,0.024,,33500000000,,322.69,,,,,,,,,,,,,,,,,,,,,,true,true,12,2017-04-01,2018-03-31,0
2017-10-30,97190,2017-03-31,2,,,,,,,,,,,,,,,,,,,,389537000000,173674000000,0.428,,166897000000,,,,,,,,,,,,true,false,12,2016-04-01,2017-03-31,-1
2017-10-30,97190,2017-03-31,2,,,,,,,,,,,,,,,,,,,,,,,,,,,,,90.00,,,,107986403,4177266,,false,false,12,2016-04-01,2017-03-31,-1
2017-10-30,97190,2018-03-31,2,,,,,,,,,,,,,,,,,,,,,,,,,,,,,47.50,,,,,,,false,false,12,2017-04-01,2018-03-31,0
2017-10-30,97190,2018-03-31,2,,,,,,,,,,,,,,,,,,,,,,,,,,,,,95.00,,,,,,,false,true,12,2017-04-01,2018-03-31,0
2017-10-30,97190,2018-03-31,2,,,,,,,,,,,,,,,,,,,,,,,,,,,,,,,,,107986403,4172038,103812288,false,false,6,2017-04-01,2017-09-30,0
2017-10-30,97190,2017-03-31,2,,,,,,,,,,,,,,,,,,,,,,,,,,,,,,,,,,,103801670,false,false,6,2016-04-01,2016-09-30,-1
2018-01-31,97190,2018-03-31,3,244851000000,0.024,,,,,21565000000,-0.077,23035000000,-0.084,,25495000000,,245.59,245.47,,,,,291549000000,189757000000,0.626,,182645000000,,,,,,,,,,,,true,false,9,2017-04-01,2017-12-31,0
2018-01-31,97190,2017-03-31,3,239047000000,0.016,,,,,23368000000,0.043,25147000000,0.060,,20253000000,,195.12,194.91,,,,,,,,,,,,,,,,,,,,,true,false,9,2016-04-01,2016-12-31,-1
2018-01-31,97190,2018-03-31,3,340000000000,0.032,,,,,34000000000,0.008,35000000000,-0.031,,33500000000,,322.69,,,,,,,,,,,,,,,,,,,,,,true,true,12,2017-04-01,2018-03-31,0
2018-01-31,97190,2017-03-31,3,,,,,,,,,,,,,,,,,,,,389537000000,173674000000,0.428,,166897000000,,,,,,,,,,,,true,false,12,2016-04-01,2017-03-31,-1
2018-01-31,97190,2017-03-31,3,,,,,,,,,,,,,,,,,,,,,,,,,,,,,90.00,,,,107986403,4177266,,false,false,12,2016-04-01,2017-03-31,-1
2018-01-31,97190,2018-03-31,3,,,,,,,,,,,,,,,,,,,,,,,,,,,,,47.50,,,,,,,false,false,12,2017-04-01,2018-03-31,0
2018-01-31,97190,2018-03-31,3,,,,,,,,,,,,,,,,,,,,,,,,,,,,,95.00,,,,,,,false,true,12,2017-04-01,2018-03-31,0
2018-01-31,97190,2018-03-31,3,,,,,,,,,,,,,,,,,,,,,,,,,,,,,,,,,104181803,367751,103812814,false,false,9,2017-04-01,2017-12-31,0
2018-01-31,97190,2017-03-31,3,,,,,,,,,,,,,,,,,,,,,,,,,,,,,,,,,,,103802545,false,false,9,2016-04-01,2016-12-31,-1
2018-04-27,97190,2018-03-31,,336654000000,0.022,,,,,34602000000,0.026,36291000000,0.005,,32488000000,,312.95,312.80,0.182,0.105,0.103,,303914000000,196600000000,0.623,1822.54,189214000000,37096000000,-35394000000,-25763000000,99797000000,,0.304,,,,,,true,false,12,2017-04-01,2018-03-31,0
2018-04-27,97190,2017-03-31,,329303000000,0.017,,,,,33714000000,0.061,36121000000,0.075,,28458000000,,274.16,273.96,0.182,0.097,0.102,,389537000000,173674000000,0.428,1607.74,166897000000,37161000000,-11982000000,476000000,123935000000,,0.328,,,,,,true,false,12,2016-04-01,2017-03-31,-1
2018-04-27,97190,2019-03-31,,165000000000,0.009,,,,,15000000000,0.130,15000000000,0.051,,10000000000,,96.32,,,,,,,,,,,,,,,,,,,,,,true,true,6,2018-04-01,2018-09-30,1
2018-04-27,97190,2019-03-31,,345000000000,0.025,,,,,37000000000,0.069,37500000000,0.033,,25000000000,,240.80,,,,,,,,,,,,,,,,0.415,,,,,,true,true,12,2018-04-01,2019-03-31,1
2018-04-27,97190,2018-03-31,,263069000000,0.018,,,,,27195000000,0.033,29043000000,-0.064,31960000000,,0.285,307.21,307.06,,,,,293694000000,175118000000,0.596,1682.63,175060000000,,,,,95.00,,,,104181803,362918,103813610,false,false,12,2017-04-01,2018-03-31,0
2018-04-27,97190,2017-03-31,,258348000000,0.009,,,,,26319000000,0.058,31036000000,0.221,24866000000,,0.094,239.04,238.89,,,,,323648000000,153080000000,0.473,1470.76,153010000000,,,,,90.00,,,,107986403,4177266,103803262,false,false,12,2016-04-01,2017-03-31,-1
2018-04-27,97190,2019-03-31,,,,,,,,,,,,,,,,,,,,,,,,,,,,,,100.00,,,,,,,false,true,12,2018-04-01,2019-03-31,1
2018-07-30,97190,2019-03-31,1,80166000000,0.038,,,,,6333000000,0.628,6588000000,0.479,,4301000000,,41.43,41.41,,,,,296199000000,196090000000,0.637,,188653000000,,,,,,,,,,,,true,false,3,2018-04-01,2018-06-30,0
2018-07-30,97190,2018-03-31,1,77219000000,0.025,,,,,3889000000,-0.365,4455000000,-0.338,,2844000000,,27.40,27.38,,,,,,,,,,,,,,,,,,,,,true,false,3,2017-04-01,2017-06-30,-1
2018-07-30,97190,2019-03-31,1,165000000000,0.009,,,,,15000000000,0.130,15000000000,0.051,,10000000000,,96.32,,,,,,,,,,,,,,,,,,,,,,true,true,6,2018-04-01,2018-09-30,0
2018-07-30,97190,2019-03-31,1,345000000000,0.025,,,,,37000000000,0.069,37500000000,0.033,,25000000000,,240.80,,,,,,,,,,,,,,,,,,,,,,true,true,12,2018-04-01,2019-03-31,0
2018-07-30,97190,2018-03-31,1,,,,,,,,,,,,,,,,,,,,303914000000,196600000000,0.623,,189214000000,,,,,,,,,,,,true,false,12,2017-04-01,2018-03-31,-1
2018-07-30,97190,2018-03-31,1,,,,,,,,,,,,,,,,,,,,,,,,,,,,,95.00,,,,104181803,362918,,false,false,12,2017-04-01,2018-03-31,-1
2018-07-30,97190,2019-03-31,1,,,,,,,,,,,,,,,,,,,,,,,,,,,,,100.00,,,,,,,false,true,12,2018-04-01,2019-03-31,0
2018-07-30,97190,2019-03-31,1,,,,,,,,,,,,,,,,,,,,,,,,,,,,,,,,,104181803,357466,103822629,false,false,3,2018-04-01,2018-06-30,0
2018-07-30,97190,2018-03-31,1,,,,,,,,,,,,,,,,,,,,,,,,,,,,,,,,,,,103810013,false,false,3,2017-04-01,2017-06-30,-1
2018-10-29,97190,2019-03-31,2,167424000000,0.024,,,,,16004000000,0.206,16364000000,0.146,,10836000000,,104.38,104.34,,,,,315356000000,203334000000,0.621,,195728000000,,,,,,,,,,,,true,false,6,2018-04-01,2018-09-30,0
2018-10-29,97190,2018-03-31,2,163466000000,0.038,,,,,13272000000,-0.098,14273000000,-0.096,,12034000000,,115.93,115.87,,,,,,,,,,,,,,,,,,,,,true,false,6,2017-04-01,2017-09-30,-1
2018-10-29,97190,2019-03-31,2,345000000000,0.025,,,,,37000000000,0.069,37500000000,0.033,,25000000000,,240.80,,,,,,,,,,,,,,,,,,,,,,true,true,12,2018-04-01,2019-03-31,0
2018-10-29,97190,2018-03-31,2,,,,,,,,,,,,,,,,,,,,303914000000,196600000000,0.623,,189214000000,,,,,,,,,,,,true,false,12,2017-04-01,2018-03-31,-1
2018-10-29,97190,2018-03-31,2,,,,,,,,,,,,,,,,,,,,,,,,,,,,,95.00,,,,104181803,362918,,false,false,12,2017-04-01,2018-03-31,-1
2018-10-29,97190,2019-03-31,2,,,,,,,,,,,,,,,,,,,,,,,,,,,,,50.00,,,,,,,false,false,12,2018-04-01,2019-03-31,0
2018-10-29,97190,2019-03-31,2,,,,,,,,,,,,,,,,,,,,,,,,,,,,,100.00,,,,,,,false,true,12,2018-04-01,2019-03-31,0
2018-10-29,97190,2019-03-31,2,,,,,,,,,,,,,,,,,,,,,,,,,,,,,,,,,104181803,352005,103826009,false,false,6,2018-04-01,2018-09-30,0
2018-10-29,97190,2018-03-31,2,,,,,,,,,,,,,,,,,,,,,,,,,,,,,,,,,,,103812288,false,false,6,2017-04-01,2017-09-30,-1
2019-01-31,97190,2019-03-31,3,255917000000,0.045,,,,,26496000000,0.229,27064000000,0.175,,17765000000,,171.10,171.04,,,,,313965000000,204806000000,0.628,,197026000000,,,,,,,,,,,,true,false,9,2018-04-01,2018-12-31,0
2019-01-31,97190,2018-03-31,3,244851000000,0.024,,,,,21565000000,-0.077,23035000000,-0.084,,25495000000,,245.59,245.47,,,,,,,,,,,,,,,,,,,,,true,false,9,2017-04-01,2017-12-31,-1
2019-01-31,97190,2019-03-31,3,353000000000,0.049,,,,,39000000000,0.127,39000000000,0.075,,26500000000,,255.23,,,,,,,,,,,,,,,,,,,,,,true,true,12,2018-04-01,2019-03-31,0
2019-01-31,97190,2018-03-31,3,,,,,,,,,,,,,,,,,,,,303914000000,196600000000,0.623,,189214000000,,,,,,,,,,,,true,false,12,2017-04-01,2018-03-31,-1
2019-01-31,97190,2018-03-31,3,,,,,,,,,,,,,,,,,,,,,,,,,,,,,95.00,,,,104181803,362918,,false,false,12,2017-04-01,2018-03-31,-1
2019-01-31,97190,2019-03-31,3,,,,,,,,,,,,,,,,,,,,,,,,,,,,,50.00,,,,,,,false,false,12,2018-04-01,2019-03-31,0
2019-01-31,97190,2019-03-31,3,,,,,,,,,,,,,,,,,,,,,,,,,,,,,100.00,,,,,,,false,true,12,2018-04-01,2019-03-31,0
2019-01-31,97190,2019-03-31,3,,,,,,,,,,,,,,,,,,,,,,,,,,,,,,,,,104181803,352466,103827164,false,false,9,2018-04-01,2018-12-31,0
2019-01-31,97190,2018-03-31,3,,,,,,,,,,,,,,,,,,,,,,,,,,,,,,,,,,,103812814,false,false,9,2017-04-01,2017-12-31,-1
2019-04-26,97190,2019-03-31,,358654000000,0.065,,,,,38378000000,0.109,38650000000,0.065,,27892000000,,268.64,268.55,0.146,0.125,0.107,,314844000000,194468000000,0.614,1862.78,193412000000,33511000000,-7163000000,-19995000000,106198000000,,0.372,,,,,,true,false,12,2018-04-01,2019-03-31,0
2019-04-26,97190,2018-03-31,,336654000000,0.022,,,,,34602000000,0.026,36291000000,0.005,,32488000000,,312.95,312.80,0.182,0.105,0.103,,303914000000,196600000000,0.623,1822.54,189214000000,37096000000,-35394000000,-25763000000,99797000000,,0.304,,,,,,true,false,12,2017-04-01,2018-03-31,-1
2019-04-26,97190,2020-03-31,,180000000000,0.075,,,,,17500000000,0.093,17500000000,0.069,,12000000000,,115.57,,,,,,,,,,,,,,,,,,,,,,true,true,6,2019-04-01,2019-09-30,1
2019-04-26,97190,2020-03-31,,380000000000,0.060,,,,,41000000000,0.068,41000000000,0.061,,28000000000,,269.67,,,,,,,,,,,,,,,,0.482,,,,,,true,true,12,2019-04-01,2020-03-31,1
2019-04-26,97190,2019-03-31,,284145000000,0.080,,,,,30411000000,0.118,31933000000,0.100,24728000000,,-0.226,237.66,237.58,,,,,318397000000,189484000000,0.595,1820.67,189443000000,,,,,100.00,,,,104181803,351781,103827903,false,false,12,2018-04-01,2019-03-31,0
2019-04-26,97190,2018-03-31,,263069000000,0.018,,,,,27195000000,0.033,29043000000,-0.064,31960000000,,0.285,307.21,307.06,,,,,293694000000,175118000000,0.596,1682.63,175060000000,,,,,95.00,,,,104181803,362918,103813610,false,false,12,2017-04-01,2018-03-31,-1
2019-04-26,97190,2020-03-31,,,,,,,,,,,,,,,,,,,,,,,,,,,,,,130.00,,,,,,,false,true,12,2019-04-01,2020-03-31,1
2019-07-29,97190,2020-03-31,1,90967000000,0.135,,,,,7833000000,0.237,8131000000,0.234,,5542000000,,53.38,53.36,,,,,310174000000,192986000000,0.621,,192617000000,,,,,,,,,,,,true,false,3,2019-04-01,2019-06-30,0
2019-07-29,97190,2019-03-31,1,80166000000,0.038,,,,,6333000000,0.628,6588000000,0.479,,4301000000,,41.43,41.41,,,,,,,,,,,,,,,,,,,,,true,false,3,2018-04-01,2018-06-30,-1
2019-07-29,97190,2020-03-31,1,180000000000,0.075,,,,,17500000000,0.093,17500000000,0.069,,12000000000,,115.57,,,,,,,,,,,,,,,,,,,,,,true,true,6,2019-04-01,2019-09-30,0
2019-07-29,97190,2020-03-31,1,380000000000,0.060,,,,,41000000000,0.068,41000000000,0.061,,28000000000,,269.67,,,,,,,,,,,,,,,,,,,,,,true,true,12,2019-04-01,2020-03-31,0
2019-07-29,97190,2019-03-31,1,,,,,,,,,,,,,,,,,,,,314844000000,194468000000,0.614,,193412000000,,,,,,,,,,,,true,false,12,2018-04-01,2019-03-31,-1
2019-07-29,97190,2019-03-31,1,,,,,,,,,,,,,,,,,,,,,,,,,,,,,100.00,,,,104181803,351781,,false,false,12,2018-04-01,2019-03-31,-1
2019-07-29,97190,2020-03-31,1,,,,,,,,,,,,,,,,,,,,,,,,,,,,,130.00,,,,,,,false,true,12,2019-04-01,2020-03-31,0
2019-07-29,97190,2020-03-31,1,,,,,,,,,,,,,,,,,,,,,,,,,,,,,,,,,104181803,351037,103830567,false,false,3,2019-04-01,2019-06-30,0
2019-07-29,97190,2019-03-31,1,,,,,,,,,,,,,,,,,,,,,,,,,,,,,,,,,,,103822629,false,false,3,2018-04-01,2018-06-30,-1
2019-10-30,97190,2020-03-31,2,187329000000,0.119,,,,,19800000000,0.237,20337000000,0.243,,13796000000,,132.88,132.84,,,,,317147000000,201036000000,0.633,,200701000000,,,,,,,,,,,,true,false,6,2019-04-01,2019-09-30,0
2019-10-30,97190,2019-03-31,2,167424000000,0.024,,,,,16004000000,0.206,16364000000,0.146,,10836000000,,104.38,104.34,,,,,,,,,,,,,,,,,,,,,true,false,6,2018-04-01,2018-09-30,-1
2019-10-30,97190,2020-03-31,2,380000000000,0.060,,,,,41000000000,0.068,41000000000,0.061,,28000000000,,269.67,,,,,,,,,,,,,,,,,,,,,,true,true,12,2019-04-01,2020-03-31,0
2019-10-30,97190,2019-03-31,2,,,,,,,,,,,,,,,,,,,,314844000000,194468000000,0.614,,193412000000,,,,,,,,,,,,true,false,12,2018-04-01,2019-03-31,-1
2019-10-30,97190,2019-03-31,2,,,,,,,,,,,,,,,,,,,,,,,,,,,,,100.00,,,,104181803,351781,,false,false,12,2018-04-01,2019-03-31,-1
2019-10-30,97190,2020-03-31,2,,,,,,,,,,,,,,,,,,,,,,,,,,,,,65.00,,,,,,,false,false,12,2019-04-01,2020-03-31,0
2019-10-30,97190,2020-03-31,2,,,,,,,,,,,,,,,,,,,,,,,,,,,,,130.00,,,,,,,false,true,12,2019-04-01,2020-03-31,0
2019-10-30,97190,2020-03-31,2,,,,,,,,,,,,,,,,,,,,,,,,,,,,,,,,,104181803,349266,103830951,false,false,6,2019-04-01,2019-09-30,0
2019-10-30,97190,2019-03-31,2,,,,,,,,,,,,,,,,,,,,,,,,,,,,,,,,,,,103826009,false,false,6,2018-04-01,2018-09-30,-1
2020-01-31,97190,2020-03-31,3,280722000000,0.097,,,,,30879000000,0.165,31477000000,0.163,,23049000000,,221.99,221.94,,,,,320345000000,203524000000,0.633,,202688000000,,,,,,,,,,,,true,false,9,2019-04-01,2019-12-31,0
2020-01-31,97190,2019-03-31,3,255917000000,0.045,,,,,26496000000,0.229,27064000000,0.175,,17765000000,,171.10,171.04,,,,,,,,,,,,,,,,,,,,,true,false,9,2018-04-01,2018-12-31,-1
2020-01-31,97190,2020-03-31,3,380000000000,0.060,,,,,41000000000,0.068,41000000000,0.061,,28000000000,,269.67,,,,,,,,,,,,,,,,,,,,,,true,true,12,2019-04-01,2020-03-31,0
2020-01-31,97190,2019-03-31,3,,,,,,,,,,,,,,,,,,,,314844000000,194468000000,0.614,,193412000000,,,,,,,,,,,,true,false,12,2018-04-01,2019-03-31,-1
2020-01-31,97190,2019-03-31,3,,,,,,,,,,,,,,,,,,,,,,,,,,,,,100.00,,,,104181803,351781,,false,false,12,2018-04-01,2019-03-31,-1
2020-01-31,97190,2020-03-31,3,,,,,,,,,,,,,,,,,,,,,,,,,,,,,65.00,,,,,,,false,false,12,2019-04-01,2020-03-31,0
2020-01-31,97190,2020-03-31,3,,,,,,,,,,,,,,,,,,,,,,,,,,,,,130.00,,,,,,,false,true,12,2019-04-01,2020-03-31,0
2020-01-31,97190,2020-03-31,3,,,,,,,,,,,,,,,,,,,,,,,,,,,,,,,,,104181803,350202,103831276,false,false,9,2019-04-01,2019-12-31,0
2020-01-31,97190,2019-03-31,3,,,,,,,,,,,,,,,,,,,,,,,,,,,,,,,,,,,103827164,false,false,9,2018-04-01,2018-12-31,-1
2020-04-28,97190,2020-03-31,,387003000000,0.079,,,,,42326000000,0.103,43014000000,0.113,,31201000000,,300.50,300.43,0.156,0.131,0.109,,342485000000,208072000000,0.606,2000.16,207680000000,48950000000,-27338000000,-16309000000,111695000000,,0.433,,,,,,true,false,12,2019-04-01,2020-03-31,0
2020-04-28,97190,2019-03-31,,358654000000,0.065,,,,,38378000000,0.109,38650000000,0.065,,27892000000,,268.64,268.55,0.146,0.125,0.107,,314844000000,194468000000,0.614,1862.78,193412000000,33511000000,-7163000000,-19995000000,106198000000,,0.372,,,,,,true,false,12,2018-04-01,2019-03-31,-1
2020-04-28,97190,2021-03-31,,380000000000,,,,,,41000000000,,,,,29000000000,,278.70,,,,,,,,,,,,,,,,0.466,,,,,,true,true,12,2020-04-01,2021-03-31,1
2020-04-28,97190,2020-03-31,,304637000000,0.072,,,,,33366000000,0.097,34859000000,0.092,25025000000,,0.012,240.50,240.44,,,,,346486000000,201581000000,0.582,1937.00,201551000000,,,,,130.00,,,,104181803,349839,103831412,false,false,12,2019-04-01,2020-03-31,0
2020-04-28,97190,2019-03-31,,284145000000,0.080,,,,,30411000000,0.118,31933000000,0.100,24728000000,,-0.226,237.66,237.58,,,,,318397000000,189484000000,0.595,1820.67,189443000000,,,,,100.00,,,,104181803,351781,103827903,false,false,12,2018-04-01,2019-03-31,-1
2020-04-28,97190,2021-03-31,,,,,,,,,,,,,,,,,,,,,,,,,,,,,,130.00,,,,,,,false,true,12,2020-04-01,2021-03-31,1
2020-07-31,97190,2021-03-31,1,94356000000,0.033,,,,,10279000000,0.222,,,,7260000000,,69.76,69.76,,,,,338931000000,,,,,,,,,,,,,,,,true,false,3,2020-04-01,2020-06-30,0
2020-07-31,97190,2020-03-31,1,91331000000,,,,,,8412000000,,,,,6101000000,,58.62,58.62,,,,,,,,,,,,,,,,,,,,,true,false,3,2019-04-01,2019-06-30,-1
2020-07-31,97190,2021-03-31,1,380000000000,,,,,,41000000000,,,,,29000000000,,278.64,,,,,,,,,,,,,,,,,,,,,,true,true,12,2020-04-01,2021-03-31,0
2020-07-31,97190,2020-03-31,1,,,,,,,,,,,,,,,,,,,,362241000000,,,,,,,,,,,,,,,,true,false,12,2019-04-01,2020-03-31,-1
2020-07-31,97190,2020-03-31,1,,,,,,,,,,,,,,,,,,,,,,,,,,,,,130.00,,,,104181803,128562,,false,false,12,2019-04-01,2020-03-31,-1
2020-07-31,97190,2021-03-31,1,,,,,,,,,,,,,,,,,,,,,,,,,,,,,130.00,,,,,,,false,true,12,2020-04-01,2021-03-31,0
2020-07-31,97190,2021-03-31,1,,,,,,,,,,,,,,,,,,,,,,,,,,,,,,,,,104181803,128348,104077515,false,false,3,2020-04-01,2020-06-30,0
2020-07-31,97190,2020-03-31,1,,,,,,,,,,,,,,,,,,,,,,,,,,,,,,,,,,,104079507,false,false,3,2019-04-01,2019-06-30,-1
2020-10-29,97190,2021-03-31,2,189755000000,0.013,,,,,21217000000,0.040,,,,14869000000,,142.87,142.87,,,,,361100000000,,,,,,,,,,,,,,,,true,false,6,2020-04-01,2020-09-30,0
2020-10-29,97190,2020-03-31,2,187263000000,,,,,,20402000000,,,,,14499000000,,139.32,139.32,,,,,,,,,,,,,,,,,,,,,true,false,6,2019-04-01,2019-09-30,-1
2020-10-29,97190,2021-03-31,2,380000000000,,,,,,41000000000,,,,,29000000000,,278.64,,,,,,,,,,,,,,,,,,,,,,true,true,12,2020-04-01,2021-03-31,0
2020-10-29,97190,2020-03-31,2,,,,,,,,,,,,,,,,,,,,362241000000,,,,,,,,,,,,,,,,true,false,12,2019-04-01,2020-03-31,-1
2020-10-29,97190,2020-03-31,2,,,,,,,,,,,,,,,,,,,,,,,,,,,,,130.00,,,,104181803,128562,,false,false,12,2019-04-01,2020-03-31,-1
2020-10-29,97190,2021-03-31,2,,,,,,,,,,,,,,,,,,,,,,,,,,,,,65.00,,,,,,,false,false,12,2020-04-01,2021-03-31,0
2020-10-29,97190,2021-03-31,2,,,,,,,,,,,,,,,,,,,,,,,,,,,,,130.00,,,,,,,false,true,12,2020-04-01,2021-03-31,0
2020-10-29,97190,2021-03-31,2,,,,,,,,,,,,,,,,,,,,,,,,,,,,,,,,,104181803,128730,104077345,false,false,6,2020-04-01,2020-09-30,0
2020-10-29,97190,2020-03-31,2,,,,,,,,,,,,,,,,,,,,,,,,,,,,,,,,,,,104079313,false,false,6,2019-04-01,2019-09-30,-1
2021-01-29,97190,2021-03-31,3,290866000000,0.035,,,,,33997000000,0.078,,,,23782000000,,228.50,228.50,,,,,358439000000,,,,,,,,,,,,,,,,true,false,9,2020-04-01,2020-12-31,0
2021-01-29,97190,2020-03-31,3,280914000000,,,,,,31536000000,,,,,22189000000,,213.20,213.20,,,,,,,,,,,,,,,,,,,,,true,false,9,2019-04-01,2019-12-31,-1
2021-01-29,97190,2021-03-31,3,400000000000,0.038,,,,,45000000000,0.124,,,,31500000000,,302.66,,,,,,,,,,,,,,,,,,,,,,true,true,12,2020-04-01,2021-03-31,0
2021-01-29,97190,2020-03-31,3,,,,,,,,,,,,,,,,,,,,362241000000,,,,,,,,,,,,,,,,true,false,12,2019-04-01,2020-03-31,-1
2021-01-29,97190,2020-03-31,3,,,,,,,,,,,,,,,,,,,,,,,,,,,,,130.00,,,,104181803,128562,,false,false,12,2019-04-01,2020-03-31,-1
2021-01-29,97190,2021-03-31,3,,,,,,,,,,,,,,,,,,,,,,,,,,,,,65.00,,,,,,,false,false,12,2020-04-01,2021-03-31,0
2021-01-29,97190,2021-03-31,3,,,,,,,,,,,,,,,,,,,,,,,,,,,,,135.00,,,,,,,false,true,12,2020-04-01,2021-03-31,0
2021-01-29,97190,2021-03-31,3,,,,,,,,,,,,,,,,,,,,,,,,,,,,,,,,,104181803,129771,104077075,false,false,9,2020-04-01,2020-12-31,0
2021-01-29,97190,2020-03-31,3,,,,,,,,,,,,,,,,,,,,,,,,,,,,,,,,,,,104079041,false,false,9,2019-04-01,2019-12-31,-1
2021-04-28,97190,2021-03-31,,396853000000,0.030,,,,,45878000000,0.146,,,,33435000000,,321.26,321.26,,,0.116,,380399000000,,,,,50219000000,-20586000000,-32488000000,,,0.420,,,,,,true,false,12,2020-04-01,2021-03-31,0
2021-04-28,97190,2020-03-31,,385295000000,,,,,,40048000000,,,,,28765000000,,276.38,276.38,,,0.104,,362241000000,,,,,55710000000,-27484000000,-22923000000,,,0.470,,,,,,true,false,12,2019-04-01,2020-03-31,-1
2021-04-28,97190,2022-03-31,,420000000000,0.058,,,,,48000000000,0.046,,,,34000000000,,326.69,,,,,,,,,,,,,,,,0.429,,,,,,true,true,12,2021-04-01,2022-03-31,1
2021-04-28,97190,2021-03-31,,316888000000,0.040,,,,,34340000000,0.029,36396000000,0.044,31641000000,,0.264,304.09,304.02,,,,,351734000000,220336000000,0.626,2117.25,220313000000,,,,,135.00,,,,104181803,125727,104076589,false,false,12,2020-04-01,2021-03-31,0
2021-04-28,97190,2020-03-31,,304637000000,0.072,,,,,33366000000,0.097,34859000000,0.092,25025000000,,0.012,240.50,240.44,,,,,346486000000,201581000000,0.582,1937.00,201551000000,,,,,130.00,,,,104181803,128562,104078717,false,false,12,2019-04-01,2020-03-31,-1
2021-04-28,97190,2022-03-31,,,,,,,,,,,,,,,,,,,,,,,,,,,,,,140.00,,,,,,,false,true,12,2021-04-01,2022-03-31,1
2021-07-30,97190,2022-03-31,1,99210000000,0.051,,,,,10887000000,0.059,,,,7703000000,,74.02,74.02,,,,,388647000000,,,,,,,,,,,,,,,,true,false,3,2021-04-01,2021-06-30,0
2021-07-30,97190,2021-03-31,1,94356000000,0.033,,,,,10279000000,0.222,,,,7260000000,,69.76,69.76,,,,,,,,,,,,,,,,,,,,,true,false,3,2020-04-01,2020-06-30,-1
2021-07-30,97190,2022-03-31,1,420000000000,0.058,,,,,48000000000,0.046,,,,34000000000,,108.90,,,,,,,,,,,,,,,,,,,,,,true,true,12,2021-04-01,2022-03-31,0
2021-07-30,97190,2021-03-31,1,,,,,,,,,,,,,,,,,,,,380399000000,,,,,,,,,,,,,,,,true,false,12,2020-04-01,2021-03-31,-1
2021-07-30,97190,2021-03-31,1,,,,,,,,,,,,,,,,,,,,,,,,,,,,,135.00,,,,104181803,125727,,false,false,12,2020-04-01,2021-03-31,-1
2021-07-30,97190,2022-03-31,1,,,,,,,,,,,,,,,,,,,,,,,,,,,,,23.34,,,,,,,false,true,12,2021-04-01,2022-03-31,0
2021-07-30,97190,2022-03-31,1,,,,,,,,,,,,,,,,,,,,,,,,,,,,,,,,,104181803,126411,104074345,false,false,3,2021-04-01,2021-06-30,0
2021-07-30,97190,2021-03-31,1,,,,,,,,,,,,,,,,,,,,,,,,,,,,,,,,,,,104077515,false,false,3,2020-04-01,2020-06-30,-1
2021-10-29,97190,2022-03-31,2,200025000000,0.054,,,,,22590000000,0.065,,,,15784000000,,50.55,50.55,,,,,395845000000,,,,,,,,,,,,,,,,true,false,6,2021-04-01,2021-09-30,0
2021-10-29,97190,2021-03-31,2,189755000000,0.013,,,,,21217000000,0.040,,,,14869000000,,47.62,47.62,,,,,,,,,,,,,,,,,,,,,true,false,6,2020-04-01,2020-09-30,-1
2021-10-29,97190,2022-03-31,2,420000000000,0.058,,,,,48000000000,0.046,,,,34000000000,,108.90,,,,,,,,,,,,,,,,,,,,,,true,true,12,2021-04-01,2022-03-31,0
2021-10-29,97190,2021-03-31,2,,,,,,,,,,,,,,,,,,,,380399000000,,,,,,,,,,,,,,,,true,false,12,2020-04-01,2021-03-31,-1
2021-10-29,97190,2021-03-31,2,,,,,,,,,,,,,,,,,,,,,,,,,,,,,135.00,,,,312545409,377181,,false,false,12,2020-04-01,2021-03-31,-1
2021-10-29,97190,2022-03-31,2,,,,,,,,,,,,,,,,,,,,,,,,,,,,,70.00,,,,,,,false,false,12,2021-04-01,2022-03-31,0
2021-10-29,97190,2022-03-31,2,,,,,,,,,,,,,,,,,,,,,,,,,,,,,23.34,,,,,,,false,true,12,2021-04-01,2022-03-31,0
2021-10-29,97190,2022-03-31,2,,,,,,,,,,,,,,,,,,,,,,,,,,,,,,,,,312545409,324588,312222179,false,false,6,2021-04-01,2021-09-30,0
2021-10-29,97190,2021-03-31,2,,,,,,,,,,,,,,,,,,,,,,,,,,,,,,,,,,,312232036,false,false,6,2020-04-01,2020-09-30,-1
2022-01-31,97190,2022-03-31,3,302754000000,0.041,,,,,34774000000,0.023,,,,24257000000,,77.69,77.69,,,,,382754000000,,,,,,,,,,,,,,,,true,false,9,2021-04-01,2021-12-31,0
2022-01-31,97190,2021-03-31,3,290866000000,0.035,,,,,33997000000,0.078,,,,23782000000,,76.17,76.17,,,,,,,,,,,,,,,,,,,,,true,false,9,2020-04-01,2020-12-31,-1
2022-01-31,97190,2022-03-31,3,420000000000,0.058,,,,,48000000000,0.046,,,,34000000000,,108.90,,,,,,,,,,,,,,,,,,,,,,true,true,12,2021-04-01,2022-03-31,0
2022-01-31,97190,2021-03-31,3,,,,,,,,,,,,,,,,,,,,380399000000,,,,,,,,,,,,,,,,true,false,12,2020-04-01,2021-03-31,-1
2022-01-31,97190,2021-03-31,3,,,,,,,,,,,,,,,,,,,,,,,,,,,,,135.00,,,,312545409,377181,,false,false,12,2020-04-01,2021-03-31,-1
2022-01-31,97190,2022-03-31,3,,,,,,,,,,,,,,,,,,,,,,,,,,,,,70.00,,,,,,,false,false,12,2021-04-01,2022-03-31,0
2022-01-31,97190,2022-03-31,3,,,,,,,,,,,,,,,,,,,,,,,,,,,,,23.34,,,,,,,false,true,12,2021-04-01,2022-03-31,0
2022-01-31,97190,2022-03-31,3,,,,,,,,,,,,,,,,,,,,,,,,,,,,,,,,,312545409,325240,312221598,false,false,9,2021-04-01,2021-12-31,0
2022-01-31,97190,2021-03-31,3,,,,,,,,,,,,,,,,,,,,,,,,,,,,,,,,,,,312231225,false,false,9,2020-04-01,2020-12-31,-1
2022-04-28,97190,2022-03-31,,414150000000,0.044,,,,,47555000000,0.037,,,,33470000000,,107.20,107.20,,,0.115,,407609000000,,,,,59081000000,-14927000000,-32342000000,,,0.435,,,,,,true,false,12,2021-04-01,2022-03-31,0
2022-04-28,97190,2021-03-31,,396853000000,0.030,,,,,45878000000,0.146,,,,33435000000,,107.09,107.09,,,0.116,,380399000000,,,,,50219000000,-20586000000,-32488000000,,,0.420,,,,,,true,false,12,2020-04-01,2021-03-31,-1
2022-04-28,97190,2023-03-31,,450000000000,0.087,,,,,54000000000,0.136,,,,38000000000,,121.71,,,,,,,,,,,,,,,,0.427,,,,,,true,true,12,2022-04-01,2023-03-31,1
2022-04-28,97190,2022-03-31,,332153000000,0.048,,,,,39039000000,0.137,41388000000,0.137,29195000000,,-0.077,93.53,93.51,,,,,373358000000,234636000000,0.628,751.57,234615000000,,,,,23.34,,,,312545409,325537,312221214,false,false,12,2021-04-01,2022-03-31,0
2022-04-28,97190,2021-03-31,,316888000000,0.040,,,,,34340000000,0.029,36396000000,0.044,31641000000,,0.264,101.36,101.34,,,,,351734000000,220336000000,0.626,705.75,220313000000,,,,,135.00,,,,312545409,377181,312229768,false,false,12,2020-04-01,2021-03-31,-1
2022-04-28,97190,2023-03-31,,,,,,,,,,,,,,,,,,,,,,,,,,,,,,52.00,,,,,,,false,true,12,2022-04-01,2023-03-31,1
2022-07-29,97190,2023-03-31,1,104417000000,0.052,,,,,9937000000,-0.087,,,,7006000000,,22.44,22.44,,,,,398480000000,,,,,,,,,,,,,,,,true,false,3,2022-04-01,2022-06-30,0
2022-07-29,97190,2022-03-31,1,99210000000,0.051,,,,,10887000000,0.059,,,,7703000000,,24.67,24.67,,,,,,,,,,,,,,,,,,,,,true,false,3,2021-04-01,2021-06-30,-1
2022-07-29,97190,2023-03-31,1,450000000000,0.087,,,,,54000000000,0.136,,,,38000000000,,121.71,,,,,,,,,,,,,,,,,,,,,,true,true,12,2022-04-01,2023-03-31,0
2022-07-29,97190,2022-03-31,1,,,,,,,,,,,,,,,,,,,,407609000000,,,,,,,,,,,,,,,,true,false,12,2021-04-01,2022-03-31,-1
2022-07-29,97190,2022-03-31,1,,,,,,,,,,,,,,,,,,,,,,,,,,,,,23.34,,,,312545409,325537,,false,false,12,2021-04-01,2022-03-31,-1
2022-07-29,97190,2023-03-31,1,,,,,,,,,,,,,,,,,,,,,,,,,,,,,52.00,,,,,,,false,true,12,2022-04-01,2023-03-31,0
2022-07-29,97190,2023-03-31,1,,,,,,,,,,,,,,,,,,,,,,,,,,,,,,,,,312545409,325876,312219619,false,false,3,2022-04-01,2022-06-30,0
2022-07-29,97190,2022-03-31,1,,,,,,,,,,,,,,,,,,,,,,,,,,,,,,,,,,,312223035,false,false,3,2021-04-01,2021-06-30,-1
2022-10-31,97190,2023-03-31,2,213099000000,0.065,,,,,22515000000,-0.003,,,,16226000000,,51.96,51.96,,,,,401749000000,,,,,,,,,,,,,,,,true,false,6,2022-04-01,2022-09-30,0
2022-10-31,97190,2022-03-31,2,200025000000,0.054,,,,,22590000000,0.065,,,,15784000000,,50.55,50.55,,,,,,,,,,,,,,,,,,,,,true,false,6,2021-04-01,2021-09-30,-1
2022-10-31,97190,2023-03-31,2,450000000000,0.087,,,,,54000000000,0.136,,,,38000000000,,121.71,,,,,,,,,,,,,,,,,,,,,,true,true,12,2022-04-01,2023-03-31,0
2022-10-31,97190,2022-03-31,2,,,,,,,,,,,,,,,,,,,,407609000000,,,,,,,,,,,,,,,,true,false,12,2021-04-01,2022-03-31,-1
2022-10-31,97190,2022-03-31,2,,,,,,,,,,,,,,,,,,,,,,,,,,,,,23.34,,,,312545409,325537,,false,false,12,2021-04-01,2022-03-31,-1
2022-10-31,97190,2023-03-31,2,,,,,,,,,,,,,,,,,,,,,,,,,,,,,26.00,,,,,,,false,false,12,2022-04-01,2023-03-31,0
2022-10-31,97190,2023-03-31,2,,,,,,,,,,,,,,,,,,,,,,,,,,,,,52.00,,,,,,,false,true,12,2022-04-01,2023-03-31,0
2022-10-31,97190,2023-03-31,2,,,,,,,,,,,,,,,,,,,,,,,,,,,,,,,,,312665639,326152,312279953,false,false,6,2022-04-01,2022-09-30,0
2022-10-31,97190,2022-03-31,2,,,,,,,,,,,,,,,,,,,,,,,,,,,,,,,,,,,312222179,false,false,6,2021-04-01,2021-09-30,-1
2023-01-31,97190,2023-03-31,3,323024000000,0.067,,,,,35180000000,0.012,,,,25494000000,,81.63,81.63,,,,,394724000000,,,,,,,,,,,,,,,,true,false,9,2022-04-01,2022-12-31,0
2023-01-31,97190,2022-03-31,3,302754000000,0.041,,,,,34774000000,0.023,,,,24257000000,,77.69,77.69,,,,,,,,,,,,,,,,,,,,,true,false,9,2021-04-01,2021-12-31,-1
2023-01-31,97190,2023-03-31,3,445000000000,0.074,,,,,52000000000,0.093,,,,37500000000,,120.06,,,,,,,,,,,,,,,,,,,,,,true,true,12,2022-04-01,2023-03-31,0
2023-01-31,97190,2022-03-31,3,,,,,,,,,,,,,,,,,,,,407609000000,,,,,,,,,,,,,,,,true,false,12,2021-04-01,2022-03-31,-1
2023-01-31,97190,2022-03-31,3,,,,,,,,,,,,,,,,,,,,,,,,,,,,,23.34,,,,312545409,325537,,false,false,12,2021-04-01,2022-03-31,-1
2023-01-31,97190,2023-03-31,3,,,,,,,,,,,,,,,,,,,,,,,,,,,,,26.00,,,,,,,false,false,12,2022-04-01,2023-03-31,0
2023-01-31,97190,2023-03-31,3,,,,,,,,,,,,,,,,,,,,,,,,,,,,,52.00,,,,,,,false,true,12,2022-04-01,2023-03-31,0
2023-01-31,97190,2023-03-31,3,,,,,,,,,,,,,,,,,,,,,,,,,,,,,,,,,312665639,326902,312299726,false,false,9,2022-04-01,2022-12-31,0
2023-01-31,97190,2022-03-31,3,,,,,,,,,,,,,,,,,,,,,,,,,,,,,,,,,,,312221598,false,false,9,2021-04-01,2021-12-31,-1
2023-04-28,97190,2023-03-31,,445912000000,0.077,,,,,51361000000,0.080,,,,37301000000,,119.44,119.44,,,0.115,,435469000000,,,,,43592000000,-14950000000,-29074000000,,,0.435,,,,,,true,false,12,2022-04-01,2023-03-31,0
2023-04-28,97190,2022-03-31,,414150000000,0.044,,,,,47555000000,0.037,,,,33470000000,,107.20,107.20,,,0.115,,407609000000,,,,,59081000000,-14927000000,-32342000000,,,0.435,,,,,,true,false,12,2021-04-01,2022-03-31,-1
2023-04-28,97190,2024-03-31,,470000000000,0.054,,,,,54000000000,0.051,,,,38000000000,,121.66,,,,,,,,,,,,,,,,0.460,,,,,,true,true,12,2023-04-01,2024-03-31,1
2023-04-28,97190,2023-03-31,,355610000000,0.071,,,,,41400000000,0.060,44530000000,0.076,29953000000,,0.026,95.92,95.91,,,,,382354000000,249703000000,0.653,799.51,249686000000,,,,,52.00,,,,312665639,327014,312309327,false,false,12,2022-04-01,2023-03-31,0
2023-04-28,97190,2022-03-31,,332153000000,0.048,,,,,39039000000,0.137,41388000000,0.137,29195000000,,-0.077,93.53,93.51,,,,,373358000000,234636000000,0.628,751.57,234615000000,,,,,23.34,,,,312545409,325537,312221214,false,false,12,2021-04-01,2022-03-31,-1
2023-04-28,97190,2024-03-31,,,,,,,,,,,,,,,,,,,,,,,,,,,,,,56.00,,,,,,,false,true,12,2023-04-01,2024-03-31,1
2023-07-28,97190,2024-03-31,1,113371000000,0.086,,,,,12950000000,0.303,,,,9007000000,,28.84,28.84,,,,,429609000000,,,,,,,,,,,,,,,,true,false,3,2023-04-01,2023-06-30,0
2023-07-28,97190,2023-03-31,1,104417000000,0.052,,,,,9937000000,-0.087,,,,7006000000,,22.44,22.44,,,,,,,,,,,,,,,,,,,,,true,false,3,2022-04-01,2022-06-30,-1
2023-07-28,97190,2024-03-31,1,470000000000,0.054,,,,,54000000000,0.051,,,,38000000000,,121.66,,,,,,,,,,,,,,,,,,,,,,true,true,12,2023-04-01,2024-03-31,0
2023-07-28,97190,2023-03-31,1,,,,,,,,,,,,,,,,,,,,435469000000,,,,,,,,,,,,,,,,true,false,12,2022-04-01,2023-03-31,-1
2023-07-28,97190,2023-03-31,1,,,,,,,,,,,,,,,,,,,,,,,,,,,,,52.00,,,,312665639,327014,,false,false,12,2022-04-01,2023-03-31,-1
2023-07-28,97190,2024-03-31,1,,,,,,,,,,,,,,,,,,,,,,,,,,,,,56.00,,,,,,,false,true,12,2023-04-01,2024-03-31,0
2023-07-28,97190,2024-03-31,1,,,,,,,,,,,,,,,,,,,,,,,,,,,,,,,,,312665639,327718,312338217,false,false,3,2023-04-01,2023-06-30,0
2023-07-28,97190,2023-03-31,1,,,,,,,,,,,,,,,,,,,,,,,,,,,,,,,,,,,312219619,false,false,3,2022-04-01,2022-06-30,-1
2023-10-27,97190,2024-03-31,2,231196000000,0.085,,,,,26926000000,0.196,,,,18468000000,,59.12,59.12,,,,,446042000000,,,,,,,,,,,,,,,,true,false,6,2023-04-01,2023-09-30,0
2023-10-27,97190,2023-03-31,2,213099000000,0.065,,,,,22515000000,-0.003,,,,16226000000,,51.96,51.96,,,,,,,,,,,,,,,,,,,,,true,false,6,2022-04-01,2022-09-30,-1
2023-10-27,97190,2024-03-31,2,475000000000,0.065,,,,,56500000000,0.100,,,,39500000000,,126.42,,,,,,,,,,,,,,,,,,,,,,true,true,12,2023-04-01,2024-03-31,0
2023-10-27,97190,2023-03-31,2,,,,,,,,,,,,,,,,,,,,435469000000,,,,,,,,,,,,,,,,true,false,12,2022-04-01,2023-03-31,-1
2023-10-27,97190,2023-03-31,2,,,,,,,,,,,,,,,,,,,,,,,,,,,,,52.00,,,,312665639,365414,,false,false,12,2022-04-01,2023-03-31,-1
2023-10-27,97190,2024-03-31,2,,,,,,,,,,,,,,,,,,,,,,,,,,,,,28.00,,,,,,,false,false,12,2023-04-01,2024-03-31,0
2023-10-27,97190,2024-03-31,2,,,,,,,,,,,,,,,,,,,,,,,,,,,,,56.00,,,,,,,false,true,12,2023-04-01,2024-03-31,0
2023-10-27,97190,2024-03-31,2,,,,,,,,,,,,,,,,,,,,,,,,,,,,,,,,,312783158,366552,312397025,false,false,6,2023-04-01,2023-09-30,0
2023-10-27,97190,2023-03-31,2,,,,,,,,,,,,,,,,,,,,,,,,,,,,,,,,,,,312279953,false,false,6,2022-04-01,2022-09-30,-1
2024-01-31,97190,2024-03-31,3,351363000000,0.088,,,,,40988000000,0.165,,,,28335000000,,90.70,90.70,,,,,438165000000,,,,,,,,,,,,,,,,true,false,9,2023-04-01,2023-12-31,0
2024-01-31,97190,2023-03-31,3,323024000000,0.067,,,,,35180000000,0.012,,,,25494000000,,81.63,81.63,,,,,,,,,,,,,,,,,,,,,true,false,9,2022-04-01,2022-12-31,-1
2024-01-31,97190,2024-03-31,3,475000000000,0.065,,,,,56500000000,0.100,,,,39500000000,,126.42,,,,,,,,,,,,,,,,,,,,,,true,true,12,2023-04-01,2024-03-31,0
2024-01-31,97190,2023-03-31,3,,,,,,,,,,,,,,,,,,,,435469000000,,,,,,,,,,,,,,,,true,false,12,2022-04-01,2023-03-31,-1
2024-01-31,97190,2023-03-31,3,,,,,,,,,,,,,,,,,,,,,,,,,,,,,52.00,,,,312665639,365414,,false,false,12,2022-04-01,2023-03-31,-1
2024-01-31,97190,2024-03-31,3,,,,,,,,,,,,,,,,,,,,,,,,,,,,,28.00,,,,,,,false,false,12,2023-04-01,2024-03-31,0
2024-01-31,97190,2024-03-31,3,,,,,,,,,,,,,,,,,,,,,,,,,,,,,58.00,,,,,,,false,true,12,2023-04-01,2024-03-31,0
2024-01-31,97190,2024-03-31,3,,,,,,,,,,,,,,,,,,,,,,,,,,,,,,,,,312783158,368402,312415818,false,false,9,2023-04-01,2023-12-31,0
2024-01-31,97190,2023-03-31,3,,,,,,,,,,,,,,,,,,,,,,,,,,,,,,,,,,,312299726,false,false,9,2022-04-01,2022-12-31,-1
2024-04-26,97190,2024-03-31,,480307000000,0.077,,,,,57004000000,0.110,,,,40461000000,,129.51,129.51,,,0.119,,471400000000,,,,,67900000000,-19898000000,-25881000000,,,0.463,,,,,,true,false,12,2023-04-01,2024-03-31,0
2024-04-26,97190,2023-03-31,,445912000000,0.077,,,,,51361000000,0.080,,,,37301000000,,119.44,119.44,,,0.115,,435469000000,,,,,43592000000,-14950000000,-29074000000,,,0.435,,,,,,true,false,12,2022-04-01,2023-03-31,-1
2024-04-26,97190,2025-03-31,,510000000000,0.062,,,,,62000000000,0.088,,,,44500000000,,142.42,,,,,,,,,,,,,,,,0.477,,,,,,true,true,12,2024-04-01,2025-03-31,1
2024-04-26,97190,2024-03-31,,381911000000,0.074,,,,,46417000000,0.121,49158000000,0.104,34782000000,,0.161,111.34,111.33,,,,,402099000000,266730000000,0.663,853.71,266717000000,,,,,60.00,,,,312783158,359375,312425017,false,false,12,2023-04-01,2024-03-31,0
2024-04-26,97190,2023-03-31,,355610000000,0.071,,,,,41400000000,0.060,44530000000,0.076,29953000000,,0.026,95.92,95.91,,,,,382354000000,249703000000,0.653,799.51,249686000000,,,,,52.00,,,,312665639,365414,312309327,false,false,12,2022-04-01,2023-03-31,-1
2024-04-26,97190,2025-03-31,,,,,,,,,,,,,,,,,,,,,,,,,,,,,,68.00,,,,,,,false,true,12,2024-04-01,2025-03-31,1
2024-07-29,97190,2025-03-31,1,122543000000,0.081,,,,,12914000000,-0.003,,,,9222000000,,29.52,29.52,,,,,466372000000,,,,,,,,,,,,,,,,true,false,3,2024-04-01,2024-06-30,0
2024-07-29,97190,2024-03-31,1,113371000000,0.086,,,,,12950000000,0.303,,,,9007000000,,28.84,28.84,,,,,,,,,,,,,,,,,,,,,true,false,3,2023-04-01,2023-06-30,-1
2024-07-29,97190,2025-03-31,1,510000000000,0.062,,,,,62000000000,0.088,,,,44500000000,,142.42,,,,,,,,,,,,,,,,,,,,,,true,true,12,2024-04-01,2025-03-31,0
2024-07-29,97190,2024-03-31,1,,,,,,,,,,,,,,,,,,,,471400000000,,,,,,,,,,,,,,,,true,false,12,2023-04-01,2024-03-31,-1
2024-07-29,97190,2024-03-31,1,,,,,,,,,,,,,,,,,,,,,,,,,,,,,60.00,,,,312783158,359375,,false,false,12,2023-04-01,2024-03-31,-1
2024-07-29,97190,2025-03-31,1,,,,,,,,,,,,,,,,,,,,,,,,,,,,,68.00,,,,,,,false,true,12,2024-04-01,2025-03-31,0
2024-07-29,97190,2025-03-31,1,,,,,,,,,,,,,,,,,,,,,,,,,,,,,,,,,312783158,359767,312452623,false,false,3,2024-04-01,2024-06-30,0
2024-07-29,97190,2024-03-31,1,,,,,,,,,,,,,,,,,,,,,,,,,,,,,,,,,,,312338217,false,false,3,2023-04-01,2023-06-30,-1
2024-10-29,97190,2025-03-31,2,251523000000,0.088,,,,,26958000000,0.001,,,,19237000000,,61.56,61.56,,,,,484025000000,,,,,,,,,,,,,,,,true,false,6,2024-04-01,2024-09-30,0
2024-10-29,97190,2024-03-31,2,231196000000,0.085,,,,,26926000000,0.196,,,,18468000000,,59.12,59.12,,,,,,,,,,,,,,,,,,,,,true,false,6,2023-04-01,2023-09-30,-1
2024-10-29,97190,2025-03-31,2,510000000000,0.062,,,,,62000000000,0.088,,,,44500000000,,142.42,,,,,,,,,,,,,,,,,,,,,,true,true,12,2024-04-01,2025-03-31,0
2024-10-29,97190,2024-03-31,2,,,,,,,,,,,,,,,,,,,,471400000000,,,,,,,,,,,,,,,,true,false,12,2023-04-01,2024-03-31,-1
2024-10-29,97190,2024-03-31,2,,,,,,,,,,,,,,,,,,,,,,,,,,,,,60.00,,,,312783158,359375,,false,false,12,2023-04-01,2024-03-31,-1
2024-10-29,97190,2025-03-31,2,,,,,,,,,,,,,,,,,,,,,,,,,,,,,34.00,,,,,,,false,false,12,2024-04-01,2025-03-31,0
2024-10-29,97190,2025-03-31,2,,,,,,,,,,,,,,,,,,,,,,,,,,,,,68.00,,,,,,,false,true,12,2024-04-01,2025-03-31,0
2024-10-29,97190,2025-03-31,2,,,,,,,,,,,,,,,,,,,,,,,,,,,,,,,,,312875169,359997,312498722,false,false,6,2024-04-01,2024-09-30,0
2024-10-29,97190,2024-03-31,2,,,,,,,,,,,,,,,,,,,,,,,,,,,,,,,,,,,312397025,false,false,6,2023-04-01,2023-09-30,-1
2025-01-31,97190,2025-03-31,3,384840000000,0.095,,,,,42894000000,0.047,,,,29798000000,,95.35,95.35,,,,,796661000000,,,,,,,,,,,,,,,,true,false,9,2024-04-01,2024-12-31,0
2025-01-31,97190,2024-03-31,3,351363000000,0.088,,,,,40988000000,0.165,,,,28335000000,,90.70,90.70,,,,,,,,,,,,,,,,,,,,,true,false,9,2023-04-01,2023-12-31,-1
2025-01-31,97190,2025-03-31,3,596000000000,0.241,,,,,66500000000,0.167,,,,46500000000,,148.78,,,,,,,,,,,,,,,,,,,,,,true,true,12,2024-04-01,2025-03-31,0
2025-01-31,97190,2024-03-31,3,,,,,,,,,,,,,,,,,,,,471400000000,,,,,,,,,,,,,,,,true,false,12,2023-04-01,2024-03-31,-1
2025-01-31,97190,2024-03-31,3,,,,,,,,,,,,,,,,,,,,,,,,,,,,,60.00,,,,312783158,359375,,false,false,12,2023-04-01,2024-03-31,-1
2025-01-31,97190,2025-03-31,3,,,,,,,,,,,,,,,,,,,,,,,,,,,,,34.00,,,,,,,false,false,12,2024-04-01,2025-03-31,0
2025-01-31,97190,2025-03-31,3,,,,,,,,,,,,,,,,,,,,,,,,,,,,,71.00,,,,,,,false,true,12,2024-04-01,2025-03-31,0
2025-01-31,97190,2025-03-31,3,,,,,,,,,,,,,,,,,,,,,,,,,,,,,,,,,312875169,356265,312513908,false,false,9,2024-04-01,2024-12-31,0
2025-01-31,97190,2024-03-31,3,,,,,,,,,,,,,,,,,,,,,,,,,,,,,,,,,,,312415818,false,false,9,2023-04-01,2023-12-31,-1
2025-02-20,97190,2025-03-31,3,384840000000,0.095,,,,,42894000000,0.047,,,,29798000000,,95.35,95.35,,,,,796661000000,,,,,,,,,,,,,,,,true,false,9,2024-04-01,2024-12-31,0
2025-02-20,97190,2024-03-31,3,351363000000,0.088,,,,,40988000000,0.165,,,,28335000000,,90.70,90.70,,,,,,,,,,,,,,,,,,,,,true,false,9,2023-04-01,2023-12-31,-1
2025-02-20,97190,2025-03-31,3,596000000000,0.241,,,,,66500000000,0.167,,,,46500000000,,148.78,,,,,,,,,,,,,,,,,,,,,,true,true,12,2024-04-01,2025-03-31,0
2025-02-20,97190,2024-03-31,3,,,,,,,,,,,,,,,,,,,,471400000000,,,,,,,,,,,,,,,,true,false,12,2023-04-01,2024-03-31,-1
2025-02-20,97190,2024-03-31,3,,,,,,,,,,,,,,,,,,,,,,,,,,,,,60.00,,,,312783158,359375,,false,false,12,2023-04-01,2024-03-31,-1
2025-02-20,97190,2025-03-31,3,,,,,,,,,,,,,,,,,,,,,,,,,,,,,34.00,,,,,,,false,false,12,2024-04-01,2025-03-31,0
2025-02-20,97190,2025-03-31,3,,,,,,,,,,,,,,,,,,,,,,,,,,,,,71.00,,,,,,,false,true,12,2024-04-01,2025-03-31,0
2025-02-20,97190,2025-03-31,3,,,,,,,,,,,,,,,,,,,,,,,,,,,,,,,,,312875169,356265,312513908,false,false,9,2024-04-01,2024-12-31,0
2025-02-20,97190,2024-03-31,3,,,,,,,,,,,,,,,,,,,,,,,,,,,,,,,,,,,312415818,false,false,9,2023-04-01,2023-12-31,-1
2025-04-30,97190,2025-03-31,,596065000000,0.241,,,,,66121000000,0.160,,,,45035000000,,144.10,144.10,,,0.111,,885029000000,,,,,68037000000,-275488000000,167946000000,,,0.493,,,,,,true,false,12,2024-04-01,2025-03-31,0
2025-04-30,97190,2024-03-31,,480307000000,0.077,,,,,57004000000,0.110,,,,40461000000,,129.51,129.51,,,0.119,,471400000000,,,,,67900000000,-19898000000,-25881000000,,,0.463,,,,,,true,false,12,2023-04-01,2024-03-31,-1
2025-04-30,97190,2026-03-31,,790000000000,0.325,,,,,85000000000,0.286,,,,57600000000,,184.29,,,,,,,,,,,,,,,,0.510,,,,,,true,true,12,2025-04-01,2026-03-31,1
2025-04-30,97190,2025-03-31,,407726000000,0.068,,,,,48339000000,0.041,51853000000,0.055,37780000000,,0.086,120.90,120.88,,,,,687984000000,282443000000,0.411,903.73,282433000000,,,,,71.00,,,,312875169,354368,312521304,false,false,12,2024-04-01,2025-03-31,0
2025-04-30,97190,2024-03-31,,381911000000,0.074,,,,,46417000000,0.121,49158000000,0.104,34782000000,,0.161,111.34,111.33,,,,,402099000000,266730000000,0.663,853.71,266717000000,,,,,60.00,,,,312783158,359375,312425017,false,false,12,2023-04-01,2024-03-31,-1
2025-04-30,97190,2026-03-31,,,,,,,,,,,,,,,,,,,,,,,,,,,,,,94.00,,,,,,,false,true,12,2025-04-01,2026-03-31,1
