filing_date,code,fiscal_year_end,quarterly_period,net_sales,net_sales_change,revenue,revenue_change,operating_revenue,operating_revenue_change,operating_profit,operating_profit_change,ordinary_profit,ordinary_profit_change,net_income,net_income_of_parent,net_income_change,eps,diluted_eps,roe,roa,operating_profit_to_net_sales,operating_profit_to_revenue,total_assets,net_assets,equity_ratio,bps,owner_equity,operating_cash_flow,investing_cash_flow,financing_cash_flow,cash,dividend_per_share,payout_ratio,commemorative_dividend,extra_dividend,number_of_shares,number_of_treqsury_shares,avg_number_of_shares,is_consolidated,is_forecast,duration,period_start,period_end,period_pos
2015-07-30,97420,2016-03-31,1,7635000000,0.030,,,,,-77000000,,-60000000,,,-55000000,,-1.74,,,,,,60945000000,43116000000,0.707,,43086000000,,,,,,,,,,,,true,false,3,2015-04-01,2015-06-30,0
2015-07-30,97420,2015-03-31,1,7413000000,0.182,,,,,62000000,,78000000,,,33000000,,1.04,,,,,,,,,,,,,,,,,,,,,,true,false,3,2014-04-01,2014-06-30,-1
2015-07-30,97420,2016-03-31,1,17000000000,-0.044,,,,,650000000,-0.263,670000000,-0.256,,370000000,,11.98,,,,,,,,,,,,,,,,,,,,,,true,true,6,2015-04-01,2015-09-30,0
2015-07-30,97420,2016-03-31,1,38000000000,-0.022,,,,,2000000000,0.026,2030000000,0.022,,1150000000,,37.24,,,,,,,,,,,,,,,,,,,,,,true,true,12,2015-04-01,2016-03-31,0
2015-07-30,97420,2015-03-31,1,,,,,,,,,,,,,,,,,,,,61879000000,43245000000,0.698,,43215000000,,,,,,,,,,,,true,false,12,2014-04-01,2015-03-31,-1
2015-07-30,97420,2015-03-31,1,,,,,,,,,,,,,,,,,,,,,,,,,,,,,21.00,,,,32100000,89592,,false,false,12,2014-04-01,2015-03-31,-1
2015-07-30,97420,2016-03-31,1,,,,,,,,,,,,,,,,,,,,,,,,,,,,,16.00,,,,,,,false,true,12,2015-04-01,2016-03-31,0
2015-07-30,97420,2016-03-31,1,,,,,,,,,,,,,,,,,,,,,,,,,,,,,,,,,32100000,90095,32010111,false,false,3,2015-04-01,2015-06-30,0
2015-07-30,97420,2015-03-31,1,,,,,,,,,,,,,,,,,,,,,,,,,,,,,,,,,,,32010922,false,false,3,2014-04-01,2014-06-30,-1
2015-10-29,97420,2016-03-31,2,17774000000,-0.001,,,,,489000000,-0.445,500000000,-0.444,,284000000,,9.04,,,,,,58827000000,41502000000,0.705,,41472000000,,,,,,,,,,,,true,false,6,2015-04-01,2015-09-30,0
2015-10-29,97420,2015-03-31,2,17791000000,0.104,,,,,881000000,0.159,900000000,0.159,,554000000,,17.32,,,,,,,,,,,,,,,,,,,,,,true,false,6,2014-04-01,2014-09-30,-1
2015-10-29,97420,2016-03-31,2,38000000000,-0.022,,,,,2000000000,0.026,2030000000,0.022,,1150000000,,38.06,,,,,,,,,,,,,,,,,,,,,,true,true,12,2015-04-01,2016-03-31,0
2015-10-29,97420,2015-03-31,2,,,,,,,,,,,,,,,,,,,,61879000000,43245000000,0.698,,43215000000,,,,,,,,,,,,true,false,12,2014-04-01,2015-03-31,-1
2015-10-29,97420,2015-03-31,2,,,,,,,,,,,,,,,,,,,,,,,,,,,,,21.00,,,,32100000,89592,,false,false,12,2014-04-01,2015-03-31,-1
2015-10-29,97420,2016-03-31,2,,,,,,,,,,,,,,,,,,,,,,,,,,,,,8.00,,,,,,,false,false,12,2015-04-01,2016-03-31,0
2015-10-29,97420,2016-03-31,2,,,,,,,,,,,,,,,,,,,,,,,,,,,,,16.00,,,,,,,false,true,12,2015-04-01,2016-03-31,0
2015-10-29,97420,2016-03-31,2,,,,,,,,,,,,,,,,,,,,,,,,,,,,,,,,,32100000,1740411,31410796,false,false,6,2015-04-01,2015-09-30,0
2015-10-29,97420,2015-03-31,2,,,,,,,,,,,,,,,,,,,,,,,,,,,,,,,,,,,32011008,false,false,6,2014-04-01,2014-09-30,-1
2016-01-28,97420,2016-03-31,3,25953000000,-0.002,,,,,639000000,-0.114,685000000,-0.090,,611000000,,19.80,,,,,,56585000000,40367000000,0.713,,40367000000,,,,,,,,,,,,true,false,9,2015-04-01,2015-12-31,0
2016-01-28,97420,2015-03-31,3,26013000000,0.091,,,,,722000000,0.030,752000000,0.017,,456000000,,14.26,,,,,,,,,,,,,,,,,,,,,,true,false,9,2014-04-01,2014-12-31,-1
2016-01-28,97420,2016-03-31,3,38000000000,-0.022,,,,,2000000000,0.026,2030000000,0.022,,1150000000,,39.25,,,,,,,,,,,,,,,,,,,,,,true,true,12,2015-04-01,2016-03-31,0
2016-01-28,97420,2015-03-31,3,,,,,,,,,,,,,,,,,,,,61879000000,43245000000,0.698,,43215000000,,,,,,,,,,,,true,false,12,2014-04-01,2015-03-31,-1
2016-01-28,97420,2015-03-31,3,,,,,,,,,,,,,,,,,,,,,,,,,,,,,21.00,,,,32100000,89592,,false,false,12,2014-04-01,2015-03-31,-1
2016-01-28,97420,2016-03-31,3,,,,,,,,,,,,,,,,,,,,,,,,,,,,,8.00,,,,,,,false,false,12,2015-04-01,2016-03-31,0
2016-01-28,97420,2016-03-31,3,,,,,,,,,,,,,,,,,,,,,,,,,,,,,16.00,,,,,,,false,true,12,2015-04-01,2016-03-31,0
2016-01-28,97420,2016-03-31,3,,,,,,,,,,,,,,,,,,,,,,,,,,,,,,,,,32100000,2800862,30898993,false,false,9,2015-04-01,2015-12-31,0
2016-01-28,97420,2015-03-31,3,,,,,,,,,,,,,,,,,,,,,,,,,,,,,,,,,,,32011040,false,false,9,2014-04-01,2014-12-31,-1
2016-04-27,97420,2016-03-31,,39455000000,0.015,,,,,2212000000,0.135,2267000000,0.141,,1454000000,,47.84,,0.035,0.038,0.056,,56826000000,39066000000,0.687,1382.13,39066000000,2113000000,1495000000,-5850000000,6036000000,,0.334,,,,,,true,false,12,2015-04-01,2016-03-31,0
2016-04-27,97420,2015-03-31,,38855000000,0.107,,,,,1949000000,0.026,1986000000,0.026,,847000000,,26.47,,0.020,0.033,0.050,,61879000000,43245000000,0.698,1350.04,43215000000,2650000000,-1774000000,-769000000,8278000000,,0.793,,,,,,true,false,12,2014-04-01,2015-03-31,-1
2016-04-27,97420,2017-03-31,,40000000000,0.014,,,,,2400000000,0.085,2400000000,0.059,,1500000000,,53.79,,,,,,,,,,,,,,,,0.297,,,,,,true,true,12,2016-04-01,2017-03-31,1
2016-04-27,97420,2015-03-31,,,,,,,,,,,,,,,,,,,,,,,,,,,,,,21.00,,,,32100000,89592,32010926,false,false,12,2014-04-01,2015-03-31,-1
2016-04-27,97420,2016-03-31,,,,,,,,,,,,,,,,,,,,,,,,,,,,,,16.00,,,,32100000,3834496,30404829,false,false,12,2015-04-01,2016-03-31,0
2016-04-27,97420,2017-03-31,,,,,,,,,,,,,,,,,,,,,,,,,,,,,,16.00,,,,,,,false,true,12,2016-04-01,2017-03-31,1
2016-07-28,97420,2017-03-31,1,7943000000,0.040,,,,,145000000,,151000000,,,63000000,,2.28,,,,,,57194000000,37654000000,0.658,,37654000000,,,,,,,,,,,,true,false,3,2016-04-01,2016-06-30,0
2016-07-28,97420,2016-03-31,1,7635000000,0.030,,,,,-77000000,,-60000000,,,-55000000,,-1.74,,,,,,,,,,,,,,,,,,,,,,true,false,3,2015-04-01,2015-06-30,-1
2016-07-28,97420,2017-03-31,1,40000000000,0.014,,,,,2400000000,0.085,2400000000,0.059,,1500000000,,55.65,,,,,,,,,,,,,,,,,,,,,,true,true,12,2016-04-01,2017-03-31,0
2016-07-28,97420,2016-03-31,1,,,,,,,,,,,,,,,,,,,,56826000000,39066000000,0.687,,39066000000,,,,,,,,,,,,true,false,12,2015-04-01,2016-03-31,-1
2016-07-28,97420,2016-03-31,1,,,,,,,,,,,,,,,,,,,,,,,,,,,,,16.00,,,,32100000,3834496,,false,false,12,2015-04-01,2016-03-31,-1
2016-07-28,97420,2017-03-31,1,,,,,,,,,,,,,,,,,,,,,,,,,,,,,16.00,,,,,,,false,true,12,2016-04-01,2017-03-31,0
2016-07-28,97420,2017-03-31,1,,,,,,,,,,,,,,,,,,,,,,,,,,,,,,,,,32100000,4957712,27729256,false,false,3,2016-04-01,2016-06-30,0
2016-07-28,97420,2016-03-31,1,,,,,,,,,,,,,,,,,,,,,,,,,,,,,,,,,,,32010111,false,false,3,2015-04-01,2015-06-30,-1
2016-10-27,97420,2017-03-31,2,18096000000,0.018,,,,,888000000,0.816,894000000,0.788,,499000000,,18.29,,,,,,54736000000,37428000000,0.684,,37428000000,,,,,,,,,,,,true,false,6,2016-04-01,2016-09-30,0
2016-10-27,97420,2016-03-31,2,17774000000,-0.001,,,,,489000000,-0.445,500000000,-0.444,,284000000,,9.04,,,,,,,,,,,,,,,,,,,,,,true,false,6,2015-04-01,2015-09-30,-1
2016-10-27,97420,2017-03-31,2,40000000000,0.014,,,,,2400000000,0.085,2400000000,0.059,,1500000000,,56.58,,,,,,,,,,,,,,,,,,,,,,true,true,12,2016-04-01,2017-03-31,0
2016-10-27,97420,2016-03-31,2,,,,,,,,,,,,,,,,,,,,56826000000,39066000000,0.687,,39066000000,,,,,,,,,,,,true,false,12,2015-04-01,2016-03-31,-1
2016-10-27,97420,2016-03-31,2,,,,,,,,,,,,,,,,,,,,,,,,,,,,,16.00,,,,32100000,3834496,,false,false,12,2015-04-01,2016-03-31,-1
2016-10-27,97420,2017-03-31,2,,,,,,,,,,,,,,,,,,,,,,,,,,,,,8.00,,,,,,,false,false,12,2016-04-01,2017-03-31,0
2016-10-27,97420,2017-03-31,2,,,,,,,,,,,,,,,,,,,,,,,,,,,,,16.00,,,,,,,false,true,12,2016-04-01,2017-03-31,0
2016-10-27,97420,2017-03-31,2,,,,,,,,,,,,,,,,,,,,,,,,,,,,,,,,,28600000,2087896,27286276,false,false,6,2016-04-01,2016-09-30,0
2016-10-27,97420,2016-03-31,2,,,,,,,,,,,,,,,,,,,,,,,,,,,,,,,,,,,31410796,false,false,6,2015-04-01,2015-09-30,-1
2017-01-26,97420,2017-03-31,3,26039000000,0.003,,,,,970000000,0.516,1015000000,0.483,,568000000,,21.03,,,,,,53673000000,36939000000,0.688,,36939000000,,,,,,,,,,,,true,false,9,2016-04-01,2016-12-31,0
2017-01-26,97420,2016-03-31,3,25953000000,-0.002,,,,,639000000,-0.114,685000000,-0.090,,611000000,,19.80,,,,,,,,,,,,,,,,,,,,,,true,false,9,2015-04-01,2015-12-31,-1
2017-01-26,97420,2017-03-31,3,40000000000,0.014,,,,,2400000000,0.085,2400000000,0.059,,1500000000,,57.46,,,,,,,,,,,,,,,,,,,,,,true,true,12,2016-04-01,2017-03-31,0
2017-01-26,97420,2016-03-31,3,,,,,,,,,,,,,,,,,,,,56826000000,39066000000,0.687,,39066000000,,,,,,,,,,,,true,false,12,2015-04-01,2016-03-31,-1
2017-01-26,97420,2016-03-31,3,,,,,,,,,,,,,,,,,,,,,,,,,,,,,16.00,,,,32100000,3834496,,false,false,12,2015-04-01,2016-03-31,-1
2017-01-26,97420,2017-03-31,3,,,,,,,,,,,,,,,,,,,,,,,,,,,,,8.00,,,,,,,false,false,12,2016-04-01,2017-03-31,0
2017-01-26,97420,2017-03-31,3,,,,,,,,,,,,,,,,,,,,,,,,,,,,,16.00,,,,,,,false,true,12,2016-04-01,2017-03-31,0
2017-01-26,97420,2017-03-31,3,,,,,,,,,,,,,,,,,,,,,,,,,,,,,,,,,28600000,2493312,27013443,false,false,9,2016-04-01,2016-12-31,0
2017-01-26,97420,2016-03-31,3,,,,,,,,,,,,,,,,,,,,,,,,,,,,,,,,,,,30898993,false,false,9,2015-04-01,2015-12-31,-1
2017-04-27,97420,2017-03-31,,38488000000,-0.025,,,,,2407000000,0.088,2427000000,0.071,,1613000000,,60.21,,0.042,0.043,0.063,,56630000000,37986000000,0.671,1455.09,37986000000,7258000000,-1458000000,-2110000000,9726000000,,0.299,,,,,,true,false,12,2016-04-01,2017-03-31,0
2017-04-27,97420,2016-03-31,,39455000000,0.015,,,,,2212000000,0.135,2267000000,0.141,,1454000000,,47.84,,0.035,0.038,0.056,,56826000000,39066000000,0.687,1382.13,39066000000,2113000000,1495000000,-5850000000,6036000000,,0.334,,,,,,true,false,12,2015-04-01,2016-03-31,-1
2017-04-27,97420,2018-03-31,,40000000000,0.039,,,,,2200000000,-0.086,2200000000,-0.094,,1300000000,,49.80,,,,,,,,,,,,,,,,0.402,,,,,,true,true,12,2017-04-01,2018-03-31,1
2017-04-27,97420,2016-03-31,,,,,,,,,,,,,,,,,,,,,,,,,,,,,,16.00,,,,32100000,3834496,30404829,false,false,12,2015-04-01,2016-03-31,-1
2017-04-27,97420,2017-03-31,,,,,,,,,,,,,,,,,,,,,,,,,,,,,,18.00,,,,28600000,2493748,26804128,false,false,12,2016-04-01,2017-03-31,0
2017-04-27,97420,2018-03-31,,,,,,,,,,,,,,,,,,,,,,,,,,,,,,20.00,,,,,,,false,true,12,2017-04-01,2018-03-31,1
2017-07-27,97420,2018-03-31,1,7239000000,-0.089,,,,,-216000000,,-205000000,,,-197000000,,-7.55,,,,,,55859000000,37629000000,0.674,,37629000000,,,,,,,,,,,,true,false,3,2017-04-01,2017-06-30,0
2017-07-27,97420,2017-03-31,1,7943000000,0.040,,,,,145000000,,151000000,,,63000000,,2.28,,,,,,,,,,,,,,,,,,,,,,true,false,3,2016-04-01,2016-06-30,-1
2017-07-27,97420,2018-03-31,1,40000000000,0.039,,,,,2200000000,-0.086,2200000000,-0.094,,1300000000,,49.80,,,,,,,,,,,,,,,,,,,,,,true,true,12,2017-04-01,2018-03-31,0
2017-07-27,97420,2017-03-31,1,,,,,,,,,,,,,,,,,,,,56630000000,37986000000,0.671,,37986000000,,,,,,,,,,,,true,false,12,2016-04-01,2017-03-31,-1
2017-07-27,97420,2017-03-31,1,,,,,,,,,,,,,,,,,,,,,,,,,,,,,18.00,,,,28600000,2493748,,false,false,12,2016-04-01,2017-03-31,-1
2017-07-27,97420,2018-03-31,1,,,,,,,,,,,,,,,,,,,,,,,,,,,,,20.00,,,,,,,false,true,12,2017-04-01,2018-03-31,0
2017-07-27,97420,2018-03-31,1,,,,,,,,,,,,,,,,,,,,,,,,,,,,,,,,,28600000,2493974,26106124,false,false,3,2017-04-01,2017-06-30,0
2017-07-27,97420,2017-03-31,1,,,,,,,,,,,,,,,,,,,,,,,,,,,,,,,,,,,27729256,false,false,3,2016-04-01,2016-06-30,-1
2017-10-26,97420,2018-03-31,2,16148000000,-0.108,,,,,238000000,-0.732,250000000,-0.720,,125000000,,4.82,,,,,,55589000000,37973000000,0.683,,37973000000,,,,,,,,,,,,true,false,6,2017-04-01,2017-09-30,0
2017-10-26,97420,2017-03-31,2,18096000000,0.018,,,,,888000000,0.816,894000000,0.788,,499000000,,18.29,,,,,,,,,,,,,,,,,,,,,,true,false,6,2016-04-01,2016-09-30,-1
2017-10-26,97420,2018-03-31,2,37000000000,-0.039,,,,,1500000000,-0.377,1500000000,-0.382,,1000000000,,38.31,,,,,,,,,,,,,,,,,,,,,,true,true,12,2017-04-01,2018-03-31,0
2017-10-26,97420,2017-03-31,2,,,,,,,,,,,,,,,,,,,,56630000000,37986000000,0.671,,37986000000,,,,,,,,,,,,true,false,12,2016-04-01,2017-03-31,-1
2017-10-26,97420,2017-03-31,2,,,,,,,,,,,,,,,,,,,,,,,,,,,,,18.00,,,,28600000,2493748,,false,false,12,2016-04-01,2017-03-31,-1
2017-10-26,97420,2018-03-31,2,,,,,,,,,,,,,,,,,,,,,,,,,,,,,10.00,,,,,,,false,false,12,2017-04-01,2018-03-31,0
2017-10-26,97420,2018-03-31,2,,,,,,,,,,,,,,,,,,,,,,,,,,,,,20.00,,,,,,,false,true,12,2017-04-01,2018-03-31,0
2017-10-26,97420,2018-03-31,2,,,,,,,,,,,,,,,,,,,,,,,,,,,,,,,,,28600000,2494572,26105887,false,false,6,2017-04-01,2017-09-30,0
2017-10-26,97420,2017-03-31,2,,,,,,,,,,,,,,,,,,,,,,,,,,,,,,,,,,,27286276,false,false,6,2016-04-01,2016-09-30,-1
2017-10-26,97420,2018-03-31,,37000000000,-0.075,,,,,1500000000,-0.318,1500000000,-0.318,,1000000000,,38.31,,,,,,,,,,,,,,,,,,,,,,true,true,12,2017-04-01,2018-03-31,0
2017-10-26,97420,2017-03-31,,38488000000,,,,,,2407000000,,2427000000,,,1613000000,,60.21,,,,,,,,,,,,,,,,,,,,,,true,false,12,2016-04-01,2017-03-31,-1
2018-01-30,97420,2018-03-31,3,23911000000,-0.082,,,,,305000000,-0.685,343000000,-0.662,,175000000,,6.71,,,,,,55180000000,37835000000,0.686,,37835000000,,,,,,,,,,,,true,false,9,2017-04-01,2017-12-31,0
2018-01-30,97420,2017-03-31,3,26039000000,0.003,,,,,970000000,0.516,1015000000,0.483,,568000000,,21.03,,,,,,,,,,,,,,,,,,,,,,true,false,9,2016-04-01,2016-12-31,-1
2018-01-30,97420,2018-03-31,3,37000000000,-0.039,,,,,1500000000,-0.377,1500000000,-0.382,,1000000000,,38.31,,,,,,,,,,,,,,,,,,,,,,true,true,12,2017-04-01,2018-03-31,0
2018-01-30,97420,2017-03-31,3,,,,,,,,,,,,,,,,,,,,56630000000,37986000000,0.671,,37986000000,,,,,,,,,,,,true,false,12,2016-04-01,2017-03-31,-1
2018-01-30,97420,2017-03-31,3,,,,,,,,,,,,,,,,,,,,,,,,,,,,,18.00,,,,28600000,2493748,,false,false,12,2016-04-01,2017-03-31,-1
2018-01-30,97420,2018-03-31,3,,,,,,,,,,,,,,,,,,,,,,,,,,,,,10.00,,,,,,,false,false,12,2017-04-01,2018-03-31,0
2018-01-30,97420,2018-03-31,3,,,,,,,,,,,,,,,,,,,,,,,,,,,,,20.00,,,,,,,false,true,12,2017-04-01,2018-03-31,0
2018-01-30,97420,2018-03-31,3,,,,,,,,,,,,,,,,,,,,,,,,,,,,,,,,,28600000,2495306,26105615,false,false,9,2017-04-01,2017-12-31,0
2018-01-30,97420,2017-03-31,3,,,,,,,,,,,,,,,,,,,,,,,,,,,,,,,,,,,27013443,false,false,9,2016-04-01,2016-12-31,-1
2018-04-26,97420,2018-03-31,,36119000000,-0.062,,,,,1608000000,-0.332,1657000000,-0.318,,1057000000,,40.51,,0.028,0.030,0.045,,55587000000,38574000000,0.694,1477.71,38574000000,2933000000,-2037000000,-595000000,10026000000,,0.494,,,,,,true,false,12,2017-04-01,2018-03-31,0
2018-04-26,97420,2017-03-31,,38488000000,-0.025,,,,,2407000000,0.088,2427000000,0.071,,1613000000,,60.21,,0.042,0.043,0.063,,56630000000,37986000000,0.671,1455.09,37986000000,7258000000,-1458000000,-2110000000,9726000000,,0.299,,,,,,true,false,12,2016-04-01,2017-03-31,-1
2018-04-26,97420,2019-03-31,,37500000000,0.038,,,,,2100000000,0.306,2100000000,0.267,,1400000000,,53.63,,,,,,,,,,,,,,,,0.373,,,,,,true,true,12,2018-04-01,2019-03-31,1
2018-04-26,97420,2017-03-31,,,,,,,,,,,,,,,,,,,,,,,,,,,,,,18.00,,,,28600000,2493748,26804128,false,false,12,2016-04-01,2017-03-31,-1
2018-04-26,97420,2018-03-31,,,,,,,,,,,,,,,,,,,,,,,,,,,,,,20.00,,,,28600000,2495466,26105375,false,false,12,2017-04-01,2018-03-31,0
2018-04-26,97420,2019-03-31,,,,,,,,,,,,,,,,,,,,,,,,,,,,,,20.00,,,,,,,false,true,12,2018-04-01,2019-03-31,1
2018-07-27,97420,2019-03-31,1,7689000000,0.062,,,,,-114000000,,-94000000,,,-135000000,,-5.05,,,,,,58288000000,41126000000,0.706,,41126000000,,,,,,,,,,,,true,false,3,2018-04-01,2018-06-30,0
2018-07-27,97420,2018-03-31,1,7239000000,-0.089,,,,,-216000000,,-205000000,,,-197000000,,-7.55,,,,,,,,,,,,,,,,,,,,,,true,false,3,2017-04-01,2017-06-30,-1
2018-07-27,97420,2019-03-31,1,37500000000,0.038,,,,,2100000000,0.306,2100000000,0.267,,1400000000,,48.96,,,,,,,,,,,,,,,,,,,,,,true,true,12,2018-04-01,2019-03-31,0
2018-07-27,97420,2018-03-31,1,,,,,,,,,,,,,,,,,,,,55587000000,38574000000,0.694,,38574000000,,,,,,,,,,,,true,false,12,2017-04-01,2018-03-31,-1
2018-07-27,97420,2018-03-31,1,,,,,,,,,,,,,,,,,,,,,,,,,,,,,20.00,,,,28600000,2495466,,false,false,12,2017-04-01,2018-03-31,-1
2018-07-27,97420,2019-03-31,1,,,,,,,,,,,,,,,,,,,,,,,,,,,,,20.00,,,,,,,false,true,12,2018-04-01,2019-03-31,0
2018-07-27,97420,2019-03-31,1,,,,,,,,,,,,,,,,,,,,,,,,,,,,,,,,,28600000,5677,26726942,false,false,3,2018-04-01,2018-06-30,0
2018-07-27,97420,2018-03-31,1,,,,,,,,,,,,,,,,,,,,,,,,,,,,,,,,,,,26106124,false,false,3,2017-04-01,2017-06-30,-1
2018-10-30,97420,2019-03-31,2,17655000000,0.093,,,,,597000000,1.505,631000000,1.522,,359000000,,13.19,,,,,,56983000000,40174000000,0.705,,40174000000,,,,,,,,,,,,true,false,6,2018-04-01,2018-09-30,0
2018-10-30,97420,2018-03-31,2,16148000000,-0.108,,,,,238000000,-0.732,250000000,-0.720,,125000000,,4.82,,,,,,,,,,,,,,,,,,,,,,true,false,6,2017-04-01,2017-09-30,-1
2018-10-30,97420,2019-03-31,2,37500000000,0.038,,,,,2100000000,0.306,2100000000,0.267,,1400000000,,51.25,,,,,,,,,,,,,,,,,,,,,,true,true,12,2018-04-01,2019-03-31,0
2018-10-30,97420,2018-03-31,2,,,,,,,,,,,,,,,,,,,,55587000000,38574000000,0.694,,38574000000,,,,,,,,,,,,true,false,12,2017-04-01,2018-03-31,-1
2018-10-30,97420,2018-03-31,2,,,,,,,,,,,,,,,,,,,,,,,,,,,,,20.00,,,,28600000,2495466,,false,false,12,2017-04-01,2018-03-31,-1
2018-10-30,97420,2019-03-31,2,,,,,,,,,,,,,,,,,,,,,,,,,,,,,10.00,,,,,,,false,false,12,2018-04-01,2019-03-31,0
2018-10-30,97420,2019-03-31,2,,,,,,,,,,,,,,,,,,,,,,,,,,,,,20.00,,,,,,,false,true,12,2018-04-01,2019-03-31,0
2018-10-30,97420,2019-03-31,2,,,,,,,,,,,,,,,,,,,,,,,,,,,,,,,,,28600000,1281203,27258474,false,false,6,2018-04-01,2018-09-30,0
2018-10-30,97420,2018-03-31,2,,,,,,,,,,,,,,,,,,,,,,,,,,,,,,,,,,,26105887,false,false,6,2017-04-01,2017-09-30,-1
2019-01-29,97420,2019-03-31,3,26403000000,0.104,,,,,1204000000,2.941,1267000000,2.688,,796000000,,29.70,,,,,,55125000000,37705000000,0.684,,37705000000,,,,,,,,,,,,true,false,9,2018-04-01,2018-12-31,0
2019-01-29,97420,2018-03-31,3,23911000000,-0.082,,,,,305000000,-0.685,343000000,-0.662,,175000000,,6.71,,,,,,,,,,,,,,,,,,,,,,true,false,9,2017-04-01,2017-12-31,-1
2019-01-29,97420,2019-03-31,3,37500000000,0.038,,,,,2100000000,0.306,2100000000,0.267,,1400000000,,55.46,,,,,,,,,,,,,,,,,,,,,,true,true,12,2018-04-01,2019-03-31,0
2019-01-29,97420,2018-03-31,3,,,,,,,,,,,,,,,,,,,,55587000000,38574000000,0.694,,38574000000,,,,,,,,,,,,true,false,12,2017-04-01,2018-03-31,-1
2019-01-29,97420,2018-03-31,3,,,,,,,,,,,,,,,,,,,,,,,,,,,,,20.00,,,,28600000,2495466,,false,false,12,2017-04-01,2018-03-31,-1
2019-01-29,97420,2019-03-31,3,,,,,,,,,,,,,,,,,,,,,,,,,,,,,10.00,,,,,,,false,false,12,2018-04-01,2019-03-31,0
2019-01-29,97420,2019-03-31,3,,,,,,,,,,,,,,,,,,,,,,,,,,,,,20.00,,,,,,,false,true,12,2018-04-01,2019-03-31,0
2019-01-29,97420,2019-03-31,3,,,,,,,,,,,,,,,,,,,,,,,,,,,,,,,,,28600000,3354966,26819702,false,false,9,2018-04-01,2018-12-31,0
2019-01-29,97420,2018-03-31,3,,,,,,,,,,,,,,,,,,,,,,,,,,,,,,,,,,,26105615,false,false,9,2017-04-01,2017-12-31,-1
2019-04-26,97420,2019-03-31,,38143000000,0.056,,,,,2169000000,0.349,2233000000,0.348,,1492000000,,56.93,,0.040,0.041,0.057,,54443000000,36538000000,0.671,1537.45,36538000000,4344000000,-2055000000,-3609000000,8706000000,,0.439,,,,,,true,false,12,2018-04-01,2019-03-31,0
2019-04-26,97420,2018-03-31,,36119000000,-0.062,,,,,1608000000,-0.332,1657000000,-0.318,,1057000000,,40.51,,0.028,0.030,0.045,,55587000000,38574000000,0.694,1477.71,38574000000,2933000000,-2037000000,-595000000,10026000000,,0.494,,,,,,true,false,12,2017-04-01,2018-03-31,-1
2019-04-26,97420,2020-03-31,,39000000000,0.022,,,,,2200000000,0.014,2250000000,0.007,,,,,,,,,,,,,,,,,,,,,,,,,,true,true,12,2019-04-01,2020-03-31,1
2019-04-26,97420,2018-03-31,,,,,,,,,,,,,,,,,,,,,,,,,,,,,,20.00,,,,28600000,2495466,26105375,false,false,12,2017-04-01,2018-03-31,-1
2019-04-26,97420,2019-03-31,,,,,,,,,,,,,,,,,,,,,,,,,,,,,,25.00,,,,23900000,134160,26209208,false,false,12,2018-04-01,2019-03-31,0
2019-04-26,97420,2020-03-31,,,,,,,,,,,,,,,,,,,,,,,,,,,,,,30.00,,,,,,,false,true,12,2019-04-01,2020-03-31,1
2019-07-30,97420,2020-03-31,1,8910000000,0.159,,,,,607000000,,618000000,,,404000000,,17.00,,,,,,54687000000,36568000000,0.669,,36568000000,,,,,,,,,,,,true,false,3,2019-04-01,2019-06-30,0
2019-07-30,97420,2019-03-31,1,7689000000,0.062,,,,,-114000000,,-94000000,,,-135000000,,-5.05,,,,,,,,,,,,,,,,,,,,,,true,false,3,2018-04-01,2018-06-30,-1
2019-07-30,97420,2020-03-31,1,40000000000,0.049,,,,,1600000000,-0.263,1650000000,-0.261,,1550000000,,65.22,,,,,,,,,,,,,,,,,,,,,,true,true,12,2019-04-01,2020-03-31,0
2019-07-30,97420,2019-03-31,1,,,,,,,,,,,,,,,,,,,,54443000000,36538000000,0.671,,36538000000,,,,,,,,,,,,true,false,12,2018-04-01,2019-03-31,-1
2019-07-30,97420,2019-03-31,1,,,,,,,,,,,,,,,,,,,,,,,,,,,,,25.00,,,,23900000,134160,,false,false,12,2018-04-01,2019-03-31,-1
2019-07-30,97420,2020-03-31,1,,,,,,,,,,,,,,,,,,,,,,,,,,,,,30.00,,,,,,,false,true,12,2019-04-01,2020-03-31,0
2019-07-30,97420,2020-03-31,1,,,,,,,,,,,,,,,,,,,,,,,,,,,,,,,,,23900000,134597,23765567,false,false,3,2019-04-01,2019-06-30,0
2019-07-30,97420,2019-03-31,1,,,,,,,,,,,,,,,,,,,,,,,,,,,,,,,,,,,26726942,false,false,3,2018-04-01,2018-06-30,-1
2019-10-29,97420,2020-03-31,2,19822000000,0.123,,,,,1495000000,1.503,1520000000,1.408,,-784000000,,-32.97,,,,,,53680000000,35470000000,0.661,,35470000000,,,,,,,,,,,,true,false,6,2019-04-01,2019-09-30,0
2019-10-29,97420,2019-03-31,2,17655000000,0.093,,,,,597000000,1.505,631000000,1.522,,359000000,,13.19,,,,,,,,,,,,,,,,,,,,,,true,false,6,2018-04-01,2018-09-30,-1
2019-10-29,97420,2020-03-31,2,42000000000,0.101,,,,,2000000000,-0.078,2050000000,-0.082,,1850000000,,77.72,,,,,,,,,,,,,,,,,,,,,,true,true,12,2019-04-01,2020-03-31,0
2019-10-29,97420,2019-03-31,2,,,,,,,,,,,,,,,,,,,,54443000000,36538000000,0.671,,36538000000,,,,,,,,,,,,true,false,12,2018-04-01,2019-03-31,-1
2019-10-29,97420,2019-03-31,2,,,,,,,,,,,,,,,,,,,,,,,,,,,,,25.00,,,,23900000,134160,,false,false,12,2018-04-01,2019-03-31,-1
2019-10-29,97420,2020-03-31,2,,,,,,,,,,,,,,,,,,,,,,,,,,,,,15.00,,,,,,,false,false,12,2019-04-01,2020-03-31,0
2019-10-29,97420,2020-03-31,2,,,,,,,,,,,,,,,,,,,,,,,,,,,,,30.00,,,,,,,false,true,12,2019-04-01,2020-03-31,0
2019-10-29,97420,2020-03-31,2,,,,,,,,,,,,,,,,,,,,,,,,,,,,,,,,,23900000,95484,23782326,false,false,6,2019-04-01,2019-09-30,0
2019-10-29,97420,2019-03-31,2,,,,,,,,,,,,,,,,,,,,,,,,,,,,,,,,,,,27258474,false,false,6,2018-04-01,2018-09-30,-1
2019-10-29,97420,2020-03-31,,42000000000,0.050,,,,,2000000000,0.250,2050000000,0.242,,1850000000,,77.72,,,,,,,,,,,,,,,,,,,,,,true,true,12,2019-04-01,2020-03-31,0
2019-10-29,97420,2019-03-31,,38143000000,,,,,,2169000000,,2233000000,,,1492000000,,56.93,,,,,,,,,,,,,,,,,,,,,,true,false,12,2018-04-01,2019-03-31,-1
2020-01-30,97420,2020-03-31,3,29713000000,0.125,,,,,2214000000,0.837,2267000000,0.790,,2741000000,,115.23,,,,,,55223000000,38685000000,0.701,,38685000000,,,,,,,,,,,,true,false,9,2019-04-01,2019-12-31,0
2020-01-30,97420,2019-03-31,3,26403000000,0.104,,,,,1204000000,2.941,1267000000,2.688,,796000000,,29.70,,,,,,,,,,,,,,,,,,,,,,true,false,9,2018-04-01,2018-12-31,-1
2020-01-30,97420,2020-03-31,3,42500000000,0.114,,,,,3000000000,0.383,3050000000,0.366,,1900000000,,79.82,,,,,,,,,,,,,,,,,,,,,,true,true,12,2019-04-01,2020-03-31,0
2020-01-30,97420,2019-03-31,3,,,,,,,,,,,,,,,,,,,,54443000000,36538000000,0.671,,36538000000,,,,,,,,,,,,true,false,12,2018-04-01,2019-03-31,-1
2020-01-30,97420,2019-03-31,3,,,,,,,,,,,,,,,,,,,,,,,,,,,,,25.00,,,,23900000,134160,,false,false,12,2018-04-01,2019-03-31,-1
2020-01-30,97420,2020-03-31,3,,,,,,,,,,,,,,,,,,,,,,,,,,,,,15.00,,,,,,,false,false,12,2019-04-01,2020-03-31,0
2020-01-30,97420,2020-03-31,3,,,,,,,,,,,,,,,,,,,,,,,,,,,,,30.00,,,,,,,false,true,12,2019-04-01,2020-03-31,0
2020-01-30,97420,2020-03-31,3,,,,,,,,,,,,,,,,,,,,,,,,,,,,,,,,,23900000,96058,23788874,false,false,9,2019-04-01,2019-12-31,0
2020-01-30,97420,2019-03-31,3,,,,,,,,,,,,,,,,,,,,,,,,,,,,,,,,,,,26819702,false,false,9,2018-04-01,2018-12-31,-1
2020-01-30,97420,2020-03-31,,42500000000,0.012,,,,,3000000000,0.500,3050000000,0.488,,1900000000,,79.82,,,,,,,,,,,,,,,,,,,,,,true,true,12,2019-04-01,2020-03-31,0
2020-01-30,97420,2019-03-31,,38143000000,,,,,,2169000000,,2233000000,,,1492000000,,56.93,,,,,,,,,,,,,,,,,,,,,,true,false,12,2018-04-01,2019-03-31,-1
2020-05-08,97420,2020-03-31,,42278000000,0.108,,,,,2903000000,0.338,2957000000,0.324,,2063000000,,86.72,,0.055,0.055,0.069,,52677000000,37868000000,0.719,1590.87,37868000000,1512000000,11531000000,-735000000,21014000000,,0.461,,,,,,true,false,12,2019-04-01,2020-03-31,0
2020-05-08,97420,2019-03-31,,38143000000,0.056,,,,,2169000000,0.349,2233000000,0.348,,1492000000,,56.93,,0.040,0.041,0.057,,54443000000,36538000000,0.671,1537.45,36538000000,4344000000,-2055000000,-3609000000,8706000000,,0.439,,,,,,true,false,12,2018-04-01,2019-03-31,-1
2020-05-08,97420,2019-03-31,,,,,,,,,,,,,,,,,,,,,,,,,,,,,,25.00,,,,23900000,134160,26209208,false,false,12,2018-04-01,2019-03-31,-1
2020-05-08,97420,2020-03-31,,,,,,,,,,,,,,,,,,,,,,,,,,,,,,40.00,,,,23900000,96438,23792281,false,false,12,2019-04-01,2020-03-31,0
,97420,2020-03-31,,,,,,,,,,,,,,,,,,,,,,,,,,,,,,40.00,,,,,,,false,true,12,2019-04-01,2020-03-31,0
,97420,2020-03-31,,,,,,,,,,,,,,,,,,,,,,,,,,,,,,15.00,,,,,,,false,false,12,2019-04-01,2020-03-31,0
,97420,2019-03-31,,,,,,,,,,,,,,,,,,,,,,,,,,,,,,25.00,,,,,,,false,false,12,2018-04-01,2019-03-31,-1
2020-07-31,97420,2021-03-31,1,9247000000,0.038,,,,,371000000,-0.388,390000000,-0.369,,165000000,,6.97,,,,,,52650000000,37503000000,0.712,,37503000000,,,,,,,,,,,,true,false,3,2020-04-01,2020-06-30,0
2020-07-31,97420,2020-03-31,1,8910000000,0.159,,,,,607000000,,618000000,,,404000000,,17.00,,,,,,,,,,,,,,,,,,,,,,true,false,3,2019-04-01,2019-06-30,-1
2020-07-31,97420,2021-03-31,1,42000000000,-0.007,,,,,2800000000,-0.036,2850000000,-0.036,,1900000000,,79.81,,,,,,,,,,,,,,,,,,,,,,true,true,12,2020-04-01,2021-03-31,0
2020-07-31,97420,2020-03-31,1,,,,,,,,,,,,,,,,,,,,52677000000,37868000000,0.719,,37868000000,,,,,,,,,,,,true,false,12,2019-04-01,2020-03-31,-1
2020-07-31,97420,2020-03-31,1,,,,,,,,,,,,,,,,,,,,,,,,,,,,,40.00,,,,23900000,96438,,false,false,12,2019-04-01,2020-03-31,-1
2020-07-31,97420,2021-03-31,1,,,,,,,,,,,,,,,,,,,,,,,,,,,,,40.00,,,,,,,false,true,12,2020-04-01,2021-03-31,0
2020-07-31,97420,2021-03-31,1,,,,,,,,,,,,,,,,,,,,,,,,,,,,,,,,,23900000,93494,23798715,false,false,3,2020-04-01,2020-06-30,0
2020-07-31,97420,2020-03-31,1,,,,,,,,,,,,,,,,,,,,,,,,,,,,,,,,,,,23765567,false,false,3,2019-04-01,2019-06-30,-1
2020-07-31,97420,2021-03-31,,42000000000,,,,,,2800000000,,2850000000,,,1900000000,,79.81,,,,,,,,,,,,,,,,,,,,,,true,true,12,2020-04-01,2021-03-31,0
2020-07-31,97420,2020-03-31,,42278000000,,,,,,2903000000,,2957000000,,,2063000000,,86.72,,,,,,,,,,,,,,,,,,,,,,true,false,12,2019-04-01,2020-03-31,-1
2020-07-31,97420,2021-03-31,,,,,,,,,,,,,,,,,,,,,,,,,,,,,,40.00,,,,,,,false,true,12,2020-04-01,2021-03-31,0
2020-07-31,97420,2020-03-31,,,,,,,,,,,,,,,,,,,,,,,,,,,,,,40.00,,,,,,,false,false,12,2019-04-01,2020-03-31,-1
2020-10-30,97420,2021-03-31,2,19716000000,-0.005,,,,,1363000000,-0.088,1391000000,-0.085,,310000000,,13.05,,,,,,50283000000,37674000000,0.749,,37674000000,,,,,,,,,,,,true,false,6,2020-04-01,2020-09-30,0
2020-10-30,97420,2020-03-31,2,19822000000,0.123,,,,,1495000000,1.503,1520000000,1.408,,-784000000,,-32.97,,,,,,,,,,,,,,,,,,,,,,true,false,6,2019-04-01,2019-09-30,-1
2020-10-30,97420,2021-03-31,2,42000000000,-0.007,,,,,2800000000,-0.036,2850000000,-0.036,,1900000000,,79.81,,,,,,,,,,,,,,,,,,,,,,true,true,12,2020-04-01,2021-03-31,0
2020-10-30,97420,2020-03-31,2,,,,,,,,,,,,,,,,,,,,52677000000,37868000000,0.719,,37868000000,,,,,,,,,,,,true,false,12,2019-04-01,2020-03-31,-1
2020-10-30,97420,2020-03-31,2,,,,,,,,,,,,,,,,,,,,,,,,,,,,,40.00,,,,23900000,96438,,false,false,12,2019-04-01,2020-03-31,-1
2020-10-30,97420,2021-03-31,2,,,,,,,,,,,,,,,,,,,,,,,,,,,,,15.00,,,,,,,false,false,12,2020-04-01,2021-03-31,0
2020-10-30,97420,2021-03-31,2,,,,,,,,,,,,,,,,,,,,,,,,,,,,,40.00,,,,,,,false,true,12,2020-04-01,2021-03-31,0
2020-10-30,97420,2021-03-31,2,,,,,,,,,,,,,,,,,,,,,,,,,,,,,,,,,23900000,94067,23801872,false,false,6,2020-04-01,2020-09-30,0
2020-10-30,97420,2020-03-31,2,,,,,,,,,,,,,,,,,,,,,,,,,,,,,,,,,,,23782326,false,false,6,2019-04-01,2019-09-30,-1
2021-02-04,97420,2021-03-31,3,28647000000,-0.036,,,,,1873000000,-0.154,1938000000,-0.145,,689000000,,28.97,,,,,,50157000000,37732000000,0.752,,37732000000,,,,,,,,,,,,true,false,9,2020-04-01,2020-12-31,0
2021-02-04,97420,2020-03-31,3,29713000000,0.125,,,,,2214000000,0.837,2267000000,0.790,,2741000000,,115.23,,,,,,,,,,,,,,,,,,,,,,true,false,9,2019-04-01,2019-12-31,-1
2021-02-04,97420,2021-03-31,3,42000000000,-0.007,,,,,2800000000,-0.036,2850000000,-0.036,,1300000000,,54.61,,,,,,,,,,,,,,,,,,,,,,true,true,12,2020-04-01,2021-03-31,0
2021-02-04,97420,2020-03-31,3,,,,,,,,,,,,,,,,,,,,52677000000,37868000000,0.719,,37868000000,,,,,,,,,,,,true,false,12,2019-04-01,2020-03-31,-1
2021-02-04,97420,2020-03-31,3,,,,,,,,,,,,,,,,,,,,,,,,,,,,,40.00,,,,23900000,96438,,false,false,12,2019-04-01,2020-03-31,-1
2021-02-04,97420,2021-03-31,3,,,,,,,,,,,,,,,,,,,,,,,,,,,,,15.00,,,,,,,false,false,12,2020-04-01,2021-03-31,0
2021-02-04,97420,2021-03-31,3,,,,,,,,,,,,,,,,,,,,,,,,,,,,,40.00,,,,,,,false,true,12,2020-04-01,2021-03-31,0
2021-02-04,97420,2021-03-31,3,,,,,,,,,,,,,,,,,,,,,,,,,,,,,,,,,23900000,94407,23803020,false,false,9,2020-04-01,2020-12-31,0
2021-02-04,97420,2020-03-31,3,,,,,,,,,,,,,,,,,,,,,,,,,,,,,,,,,,,23788874,false,false,9,2019-04-01,2019-12-31,-1
2021-02-04,97420,2021-03-31,,42000000000,,,,,,2800000000,,2850000000,,,1300000000,,54.61,,,,,,,,,,,,,,,,,,,,,,true,true,12,2020-04-01,2021-03-31,0
2021-02-04,97420,2020-03-31,,42278000000,,,,,,2903000000,,2957000000,,,2063000000,,86.72,,,,,,,,,,,,,,,,,,,,,,true,false,12,2019-04-01,2020-03-31,-1
2021-04-30,97420,2021-03-31,,41573000000,-0.017,,,,,2786000000,-0.040,2925000000,-0.011,,1432000000,,60.16,,0.037,0.056,0.067,,51261000000,38795000000,0.757,1629.73,38795000000,1917000000,-11592000000,-971000000,10368000000,,0.665,,,,,,true,false,12,2020-04-01,2021-03-31,0
2021-04-30,97420,2020-03-31,,42278000000,0.108,,,,,2903000000,0.338,2957000000,0.324,,2063000000,,86.72,,0.055,0.055,0.069,,52677000000,37868000000,0.719,1590.87,37868000000,1512000000,11531000000,-735000000,21014000000,,0.461,,,,,,true,false,12,2019-04-01,2020-03-31,-1
2021-04-30,97420,2022-03-31,,43000000000,,,,,,3300000000,,3300000000,,,2000000000,,84.02,,,,,,,,,,,,,,,,,,,,,,true,true,12,2021-04-01,2022-03-31,1
2021-04-30,97420,2020-03-31,,,,,,,,,,,,,,,,,,,,,,,,,,,,,,40.00,,,,23900000,96438,23792281,false,false,12,2019-04-01,2020-03-31,-1
2021-04-30,97420,2021-03-31,,,,,,,,,,,,,,,,,,,,,,,,,,,,,,40.00,,,,23900000,94870,23806425,false,false,12,2020-04-01,2021-03-31,0
2021-04-30,97420,2022-03-31,,,,,,,,,,,,,,,,,,,,,,,,,,,,,,40.00,,,,,,,false,true,12,2021-04-01,2022-03-31,1
2021-07-30,97420,2022-03-31,1,8439000000,-0.087,,,,,38000000,-0.897,62000000,-0.839,,-71000000,,-3.02,,,,,,52222000000,38294000000,0.733,,38294000000,,,,,,,,,,,,true,false,3,2021-04-01,2021-06-30,0
2021-07-30,97420,2021-03-31,1,9247000000,0.038,,,,,371000000,-0.388,390000000,-0.369,,165000000,,6.97,,,,,,,,,,,,,,,,,,,,,,true,false,3,2020-04-01,2020-06-30,-1
2021-07-30,97420,2022-03-31,1,43000000000,0.034,,,,,3300000000,0.184,3300000000,0.128,,2000000000,,83.99,,,,,,,,,,,,,,,,,,,,,,true,true,12,2021-04-01,2022-03-31,0
2021-07-30,97420,2021-03-31,1,,,,,,,,,,,,,,,,,,,,51261000000,38795000000,0.757,,38795000000,,,,,,,,,,,,true,false,12,2020-04-01,2021-03-31,-1
2021-07-30,97420,2021-03-31,1,,,,,,,,,,,,,,,,,,,,,,,,,,,,,40.00,,,,23900000,94870,,false,false,12,2020-04-01,2021-03-31,-1
2021-07-30,97420,2022-03-31,1,,,,,,,,,,,,,,,,,,,,,,,,,,,,,40.00,,,,,,,false,true,12,2021-04-01,2022-03-31,0
2021-07-30,97420,2022-03-31,1,,,,,,,,,,,,,,,,,,,,,,,,,,,,,,,,,23900000,87316,23808917,false,false,3,2021-04-01,2021-06-30,0
2021-07-30,97420,2021-03-31,1,,,,,,,,,,,,,,,,,,,,,,,,,,,,,,,,,,,23798715,false,false,3,2020-04-01,2020-06-30,-1
2021-10-29,97420,2022-03-31,2,18923000000,-0.040,,,,,846000000,-0.380,894000000,-0.357,,500000000,,21.16,,,,,,49513000000,37740000000,0.762,,37740000000,,,,,,,,,,,,true,false,6,2021-04-01,2021-09-30,0
2021-10-29,97420,2021-03-31,2,19716000000,-0.005,,,,,1363000000,-0.088,1391000000,-0.085,,310000000,,13.05,,,,,,,,,,,,,,,,,,,,,,true,false,6,2020-04-01,2020-09-30,-1
2021-10-29,97420,2022-03-31,2,42000000000,0.010,,,,,1500000000,-0.462,1500000000,-0.487,,1000000000,,43.43,,,,,,,,,,,,,,,,,,,,,,true,true,12,2021-04-01,2022-03-31,0
2021-10-29,97420,2021-03-31,2,,,,,,,,,,,,,,,,,,,,51261000000,38795000000,0.757,,38795000000,,,,,,,,,,,,true,false,12,2020-04-01,2021-03-31,-1
2021-10-29,97420,2021-03-31,2,,,,,,,,,,,,,,,,,,,,,,,,,,,,,40.00,,,,23900000,94870,,false,false,12,2020-04-01,2021-03-31,-1
2021-10-29,97420,2022-03-31,2,,,,,,,,,,,,,,,,,,,,,,,,,,,,,20.00,,,,,,,false,false,12,2021-04-01,2022-03-31,0
2021-10-29,97420,2022-03-31,2,,,,,,,,,,,,,,,,,,,,,,,,,,,,,40.00,,,,,,,false,true,12,2021-04-01,2022-03-31,0
2021-10-29,97420,2022-03-31,2,,,,,,,,,,,,,,,,,,,,,,,,,,,,,,,,,23900000,874744,23635523,false,false,6,2021-04-01,2021-09-30,0
2021-10-29,97420,2021-03-31,2,,,,,,,,,,,,,,,,,,,,,,,,,,,,,,,,,,,23801872,false,false,6,2020-04-01,2020-09-30,-1
2022-01-28,97420,2022-03-31,3,28500000000,-0.005,,,,,1284000000,-0.314,1371000000,-0.292,,824000000,,35.52,,,,,,46935000000,35757000000,0.762,,35757000000,,,,,,,,,,,,true,false,9,2021-04-01,2021-12-31,0
2022-01-28,97420,2021-03-31,3,28647000000,-0.036,,,,,1873000000,-0.154,1938000000,-0.145,,689000000,,28.97,,,,,,,,,,,,,,,,,,,,,,true,false,9,2020-04-01,2020-12-31,-1
2022-01-28,97420,2022-03-31,3,42000000000,0.010,,,,,1500000000,-0.462,1500000000,-0.487,,1000000000,,45.93,,,,,,,,,,,,,,,,,,,,,,true,true,12,2021-04-01,2022-03-31,0
2022-01-28,97420,2021-03-31,3,,,,,,,,,,,,,,,,,,,,51261000000,38795000000,0.757,,38795000000,,,,,,,,,,,,true,false,12,2020-04-01,2021-03-31,-1
2022-01-28,97420,2021-03-31,3,,,,,,,,,,,,,,,,,,,,,,,,,,,,,40.00,,,,23900000,94870,,false,false,12,2020-04-01,2021-03-31,-1
2022-01-28,97420,2022-03-31,3,,,,,,,,,,,,,,,,,,,,,,,,,,,,,20.00,,,,,,,false,false,12,2021-04-01,2022-03-31,0
2022-01-28,97420,2022-03-31,3,,,,,,,,,,,,,,,,,,,,,,,,,,,,,40.00,,,,,,,false,true,12,2021-04-01,2022-03-31,0
2022-01-28,97420,2022-03-31,3,,,,,,,,,,,,,,,,,,,,,,,,,,,,,,,,,23900000,2128761,23203159,false,false,9,2021-04-01,2021-12-31,0
2022-01-28,97420,2021-03-31,3,,,,,,,,,,,,,,,,,,,,,,,,,,,,,,,,,,,23803020,false,false,9,2020-04-01,2020-12-31,-1
2022-04-28,97420,2022-03-31,,40033000000,-0.037,,,,,1963000000,-0.295,2060000000,-0.296,,1300000000,,57.23,,0.035,0.042,0.049,,46827000000,34620000000,0.739,1665.00,34620000000,6427000000,-1422000000,-5641000000,9731000000,,0.699,,,,,,true,false,12,2021-04-01,2022-03-31,0
2022-04-28,97420,2021-03-31,,41573000000,-0.017,,,,,2786000000,-0.040,2925000000,-0.011,,1432000000,,60.16,,0.037,0.056,0.067,,51261000000,38795000000,0.757,1629.73,38795000000,1917000000,-11592000000,-971000000,10368000000,,0.665,,,,,,true,false,12,2020-04-01,2021-03-31,-1
2022-04-28,97420,2023-03-31,,43000000000,0.074,,,,,3300000000,0.681,3300000000,0.602,,2000000000,,96.19,,,,,,,,,,,,,,,,,,,,,,true,true,12,2022-04-01,2023-03-31,1
2022-04-28,97420,2021-03-31,,,,,,,,,,,,,,,,,,,,,,,,,,,,,,40.00,,,,23900000,94870,23806425,false,false,12,2020-04-01,2021-03-31,-1
2022-04-28,97420,2022-03-31,,,,,,,,,,,,,,,,,,,,,,,,,,,,,,40.00,,,,23900000,3107001,22723039,false,false,12,2021-04-01,2022-03-31,0
2022-04-28,97420,2023-03-31,,,,,,,,,,,,,,,,,,,,,,,,,,,,,,40.00,,,,,,,false,true,12,2022-04-01,2023-03-31,1
2022-07-29,97420,2023-03-31,1,9636000000,0.142,,,,,738000000,,760000000,,,443000000,,21.34,,,,,,47271000000,34629000000,0.733,,34629000000,,,,,,,,,,,,true,false,3,2022-04-01,2022-06-30,0
2022-07-29,97420,2022-03-31,1,8439000000,-0.087,,,,,38000000,-0.897,62000000,-0.839,,-71000000,,-3.02,,,,,,,,,,,,,,,,,,,,,,true,false,3,2021-04-01,2021-06-30,-1
2022-07-29,97420,2023-03-31,1,43000000000,0.074,,,,,3300000000,0.681,3300000000,0.602,,2000000000,,96.19,,,,,,,,,,,,,,,,,,,,,,true,true,12,2022-04-01,2023-03-31,0
2022-07-29,97420,2022-03-31,1,,,,,,,,,,,,,,,,,,,,46827000000,34620000000,0.739,,34620000000,,,,,,,,,,,,true,false,12,2021-04-01,2022-03-31,-1
2022-07-29,97420,2022-03-31,1,,,,,,,,,,,,,,,,,,,,,,,,,,,,,40.00,,,,23900000,3107001,,false,false,12,2021-04-01,2022-03-31,-1
2022-07-29,97420,2023-03-31,1,,,,,,,,,,,,,,,,,,,,,,,,,,,,,40.00,,,,,,,false,true,12,2022-04-01,2023-03-31,0
2022-07-29,97420,2023-03-31,1,,,,,,,,,,,,,,,,,,,,,,,,,,,,,,,,,20900000,106748,20792926,false,false,3,2022-04-01,2022-06-30,0
2022-07-29,97420,2022-03-31,1,,,,,,,,,,,,,,,,,,,,,,,,,,,,,,,,,,,23808917,false,false,3,2021-04-01,2021-06-30,-1
2022-10-31,97420,2023-03-31,2,19987000000,0.056,,,,,1525000000,0.803,1563000000,0.749,,991000000,,47.68,,,,,,46627000000,35104000000,0.753,,35104000000,,,,,,,,,,,,true,false,6,2022-04-01,2022-09-30,0
2022-10-31,97420,2022-03-31,2,18923000000,-0.040,,,,,846000000,-0.380,894000000,-0.357,,500000000,,21.16,,,,,,,,,,,,,,,,,,,,,,true,false,6,2021-04-01,2021-09-30,-1
2022-10-31,97420,2023-03-31,2,43000000000,0.074,,,,,3300000000,0.681,3300000000,0.602,,2000000000,,96.17,,,,,,,,,,,,,,,,,,,,,,true,true,12,2022-04-01,2023-03-31,0
2022-10-31,97420,2022-03-31,2,,,,,,,,,,,,,,,,,,,,46827000000,34620000000,0.739,,34620000000,,,,,,,,,,,,true,false,12,2021-04-01,2022-03-31,-1
2022-10-31,97420,2022-03-31,2,,,,,,,,,,,,,,,,,,,,,,,,,,,,,40.00,,,,23900000,3107001,,false,false,12,2021-04-01,2022-03-31,-1
2022-10-31,97420,2023-03-31,2,,,,,,,,,,,,,,,,,,,,,,,,,,,,,20.00,,,,,,,false,false,12,2022-04-01,2023-03-31,0
2022-10-31,97420,2023-03-31,2,,,,,,,,,,,,,,,,,,,,,,,,,,,,,40.00,,,,,,,false,true,12,2022-04-01,2023-03-31,0
2022-10-31,97420,2023-03-31,2,,,,,,,,,,,,,,,,,,,,,,,,,,,,,,,,,20900000,104259,20794180,false,false,6,2022-04-01,2022-09-30,0
2022-10-31,97420,2022-03-31,2,,,,,,,,,,,,,,,,,,,,,,,,,,,,,,,,,,,23635523,false,false,6,2021-04-01,2021-09-30,-1
2023-01-27,97420,2023-03-31,3,29988000000,0.052,,,,,2100000000,0.635,2166000000,0.580,,1334000000,,64.17,,,,,,45977000000,35035000000,0.762,,35035000000,,,,,,,,,,,,true,false,9,2022-04-01,2022-12-31,0
2023-01-27,97420,2022-03-31,3,28500000000,-0.005,,,,,1284000000,-0.314,1371000000,-0.292,,824000000,,35.52,,,,,,,,,,,,,,,,,,,,,,true,false,9,2021-04-01,2021-12-31,-1
2023-01-27,97420,2023-03-31,3,43000000000,0.074,,,,,3300000000,0.681,3300000000,0.602,,2000000000,,96.17,,,,,,,,,,,,,,,,,,,,,,true,true,12,2022-04-01,2023-03-31,0
2023-01-27,97420,2022-03-31,3,,,,,,,,,,,,,,,,,,,,46827000000,34620000000,0.739,,34620000000,,,,,,,,,,,,true,false,12,2021-04-01,2022-03-31,-1
2023-01-27,97420,2022-03-31,3,,,,,,,,,,,,,,,,,,,,,,,,,,,,,40.00,,,,23900000,3107001,,false,false,12,2021-04-01,2022-03-31,-1
2023-01-27,97420,2023-03-31,3,,,,,,,,,,,,,,,,,,,,,,,,,,,,,20.00,,,,,,,false,false,12,2022-04-01,2023-03-31,0
2023-01-27,97420,2023-03-31,3,,,,,,,,,,,,,,,,,,,,,,,,,,,,,40.00,,,,,,,false,true,12,2022-04-01,2023-03-31,0
2023-01-27,97420,2023-03-31,3,,,,,,,,,,,,,,,,,,,,,,,,,,,,,,,,,20900000,104279,20794644,false,false,9,2022-04-01,2022-12-31,0
2023-01-27,97420,2022-03-31,3,,,,,,,,,,,,,,,,,,,,,,,,,,,,,,,,,,,23203159,false,false,9,2021-04-01,2021-12-31,-1
2023-04-28,97420,2023-03-31,,42404000000,0.059,,,,,3801000000,0.937,3882000000,0.884,,2541000000,,122.20,,0.072,0.081,0.090,,48523000000,36286000000,0.748,1744.92,36286000000,2422000000,-2143000000,-849000000,9162000000,,0.368,,,,,,true,false,12,2022-04-01,2023-03-31,0
2023-04-28,97420,2022-03-31,,40033000000,-0.037,,,,,1963000000,-0.295,2060000000,-0.296,,1300000000,,57.23,,0.035,0.042,0.049,,46827000000,34620000000,0.739,1665.00,34620000000,6427000000,-1422000000,-5641000000,9731000000,,0.699,,,,,,true,false,12,2021-04-01,2022-03-31,-1
2023-04-28,97420,2024-03-31,,43000000000,0.014,,,,,4000000000,0.052,4000000000,0.030,,2600000000,,125.03,,,,,,,,,,,,,,,,0.400,,,,,,true,true,12,2023-04-01,2024-03-31,1
2023-04-28,97420,2022-03-31,,,,,,,,,,,,,,,,,,,,,,,,,,,,,,40.00,,,,23900000,3107001,22723039,false,false,12,2021-04-01,2022-03-31,-1
2023-04-28,97420,2023-03-31,,,,,,,,,,,,,,,,,,,,,,,,,,,,,,45.00,,,,20900000,104676,20794815,false,false,12,2022-04-01,2023-03-31,0
2023-04-28,97420,2024-03-31,,,,,,,,,,,,,,,,,,,,,,,,,,,,,,50.00,,,,,,,false,true,12,2023-04-01,2024-03-31,1
,97420,2023-03-31,,,,,,,,,,,,,,,,,,,,,,,,,,,,,,45.00,,,,,,,false,true,12,2022-04-01,2023-03-31,0
,97420,2023-03-31,,,,,,,,,,,,,,,,,,,,,,,,,,,,,,20.00,,,,,,,false,false,12,2022-04-01,2023-03-31,0
,97420,2022-03-31,,,,,,,,,,,,,,,,,,,,,,,,,,,,,,40.00,,,,,,,false,false,12,2021-04-01,2022-03-31,-1
2023-07-28,97420,2024-03-31,1,9957000000,0.033,,,,,694000000,-0.059,719000000,-0.053,,377000000,,18.17,,,,,,48408000000,36274000000,0.749,,36274000000,,,,,,,,,,,,true,false,3,2023-04-01,2023-06-30,0
2023-07-28,97420,2023-03-31,1,9636000000,0.142,,,,,738000000,,760000000,,,443000000,,21.34,,,,,,,,,,,,,,,,,,,,,,true,false,3,2022-04-01,2022-06-30,-1
2023-07-28,97420,2024-03-31,1,43000000000,0.014,,,,,4000000000,0.052,4000000000,0.030,,2600000000,,124.98,,,,,,,,,,,,,,,,,,,,,,true,true,12,2023-04-01,2024-03-31,0
2023-07-28,97420,2023-03-31,1,,,,,,,,,,,,,,,,,,,,48523000000,36286000000,0.748,,36286000000,,,,,,,,,,,,true,false,12,2022-04-01,2023-03-31,-1
2023-07-28,97420,2023-03-31,1,,,,,,,,,,,,,,,,,,,,,,,,,,,,,45.00,,,,20900000,104676,,false,false,12,2022-04-01,2023-03-31,-1
2023-07-28,97420,2024-03-31,1,,,,,,,,,,,,,,,,,,,,,,,,,,,,,50.00,,,,,,,false,true,12,2023-04-01,2024-03-31,0
2023-07-28,97420,2024-03-31,1,,,,,,,,,,,,,,,,,,,,,,,,,,,,,,,,,20900000,97190,20798359,false,false,3,2023-04-01,2023-06-30,0
2023-07-28,97420,2023-03-31,1,,,,,,,,,,,,,,,,,,,,,,,,,,,,,,,,,,,20792926,false,false,3,2022-04-01,2022-06-30,-1
2023-10-30,97420,2024-03-31,2,19612000000,-0.019,,,,,856000000,-0.439,890000000,-0.430,,473000000,,22.76,,,,,,53243000000,36394000000,0.684,,36394000000,,,,,,,,,,,,true,false,6,2023-04-01,2023-09-30,0
2023-10-30,97420,2023-03-31,2,19987000000,0.056,,,,,1525000000,0.803,1563000000,0.749,,991000000,,47.68,,,,,,,,,,,,,,,,,,,,,,true,false,6,2022-04-01,2022-09-30,-1
2023-10-30,97420,2024-03-31,2,41500000000,-0.021,,,,,3000000000,-0.211,2800000000,-0.279,,1700000000,,81.72,,,,,,,,,,,,,,,,,,,,,,true,true,12,2023-04-01,2024-03-31,0
2023-10-30,97420,2023-03-31,2,,,,,,,,,,,,,,,,,,,,48523000000,36286000000,0.748,,36286000000,,,,,,,,,,,,true,false,12,2022-04-01,2023-03-31,-1
2023-10-30,97420,2023-03-31,2,,,,,,,,,,,,,,,,,,,,,,,,,,,,,45.00,,,,20900000,104676,,false,false,12,2022-04-01,2023-03-31,-1
2023-10-30,97420,2024-03-31,2,,,,,,,,,,,,,,,,,,,,,,,,,,,,,25.00,,,,,,,false,false,12,2023-04-01,2024-03-31,0
2023-10-30,97420,2024-03-31,2,,,,,,,,,,,,,,,,,,,,,,,,,,,,,50.00,,,,,,,false,true,12,2023-04-01,2024-03-31,0
2023-10-30,97420,2024-03-31,2,,,,,,,,,,,,,,,,,,,,,,,,,,,,,,,,,20900000,96137,20800797,false,false,6,2023-04-01,2023-09-30,0
2023-10-30,97420,2023-03-31,2,,,,,,,,,,,,,,,,,,,,,,,,,,,,,,,,,,,20794180,false,false,6,2022-04-01,2022-09-30,-1
2023-10-30,97420,2024-03-31,,41500000000,-0.035,,,,,3000000000,-0.250,2800000000,-0.300,,1700000000,,81.72,,,,,,,,,,,,,,,,,,,,,,true,true,12,2023-04-01,2024-03-31,0
2023-10-30,97420,2023-03-31,,42404000000,,,,,,3801000000,,3882000000,,,2541000000,,122.20,,,,,,,,,,,,,,,,,,,,,,true,false,12,2022-04-01,2023-03-31,-1
2024-01-30,97420,2024-03-31,3,29005000000,-0.033,,,,,1168000000,-0.444,1247000000,-0.424,,709000000,,34.09,,,,,,51675000000,36157000000,0.700,,36157000000,,,,,,,,,,,,true,false,9,2023-04-01,2023-12-31,0
2024-01-30,97420,2023-03-31,3,29988000000,0.052,,,,,2100000000,0.635,2166000000,0.580,,1334000000,,64.17,,,,,,,,,,,,,,,,,,,,,,true,false,9,2022-04-01,2022-12-31,-1
2024-01-30,97420,2024-03-31,3,41500000000,-0.021,,,,,3000000000,-0.211,2800000000,-0.279,,1700000000,,81.72,,,,,,,,,,,,,,,,,,,,,,true,true,12,2023-04-01,2024-03-31,0
2024-01-30,97420,2023-03-31,3,,,,,,,,,,,,,,,,,,,,48523000000,36286000000,0.748,,36286000000,,,,,,,,,,,,true,false,12,2022-04-01,2023-03-31,-1
2024-01-30,97420,2023-03-31,3,,,,,,,,,,,,,,,,,,,,,,,,,,,,,45.00,,,,20900000,104676,,false,false,12,2022-04-01,2023-03-31,-1
2024-01-30,97420,2024-03-31,3,,,,,,,,,,,,,,,,,,,,,,,,,,,,,25.00,,,,,,,false,false,12,2023-04-01,2024-03-31,0
2024-01-30,97420,2024-03-31,3,,,,,,,,,,,,,,,,,,,,,,,,,,,,,50.00,,,,,,,false,true,12,2023-04-01,2024-03-31,0
2024-01-30,97420,2024-03-31,3,,,,,,,,,,,,,,,,,,,,,,,,,,,,,,,,,20900000,96093,20801718,false,false,9,2023-04-01,2023-12-31,0
2024-01-30,97420,2023-03-31,3,,,,,,,,,,,,,,,,,,,,,,,,,,,,,,,,,,,20794644,false,false,9,2022-04-01,2022-12-31,-1
2024-04-30,97420,2024-03-31,,40557000000,-0.044,,,,,2877000000,-0.243,2732000000,-0.296,,1795000000,,86.33,,0.048,0.053,0.071,,54427000000,37790000000,0.694,1816.54,37790000000,2142000000,-9987000000,3948000000,5265000000,,0.579,,,,,,true,false,12,2023-04-01,2024-03-31,0
2024-04-30,97420,2023-03-31,,42404000000,0.059,,,,,3801000000,0.937,3882000000,0.884,,2541000000,,122.20,,0.072,0.081,0.090,,48523000000,36286000000,0.748,1744.92,36286000000,2325000000,-2045000000,-849000000,9162000000,,0.368,,,,,,true,false,12,2022-04-01,2023-03-31,-1
2024-04-30,97420,2025-03-31,,44000000000,0.085,,,,,4000000000,0.390,4000000000,0.464,,2700000000,,129.79,,,,,,,,,,,,,,,,0.424,,,,,,true,true,12,2024-04-01,2025-03-31,1
2024-04-30,97420,2023-03-31,,,,,,,,,,,,,,,,,,,,,,,,,,,,,,45.00,,,,20900000,104676,20794815,false,false,12,2022-04-01,2023-03-31,-1
2024-04-30,97420,2024-03-31,,,,,,,,,,,,,,,,,,,,,,,,,,,,,,50.00,,,,20900000,96727,20802125,false,false,12,2023-04-01,2024-03-31,0
2024-04-30,97420,2025-03-31,,,,,,,,,,,,,,,,,,,,,,,,,,,,,,55.00,,,,,,,false,true,12,2024-04-01,2025-03-31,1
2024-07-31,97420,2025-03-31,1,8436000000,-0.153,,,,,-321000000,,-304000000,,,-275000000,,-13.24,,,,,,52757000000,37061000000,0.702,,37061000000,,,,,,,,,,,,true,false,3,2024-04-01,2024-06-30,0
2024-07-31,97420,2024-03-31,1,9957000000,0.033,,,,,694000000,-0.059,719000000,-0.053,,377000000,,18.17,,,,,,,,,,,,,,,,,,,,,,true,false,3,2023-04-01,2023-06-30,-1
2024-07-31,97420,2025-03-31,1,44000000000,0.085,,,,,4000000000,0.390,4000000000,0.464,,2700000000,,129.80,,,,,,,,,,,,,,,,,,,,,,true,true,12,2024-04-01,2025-03-31,0
2024-07-31,97420,2024-03-31,1,,,,,,,,,,,,,,,,,,,,54427000000,37790000000,0.694,,37790000000,,,,,,,,,,,,true,false,12,2023-04-01,2024-03-31,-1
2024-07-31,97420,2024-03-31,1,,,,,,,,,,,,,,,,,,,,,,,,,,,,,50.00,,,,20900000,96727,,false,false,12,2023-04-01,2024-03-31,-1
2024-07-31,97420,2025-03-31,1,,,,,,,,,,,,,,,,,,,,,,,,,,,,,55.00,,,,,,,false,true,12,2024-04-01,2025-03-31,0
2024-07-31,97420,2025-03-31,1,,,,,,,,,,,,,,,,,,,,,,,,,,,,,,,,,20900000,99539,20805961,false,false,3,2024-04-01,2024-06-30,0
2024-07-31,97420,2024-03-31,1,,,,,,,,,,,,,,,,,,,,,,,,,,,,,,,,,,,20798359,false,false,3,2023-04-01,2023-06-30,-1
2024-10-31,97420,2025-03-31,2,18631000000,-0.050,,,,,876000000,0.024,898000000,0.009,,537000000,,25.83,,,,,,52366000000,37850000000,0.723,,37850000000,,,,,,,,,,,,true,false,6,2024-04-01,2024-09-30,0
2024-10-31,97420,2024-03-31,2,19612000000,-0.019,,,,,856000000,-0.439,890000000,-0.430,,473000000,,22.76,,,,,,,,,,,,,,,,,,,,,,true,false,6,2023-04-01,2023-09-30,-1
2024-10-31,97420,2025-03-31,2,44000000000,0.085,,,,,4000000000,0.390,4000000000,0.464,,2700000000,,129.80,,,,,,,,,,,,,,,,,,,,,,true,true,12,2024-04-01,2025-03-31,0
2024-10-31,97420,2024-03-31,2,,,,,,,,,,,,,,,,,,,,54427000000,37790000000,0.694,,37790000000,,,,,,,,,,,,true,false,12,2023-04-01,2024-03-31,-1
2024-10-31,97420,2024-03-31,2,,,,,,,,,,,,,,,,,,,,,,,,,,,,,50.00,,,,20900000,96727,,false,false,12,2023-04-01,2024-03-31,-1
2024-10-31,97420,2025-03-31,2,,,,,,,,,,,,,,,,,,,,,,,,,,,,,25.00,,,,,,,false,false,12,2024-04-01,2025-03-31,0
2024-10-31,97420,2025-03-31,2,,,,,,,,,,,,,,,,,,,,,,,,,,,,,55.00,,,,,,,false,true,12,2024-04-01,2025-03-31,0
2024-10-31,97420,2025-03-31,2,,,,,,,,,,,,,,,,,,,,,,,,,,,,,,,,,20900000,98873,20803927,false,false,6,2024-04-01,2024-09-30,0
2024-10-31,97420,2024-03-31,2,,,,,,,,,,,,,,,,,,,,,,,,,,,,,,,,,,,20800797,false,false,6,2023-04-01,2023-09-30,-1
2025-01-31,97420,2025-03-31,3,28143000000,-0.030,,,,,1539000000,0.318,1595000000,0.279,,998000000,,48.00,,,,,,51281000000,37881000000,0.739,,37881000000,,,,,,,,,,,,true,false,9,2024-04-01,2024-12-31,0
2025-01-31,97420,2024-03-31,3,29005000000,-0.033,,,,,1168000000,-0.444,1247000000,-0.424,,709000000,,34.09,,,,,,,,,,,,,,,,,,,,,,true,false,9,2023-04-01,2023-12-31,-1
2025-01-31,97420,2025-03-31,3,44000000000,0.085,,,,,4000000000,0.390,4000000000,0.464,,2700000000,,129.80,,,,,,,,,,,,,,,,,,,,,,true,true,12,2024-04-01,2025-03-31,0
2025-01-31,97420,2024-03-31,3,,,,,,,,,,,,,,,,,,,,54427000000,37790000000,0.694,,37790000000,,,,,,,,,,,,true,false,12,2023-04-01,2024-03-31,-1
2025-01-31,97420,2024-03-31,3,,,,,,,,,,,,,,,,,,,,,,,,,,,,,50.00,,,,20900000,96727,,false,false,12,2023-04-01,2024-03-31,-1
2025-01-31,97420,2025-03-31,3,,,,,,,,,,,,,,,,,,,,,,,,,,,,,25.00,,,,,,,false,false,12,2024-04-01,2025-03-31,0
2025-01-31,97420,2025-03-31,3,,,,,,,,,,,,,,,,,,,,,,,,,,,,,55.00,,,,,,,false,true,12,2024-04-01,2025-03-31,0
2025-01-31,97420,2025-03-31,3,,,,,,,,,,,,,,,,,,,,,,,,,,,,,,,,,20900000,99309,20802982,false,false,9,2024-04-01,2024-12-31,0
2025-01-31,97420,2024-03-31,3,,,,,,,,,,,,,,,,,,,,,,,,,,,,,,,,,,,20801718,false,false,9,2023-04-01,2023-12-31,-1
2025-03-28,97420,2025-03-31,,41000000000,-0.068,,,,,3300000000,-0.175,3300000000,-0.175,,2200000000,,105.77,,,,,,,,,,,,,,,,,,,,,,true,true,12,2024-04-01,2025-03-31,0
2025-03-28,97420,2024-03-31,,40557000000,,,,,,2877000000,,2732000000,,,1795000000,,86.33,,,,,,,,,,,,,,,,,,,,,,true,false,12,2023-04-01,2024-03-31,-1
2025-04-30,9742,2025-03-31,,40563000000,0.000,,,,,3536000000,0.229,3608000000,0.320,,2436000000,,117.13,,0.063,0.065,0.087,,56727000000,39192000000,0.691,1884.21,39192000000,1478000000,-288000000,1536000000,7991000000,,0.470,,,,,,true,false,12,2024-04-01,2025-03-31,0
2025-04-30,9742,2024-03-31,,40557000000,-0.044,,,,,2877000000,-0.243,2732000000,-0.296,,1795000000,,86.33,,0.048,0.053,0.071,,54427000000,37790000000,0.694,1816.54,37790000000,2142000000,-9987000000,3948000000,5265000000,,0.579,,,,,,true,false,12,2023-04-01,2024-03-31,-1
2025-04-30,9742,2026-03-31,,43000000000,0.060,,,,,4000000000,0.131,4100000000,0.136,,2800000000,,134.61,,,,,,,,,,,,,,,,0.446,,,,,,true,true,12,2025-04-01,2026-03-31,1
2025-04-30,9742,2024-03-31,,,,,,,,,,,,,,,,,,,,,,,,,,,,,,50.00,,,,20900000,96727,20802125,false,false,12,2023-04-01,2024-03-31,-1
2025-04-30,9742,2025-03-31,,,,,,,,,,,,,,,,,,,,,,,,,,,,,,55.00,,,,20900000,99687,20802381,false,false,12,2024-04-01,2025-03-31,0
2025-04-30,9742,2026-03-31,,,,,,,,,,,,,,,,,,,,,,,,,,,,,,60.00,,,,,,,false,true,12,2025-04-01,2026-03-31,1
