filing_date,code,fiscal_year_end,quarterly_period,net_sales,net_sales_change,revenue,revenue_change,operating_revenue,operating_revenue_change,operating_profit,operating_profit_change,ordinary_profit,ordinary_profit_change,net_income,net_income_of_parent,net_income_change,eps,diluted_eps,roe,roa,operating_profit_to_net_sales,operating_profit_to_revenue,total_assets,net_assets,equity_ratio,bps,owner_equity,operating_cash_flow,investing_cash_flow,financing_cash_flow,cash,dividend_per_share,payout_ratio,commemorative_dividend,extra_dividend,number_of_shares,number_of_treqsury_shares,avg_number_of_shares,is_consolidated,is_forecast,duration,period_start,period_end,period_pos
2015-05-12,97440,2015-03-31,,82136000000,0.097,,,,,9540000000,0.367,9643000000,0.382,3659000000,,-0.079,120.12,,0.099,0.152,0.116,,65098000000,37565000000,0.576,1238.78,37516000000,8434000000,-275000000,-3495000000,34773000000,,0.924,,,,,,true,false,12,2014-04-01,2015-03-31,0
2015-05-12,97440,2014-03-31,,74906000000,0.065,,,,,6979000000,0.098,6978000000,0.086,3973000000,,-0.337,128.30,,0.107,0.117,0.093,,61445000000,36188000000,0.588,1182.85,36142000000,8893000000,-398000000,-4991000000,30104000000,,0.561,,,,,,true,false,12,2013-04-01,2014-03-31,-1
2015-05-12,97440,2016-03-31,,41800000000,0.064,,,,,4300000000,0.077,4300000000,0.072,,3300000000,,108.96,,,,,,,,,,,,,,,,,,,,,,true,true,6,2015-04-01,2015-09-30,1
2015-05-12,97440,2016-03-31,,86000000000,0.047,,,,,9800000000,0.027,9800000000,0.016,,7000000000,,231.14,,,,,,,,,,,,,,,,0.502,,,,,,true,true,12,2015-04-01,2016-03-31,1
2015-05-12,97440,2015-03-31,,64675000000,0.098,,,,,7925000000,0.378,8438000000,0.372,3340000000,,-0.025,109.62,,,,,,58483000000,36221000000,0.619,1195.99,36221000000,,,,,111.00,,,,32200000,1914685,30469542,false,false,12,2014-04-01,2015-03-31,0
2015-05-12,97440,2014-03-31,,58876000000,0.055,,,,,5751000000,0.065,6149000000,0.079,3425000000,,-0.434,110.60,,,,,,58450000000,34991000000,0.599,1145.18,34991000000,,,,,72.00,,,,32500000,1944494,30971774,false,false,12,2013-04-01,2014-03-31,-1
2015-05-12,97440,2016-03-31,,33000000000,0.076,,,,,3600000000,0.102,4100000000,0.109,3400000000,,,112.27,,,,,,,,,,,,,,,,,,,,,,false,true,6,2015-04-01,2015-09-30,1
2015-05-12,97440,2016-03-31,,67800000000,0.048,,,,,8200000000,0.035,8700000000,0.031,6500000000,,0.946,214.63,,,,,,,,,,,,,,,116.00,,,,,,,false,true,12,2015-04-01,2016-03-31,1
2015-07-28,97440,2016-03-31,1,20780000000,0.093,,,,,2290000000,0.450,2285000000,0.437,,1404000000,,46.36,,,,,,60599000000,36996000000,0.610,,36946000000,,,,,,,,,,,,true,false,3,2015-04-01,2015-06-30,0
2015-07-28,97440,2015-03-31,1,19014000000,0.086,,,,,1579000000,0.140,1590000000,0.145,,876000000,,28.68,,,,,,,,,,,,,,,,,,,,,,true,false,3,2014-04-01,2014-06-30,-1
2015-07-28,97440,2016-03-31,1,41800000000,0.064,,,,,4300000000,0.077,4300000000,0.072,,3300000000,,108.96,,,,,,,,,,,,,,,,,,,,,,true,true,6,2015-04-01,2015-09-30,0
2015-07-28,97440,2016-03-31,1,86000000000,0.047,,,,,9800000000,0.027,9800000000,0.016,,7000000000,,231.14,,,,,,,,,,,,,,,,,,,,,,true,true,12,2015-04-01,2016-03-31,0
2015-07-28,97440,2015-03-31,1,,,,,,,,,,,,,,,,,,,,65098000000,37565000000,0.576,,37516000000,,,,,,,,,,,,true,false,12,2014-04-01,2015-03-31,-1
2015-07-28,97440,2015-03-31,1,,,,,,,,,,,,,,,,,,,,,,,,,,,,,111.00,,,,32200000,1914685,,false,false,12,2014-04-01,2015-03-31,-1
2015-07-28,97440,2016-03-31,1,,,,,,,,,,,,,,,,,,,,,,,,,,,,,116.00,,,,,,,false,true,12,2015-04-01,2016-03-31,0
2015-07-28,97440,2016-03-31,1,,,,,,,,,,,,,,,,,,,,,,,,,,,,,,,,,32200000,1914871,30285167,false,false,3,2015-04-01,2015-06-30,0
2015-07-28,97440,2015-03-31,1,,,,,,,,,,,,,,,,,,,,,,,,,,,,,,,,,,,30555368,false,false,3,2014-04-01,2014-06-30,-1
2015-11-05,97440,2016-03-31,2,42143000000,0.072,,,,,4744000000,0.188,4723000000,0.177,,3798000000,,125.43,,,,,,64343000000,39445000000,0.612,,39395000000,,,,,,,,,,,,true,false,6,2015-04-01,2015-09-30,0
2015-11-05,97440,2015-03-31,2,39300000000,0.099,,,,,3992000000,0.373,4012000000,0.369,,194000000,,6.35,,,,,,,,,,,,,,,,,,,,,,true,false,6,2014-04-01,2014-09-30,-1
2015-11-05,97440,2016-03-31,2,86400000000,0.052,,,,,10000000000,0.048,10000000000,0.037,,7600000000,,250.95,,,,,,,,,,,,,,,,,,,,,,true,true,12,2015-04-01,2016-03-31,0
2015-11-05,97440,2015-03-31,2,,,,,,,,,,,,,,,,,,,,65098000000,37565000000,0.576,,37516000000,,,,,,,,,,,,true,false,12,2014-04-01,2015-03-31,-1
2015-11-05,97440,2015-03-31,2,,,,,,,,,,,,,,,,,,,,,,,,,,,,,111.00,,,,32200000,1914685,,false,false,12,2014-04-01,2015-03-31,-1
2015-11-05,97440,2016-03-31,2,,,,,,,,,,,,,,,,,,,,,,,,,,,,,63.00,,,,,,,false,false,12,2015-04-01,2016-03-31,0
2015-11-05,97440,2016-03-31,2,,,,,,,,,,,,,,,,,,,,,,,,,,,,,126.00,,,,,,,false,true,12,2015-04-01,2016-03-31,0
2015-11-05,97440,2016-03-31,2,,,,,,,,,,,,,,,,,,,,,,,,,,,,,,,,,32200000,1915120,30285065,false,false,6,2015-04-01,2015-09-30,0
2015-11-05,97440,2015-03-31,2,,,,,,,,,,,,,,,,,,,,,,,,,,,,,,,,,,,30555245,false,false,6,2014-04-01,2014-09-30,-1
,97440,2016-03-31,,,,,,,,,,,,,,,,,,,,,,,,,,,,,,126.00,,,,,,,false,true,12,2015-04-01,2016-03-31,0
,97440,2016-03-31,,,,,,,,,,,,,,,,,,,,,,,,,,,,,,63.00,,,,,,,false,false,12,2015-04-01,2016-03-31,0
,97440,2015-03-31,,,,,,,,,,,,,,,,,,,,,,,,,,,,,,111.00,,,,,,,false,false,12,2014-04-01,2015-03-31,-1
2016-02-02,97440,2016-03-31,3,64399000000,0.071,,,,,7758000000,0.160,7733000000,0.152,,5840000000,,193.31,,,,,,60518000000,36930000000,0.609,,36877000000,,,,,,,,,,,,true,false,9,2015-04-01,2015-12-31,0
2016-02-02,97440,2015-03-31,3,60121000000,0.092,,,,,6688000000,0.270,6714000000,0.268,,2113000000,,69.22,,,,,,,,,,,,,,,,,,,,,,true,false,9,2014-04-01,2014-12-31,-1
2016-02-02,97440,2016-03-31,3,86400000000,0.052,,,,,10000000000,0.048,10000000000,0.037,,7600000000,,250.95,,,,,,,,,,,,,,,,,,,,,,true,true,12,2015-04-01,2016-03-31,0
2016-02-02,97440,2015-03-31,3,,,,,,,,,,,,,,,,,,,,65098000000,37565000000,0.576,,37516000000,,,,,,,,,,,,true,false,12,2014-04-01,2015-03-31,-1
2016-02-02,97440,2015-03-31,3,,,,,,,,,,,,,,,,,,,,,,,,,,,,,111.00,,,,32200000,1914685,,false,false,12,2014-04-01,2015-03-31,-1
2016-02-02,97440,2016-03-31,3,,,,,,,,,,,,,,,,,,,,,,,,,,,,,63.00,,,,,,,false,false,12,2015-04-01,2016-03-31,0
2016-02-02,97440,2016-03-31,3,,,,,,,,,,,,,,,,,,,,,,,,,,,,,126.00,,,,,,,false,true,12,2015-04-01,2016-03-31,0
2016-02-02,97440,2016-03-31,3,,,,,,,,,,,,,,,,,,,,,,,,,,,,,,,,,32200000,2557192,30212893,false,false,9,2015-04-01,2015-12-31,0
2016-02-02,97440,2015-03-31,3,,,,,,,,,,,,,,,,,,,,,,,,,,,,,,,,,,,30529784,false,false,9,2014-04-01,2014-12-31,-1
2016-05-10,97440,2016-03-31,,87888000000,0.070,,,,,10874000000,0.140,10845000000,0.125,,8083000000,,269.24,,0.215,0.167,0.124,,64468000000,37605000000,0.582,1278.59,37543000000,6910000000,1487000000,-7752000000,35413000000,,0.535,,,,,,true,false,12,2015-04-01,2016-03-31,0
2016-05-10,97440,2015-03-31,,82136000000,0.097,,,,,9540000000,0.367,9643000000,0.382,,3659000000,,120.12,,0.099,0.152,0.116,,65098000000,37565000000,0.576,1238.78,37516000000,8434000000,-275000000,-3495000000,34773000000,,0.924,,,,,,true,false,12,2014-04-01,2015-03-31,-1
2016-05-10,97440,2017-03-31,,43800000000,0.039,,,,,4600000000,-0.030,4600000000,-0.026,,3000000000,,102.17,,,,,,,,,,,,,,,,,,,,,,true,true,6,2016-04-01,2016-09-30,1
2016-05-10,97440,2017-03-31,,90500000000,0.030,,,,,10300000000,-0.053,10300000000,-0.050,,7000000000,,238.39,,,,,,,,,,,,,,,,0.503,,,,,,true,true,12,2016-04-01,2017-03-31,1
2016-05-10,97440,2016-03-31,,68878000000,0.065,,,,,9061000000,0.143,9526000000,0.129,7391000000,,1.213,246.19,,,,,,56941000000,35872000000,0.630,1221.69,35872000000,,,,,144.00,,,,31300000,1936687,30024039,false,false,12,2015-04-01,2016-03-31,0
2016-05-10,97440,2015-03-31,,64675000000,0.098,,,,,7925000000,0.378,8438000000,0.372,3340000000,,-0.025,109.62,,,,,,58483000000,36221000000,0.619,1195.99,36221000000,,,,,111.00,,,,32200000,1914685,30469542,false,false,12,2014-04-01,2015-03-31,-1
2016-05-10,97440,2017-03-31,,34000000000,0.026,,,,,3800000000,-0.033,4300000000,-0.022,3000000000,,-0.200,102.17,,,,,,,,,,,,,,,,,,,,,,false,true,6,2016-04-01,2016-09-30,1
2016-05-10,97440,2017-03-31,,70200000000,0.019,,,,,8500000000,-0.062,9000000000,-0.055,6300000000,,-0.148,214.55,,,,,,,,,,,,,,,120.00,,,,,,,false,true,12,2016-04-01,2017-03-31,1
2016-07-28,97440,2017-03-31,1,21822000000,0.050,,,,,2397000000,0.047,2398000000,0.049,,1543000000,,52.63,,,,,,61289000000,36175000000,0.589,,36113000000,,,,,,,,,,,,true,false,3,2016-04-01,2016-06-30,0
2016-07-28,97440,2016-03-31,1,20780000000,0.093,,,,,2290000000,0.450,2285000000,0.437,,1404000000,,46.36,,,,,,,,,,,,,,,,,,,,,,true,false,3,2015-04-01,2015-06-30,-1
2016-07-28,97440,2017-03-31,1,43800000000,0.039,,,,,4600000000,-0.030,4600000000,-0.026,,3000000000,,102.17,,,,,,,,,,,,,,,,,,,,,,true,true,6,2016-04-01,2016-09-30,0
2016-07-28,97440,2017-03-31,1,90500000000,0.030,,,,,10300000000,-0.053,10300000000,-0.050,,7000000000,,238.39,,,,,,,,,,,,,,,,,,,,,,true,true,12,2016-04-01,2017-03-31,0
2016-07-28,97440,2016-03-31,1,,,,,,,,,,,,,,,,,,,,64468000000,37605000000,0.582,,37543000000,,,,,,,,,,,,true,false,12,2015-04-01,2016-03-31,-1
2016-07-28,97440,2016-03-31,1,,,,,,,,,,,,,,,,,,,,,,,,,,,,,144.00,,,,31300000,1936687,,false,false,12,2015-04-01,2016-03-31,-1
2016-07-28,97440,2017-03-31,1,,,,,,,,,,,,,,,,,,,,,,,,,,,,,120.00,,,,,,,false,true,12,2016-04-01,2017-03-31,0
2016-07-28,97440,2017-03-31,1,,,,,,,,,,,,,,,,,,,,,,,,,,,,,,,,,31300000,2116558,29335729,false,false,3,2016-04-01,2016-06-30,0
2016-07-28,97440,2016-03-31,1,,,,,,,,,,,,,,,,,,,,,,,,,,,,,,,,,,,30285167,false,false,3,2015-04-01,2015-06-30,-1
2016-11-08,97440,2017-03-31,2,44111000000,0.047,,,,,5071000000,0.069,5074000000,0.074,,3466000000,,118.83,,,,,,63752000000,37273000000,0.585,,37273000000,,,,,,,,,,,,true,false,6,2016-04-01,2016-09-30,0
2016-11-08,97440,2016-03-31,2,42143000000,0.072,,,,,4744000000,0.188,4723000000,0.177,,3798000000,,125.43,,,,,,,,,,,,,,,,,,,,,,true,false,6,2015-04-01,2015-09-30,-1
2016-11-08,97440,2017-03-31,2,90800000000,0.033,,,,,10700000000,-0.016,10700000000,-0.013,,7600000000,,262.58,,,,,,,,,,,,,,,,,,,,,,true,true,12,2016-04-01,2017-03-31,0
2016-11-08,97440,2016-03-31,2,,,,,,,,,,,,,,,,,,,,64468000000,37605000000,0.582,,37543000000,,,,,,,,,,,,true,false,12,2015-04-01,2016-03-31,-1
2016-11-08,97440,2016-03-31,2,,,,,,,,,,,,,,,,,,,,,,,,,,,,,144.00,,,,31300000,1936687,,false,false,12,2015-04-01,2016-03-31,-1
2016-11-08,97440,2017-03-31,2,,,,,,,,,,,,,,,,,,,,,,,,,,,,,68.00,,,,,,,false,false,12,2016-04-01,2017-03-31,0
2016-11-08,97440,2017-03-31,2,,,,,,,,,,,,,,,,,,,,,,,,,,,,,139.50,,,,,,,false,true,12,2016-04-01,2017-03-31,0
2016-11-08,97440,2017-03-31,2,,,,,,,,,,,,,,,,,,,,,,,,,,,,,,,,,31300000,2356203,29172003,false,false,6,2016-04-01,2016-09-30,0
2016-11-08,97440,2016-03-31,2,,,,,,,,,,,,,,,,,,,,,,,,,,,,,,,,,,,30285065,false,false,6,2015-04-01,2015-09-30,-1
,97440,2017-03-31,,,,,,,,,,,,,,,,,,,,,,,,,,,,,,139.50,,,,,,,false,true,12,2016-04-01,2017-03-31,0
,97440,2017-03-31,,,,,,,,,,,,,,,,,,,,,,,,,,,,,,68.00,,,,,,,false,false,12,2016-04-01,2017-03-31,0
,97440,2016-03-31,,,,,,,,,,,,,,,,,,,,,,,,,,,,,,144.00,,,,,,,false,false,12,2015-04-01,2016-03-31,-1
2017-01-31,97440,2017-03-31,3,66817000000,0.038,,,,,8150000000,0.051,8155000000,0.055,,5596000000,,192.52,,,,,,61328000000,36304000000,0.592,,36304000000,,,,,,,,,,,,true,false,9,2016-04-01,2016-12-31,0
2017-01-31,97440,2016-03-31,3,64399000000,0.071,,,,,7758000000,0.160,7733000000,0.152,,5840000000,,193.31,,,,,,,,,,,,,,,,,,,,,,true,false,9,2015-04-01,2015-12-31,-1
2017-01-31,97440,2017-03-31,3,90800000000,0.033,,,,,10700000000,-0.016,10700000000,-0.013,,7600000000,,262.58,,,,,,,,,,,,,,,,,,,,,,true,true,12,2016-04-01,2017-03-31,0
2017-01-31,97440,2016-03-31,3,,,,,,,,,,,,,,,,,,,,64468000000,37605000000,0.582,,37543000000,,,,,,,,,,,,true,false,12,2015-04-01,2016-03-31,-1
2017-01-31,97440,2016-03-31,3,,,,,,,,,,,,,,,,,,,,,,,,,,,,,144.00,,,,31300000,1936687,,false,false,12,2015-04-01,2016-03-31,-1
2017-01-31,97440,2017-03-31,3,,,,,,,,,,,,,,,,,,,,,,,,,,,,,68.00,,,,,,,false,false,12,2016-04-01,2017-03-31,0
2017-01-31,97440,2017-03-31,3,,,,,,,,,,,,,,,,,,,,,,,,,,,,,139.50,,,,,,,false,true,12,2016-04-01,2017-03-31,0
2017-01-31,97440,2017-03-31,3,,,,,,,,,,,,,,,,,,,,,,,,,,,,,,,,,31300000,2646164,29069020,false,false,9,2016-04-01,2016-12-31,0
2017-01-31,97440,2016-03-31,3,,,,,,,,,,,,,,,,,,,,,,,,,,,,,,,,,,,30212893,false,false,9,2015-04-01,2015-12-31,-1
2017-05-11,97440,2017-03-31,,89979000000,0.024,,,,,11142000000,0.025,11145000000,0.028,,7937000000,,274.32,,0.211,0.170,0.124,,66377000000,37854000000,0.570,1330.57,37851000000,10186000000,-325000000,-8011000000,37259000000,,0.552,,,,,,true,false,12,2016-04-01,2017-03-31,0
2017-05-11,97440,2016-03-31,,87888000000,0.070,,,,,10874000000,0.140,10845000000,0.125,,8083000000,,269.24,,0.215,0.167,0.124,,64468000000,37605000000,0.582,1278.59,37543000000,6910000000,1487000000,-7752000000,35413000000,,0.535,,,,,,true,false,12,2015-04-01,2016-03-31,-1
2017-05-11,97440,2018-03-31,,45000000000,0.020,,,,,4800000000,-0.053,4800000000,-0.054,,3100000000,,108.97,,,,,,,,,,,,,,,,,,,,,,true,true,6,2017-04-01,2017-09-30,1
2017-05-11,97440,2018-03-31,,92000000000,0.022,,,,,10400000000,-0.067,10400000000,-0.067,,7000000000,,246.07,,,,,,,,,,,,,,,,0.601,,,,,,true,true,12,2017-04-01,2018-03-31,1
2017-05-11,97440,2016-03-31,,,,,,,,,,,,,,,,,,,,,,,,,,,,,,144.00,,,,31300000,1936687,30024039,false,false,12,2015-04-01,2016-03-31,-1
2017-05-11,97440,2017-03-31,,,,,,,,,,,,,,,,,,,,,,,,,,,,,,151.50,,,,30000000,1552542,28934753,false,false,12,2016-04-01,2017-03-31,0
2017-05-11,97440,2018-03-31,,,,,,,,,,,,,,,,,,,,,,,,,,,,,,148.00,,,,,,,false,true,12,2017-04-01,2018-03-31,1
2017-07-27,97440,2018-03-31,1,22763000000,0.043,,,,,2753000000,0.149,2752000000,0.148,,1695000000,,59.60,,,,,,63106000000,37232000000,0.590,,37232000000,,,,,,,,,,,,true,false,3,2017-04-01,2017-06-30,0
2017-07-27,97440,2017-03-31,1,21822000000,0.050,,,,,2397000000,0.047,2398000000,0.049,,1543000000,,52.63,,,,,,,,,,,,,,,,,,,,,,true,false,3,2016-04-01,2016-06-30,-1
2017-07-27,97440,2018-03-31,1,45000000000,0.020,,,,,4800000000,-0.053,4800000000,-0.054,,3100000000,,108.97,,,,,,,,,,,,,,,,,,,,,,true,true,6,2017-04-01,2017-09-30,0
2017-07-27,97440,2018-03-31,1,92000000000,0.022,,,,,10400000000,-0.067,10400000000,-0.067,,7000000000,,246.07,,,,,,,,,,,,,,,,,,,,,,true,true,12,2017-04-01,2018-03-31,0
2017-07-27,97440,2017-03-31,1,,,,,,,,,,,,,,,,,,,,66377000000,37854000000,0.570,,37851000000,,,,,,,,,,,,true,false,12,2016-04-01,2017-03-31,-1
2017-07-27,97440,2017-03-31,1,,,,,,,,,,,,,,,,,,,,,,,,,,,,,151.50,,,,30000000,1552542,,false,false,12,2016-04-01,2017-03-31,-1
2017-07-27,97440,2018-03-31,1,,,,,,,,,,,,,,,,,,,,,,,,,,,,,148.00,,,,,,,false,true,12,2017-04-01,2018-03-31,0
2017-07-27,97440,2018-03-31,1,,,,,,,,,,,,,,,,,,,,,,,,,,,,,,,,,30000000,1552770,28447409,false,false,3,2017-04-01,2017-06-30,0
2017-07-27,97440,2017-03-31,1,,,,,,,,,,,,,,,,,,,,,,,,,,,,,,,,,,,29335729,false,false,3,2016-04-01,2016-06-30,-1
2017-11-07,97440,2018-03-31,2,45867000000,0.040,,,,,5442000000,0.073,5447000000,0.073,,3526000000,,123.96,,,,,,67389000000,39136000000,0.581,,39133000000,,,,,,,,,,,,true,false,6,2017-04-01,2017-09-30,0
2017-11-07,97440,2017-03-31,2,44111000000,0.047,,,,,5071000000,0.069,5074000000,0.074,,3466000000,,118.83,,,,,,,,,,,,,,,,,,,,,,true,false,6,2016-04-01,2016-09-30,-1
2017-11-07,97440,2018-03-31,2,93000000000,0.034,,,,,10900000000,-0.022,10900000000,-0.022,,7400000000,,260.14,,,,,,,,,,,,,,,,,,,,,,true,true,12,2017-04-01,2018-03-31,0
2017-11-07,97440,2017-03-31,2,,,,,,,,,,,,,,,,,,,,66377000000,37854000000,0.570,,37851000000,,,,,,,,,,,,true,false,12,2016-04-01,2017-03-31,-1
2017-11-07,97440,2017-03-31,2,,,,,,,,,,,,,,,,,,,,,,,,,,,,,151.50,,,,30000000,1552542,,false,false,12,2016-04-01,2017-03-31,-1
2017-11-07,97440,2018-03-31,2,,,,,,,,,,,,,,,,,,,,,,,,,,,,,74.50,,,,,,,false,false,12,2017-04-01,2018-03-31,0
2017-11-07,97440,2018-03-31,2,,,,,,,,,,,,,,,,,,,,,,,,,,,,,156.50,,,,,,,false,true,12,2017-04-01,2018-03-31,0
2017-11-07,97440,2018-03-31,2,,,,,,,,,,,,,,,,,,,,,,,,,,,,,,,,,30000000,1553243,28447216,false,false,6,2017-04-01,2017-09-30,0
2017-11-07,97440,2017-03-31,2,,,,,,,,,,,,,,,,,,,,,,,,,,,,,,,,,,,29172003,false,false,6,2016-04-01,2016-09-30,-1
,97440,2018-03-31,,,,,,,,,,,,,,,,,,,,,,,,,,,,,,156.50,,,,,,,false,true,12,2017-04-01,2018-03-31,0
,97440,2018-03-31,,,,,,,,,,,,,,,,,,,,,,,,,,,,,,74.50,,,,,,,false,false,12,2017-04-01,2018-03-31,0
,97440,2017-03-31,,,,,,,,,,,,,,,,,,,,,,,,,,,,,,151.50,,,,,,,false,false,12,2016-04-01,2017-03-31,-1
2018-02-01,97440,2018-03-31,3,70087000000,0.049,,,,,9214000000,0.131,9219000000,0.130,,6257000000,,220.14,,,,,,64920000000,38644000000,0.595,,38641000000,,,,,,,,,,,,true,false,9,2017-04-01,2017-12-31,0
2018-02-01,97440,2017-03-31,3,66817000000,0.038,,,,,8150000000,0.051,8155000000,0.055,,5596000000,,192.52,,,,,,,,,,,,,,,,,,,,,,true,false,9,2016-04-01,2016-12-31,-1
2018-02-01,97440,2018-03-31,3,93000000000,0.034,,,,,10900000000,-0.022,10900000000,-0.022,,7400000000,,260.14,,,,,,,,,,,,,,,,,,,,,,true,true,12,2017-04-01,2018-03-31,0
2018-02-01,97440,2017-03-31,3,,,,,,,,,,,,,,,,,,,,66377000000,37854000000,0.570,,37851000000,,,,,,,,,,,,true,false,12,2016-04-01,2017-03-31,-1
2018-02-01,97440,2017-03-31,3,,,,,,,,,,,,,,,,,,,,,,,,,,,,,151.50,,,,30000000,1552542,,false,false,12,2016-04-01,2017-03-31,-1
2018-02-01,97440,2018-03-31,3,,,,,,,,,,,,,,,,,,,,,,,,,,,,,74.50,,,,,,,false,false,12,2017-04-01,2018-03-31,0
2018-02-01,97440,2018-03-31,3,,,,,,,,,,,,,,,,,,,,,,,,,,,,,156.50,,,,,,,false,true,12,2017-04-01,2018-03-31,0
2018-02-01,97440,2018-03-31,3,,,,,,,,,,,,,,,,,,,,,,,,,,,,,,,,,30000000,1755190,28425260,false,false,9,2017-04-01,2017-12-31,0
2018-02-01,97440,2017-03-31,3,,,,,,,,,,,,,,,,,,,,,,,,,,,,,,,,,,,29069020,false,false,9,2016-04-01,2016-12-31,-1
2018-05-10,97440,2018-03-31,,93618000000,0.040,,,,,11458000000,0.028,11465000000,0.029,,8132000000,,286.64,,0.209,0.167,0.122,,70934000000,40139000000,0.566,1424.01,40136000000,10957000000,-464000000,-5999000000,41753000000,,0.618,,,,,,true,false,12,2017-04-01,2018-03-31,0
2018-05-10,97440,2017-03-31,,89979000000,0.024,,,,,11142000000,0.025,11145000000,0.028,,7937000000,,274.32,,0.211,0.170,0.124,,66377000000,37854000000,0.570,1330.57,37851000000,10186000000,-325000000,-8011000000,37259000000,,0.552,,,,,,true,false,12,2016-04-01,2017-03-31,-1
2018-05-10,97440,2019-03-31,,47600000000,0.038,,,,,5500000000,0.010,5500000000,0.010,,3600000000,,127.72,,,,,,,,,,,,,,,,,,,,,,true,true,6,2018-04-01,2018-09-30,1
2018-05-10,97440,2019-03-31,,97000000000,0.036,,,,,11600000000,0.012,11600000000,0.012,,7800000000,,276.74,,,,,,,,,,,,,,,,0.611,,,,,,true,true,12,2018-04-01,2019-03-31,1
2018-05-10,97440,2017-03-31,,,,,,,,,,,,,,,,,,,,,,,,,,,,,,151.50,,,,30000000,1552542,28934753,false,false,12,2016-04-01,2017-03-31,-1
2018-05-10,97440,2018-03-31,,,,,,,,,,,,,,,,,,,,,,,,,,,,,,177.00,,,,30000000,1814423,28370279,false,false,12,2017-04-01,2018-03-31,0
2018-05-10,97440,2019-03-31,,,,,,,,,,,,,,,,,,,,,,,,,,,,,,169.00,,,,,,,false,true,12,2018-04-01,2019-03-31,1
2018-07-31,97440,2019-03-31,1,23755000000,0.044,,,,,3004000000,0.091,3006000000,0.092,,1899000000,,67.39,,,,,,67407000000,39212000000,0.582,,39209000000,,,,,,,,,,,,true,false,3,2018-04-01,2018-06-30,0
2018-07-31,97440,2018-03-31,1,22763000000,0.043,,,,,2753000000,0.149,2752000000,0.148,,1695000000,,59.60,,,,,,,,,,,,,,,,,,,,,,true,false,3,2017-04-01,2017-06-30,-1
2018-07-31,97440,2019-03-31,1,47600000000,0.038,,,,,5500000000,0.010,5500000000,0.010,,3600000000,,127.72,,,,,,,,,,,,,,,,,,,,,,true,true,6,2018-04-01,2018-09-30,0
2018-07-31,97440,2019-03-31,1,97000000000,0.036,,,,,11600000000,0.012,11600000000,0.012,,7800000000,,276.74,,,,,,,,,,,,,,,,,,,,,,true,true,12,2018-04-01,2019-03-31,0
2018-07-31,97440,2018-03-31,1,,,,,,,,,,,,,,,,,,,,70934000000,40139000000,0.566,,40136000000,,,,,,,,,,,,true,false,12,2017-04-01,2018-03-31,-1
2018-07-31,97440,2018-03-31,1,,,,,,,,,,,,,,,,,,,,,,,,,,,,,177.00,,,,30000000,1814423,,false,false,12,2017-04-01,2018-03-31,-1
2018-07-31,97440,2019-03-31,1,,,,,,,,,,,,,,,,,,,,,,,,,,,,,169.00,,,,,,,false,true,12,2018-04-01,2019-03-31,0
2018-07-31,97440,2019-03-31,1,,,,,,,,,,,,,,,,,,,,,,,,,,,,,,,,,30000000,1814457,28185558,false,false,3,2018-04-01,2018-06-30,0
2018-07-31,97440,2018-03-31,1,,,,,,,,,,,,,,,,,,,,,,,,,,,,,,,,,,,28447409,false,false,3,2017-04-01,2017-06-30,-1
2018-11-06,97440,2019-03-31,2,47621000000,0.038,,,,,5827000000,0.071,5830000000,0.070,,3885000000,,138.39,,,,,,69516000000,39761000000,0.572,,39758000000,,,,,,,,,,,,true,false,6,2018-04-01,2018-09-30,0
2018-11-06,97440,2018-03-31,2,45867000000,0.040,,,,,5442000000,0.073,5447000000,0.073,,3526000000,,123.96,,,,,,,,,,,,,,,,,,,,,,true,false,6,2017-04-01,2017-09-30,-1
2018-11-06,97440,2019-03-31,2,97000000000,0.036,,,,,12000000000,0.047,12000000000,0.047,,8100000000,,290.27,,,,,,,,,,,,,,,,,,,,,,true,true,12,2018-04-01,2019-03-31,0
2018-11-06,97440,2018-03-31,2,,,,,,,,,,,,,,,,,,,,70934000000,40139000000,0.566,,40136000000,,,,,,,,,,,,true,false,12,2017-04-01,2018-03-31,-1
2018-11-06,97440,2018-03-31,2,,,,,,,,,,,,,,,,,,,,,,,,,,,,,177.00,,,,30000000,1814423,,false,false,12,2017-04-01,2018-03-31,-1
2018-11-06,97440,2019-03-31,2,,,,,,,,,,,,,,,,,,,,,,,,,,,,,84.00,,,,,,,false,false,12,2018-04-01,2019-03-31,0
2018-11-06,97440,2019-03-31,2,,,,,,,,,,,,,,,,,,,,,,,,,,,,,178.50,,,,,,,false,true,12,2018-04-01,2019-03-31,0
2018-11-06,97440,2019-03-31,2,,,,,,,,,,,,,,,,,,,,,,,,,,,,,,,,,30000000,2094857,28078385,false,false,6,2018-04-01,2018-09-30,0
2018-11-06,97440,2018-03-31,2,,,,,,,,,,,,,,,,,,,,,,,,,,,,,,,,,,,28447216,false,false,6,2017-04-01,2017-09-30,-1
2019-01-31,97440,2019-03-31,3,73339000000,0.046,,,,,10289000000,0.117,10296000000,0.117,,7022000000,,250.63,,,,,,68151000000,40615000000,0.596,,40613000000,,,,,,,,,,,,true,false,9,2018-04-01,2018-12-31,0
2019-01-31,97440,2018-03-31,3,70087000000,0.049,,,,,9214000000,0.131,9219000000,0.130,,6257000000,,220.14,,,,,,,,,,,,,,,,,,,,,,true,false,9,2017-04-01,2017-12-31,-1
2019-01-31,97440,2019-03-31,3,97000000000,0.036,,,,,12000000000,0.047,12000000000,0.047,,8100000000,,290.27,,,,,,,,,,,,,,,,,,,,,,true,true,12,2018-04-01,2019-03-31,0
2019-01-31,97440,2018-03-31,3,,,,,,,,,,,,,,,,,,,,70934000000,40139000000,0.566,,40136000000,,,,,,,,,,,,true,false,12,2017-04-01,2018-03-31,-1
2019-01-31,97440,2018-03-31,3,,,,,,,,,,,,,,,,,,,,,,,,,,,,,177.00,,,,30000000,1814423,,false,false,12,2017-04-01,2018-03-31,-1
2019-01-31,97440,2019-03-31,3,,,,,,,,,,,,,,,,,,,,,,,,,,,,,84.00,,,,,,,false,false,12,2018-04-01,2019-03-31,0
2019-01-31,97440,2019-03-31,3,,,,,,,,,,,,,,,,,,,,,,,,,,,,,178.50,,,,,,,false,true,12,2018-04-01,2019-03-31,0
2019-01-31,97440,2019-03-31,3,,,,,,,,,,,,,,,,,,,,,,,,,,,,,,,,,30000000,2095070,28020394,false,false,9,2018-04-01,2018-12-31,0
2019-01-31,97440,2018-03-31,3,,,,,,,,,,,,,,,,,,,,,,,,,,,,,,,,,,,28425260,false,false,9,2017-04-01,2017-12-31,-1
2019-05-09,97440,2019-03-31,,97736000000,0.044,,,,,12635000000,0.103,12643000000,0.103,,8829000000,,315.43,,0.214,0.174,0.129,,74615000000,42371000000,0.568,1518.42,42371000000,10273000000,-240000000,-6734000000,45052000000,,0.633,,,,,,true,false,12,2018-04-01,2019-03-31,0
2019-05-09,97440,2018-03-31,,93618000000,0.040,,,,,11458000000,0.028,11465000000,0.029,,8132000000,,286.64,,0.209,0.167,0.122,,70934000000,40139000000,0.566,1424.01,40136000000,10957000000,-464000000,-5999000000,41753000000,,0.618,,,,,,true,false,12,2017-04-01,2018-03-31,-1
2019-05-09,97440,2020-03-31,,49700000000,0.044,,,,,5800000000,-0.005,5800000000,-0.005,,3800000000,,136.18,,,,,,,,,,,,,,,,,,,,,,true,true,6,2019-04-01,2019-09-30,1
2019-05-09,97440,2020-03-31,,102000000000,0.044,,,,,12800000000,0.013,12800000000,0.012,,8700000000,,311.77,,,,,,,,,,,,,,,,0.605,,,,,,true,true,12,2019-04-01,2020-03-31,1
2019-05-09,97440,2018-03-31,,,,,,,,,,,,,,,,,,,,,,,,,,,,,,177.00,,,,30000000,1814423,28370279,false,false,12,2017-04-01,2018-03-31,-1
2019-05-09,97440,2019-03-31,,,,,,,,,,,,,,,,,,,,,,,,,,,,,,199.50,,,,29300000,1395169,27991911,false,false,12,2018-04-01,2019-03-31,0
2019-05-09,97440,2020-03-31,,,,,,,,,,,,,,,,,,,,,,,,,,,,,,188.50,,,,,,,false,true,12,2019-04-01,2020-03-31,1
2019-07-30,97440,2020-03-31,1,24333000000,0.024,,,,,2567000000,-0.145,2576000000,-0.143,,1552000000,,55.63,,,,,,69981000000,40765000000,0.583,,40765000000,,,,,,,,,,,,true,false,3,2019-04-01,2019-06-30,0
2019-07-30,97440,2019-03-31,1,23755000000,0.044,,,,,3004000000,0.091,3006000000,0.092,,1899000000,,67.39,,,,,,,,,,,,,,,,,,,,,,true,false,3,2018-04-01,2018-06-30,-1
2019-07-30,97440,2020-03-31,1,49700000000,0.044,,,,,5800000000,-0.005,5800000000,-0.005,,3800000000,,136.18,,,,,,,,,,,,,,,,,,,,,,true,true,6,2019-04-01,2019-09-30,0
2019-07-30,97440,2020-03-31,1,102000000000,0.044,,,,,12800000000,0.013,12800000000,0.012,,8700000000,,311.77,,,,,,,,,,,,,,,,,,,,,,true,true,12,2019-04-01,2020-03-31,0
2019-07-30,97440,2019-03-31,1,,,,,,,,,,,,,,,,,,,,74615000000,42371000000,0.568,,42371000000,,,,,,,,,,,,true,false,12,2018-04-01,2019-03-31,-1
2019-07-30,97440,2019-03-31,1,,,,,,,,,,,,,,,,,,,,,,,,,,,,,199.50,,,,29300000,1395169,,false,false,12,2018-04-01,2019-03-31,-1
2019-07-30,97440,2020-03-31,1,,,,,,,,,,,,,,,,,,,,,,,,,,,,,188.50,,,,,,,false,true,12,2019-04-01,2020-03-31,0
2019-07-30,97440,2020-03-31,1,,,,,,,,,,,,,,,,,,,,,,,,,,,,,,,,,29300000,1395207,27904799,false,false,3,2019-04-01,2019-06-30,0
2019-07-30,97440,2019-03-31,1,,,,,,,,,,,,,,,,,,,,,,,,,,,,,,,,,,,28185558,false,false,3,2018-04-01,2018-06-30,-1
2019-11-07,97440,2020-03-31,2,49577000000,0.041,,,,,6003000000,0.030,6020000000,0.033,,3970000000,,142.91,,,,,,71556000000,41547000000,0.581,,41547000000,,,,,,,,,,,,true,false,6,2019-04-01,2019-09-30,0
2019-11-07,97440,2019-03-31,2,47621000000,0.038,,,,,5827000000,0.071,5830000000,0.070,,3885000000,,138.39,,,,,,,,,,,,,,,,,,,,,,true,false,6,2018-04-01,2018-09-30,-1
2019-11-07,97440,2020-03-31,2,101800000000,0.042,,,,,12900000000,0.021,12900000000,0.020,,8800000000,,318.83,,,,,,,,,,,,,,,,,,,,,,true,true,12,2019-04-01,2020-03-31,0
2019-11-07,97440,2019-03-31,2,,,,,,,,,,,,,,,,,,,,74615000000,42371000000,0.568,,42371000000,,,,,,,,,,,,true,false,12,2018-04-01,2019-03-31,-1
2019-11-07,97440,2019-03-31,2,,,,,,,,,,,,,,,,,,,,,,,,,,,,,199.50,,,,29300000,1395169,,false,false,12,2018-04-01,2019-03-31,-1
2019-11-07,97440,2020-03-31,2,,,,,,,,,,,,,,,,,,,,,,,,,,,,,86.50,,,,,,,false,false,12,2019-04-01,2020-03-31,0
2019-11-07,97440,2020-03-31,2,,,,,,,,,,,,,,,,,,,,,,,,,,,,,193.50,,,,,,,false,true,12,2019-04-01,2020-03-31,0
2019-11-07,97440,2020-03-31,2,,,,,,,,,,,,,,,,,,,,,,,,,,,,,,,,,29300000,1698870,27785957,false,false,6,2019-04-01,2019-09-30,0
2019-11-07,97440,2019-03-31,2,,,,,,,,,,,,,,,,,,,,,,,,,,,,,,,,,,,28078385,false,false,6,2018-04-01,2018-09-30,-1
2020-01-30,97440,2020-03-31,3,75149000000,0.025,,,,,9867000000,-0.041,9900000000,-0.038,,6702000000,,241.77,,,,,,70664000000,41954000000,0.594,,41954000000,,,,,,,,,,,,true,false,9,2019-04-01,2019-12-31,0
2020-01-30,97440,2019-03-31,3,73339000000,0.046,,,,,10289000000,0.117,10296000000,0.117,,7022000000,,250.63,,,,,,,,,,,,,,,,,,,,,,true,false,9,2018-04-01,2018-12-31,-1
2020-01-30,97440,2020-03-31,3,101800000000,0.042,,,,,12900000000,0.021,12900000000,0.020,,8800000000,,318.83,,,,,,,,,,,,,,,,,,,,,,true,true,12,2019-04-01,2020-03-31,0
2020-01-30,97440,2019-03-31,3,,,,,,,,,,,,,,,,,,,,74615000000,42371000000,0.568,,42371000000,,,,,,,,,,,,true,false,12,2018-04-01,2019-03-31,-1
2020-01-30,97440,2019-03-31,3,,,,,,,,,,,,,,,,,,,,,,,,,,,,,199.50,,,,29300000,1395169,,false,false,12,2018-04-01,2019-03-31,-1
2020-01-30,97440,2020-03-31,3,,,,,,,,,,,,,,,,,,,,,,,,,,,,,86.50,,,,,,,false,false,12,2019-04-01,2020-03-31,0
2020-01-30,97440,2020-03-31,3,,,,,,,,,,,,,,,,,,,,,,,,,,,,,193.50,,,,,,,false,true,12,2019-04-01,2020-03-31,0
2020-01-30,97440,2020-03-31,3,,,,,,,,,,,,,,,,,,,,,,,,,,,,,,,,,29300000,1699247,27724070,false,false,9,2019-04-01,2019-12-31,0
2020-01-30,97440,2019-03-31,3,,,,,,,,,,,,,,,,,,,,,,,,,,,,,,,,,,,28020394,false,false,9,2018-04-01,2018-12-31,-1
2020-05-12,97440,2020-03-31,,100995000000,0.033,,,,,12926000000,0.023,12975000000,0.026,,9093000000,,328.36,,0.210,0.171,0.128,,77493000000,44327000000,0.572,1606.03,44327000000,9837000000,-536000000,-7319000000,47033000000,,0.615,,,,,,true,false,12,2019-04-01,2020-03-31,0
2020-05-12,97440,2019-03-31,,97736000000,0.044,,,,,12635000000,0.103,12643000000,0.103,,8829000000,,315.43,,0.214,0.174,0.129,,74615000000,42371000000,0.568,1518.42,42371000000,10273000000,-240000000,-6734000000,45052000000,,0.633,,,,,,true,false,12,2018-04-01,2019-03-31,-1
2020-05-12,97440,2021-03-31,,49600000000,0.000,,,,,4600000000,-0.234,4600000000,-0.236,,3000000000,,108.69,,,,,,,,,,,,,,,,,,,,,,true,true,6,2020-04-01,2020-09-30,1
2020-05-12,97440,2019-03-31,,,,,,,,,,,,,,,,,,,,,,,,,,,,,,199.50,,,,29300000,1395169,27991911,false,false,12,2018-04-01,2019-03-31,-1
2020-05-12,97440,2020-03-31,,,,,,,,,,,,,,,,,,,,,,,,,,,,,,202.00,,,,29000000,1399519,27693373,false,false,12,2019-04-01,2020-03-31,0
2020-05-12,97440,2021-03-31,,,,,,,,,,,,,,,,,,,,,,,,,,,,,,65.50,,,,,,,false,true,12,2020-04-01,2021-03-31,1
2020-07-30,97440,2021-03-31,1,23764000000,-0.023,,,,,2778000000,0.082,2786000000,0.082,,1667000000,,60.43,,,,,,71934000000,42872000000,0.596,,42872000000,,,,,,,,,,,,true,false,3,2020-04-01,2020-06-30,0
2020-07-30,97440,2020-03-31,1,24333000000,0.024,,,,,2567000000,-0.145,2576000000,-0.143,,1552000000,,55.63,,,,,,,,,,,,,,,,,,,,,,true,false,3,2019-04-01,2019-06-30,-1
2020-07-30,97440,2021-03-31,1,49600000000,0.000,,,,,4600000000,-0.234,4600000000,-0.236,,3000000000,,108.69,,,,,,,,,,,,,,,,,,,,,,true,true,6,2020-04-01,2020-09-30,0
2020-07-30,97440,2020-03-31,1,,,,,,,,,,,,,,,,,,,,77493000000,44327000000,0.572,,44327000000,,,,,,,,,,,,true,false,12,2019-04-01,2020-03-31,-1
2020-07-30,97440,2020-03-31,1,,,,,,,,,,,,,,,,,,,,,,,,,,,,,202.00,,,,29000000,1399519,,false,false,12,2019-04-01,2020-03-31,-1
2020-07-30,97440,2021-03-31,1,,,,,,,,,,,,,,,,,,,,,,,,,,,,,65.50,,,,,,,false,true,12,2020-04-01,2021-03-31,0
2020-07-30,97440,2021-03-31,1,,,,,,,,,,,,,,,,,,,,,,,,,,,,,,,,,29000000,1399613,27600466,false,false,3,2020-04-01,2020-06-30,0
2020-07-30,97440,2020-03-31,1,,,,,,,,,,,,,,,,,,,,,,,,,,,,,,,,,,,27904799,false,false,3,2019-04-01,2019-06-30,-1
2020-10-29,97440,2021-03-31,2,47091000000,-0.050,,,,,4878000000,-0.187,4907000000,-0.185,,3138000000,,113.73,,,,,,73962000000,44407000000,0.600,,44407000000,,,,,,,,,,,,true,false,6,2020-04-01,2020-09-30,0
2020-10-29,97440,2020-03-31,2,49577000000,0.041,,,,,6003000000,0.030,6020000000,0.033,,3970000000,,142.91,,,,,,,,,,,,,,,,,,,,,,true,false,6,2019-04-01,2019-09-30,-1
2020-10-29,97440,2021-03-31,2,97500000000,-0.035,,,,,9900000000,-0.234,10000000000,-0.229,,6600000000,,239.13,,,,,,,,,,,,,,,,,,,,,,true,true,12,2020-04-01,2021-03-31,0
2020-10-29,97440,2020-03-31,2,,,,,,,,,,,,,,,,,,,,77493000000,44327000000,0.572,,44327000000,,,,,,,,,,,,true,false,12,2019-04-01,2020-03-31,-1
2020-10-29,97440,2020-03-31,2,,,,,,,,,,,,,,,,,,,,,,,,,,,,,202.00,,,,29000000,1399519,,false,false,12,2019-04-01,2020-03-31,-1
2020-10-29,97440,2021-03-31,2,,,,,,,,,,,,,,,,,,,,,,,,,,,,,68.50,,,,,,,false,false,12,2020-04-01,2021-03-31,0
2020-10-29,97440,2021-03-31,2,,,,,,,,,,,,,,,,,,,,,,,,,,,,,167.00,,,,,,,false,true,12,2020-04-01,2021-03-31,0
2020-10-29,97440,2021-03-31,2,,,,,,,,,,,,,,,,,,,,,,,,,,,,,,,,,29000000,1399848,27600379,false,false,6,2020-04-01,2020-09-30,0
2020-10-29,97440,2020-03-31,2,,,,,,,,,,,,,,,,,,,,,,,,,,,,,,,,,,,27785957,false,false,6,2019-04-01,2019-09-30,-1
2021-01-28,97440,2021-03-31,3,71487000000,-0.049,,,,,7546000000,-0.235,7598000000,-0.233,,5016000000,,182.00,,,,,,70609000000,42911000000,0.608,,42911000000,,,,,,,,,,,,true,false,9,2020-04-01,2020-12-31,0
2021-01-28,97440,2020-03-31,3,75149000000,0.025,,,,,9867000000,-0.041,9900000000,-0.038,,6702000000,,241.77,,,,,,,,,,,,,,,,,,,,,,true,false,9,2019-04-01,2019-12-31,-1
2021-01-28,97440,2021-03-31,3,97500000000,-0.035,,,,,9900000000,-0.234,10000000000,-0.229,,6600000000,,239.13,,,,,,,,,,,,,,,,,,,,,,true,true,12,2020-04-01,2021-03-31,0
2021-01-28,97440,2020-03-31,3,,,,,,,,,,,,,,,,,,,,77493000000,44327000000,0.572,,44327000000,,,,,,,,,,,,true,false,12,2019-04-01,2020-03-31,-1
2021-01-28,97440,2020-03-31,3,,,,,,,,,,,,,,,,,,,,,,,,,,,,,202.00,,,,29000000,1399519,,false,false,12,2019-04-01,2020-03-31,-1
2021-01-28,97440,2021-03-31,3,,,,,,,,,,,,,,,,,,,,,,,,,,,,,68.50,,,,,,,false,false,12,2020-04-01,2021-03-31,0
2021-01-28,97440,2021-03-31,3,,,,,,,,,,,,,,,,,,,,,,,,,,,,,167.00,,,,,,,false,true,12,2020-04-01,2021-03-31,0
2021-01-28,97440,2021-03-31,3,,,,,,,,,,,,,,,,,,,,,,,,,,,,,,,,,29000000,1704162,27563788,false,false,9,2020-04-01,2020-12-31,0
2021-01-28,97440,2020-03-31,3,,,,,,,,,,,,,,,,,,,,,,,,,,,,,,,,,,,27724070,false,false,9,2019-04-01,2019-12-31,-1
2021-05-11,97440,2021-03-31,,96626000000,-0.043,,,,,10234000000,-0.208,10306000000,-0.206,,7028000000,,255.78,,0.158,0.135,0.106,,75038000000,44472000000,0.593,1634.43,44472000000,5487000000,-307000000,-7080000000,45132000000,,0.719,,,,,,true,false,12,2020-04-01,2021-03-31,0
2021-05-11,97440,2020-03-31,,100995000000,0.033,,,,,12926000000,0.023,12975000000,0.026,,9093000000,,328.36,,0.210,0.171,0.128,,77493000000,44327000000,0.572,1606.03,44327000000,9837000000,-536000000,-7319000000,47033000000,,0.615,,,,,,true,false,12,2019-04-01,2020-03-31,-1
2021-05-11,97440,2022-03-31,,51800000000,0.100,,,,,5200000000,0.066,5200000000,0.060,,3500000000,,128.63,,,,,,,,,,,,,,,,,,,,,,true,true,6,2021-04-01,2021-09-30,1
2021-05-11,97440,2020-03-31,,,,,,,,,,,,,,,,,,,,,,,,,,,,,,202.00,,,,29000000,1399519,27693373,false,false,12,2019-04-01,2020-03-31,-1
2021-05-11,97440,2021-03-31,,,,,,,,,,,,,,,,,,,,,,,,,,,,,,184.00,,,,28600000,1390253,27480114,false,false,12,2020-04-01,2021-03-31,0
2021-05-11,97440,2022-03-31,,,,,,,,,,,,,,,,,,,,,,,,,,,,,,77.50,,,,,,,false,true,12,2021-04-01,2022-03-31,1
2021-07-29,97440,2022-03-31,1,25196000000,0.060,,,,,2552000000,-0.081,2581000000,-0.074,,1606000000,,59.05,,,,,,72518000000,43001000000,0.593,,43001000000,,,,,,,,,,,,true,false,3,2021-04-01,2021-06-30,0
2021-07-29,97440,2021-03-31,1,23764000000,-0.023,,,,,2778000000,0.082,2786000000,0.082,,1667000000,,60.43,,,,,,,,,,,,,,,,,,,,,,true,false,3,2020-04-01,2020-06-30,-1
2021-07-29,97440,2022-03-31,1,51800000000,0.100,,,,,5200000000,0.066,5200000000,0.060,,3500000000,,128.63,,,,,,,,,,,,,,,,,,,,,,true,true,6,2021-04-01,2021-09-30,0
2021-07-29,97440,2021-03-31,1,,,,,,,,,,,,,,,,,,,,75038000000,44472000000,0.593,,44472000000,,,,,,,,,,,,true,false,12,2020-04-01,2021-03-31,-1
2021-07-29,97440,2021-03-31,1,,,,,,,,,,,,,,,,,,,,,,,,,,,,,184.00,,,,28600000,1390253,,false,false,12,2020-04-01,2021-03-31,-1
2021-07-29,97440,2022-03-31,1,,,,,,,,,,,,,,,,,,,,,,,,,,,,,77.50,,,,,,,false,true,12,2021-04-01,2022-03-31,0
2021-07-29,97440,2022-03-31,1,,,,,,,,,,,,,,,,,,,,,,,,,,,,,,,,,28600000,1390407,27209685,false,false,3,2021-04-01,2021-06-30,0
2021-07-29,97440,2021-03-31,1,,,,,,,,,,,,,,,,,,,,,,,,,,,,,,,,,,,27600466,false,false,3,2020-04-01,2020-06-30,-1
2021-10-28,9744,2022-03-31,2,50915000000,0.081,,,,,5336000000,0.094,5405000000,0.101,,3549000000,,130.44,,,,,,76158000000,45008000000,0.591,,45008000000,,,,,,,,,,,,true,false,6,2021-04-01,2021-09-30,0
2021-10-28,9744,2021-03-31,2,47091000000,-0.050,,,,,4878000000,-0.187,4907000000,-0.185,,3138000000,,113.73,,,,,,,,,,,,,,,,,,,,,,true,false,6,2020-04-01,2020-09-30,-1
2021-10-28,9744,2022-03-31,2,107000000000,0.107,,,,,12300000000,0.202,12500000000,0.213,,8400000000,,308.72,,,,,,,,,,,,,,,,,,,,,,true,true,12,2021-04-01,2022-03-31,0
2021-10-28,9744,2021-03-31,2,,,,,,,,,,,,,,,,,,,,75038000000,44472000000,0.593,,44472000000,,,,,,,,,,,,true,false,12,2020-04-01,2021-03-31,-1
2021-10-28,9744,2021-03-31,2,,,,,,,,,,,,,,,,,,,,,,,,,,,,,184.00,,,,28600000,1390253,,false,false,12,2020-04-01,2021-03-31,-1
2021-10-28,9744,2022-03-31,2,,,,,,,,,,,,,,,,,,,,,,,,,,,,,78.50,,,,,,,false,false,12,2021-04-01,2022-03-31,0
2021-10-28,9744,2022-03-31,2,,,,,,,,,,,,,,,,,,,,,,,,,,,,,185.50,,,,,,,false,true,12,2021-04-01,2022-03-31,0
2021-10-28,9744,2022-03-31,2,,,,,,,,,,,,,,,,,,,,,,,,,,,,,,,,,28600000,1390597,27209601,false,false,6,2021-04-01,2021-09-30,0
2021-10-28,9744,2021-03-31,2,,,,,,,,,,,,,,,,,,,,,,,,,,,,,,,,,,,27600379,false,false,6,2020-04-01,2020-09-30,-1
2022-01-27,9744,2022-03-31,3,78936000000,0.104,,,,,9562000000,0.267,9667000000,0.272,,6492000000,,238.98,,,,,,73695000000,42752000000,0.580,,42752000000,,,,,,,,,,,,true,false,9,2021-04-01,2021-12-31,0
2022-01-27,9744,2021-03-31,3,71487000000,-0.049,,,,,7546000000,-0.235,7598000000,-0.233,,5016000000,,182.00,,,,,,,,,,,,,,,,,,,,,,true,false,9,2020-04-01,2020-12-31,-1
2022-01-27,9744,2022-03-31,3,107000000000,0.107,,,,,12300000000,0.202,12500000000,0.213,,8400000000,,308.72,,,,,,,,,,,,,,,,,,,,,,true,true,12,2021-04-01,2022-03-31,0
2022-01-27,9744,2021-03-31,3,,,,,,,,,,,,,,,,,,,,75038000000,44472000000,0.593,,44472000000,,,,,,,,,,,,true,false,12,2020-04-01,2021-03-31,-1
2022-01-27,9744,2021-03-31,3,,,,,,,,,,,,,,,,,,,,,,,,,,,,,184.00,,,,28600000,1390253,,false,false,12,2020-04-01,2021-03-31,-1
2022-01-27,9744,2022-03-31,3,,,,,,,,,,,,,,,,,,,,,,,,,,,,,78.50,,,,,,,false,false,12,2021-04-01,2022-03-31,0
2022-01-27,9744,2022-03-31,3,,,,,,,,,,,,,,,,,,,,,,,,,,,,,185.50,,,,,,,false,true,12,2021-04-01,2022-03-31,0
2022-01-27,9744,2022-03-31,3,,,,,,,,,,,,,,,,,,,,,,,,,,,,,,,,,28600000,1850337,27166075,false,false,9,2021-04-01,2021-12-31,0
2022-01-27,9744,2021-03-31,3,,,,,,,,,,,,,,,,,,,,,,,,,,,,,,,,,,,27563788,false,false,9,2020-04-01,2020-12-31,-1
2022-05-12,9744,2022-03-31,,107140000000,0.109,,,,,12817000000,0.252,12948000000,0.256,,9240000000,,341.56,,0.206,0.165,0.120,,81590000000,45287000000,0.555,1695.62,45287000000,13532000000,-270000000,-8688000000,49706000000,,0.637,,,,,,true,false,12,2021-04-01,2022-03-31,0
2022-05-12,9744,2021-03-31,,96626000000,-0.043,,,,,10234000000,-0.208,10306000000,-0.206,,7028000000,,255.78,,0.158,0.135,0.106,,75038000000,44472000000,0.593,1634.43,44472000000,5487000000,-307000000,-7080000000,45132000000,,0.719,,,,,,true,false,12,2020-04-01,2021-03-31,-1
2022-05-12,9744,2023-03-31,,57300000000,0.125,,,,,6800000000,0.274,6800000000,0.258,,4500000000,,56.16,,,,,,,,,,,,,,,,,,,,,,true,true,6,2022-04-01,2022-09-30,1
2022-05-12,9744,2023-03-31,,119000000000,0.111,,,,,15400000000,0.201,15500000000,0.197,,10500000000,,131.04,,,,,,,,,,,,,,,,0.603,,,,,,true,true,12,2022-04-01,2023-03-31,1
2022-05-12,9744,2021-03-31,,,,,,,,,,,,,,,,,,,,,,,,,,,,,,184.00,,,,28600000,1390253,27480114,false,false,12,2020-04-01,2021-03-31,-1
2022-05-12,9744,2022-03-31,,,,,,,,,,,,,,,,,,,,,,,,,,,,,,217.50,,,,28100000,1391354,27054476,false,false,12,2021-04-01,2022-03-31,0
2022-05-12,9744,2023-03-31,,,,,,,,,,,,,,,,,,,,,,,,,,,,,,79.00,,,,,,,false,true,12,2022-04-01,2023-03-31,1
2022-07-28,9744,2023-03-31,1,28632000000,0.136,,,,,3725000000,0.459,3741000000,0.449,,2370000000,,29.58,,,,,,76530000000,43984000000,0.575,,43984000000,,,,,,,,,,,,true,false,3,2022-04-01,2022-06-30,0
2022-07-28,9744,2022-03-31,1,25196000000,0.060,,,,,2552000000,-0.081,2581000000,-0.074,,1606000000,,19.68,,,,,,,,,,,,,,,,,,,,,,true,false,3,2021-04-01,2021-06-30,-1
2022-07-28,9744,2023-03-31,1,57300000000,0.125,,,,,6800000000,0.274,6800000000,0.258,,4500000000,,56.16,,,,,,,,,,,,,,,,,,,,,,true,true,6,2022-04-01,2022-09-30,0
2022-07-28,9744,2023-03-31,1,119000000000,0.111,,,,,15400000000,0.201,15500000000,0.197,,10500000000,,131.04,,,,,,,,,,,,,,,,,,,,,,true,true,12,2022-04-01,2023-03-31,0
2022-07-28,9744,2022-03-31,1,,,,,,,,,,,,,,,,,,,,81590000000,45287000000,0.555,,45287000000,,,,,,,,,,,,true,false,12,2021-04-01,2022-03-31,-1
2022-07-28,9744,2022-03-31,1,,,,,,,,,,,,,,,,,,,,,,,,,,,,,217.50,,,,84300000,4174062,,false,false,12,2021-04-01,2022-03-31,-1
2022-07-28,9744,2023-03-31,1,,,,,,,,,,,,,,,,,,,,,,,,,,,,,79.00,,,,,,,false,true,12,2022-04-01,2023-03-31,0
2022-07-28,9744,2023-03-31,1,,,,,,,,,,,,,,,,,,,,,,,,,,,,,,,,,84300000,4174407,80125788,false,false,3,2022-04-01,2022-06-30,0
2022-07-28,9744,2022-03-31,1,,,,,,,,,,,,,,,,,,,,,,,,,,,,,,,,,,,81629053,false,false,3,2021-04-01,2021-06-30,-1
2022-10-27,9744,2023-03-31,2,58029000000,0.140,,,,,7584000000,0.421,7635000000,0.412,,5107000000,,63.74,,,,,,81747000000,46761000000,0.572,,46761000000,,,,,,,,,,,,true,false,6,2022-04-01,2022-09-30,0
2022-10-27,9744,2022-03-31,2,50915000000,0.081,,,,,5336000000,0.094,5405000000,0.101,,3549000000,,43.48,,,,,,,,,,,,,,,,,,,,,,true,false,6,2021-04-01,2021-09-30,-1
2022-10-27,9744,2023-03-31,2,119500000000,0.115,,,,,15800000000,0.233,15900000000,0.228,,10900000000,,136.04,,,,,,,,,,,,,,,,,,,,,,true,true,12,2022-04-01,2023-03-31,0
2022-10-27,9744,2022-03-31,2,,,,,,,,,,,,,,,,,,,,81590000000,45287000000,0.555,,45287000000,,,,,,,,,,,,true,false,12,2021-04-01,2022-03-31,-1
2022-10-27,9744,2022-03-31,2,,,,,,,,,,,,,,,,,,,,,,,,,,,,,217.50,,,,84300000,4174062,,false,false,12,2021-04-01,2022-03-31,-1
2022-10-27,9744,2023-03-31,2,,,,,,,,,,,,,,,,,,,,,,,,,,,,,39.00,,,,,,,false,false,12,2022-04-01,2023-03-31,0
2022-10-27,9744,2023-03-31,2,,,,,,,,,,,,,,,,,,,,,,,,,,,,,84.00,,,,,,,false,true,12,2022-04-01,2023-03-31,0
2022-10-27,9744,2023-03-31,2,,,,,,,,,,,,,,,,,,,,,,,,,,,,,,,,,84300000,4174487,80125676,false,false,6,2022-04-01,2022-09-30,0
2022-10-27,9744,2022-03-31,2,,,,,,,,,,,,,,,,,,,,,,,,,,,,,,,,,,,81628803,false,false,6,2021-04-01,2021-09-30,-1
2023-01-31,9744,2023-03-31,3,88696000000,0.124,,,,,12385000000,0.295,12447000000,0.288,,8490000000,,106.15,,,,,,77458000000,44060000000,0.569,,44060000000,,,,,,,,,,,,true,false,9,2022-04-01,2022-12-31,0
2023-01-31,9744,2022-03-31,3,78936000000,0.104,,,,,9562000000,0.267,9667000000,0.272,,6492000000,,79.66,,,,,,,,,,,,,,,,,,,,,,true,false,9,2021-04-01,2021-12-31,-1
2023-01-31,9744,2023-03-31,3,119500000000,0.115,,,,,15800000000,0.233,15900000000,0.228,,10900000000,,136.04,,,,,,,,,,,,,,,,,,,,,,true,true,12,2022-04-01,2023-03-31,0
2023-01-31,9744,2022-03-31,3,,,,,,,,,,,,,,,,,,,,81590000000,45287000000,0.555,,45287000000,,,,,,,,,,,,true,false,12,2021-04-01,2022-03-31,-1
2023-01-31,9744,2022-03-31,3,,,,,,,,,,,,,,,,,,,,,,,,,,,,,217.50,,,,84300000,4174062,,false,false,12,2021-04-01,2022-03-31,-1
2023-01-31,9744,2023-03-31,3,,,,,,,,,,,,,,,,,,,,,,,,,,,,,39.00,,,,,,,false,false,12,2022-04-01,2023-03-31,0
2023-01-31,9744,2023-03-31,3,,,,,,,,,,,,,,,,,,,,,,,,,,,,,84.00,,,,,,,false,true,12,2022-04-01,2023-03-31,0
2023-01-31,9744,2023-03-31,3,,,,,,,,,,,,,,,,,,,,,,,,,,,,,,,,,84300000,5377993,79990680,false,false,9,2022-04-01,2022-12-31,0
2023-01-31,9744,2022-03-31,3,,,,,,,,,,,,,,,,,,,,,,,,,,,,,,,,,,,81498224,false,false,9,2021-04-01,2021-12-31,-1
2023-05-11,9744,2023-03-31,,119069000000,0.111,,,,,16462000000,0.284,16540000000,0.277,,12252000000,,153.87,,0.266,0.199,0.138,,84576000000,46719000000,0.552,595.74,46719000000,12808000000,-446000000,-11040000000,51028000000,,0.663,,,,,,true,false,12,2022-04-01,2023-03-31,0
2023-05-11,9744,2022-03-31,,107140000000,0.109,,,,,12817000000,0.252,12948000000,0.256,,9240000000,,113.85,,0.206,0.165,0.120,,81590000000,45287000000,0.555,565.21,45287000000,13532000000,-270000000,-8688000000,49706000000,,0.637,,,,,,true,false,12,2021-04-01,2022-03-31,-1
2023-05-11,9744,2024-03-31,,62400000000,0.075,,,,,7800000000,0.028,7900000000,0.035,,5200000000,,66.31,,,,,,,,,,,,,,,,,,,,,,true,true,6,2023-04-01,2023-09-30,1
2023-05-11,9744,2024-03-31,,126500000000,0.062,,,,,16800000000,0.020,16800000000,0.016,,11500000000,,146.64,,,,,,,,,,,,,,,,0.607,,,,,,true,true,12,2023-04-01,2024-03-31,1
2023-05-11,9744,2022-03-31,,,,,,,,,,,,,,,,,,,,,,,,,,,,,,217.50,,,,84300000,4174062,81163428,false,false,12,2021-04-01,2022-03-31,-1
2023-05-11,9744,2023-03-31,,,,,,,,,,,,,,,,,,,,,,,,,,,,,,102.00,,,,82500000,4078400,79628779,false,false,12,2022-04-01,2023-03-31,0
2023-05-11,9744,2024-03-31,,,,,,,,,,,,,,,,,,,,,,,,,,,,,,89.00,,,,,,,false,true,12,2023-04-01,2024-03-31,1
2023-07-27,9744,2024-03-31,1,31302000000,0.093,,,,,4238000000,0.138,4225000000,0.129,,2638000000,,33.65,,,,,,79686000000,44447000000,0.558,,44447000000,,,,,,,,,,,,true,false,3,2023-04-01,2023-06-30,0
2023-07-27,9744,2023-03-31,1,28632000000,0.136,,,,,3725000000,0.459,3741000000,0.449,,2370000000,,29.58,,,,,,,,,,,,,,,,,,,,,,true,false,3,2022-04-01,2022-06-30,-1
2023-07-27,9744,2024-03-31,1,62400000000,0.075,,,,,7800000000,0.028,7900000000,0.035,,5200000000,,66.31,,,,,,,,,,,,,,,,,,,,,,true,true,6,2023-04-01,2023-09-30,0
2023-07-27,9744,2024-03-31,1,126500000000,0.062,,,,,16800000000,0.020,16800000000,0.016,,11500000000,,146.64,,,,,,,,,,,,,,,,,,,,,,true,true,12,2023-04-01,2024-03-31,0
2023-07-27,9744,2023-03-31,1,,,,,,,,,,,,,,,,,,,,84576000000,46719000000,0.552,,46719000000,,,,,,,,,,,,true,false,12,2022-04-01,2023-03-31,-1
2023-07-27,9744,2023-03-31,1,,,,,,,,,,,,,,,,,,,,,,,,,,,,,102.00,,,,82500000,4078400,,false,false,12,2022-04-01,2023-03-31,-1
2023-07-27,9744,2024-03-31,1,,,,,,,,,,,,,,,,,,,,,,,,,,,,,89.00,,,,,,,false,true,12,2023-04-01,2024-03-31,0
2023-07-27,9744,2024-03-31,1,,,,,,,,,,,,,,,,,,,,,,,,,,,,,,,,,82500000,4078465,78421587,false,false,3,2023-04-01,2023-06-30,0
2023-07-27,9744,2023-03-31,1,,,,,,,,,,,,,,,,,,,,,,,,,,,,,,,,,,,80125788,false,false,3,2022-04-01,2022-06-30,-1
2023-11-09,9744,2024-03-31,2,62553000000,0.078,,,,,8620000000,0.137,8625000000,0.130,,5750000000,,73.33,,,,,,85665000000,47589000000,0.556,,47589000000,,,,,,,,,,,,true,false,6,2023-04-01,2023-09-30,0
2023-11-09,9744,2023-03-31,2,58029000000,0.140,,,,,7584000000,0.421,7635000000,0.412,,5107000000,,63.74,,,,,,,,,,,,,,,,,,,,,,true,false,6,2022-04-01,2022-09-30,-1
2023-11-09,9744,2024-03-31,2,126500000000,0.062,,,,,17400000000,0.057,17400000000,0.052,,11900000000,,151.74,,,,,,,,,,,,,,,,,,,,,,true,true,12,2023-04-01,2024-03-31,0
2023-11-09,9744,2023-03-31,2,,,,,,,,,,,,,,,,,,,,84576000000,46719000000,0.552,,46719000000,,,,,,,,,,,,true,false,12,2022-04-01,2023-03-31,-1
2023-11-09,9744,2023-03-31,2,,,,,,,,,,,,,,,,,,,,,,,,,,,,,102.00,,,,82500000,4078400,,false,false,12,2022-04-01,2023-03-31,-1
2023-11-09,9744,2024-03-31,2,,,,,,,,,,,,,,,,,,,,,,,,,,,,,44.00,,,,,,,false,false,12,2023-04-01,2024-03-31,0
2023-11-09,9744,2024-03-31,2,,,,,,,,,,,,,,,,,,,,,,,,,,,,,107.00,,,,,,,false,true,12,2023-04-01,2024-03-31,0
2023-11-09,9744,2024-03-31,2,,,,,,,,,,,,,,,,,,,,,,,,,,,,,,,,,82500000,4078707,78421484,false,false,6,2023-04-01,2023-09-30,0
2023-11-09,9744,2023-03-31,2,,,,,,,,,,,,,,,,,,,,,,,,,,,,,,,,,,,80125676,false,false,6,2022-04-01,2022-09-30,-1
2023-11-09,97440,2024-03-31,,46240000000,-0.472,,,,,8900000000,-0.326,10500000000,-0.271,8300000000,,-0.194,,,,,,,,,,,,,,,,,,,,,,,false,true,12,2023-04-01,2024-03-31,0
2023-11-09,97440,2023-03-31,,83765000000,,,,,,13212000000,,14113000000,,10719000000,,,,,,,,,,,,,,,,,,,,,,,,,false,false,12,2022-04-01,2023-03-31,-1
,97440,2024-03-31,,,,,,,,,,,,,,,,,,,,,,,,,,,,,,107.00,,,,,,,false,true,12,2023-04-01,2024-03-31,0
,97440,2024-03-31,,,,,,,,,,,,,,,,,,,,,,,,,,,,,,44.00,,,,,,,false,false,12,2023-04-01,2024-03-31,0
,97440,2023-03-31,,,,,,,,,,,,,,,,,,,,,,,,,,,,,,102.00,,,,,,,false,false,12,2022-04-01,2023-03-31,-1
2024-02-01,9744,2024-03-31,3,95497000000,0.077,,,,,14327000000,0.157,14335000000,0.152,,9804000000,,125.11,,,,,,82315000000,46402000000,0.564,,46402000000,,,,,,,,,,,,true,false,9,2023-04-01,2023-12-31,0
2024-02-01,9744,2023-03-31,3,88696000000,0.124,,,,,12385000000,0.295,12447000000,0.288,,8490000000,,106.15,,,,,,,,,,,,,,,,,,,,,,true,false,9,2022-04-01,2022-12-31,-1
2024-02-01,9744,2024-03-31,3,126500000000,0.062,,,,,17400000000,0.057,17400000000,0.052,,11900000000,,151.74,,,,,,,,,,,,,,,,,,,,,,true,true,12,2023-04-01,2024-03-31,0
2024-02-01,9744,2023-03-31,3,,,,,,,,,,,,,,,,,,,,84576000000,46719000000,0.552,,46719000000,,,,,,,,,,,,true,false,12,2022-04-01,2023-03-31,-1
2024-02-01,9744,2023-03-31,3,,,,,,,,,,,,,,,,,,,,,,,,,,,,,102.00,,,,82500000,4078400,,false,false,12,2022-04-01,2023-03-31,-1
2024-02-01,9744,2024-03-31,3,,,,,,,,,,,,,,,,,,,,,,,,,,,,,44.00,,,,,,,false,false,12,2023-04-01,2024-03-31,0
2024-02-01,9744,2024-03-31,3,,,,,,,,,,,,,,,,,,,,,,,,,,,,,107.00,,,,,,,false,true,12,2023-04-01,2024-03-31,0
2024-02-01,9744,2024-03-31,3,,,,,,,,,,,,,,,,,,,,,,,,,,,,,,,,,82500000,4722407,78360674,false,false,9,2023-04-01,2023-12-31,0
2024-02-01,9744,2023-03-31,3,,,,,,,,,,,,,,,,,,,,,,,,,,,,,,,,,,,79990680,false,false,9,2022-04-01,2022-12-31,-1
2024-05-09,9744,2024-03-31,,126976000000,0.066,,,,,17660000000,0.073,17667000000,0.068,,12343000000,,158.01,,0.261,0.202,0.139,,90761000000,47696000000,0.526,617.78,47696000000,14667000000,-1064000000,-11886000000,52744000000,,0.721,,,,,,true,false,12,2023-04-01,2024-03-31,0
2024-05-09,9744,2023-03-31,,119069000000,0.111,,,,,16462000000,0.284,16540000000,0.277,,12252000000,,153.87,,0.266,0.199,0.138,,84576000000,46719000000,0.552,595.74,46719000000,12808000000,-446000000,-11040000000,51028000000,,0.663,,,,,,true,false,12,2022-04-01,2023-03-31,-1
2024-05-09,9744,2025-03-31,,65000000000,0.039,,,,,8200000000,-0.049,8200000000,-0.049,,5600000000,,72.53,,,,,,,,,,,,,,,,,,,,,,true,true,6,2024-04-01,2024-09-30,1
2024-05-09,9744,2025-03-31,,132700000000,0.045,,,,,17500000000,-0.009,17600000000,-0.004,,12100000000,,156.72,,,,,,,,,,,,,,,,1.200,,,,,,true,true,12,2024-04-01,2025-03-31,1
2024-05-09,9744,2023-03-31,,,,,,,,,,,,,,,,,,,,,,,,,,,,,,102.00,,,,82500000,4078400,79628779,false,false,12,2022-04-01,2023-03-31,-1
2024-05-09,9744,2024-03-31,,,,,,,,,,,,,,,,,,,,,,,,,,,,,,114.00,,,,78000000,792507,78114027,false,false,12,2023-04-01,2024-03-31,0
2024-05-09,9744,2025-03-31,,,,,,,,,,,,,,,,,,,,,,,,,,,,,,188.00,,,,,,,false,true,12,2024-04-01,2025-03-31,1
2024-08-01,9744,2025-03-31,1,32910000000,0.051,,,,,4767000000,0.125,4780000000,0.132,,3223000000,,41.75,,,,,,81973000000,45518000000,0.555,,45518000000,,,,,,,,,,,,true,false,3,2024-04-01,2024-06-30,0
2024-08-01,9744,2024-03-31,1,31302000000,0.093,,,,,4238000000,0.138,4225000000,0.129,,2638000000,,33.65,,,,,,,,,,,,,,,,,,,,,,true,false,3,2023-04-01,2023-06-30,-1
2024-08-01,9744,2025-03-31,1,65000000000,0.039,,,,,8200000000,-0.049,8200000000,-0.049,,5600000000,,72.53,,,,,,,,,,,,,,,,,,,,,,true,true,6,2024-04-01,2024-09-30,0
2024-08-01,9744,2025-03-31,1,132700000000,0.045,,,,,17500000000,-0.009,17600000000,-0.004,,12100000000,,156.72,,,,,,,,,,,,,,,,,,,,,,true,true,12,2024-04-01,2025-03-31,0
2024-08-01,9744,2024-03-31,1,,,,,,,,,,,,,,,,,,,,90761000000,47696000000,0.526,,47696000000,,,,,,,,,,,,true,false,12,2023-04-01,2024-03-31,-1
2024-08-01,9744,2024-03-31,1,,,,,,,,,,,,,,,,,,,,,,,,,,,,,114.00,,,,78000000,792507,,false,false,12,2023-04-01,2024-03-31,-1
2024-08-01,9744,2025-03-31,1,,,,,,,,,,,,,,,,,,,,,,,,,,,,,188.00,,,,,,,false,true,12,2024-04-01,2025-03-31,0
2024-08-01,9744,2025-03-31,1,,,,,,,,,,,,,,,,,,,,,,,,,,,,,,,,,78000000,792517,77207486,false,false,3,2024-04-01,2024-06-30,0
2024-08-01,9744,2024-03-31,1,,,,,,,,,,,,,,,,,,,,,,,,,,,,,,,,,,,78421587,false,false,3,2023-04-01,2023-06-30,-1
2024-10-31,9744,2025-03-31,2,65837000000,0.053,,,,,9020000000,0.046,9048000000,0.049,,5538000000,,71.73,,,,,,87964000000,47838000000,0.544,,47838000000,,,,,,,,,,,,true,false,6,2024-04-01,2024-09-30,0
2024-10-31,9744,2024-03-31,2,62553000000,0.078,,,,,8620000000,0.137,8625000000,0.130,,5750000000,,73.33,,,,,,,,,,,,,,,,,,,,,,true,false,6,2023-04-01,2023-09-30,-1
2024-10-31,9744,2025-03-31,2,133300000000,0.050,,,,,18200000000,0.031,18300000000,0.036,,11900000000,,154.13,,,,,,,,,,,,,,,,,,,,,,true,true,12,2024-04-01,2025-03-31,0
2024-10-31,9744,2024-03-31,2,,,,,,,,,,,,,,,,,,,,90761000000,47696000000,0.526,,47696000000,,,,,,,,,,,,true,false,12,2023-04-01,2024-03-31,-1
2024-10-31,9744,2024-03-31,2,,,,,,,,,,,,,,,,,,,,,,,,,,,,,114.00,,,,78000000,792507,,false,false,12,2023-04-01,2024-03-31,-1
2024-10-31,9744,2025-03-31,2,,,,,,,,,,,,,,,,,,,,,,,,,,,,,88.00,,,,,,,false,false,12,2024-04-01,2025-03-31,0
2024-10-31,9744,2025-03-31,2,,,,,,,,,,,,,,,,,,,,,,,,,,,,,185.00,,,,,,,false,true,12,2024-04-01,2025-03-31,0
2024-10-31,9744,2025-03-31,2,,,,,,,,,,,,,,,,,,,,,,,,,,,,,,,,,78000000,792605,77207467,false,false,6,2024-04-01,2024-09-30,0
2024-10-31,9744,2024-03-31,2,,,,,,,,,,,,,,,,,,,,,,,,,,,,,,,,,,,78421484,false,false,6,2023-04-01,2023-09-30,-1
,97440,2025-03-31,,,,,,,,,,,,,,,,,,,,,,,,,,,,,,185.00,,,,,,,false,true,12,2024-04-01,2025-03-31,0
,97440,2025-03-31,,,,,,,,,,,,,,,,,,,,,,,,,,,,,,88.00,,,,,,,false,false,12,2024-04-01,2025-03-31,0
,97440,2024-03-31,,,,,,,,,,,,,,,,,,,,,,,,,,,,,,114.00,,,,,,,false,false,12,2023-04-01,2024-03-31,-1
2025-01-30,9744,2025-03-31,3,100398000000,0.051,,,,,15212000000,0.062,15253000000,0.064,,9801000000,,126.95,,,,,,84898000000,45397000000,0.535,,45397000000,,,,,,,,,,,,true,false,9,2024-04-01,2024-12-31,0
2025-01-30,9744,2024-03-31,3,95497000000,0.077,,,,,14327000000,0.157,14335000000,0.152,,9804000000,,125.11,,,,,,,,,,,,,,,,,,,,,,true,false,9,2023-04-01,2023-12-31,-1
2025-01-30,9744,2025-03-31,3,133300000000,0.050,,,,,18200000000,0.031,18300000000,0.036,,11900000000,,154.13,,,,,,,,,,,,,,,,,,,,,,true,true,12,2024-04-01,2025-03-31,0
2025-01-30,9744,2024-03-31,3,,,,,,,,,,,,,,,,,,,,90761000000,47696000000,0.526,,47696000000,,,,,,,,,,,,true,false,12,2023-04-01,2024-03-31,-1
2025-01-30,9744,2024-03-31,3,,,,,,,,,,,,,,,,,,,,,,,,,,,,,114.00,,,,78000000,792507,,false,false,12,2023-04-01,2024-03-31,-1
2025-01-30,9744,2025-03-31,3,,,,,,,,,,,,,,,,,,,,,,,,,,,,,88.00,,,,,,,false,false,12,2024-04-01,2025-03-31,0
2025-01-30,9744,2025-03-31,3,,,,,,,,,,,,,,,,,,,,,,,,,,,,,185.00,,,,,,,false,true,12,2024-04-01,2025-03-31,0
2025-01-30,9744,2025-03-31,3,,,,,,,,,,,,,,,,,,,,,,,,,,,,,,,,,78000000,792998,77207356,false,false,9,2024-04-01,2024-12-31,0
2025-01-30,9744,2024-03-31,3,,,,,,,,,,,,,,,,,,,,,,,,,,,,,,,,,,,78360674,false,false,9,2023-04-01,2023-12-31,-1
2025-05-08,9744,2025-03-31,,133068000000,0.048,,,,,18830000000,0.066,18911000000,0.070,,12740000000,,165.01,,0.264,0.205,0.142,,93605000000,48776000000,0.521,631.76,48776000000,13448000000,-998000000,-12189000000,53005000000,,1.200,,,,,,true,false,12,2024-04-01,2025-03-31,0
2025-05-08,9744,2024-03-31,,126976000000,0.066,,,,,17660000000,0.073,17667000000,0.068,,12343000000,,158.01,,0.261,0.202,0.139,,90761000000,47696000000,0.526,617.78,47696000000,14667000000,-1064000000,-11886000000,52744000000,,0.721,,,,,,true,false,12,2023-04-01,2024-03-31,-1
2025-05-08,9744,2026-03-31,,68500000000,0.040,,,,,9600000000,0.064,9600000000,0.061,,6600000000,,85.48,,,,,,,,,,,,,,,,,,,,,,true,true,6,2025-04-01,2025-09-30,1
2025-05-08,9744,2026-03-31,,137300000000,0.032,,,,,19700000000,0.046,19600000000,0.036,,13400000000,,173.56,,,,,,,,,,,,,,,,1.008,,,,,,true,true,12,2025-04-01,2026-03-31,1
2025-05-08,9744,2024-03-31,,,,,,,,,,,,,,,,,,,,,,,,,,,,,,114.00,,,,78000000,792507,78114027,false,false,12,2023-04-01,2024-03-31,-1
2025-05-08,9744,2025-03-31,,,,,,,,,,,,,,,,,,,,,,,,,,,,,,198.00,,,,78000000,792998,77207269,false,false,12,2024-04-01,2025-03-31,0
2025-05-08,9744,2026-03-31,,,,,,,,,,,,,,,,,,,,,,,,,,,,,,175.00,,,,,,,false,true,12,2025-04-01,2026-03-31,1
