filing_date,code,fiscal_year_end,quarterly_period,net_sales,net_sales_change,revenue,revenue_change,operating_revenue,operating_revenue_change,operating_profit,operating_profit_change,ordinary_profit,ordinary_profit_change,net_income,net_income_of_parent,net_income_change,eps,diluted_eps,roe,roa,operating_profit_to_net_sales,operating_profit_to_revenue,total_assets,net_assets,equity_ratio,bps,owner_equity,operating_cash_flow,investing_cash_flow,financing_cash_flow,cash,dividend_per_share,payout_ratio,commemorative_dividend,extra_dividend,number_of_shares,number_of_treqsury_shares,avg_number_of_shares,is_consolidated,is_forecast,duration,period_start,period_end,period_pos
2015-07-30,97530,2016-03-31,1,4314000000,0.178,,,,,111000000,,126000000,,81000000,,,6.98,,,,,,8724000000,3960000000,0.454,,3960000000,,,,,,,,,13034660,1528703,11698564,false,false,3,2015-04-01,2015-06-30,0
2015-07-30,97530,2015-03-31,1,3662000000,0.057,,,,,-82000000,,-65000000,,-44000000,,,-3.79,,,,,,,,,,,,,,,,,,,,,11763717,false,false,3,2014-04-01,2014-06-30,-1
2015-07-30,97530,2016-03-31,1,8304000000,0.035,,,,,148000000,,171000000,3.286,113000000,,4.559,9.61,,,,,,,,,,,,,,,,,,,,,,false,true,6,2015-04-01,2015-09-30,0
2015-07-30,97530,2016-03-31,1,17072000000,0.017,,,,,626000000,0.215,656000000,0.171,408000000,,0.069,34.73,,,,,,,,,,,,,,,10.00,,,,,,,false,true,12,2015-04-01,2016-03-31,0
2015-07-30,97530,2015-03-31,1,,,,,,,,,,,,,,,,,,,,9165000000,4041000000,0.441,,4041000000,,,,,7.00,,,,13034660,1276373,,false,false,12,2014-04-01,2015-03-31,-1
2015-10-30,97530,2016-03-31,2,8764000000,0.092,,,,,206000000,,239000000,5.007,165000000,,7.130,14.27,,,,,,8813000000,3968000000,0.450,,3968000000,,,,,,,,,13034660,1572823,11590435,false,false,6,2015-04-01,2015-09-30,0
2015-10-30,97530,2015-03-31,2,8022000000,0.052,,,,,13000000,-0.694,39000000,-0.323,20000000,,-0.503,1.73,,,,,,,,,,,,,,,,,,,,,11763066,false,false,6,2014-04-01,2014-09-30,-1
2015-10-30,97530,2016-03-31,2,17072000000,0.017,,,,,626000000,0.215,656000000,0.171,408000000,,0.069,34.73,,,,,,,,,,,,,,,10.00,,,,,,,false,true,12,2015-04-01,2016-03-31,0
2015-10-30,97530,2015-03-31,2,,,,,,,,,,,,,,,,,,,,9165000000,4041000000,0.441,,4041000000,,,,,7.00,,,,13034660,1276373,,false,false,12,2014-04-01,2015-03-31,-1
2016-01-29,97530,2016-03-31,3,12961000000,0.068,,,,,375000000,0.448,414000000,0.419,279000000,,1.472,24.43,,,,,,8621000000,3861000000,0.448,,3861000000,,,,,,,,,13034660,2343651,11440823,false,false,9,2015-04-01,2015-12-31,0
2016-01-29,97530,2015-03-31,3,12134000000,0.062,,,,,259000000,2.406,292000000,2.075,113000000,,1.649,9.61,,,,,,,,,,,,,,,,,,,,,11762567,false,false,9,2014-04-01,2014-12-31,-1
2016-01-29,97530,2016-03-31,3,17072000000,0.017,,,,,626000000,0.215,656000000,0.171,408000000,,0.069,34.73,,,,,,,,,,,,,,,10.00,,,,,,,false,true,12,2015-04-01,2016-03-31,0
2016-01-29,97530,2015-03-31,3,,,,,,,,,,,,,,,,,,,,9165000000,4041000000,0.441,,4041000000,,,,,7.00,,,,13034660,1276373,,false,false,12,2014-04-01,2015-03-31,-1
2016-01-29,97530,2016-03-31,3,,,,,,,,,,,,,,,,,,,,,,,,,,,,,0.00,,,,,,,false,false,12,2015-04-01,2016-03-31,0
2016-04-25,97530,2016-03-31,,17508000000,0.026,,,,,360000000,-0.424,402000000,-0.388,208000000,,-0.490,18.50,,,,,,,,,,,,,,,,,,,,,,false,true,12,2015-04-01,2016-03-31,0
2016-04-25,97530,2015-03-31,,16787000000,,,,,,515000000,,561000000,,382000000,,,32.48,,,,,,,,,,,,,,,,,,,,,,false,false,12,2014-04-01,2015-03-31,-1
2016-04-27,97530,2016-03-31,,17508000000,0.043,,,,,360000000,-0.300,402000000,-0.283,208000000,,-0.455,18.50,,0.054,0.045,0.021,,8819000000,3722000000,0.422,348.20,3722000000,377000000,-92000000,-670000000,3201000000,10.00,0.541,,,13034660,2344557,11254283,false,false,12,2015-04-01,2016-03-31,0
2016-04-27,97530,2015-03-31,,16787000000,0.065,,,,,515000000,2.558,561000000,2.238,382000000,,2.970,32.48,,0.098,0.062,0.031,,9165000000,4041000000,0.441,343.75,4041000000,598000000,18000000,-273000000,3587000000,7.00,0.215,,,13034660,1276373,11761814,false,false,12,2014-04-01,2015-03-31,-1
2016-04-27,97530,2017-03-31,,8492000000,-0.031,,,,,129000000,-0.375,152000000,-0.365,103000000,,-0.372,9.23,,,,,,,,,,,,,,,,,,,,,,false,true,6,2016-04-01,2016-09-30,1
2016-04-27,97530,2017-03-31,,18016000000,0.029,,,,,656000000,0.819,692000000,0.722,475000000,,1.286,42.29,,,,,,,,,,,,,,,10.00,0.224,,,,,,false,true,12,2016-04-01,2017-03-31,1
2016-07-29,97530,2017-03-31,1,4287000000,-0.006,,,,,101000000,-0.093,122000000,-0.028,82000000,,0.007,7.70,,,,,,8253000000,3666000000,0.444,,3666000000,,,,,,,,,11800000,1111719,10689275,false,false,3,2016-04-01,2016-06-30,0
2016-07-29,97530,2016-03-31,1,4314000000,0.178,,,,,111000000,,126000000,,81000000,,,6.98,,,,,,,,,,,,,,,,,,,,,11698564,false,false,3,2015-04-01,2015-06-30,-1
2016-07-29,97530,2017-03-31,1,8492000000,-0.031,,,,,129000000,-0.375,152000000,-0.365,103000000,,-0.372,9.23,,,,,,,,,,,,,,,,,,,,,,false,true,6,2016-04-01,2016-09-30,0
2016-07-29,97530,2017-03-31,1,18016000000,0.029,,,,,656000000,0.819,692000000,0.722,475000000,,1.286,42.29,,,,,,,,,,,,,,,10.00,,,,,,,false,true,12,2016-04-01,2017-03-31,0
2016-07-29,97530,2016-03-31,1,,,,,,,,,,,,,,,,,,,,8819000000,3722000000,0.422,,3722000000,,,,,10.00,,,,13034660,2344557,,false,false,12,2015-04-01,2016-03-31,-1
2016-10-28,97530,2017-03-31,2,8632000000,-0.015,,,,,222000000,0.077,244000000,0.021,162000000,,-0.017,15.25,,,,,,8342000000,3705000000,0.444,,3705000000,,,,,,,,,11800000,1358919,10658972,false,false,6,2016-04-01,2016-09-30,0
2016-10-28,97530,2016-03-31,2,8764000000,0.092,,,,,206000000,,239000000,5.007,165000000,,7.130,14.27,,,,,,,,,,,,,,,,,,,,,11590435,false,false,6,2015-04-01,2015-09-30,-1
2016-10-28,97530,2017-03-31,2,18016000000,0.029,,,,,656000000,0.819,692000000,0.722,475000000,,1.286,42.29,,,,,,,,,,,,,,,10.00,,,,,,,false,true,12,2016-04-01,2017-03-31,0
2016-10-28,97530,2016-03-31,2,,,,,,,,,,,,,,,,,,,,8819000000,3722000000,0.422,,3722000000,,,,,10.00,,,,13034660,2344557,,false,false,12,2015-04-01,2016-03-31,-1
2016-10-28,97530,2017-03-31,2,,,,,,,,,,,,,,,,,,,,,,,,,,,,,0.00,,,,,,,false,false,12,2016-04-01,2017-03-31,0
2017-01-30,97530,2017-03-31,3,12741000000,-0.017,,,,,334000000,-0.107,366000000,-0.116,233000000,,-0.166,22.05,,,,,,8413000000,3846000000,0.457,,3846000000,,,,,,,,,11800000,1412119,10576868,false,false,9,2016-04-01,2016-12-31,0
2017-01-30,97530,2016-03-31,3,12961000000,0.068,,,,,375000000,0.448,414000000,0.419,279000000,,1.472,24.43,,,,,,,,,,,,,,,,,,,,,11440823,false,false,9,2015-04-01,2015-12-31,-1
2017-01-30,97530,2017-03-31,3,18016000000,0.029,,,,,656000000,0.819,692000000,0.722,475000000,,1.286,42.29,,,,,,,,,,,,,,,10.00,,,,,,,false,true,12,2016-04-01,2017-03-31,0
2017-01-30,97530,2016-03-31,3,,,,,,,,,,,,,,,,,,,,8819000000,3722000000,0.422,,3722000000,,,,,10.00,,,,13043660,2344557,,false,false,12,2015-04-01,2016-03-31,-1
2017-01-30,97530,2017-03-31,3,,,,,,,,,,,,,,,,,,,,,,,,,,,,,0.00,,,,,,,false,false,12,2016-04-01,2017-03-31,0
2017-05-01,97530,2017-03-31,,17310000000,-0.011,,,,,593000000,0.646,633000000,0.575,407000000,,0.960,38.74,,0.105,0.072,0.034,,8694000000,4040000000,0.465,389.05,4040000000,588000000,-10000000,-268000000,3510000000,10.00,0.258,,,11800000,1413640,10530149,false,false,12,2016-04-01,2017-03-31,0
2017-05-01,97530,2016-03-31,,17508000000,0.043,,,,,360000000,-0.300,402000000,-0.283,208000000,,-0.455,18.50,,0.054,0.045,0.021,,8819000000,3722000000,0.422,348.20,3722000000,377000000,-92000000,-670000000,3201000000,10.00,0.541,,,13034660,2344557,11254283,false,false,12,2015-04-01,2016-03-31,-1
2017-05-01,97530,2018-03-31,,17624000000,0.018,,,,,690000000,0.163,724000000,0.145,479000000,,0.177,45.58,,,,,,,,,,,,,,,10.00,0.219,,,,,,false,true,12,2017-04-01,2018-03-31,1
2017-07-28,97530,2018-03-31,1,4088000000,-0.046,,,,,108000000,0.077,129000000,0.056,86000000,,0.054,8.37,,,,,,8488000000,3994000000,0.471,,3994000000,,,,,,,,,11800000,1520061,10358619,false,false,3,2017-04-01,2017-06-30,0
2017-07-28,97530,2017-03-31,1,4287000000,-0.006,,,,,101000000,-0.093,122000000,-0.028,82000000,,0.007,7.70,,,,,,,,,,,,,,,,,,,,,10689275,false,false,3,2016-04-01,2016-06-30,-1
2017-07-28,97530,2018-03-31,1,17624000000,0.018,,,,,690000000,0.163,724000000,0.145,479000000,,0.177,45.58,,,,,,,,,,,,,,,10.00,,,,,,,false,true,12,2017-04-01,2018-03-31,0
2017-07-28,97530,2017-03-31,1,,,,,,,,,,,,,,,,,,,,8694000000,4040000000,0.465,,4040000000,,,,,10.00,,,,11800000,1413640,,false,false,12,2016-04-01,2017-03-31,-1
2017-10-27,97530,2018-03-31,2,8144000000,-0.057,,,,,234000000,0.050,264000000,0.080,177000000,,0.090,17.37,,,,,,8690000000,4024000000,0.463,,4024000000,,,,,,,,,11800000,1683461,10195944,false,false,6,2017-04-01,2017-09-30,0
2017-10-27,97530,2017-03-31,2,8632000000,-0.015,,,,,222000000,0.077,244000000,0.021,162000000,,-0.017,15.25,,,,,,,,,,,,,,,,,,,,,10658972,false,false,6,2016-04-01,2016-09-30,-1
2017-10-27,97530,2018-03-31,2,17624000000,0.018,,,,,690000000,0.163,724000000,0.145,479000000,,0.177,45.58,,,,,,,,,,,,,,,10.00,,,,,,,false,true,12,2017-04-01,2018-03-31,0
2017-10-27,97530,2017-03-31,2,,,,,,,,,,,,,,,,,,,,8694000000,4040000000,0.465,,4040000000,,,,,10.00,,,,11800000,1413640,,false,false,12,2016-04-01,2017-03-31,-1
2017-10-27,97530,2018-03-31,2,,,,,,,,,,,,,,,,,,,,,,,,,,,,,0.00,,,,,,,false,false,12,2017-04-01,2018-03-31,0
2018-01-30,97530,2018-03-31,3,12258000000,-0.038,,,,,457000000,0.367,499000000,0.363,335000000,,0.439,32.82,,,,,,8854000000,4221000000,0.477,,4221000000,,,,,,,,,11200000,1086231,10222747,false,false,9,2017-04-01,2017-12-31,0
2018-01-30,97530,2017-03-31,3,12741000000,-0.017,,,,,334000000,-0.107,366000000,-0.116,233000000,,-0.166,22.05,,,,,,,,,,,,,,,,,,,,,10576868,false,false,9,2016-04-01,2016-12-31,-1
2018-01-30,97530,2018-03-31,3,16462000000,-0.049,,,,,601000000,0.013,644000000,0.018,427000000,,0.047,41.78,,,,,,,,,,,,,,,10.00,,,,,,,false,true,12,2017-04-01,2018-03-31,0
2018-01-30,97530,2017-03-31,3,,,,,,,,,,,,,,,,,,,,8694000000,4040000000,0.465,,4040000000,,,,,10.00,,,,11800000,1413640,,false,false,12,2016-04-01,2017-03-31,-1
2018-01-30,97530,2018-03-31,3,,,,,,,,,,,,,,,,,,,,,,,,,,,,,0.00,,,,,,,false,false,12,2017-04-01,2018-03-31,0
2018-01-30,97530,2018-03-31,,16462000000,-0.066,,,,,601000000,-0.129,644000000,-0.111,427000000,,-0.110,41.78,,,,,,,,,,,,,,,,,,,,,,false,true,12,2017-04-01,2018-03-31,0
2018-01-30,97530,2017-03-31,,17310000000,,,,,,593000000,,633000000,,407000000,,,38.74,,,,,,,,,,,,,,,,,,,,,,false,false,12,2016-04-01,2017-03-31,-1
2018-04-27,97530,2018-03-31,,16666000000,-0.037,,,,,650000000,0.095,692000000,0.094,465000000,,0.140,45.62,,0.111,0.077,0.039,,9389000000,4321000000,0.460,427.39,4321000000,652000000,-17000000,-79000000,4066000000,10.00,0.219,,,11200000,1087931,10195524,false,false,12,2017-04-01,2018-03-31,0
2018-04-27,97530,2017-03-31,,17310000000,-0.011,,,,,593000000,0.646,633000000,0.575,407000000,,0.960,38.74,,0.105,0.072,0.034,,8694000000,4040000000,0.465,389.05,4040000000,588000000,-10000000,-268000000,3510000000,10.00,0.258,,,11800000,1413640,10530149,false,false,12,2016-04-01,2017-03-31,-1
2018-04-27,97530,2019-03-31,,17211000000,0.033,,,,,700000000,0.077,739000000,0.067,486000000,,0.046,47.70,,,,,,,,,,,,,,,10.00,0.210,,,,,,false,true,12,2018-04-01,2019-03-31,1
2018-07-27,97530,2019-03-31,1,4149000000,0.015,,,,,154000000,0.423,176000000,0.359,119000000,,0.374,11.78,,,,,,9177000000,4360000000,0.475,,4360000000,,,,,,,,,11200000,1087932,10112069,false,false,3,2018-04-01,2018-06-30,0
2018-07-27,97530,2018-03-31,1,4088000000,-0.046,,,,,108000000,0.077,129000000,0.056,86000000,,0.054,8.37,,,,,,,,,,,,,,,,,,,,,10358619,false,false,3,2017-04-01,2017-06-30,-1
2018-07-27,97530,2019-03-31,1,17211000000,0.033,,,,,700000000,0.077,739000000,0.067,486000000,,0.046,47.70,,,,,,,,,,,,,,,10.00,,,,,,,false,true,12,2018-04-01,2019-03-31,0
2018-07-27,97530,2018-03-31,1,,,,,,,,,,,,,,,,,,,,9389000000,4321000000,0.460,,4321000000,,,,,10.00,,,,11200000,1087931,,false,false,12,2017-04-01,2018-03-31,-1
2018-10-29,97530,2019-03-31,2,8715000000,0.070,,,,,417000000,0.783,442000000,0.672,299000000,,0.692,29.73,,,,,,9388000000,4465000000,0.476,,4465000000,,,,,,,,,11200000,1238258,10076679,false,false,6,2018-04-01,2018-09-30,0
2018-10-29,97530,2018-03-31,2,8144000000,-0.057,,,,,234000000,0.050,264000000,0.080,177000000,,0.090,17.23,,,,,,,,,,,,,,,,,,,,,10276837,false,false,6,2017-04-01,2017-09-30,-1
2018-10-29,97530,2019-03-31,2,17211000000,0.033,,,,,700000000,0.077,739000000,0.067,486000000,,0.046,47.70,,,,,,,,,,,,,,,10.00,,,,,,,false,true,12,2018-04-01,2019-03-31,0
2018-10-29,97530,2018-03-31,2,,,,,,,,,,,,,,,,,,,,9389000000,4321000000,0.460,,4321000000,,,,,10.00,,,,11200000,1087931,,false,false,12,2017-04-01,2018-03-31,-1
2018-10-29,97530,2019-03-31,2,,,,,,,,,,,,,,,,,,,,,,,,,,,,,0.00,,,,,,,false,false,12,2018-04-01,2019-03-31,0
2019-01-30,97530,2019-03-31,3,13164000000,0.074,,,,,736000000,0.608,773000000,0.548,526000000,,0.568,52.40,,,,,,9220000000,4576000000,0.496,,4576000000,,,,,,,,,11200000,1238307,10038217,false,false,9,2018-04-01,2018-12-31,0
2019-01-30,97530,2018-03-31,3,12258000000,-0.038,,,,,457000000,0.367,499000000,0.363,335000000,,0.439,32.82,,,,,,,,,,,,,,,,,,,,,10222747,false,false,9,2017-04-01,2017-12-31,-1
2019-01-30,97530,2019-03-31,3,17211000000,0.033,,,,,700000000,0.077,739000000,0.067,486000000,,0.046,47.70,,,,,,,,,,,,,,,10.00,,,,,,,false,true,12,2018-04-01,2019-03-31,0
2019-01-30,97530,2018-03-31,3,,,,,,,,,,,,,,,,,,,,9389000000,4321000000,0.460,,4321000000,,,,,10.00,,,,11200000,1087931,,false,false,12,2017-04-01,2018-03-31,-1
2019-01-30,97530,2019-03-31,3,,,,,,,,,,,,,,,,,,,,,,,,,,,,,0.00,,,,,,,false,false,12,2018-04-01,2019-03-31,0
,97530,2019-03-31,,,,,,,,,,,,,,,,,,,,,,,,,,,,,,20.00,,,,,,,false,true,12,2018-04-01,2019-03-31,0
,97530,2019-03-31,,,,,,,,,,,,,,,,,,,,,,,,,,,,,,0.00,,,,,,,false,false,12,2018-04-01,2019-03-31,0
,97530,2018-03-31,,,,,,,,,,,,,,,,,,,,,,,,,,,,,,10.00,,,,,,,false,false,12,2017-04-01,2018-03-31,-1
2019-04-26,97530,2019-03-31,,17761000000,0.066,,,,,823000000,0.267,879000000,0.269,586000000,,0.261,58.52,,0.131,0.092,0.046,,9744000000,4651000000,0.477,466.90,4651000000,572000000,-456000000,-378000000,3804000000,20.00,0.342,,,11200000,1238552,10019325,false,false,12,2018-04-01,2019-03-31,0
2019-04-26,97530,2018-03-31,,16666000000,-0.037,,,,,650000000,0.095,692000000,0.094,465000000,,0.140,45.62,,0.111,0.077,0.039,,9389000000,4321000000,0.460,427.39,4321000000,652000000,-17000000,-79000000,4066000000,10.00,0.219,,,11200000,1087931,10195524,false,false,12,2017-04-01,2018-03-31,-1
2019-04-26,97530,2020-03-31,,18014000000,0.014,,,,,840000000,0.020,879000000,0.000,591000000,,0.009,59.06,,,,,,,,,,,,,,,15.00,0.254,,,,,,false,true,12,2019-04-01,2020-03-31,1
2019-07-31,97530,2020-03-31,1,4486000000,0.081,,,,,242000000,0.567,258000000,0.471,154000000,,0.300,15.55,,,,,,9348000000,4604000000,0.493,,4604000000,,,,,,,,,11200000,1238767,9961345,false,false,3,2019-04-01,2019-06-30,0
2019-07-31,97530,2019-03-31,1,4149000000,0.015,,,,,154000000,0.423,176000000,0.359,119000000,,0.374,11.78,,,,,,,,,,,,,,,,,,,,,10112069,false,false,3,2018-04-01,2018-06-30,-1
2019-07-31,97530,2020-03-31,1,18014000000,0.014,,,,,840000000,0.020,879000000,0.000,591000000,,0.009,59.06,,,,,,,,,,,,,,,15.00,,,,,,,false,true,12,2019-04-01,2020-03-31,0
2019-07-31,97530,2019-03-31,1,,,,,,,,,,,,,,,,,,,,9744000000,4651000000,0.477,,4651000000,,,,,20.00,,,,11200000,1238552,,false,false,12,2018-04-01,2019-03-31,-1
2019-10-28,97530,2020-03-31,2,8744000000,0.003,,,,,339000000,-0.185,360000000,-0.185,222000000,,-0.257,22.35,,,,,,9283000000,4675000000,0.504,,4675000000,,,,,,,,,11200000,1238969,9961223,false,false,6,2019-04-01,2019-09-30,0
2019-10-28,97530,2019-03-31,2,8715000000,0.070,,,,,417000000,0.783,442000000,0.672,299000000,,0.692,29.73,,,,,,,,,,,,,,,,,,,,,10076679,false,false,6,2018-04-01,2018-09-30,-1
2019-10-28,97530,2020-03-31,2,18014000000,0.014,,,,,840000000,0.020,879000000,0.000,591000000,,0.009,59.06,,,,,,,,,,,,,,,15.00,,,,,,,false,true,12,2019-04-01,2020-03-31,0
2019-10-28,97530,2019-03-31,2,,,,,,,,,,,,,,,,,,,,9744000000,4651000000,0.477,,4651000000,,,,,20.00,,,,11200000,1238552,,false,false,12,2018-04-01,2019-03-31,-1
2019-10-28,97530,2020-03-31,2,,,,,,,,,,,,,,,,,,,,,,,,,,,,,0.00,,,,,,,false,false,12,2019-04-01,2020-03-31,0
2020-01-31,97530,2020-03-31,3,12935000000,-0.017,,,,,560000000,-0.239,597000000,-0.228,383000000,,-0.271,38.48,,,,,,9445000000,4912000000,0.520,,4912000000,,,,,,,,,11200000,1239189,9961140,false,false,9,2019-04-01,2019-12-31,0
2020-01-31,97530,2019-03-31,3,13164000000,0.074,,,,,736000000,0.608,773000000,0.548,526000000,,0.568,52.40,,,,,,,,,,,,,,,,,,,,,10038217,false,false,9,2018-04-01,2018-12-31,-1
2020-01-31,97530,2020-03-31,3,18014000000,0.014,,,,,840000000,0.020,879000000,0.000,591000000,,0.009,59.06,,,,,,,,,,,,,,,15.00,,,,,,,false,true,12,2019-04-01,2020-03-31,0
2020-01-31,97530,2019-03-31,3,,,,,,,,,,,,,,,,,,,,9744000000,4651000000,0.477,,4651000000,,,,,20.00,,,,11200000,1238552,,false,false,12,2018-04-01,2019-03-31,-1
2020-01-31,97530,2020-03-31,3,,,,,,,,,,,,,,,,,,,,,,,,,,,,,0.00,,,,,,,false,false,12,2019-04-01,2020-03-31,0
2020-02-17,97530,2020-03-31,,17400000000,-0.034,,,,,760000000,-0.094,800000000,-0.090,500000000,,-0.154,49.98,,,,,,,,,,,,,,,,,,,,,,false,true,12,2019-04-01,2020-03-31,0
2020-02-17,97530,2019-03-31,,17761000000,,,,,,823000000,,879000000,,586000000,,,58.52,,,,,,,,,,,,,,,,,,,,,,false,false,12,2018-04-01,2019-03-31,-1
2020-05-15,97530,2020-03-31,,17456000000,-0.017,,,,,784000000,-0.047,827000000,-0.059,540000000,,-0.077,54.31,,0.113,0.085,0.045,,9757000000,4945000000,0.507,496.48,4945000000,473000000,-86000000,-238000000,3952000000,15.00,0.276,,,11200000,1239189,9961058,false,false,12,2019-04-01,2020-03-31,0
2020-05-15,97530,2019-03-31,,17761000000,0.066,,,,,823000000,0.267,879000000,0.269,586000000,,0.261,58.52,,0.131,0.092,0.046,,9744000000,4651000000,0.477,466.90,4651000000,572000000,-456000000,-378000000,3804000000,20.00,0.342,,,11200000,1238552,10019325,false,false,12,2018-04-01,2019-03-31,-1
2020-05-15,97530,2021-03-31,,18017000000,0.031,,,,,800000000,0.020,842000000,0.018,561000000,,0.036,56.34,,,,,,,,,,,,,,,15.00,0.266,,,,,,false,true,12,2020-04-01,2021-03-31,1
2020-07-31,97530,2021-03-31,1,4122000000,-0.081,,,,,164000000,-0.323,187000000,-0.277,125000000,,-0.189,12.61,,,,,,9569000000,4977000000,0.520,,4977000000,,,,,,,,,11200000,1239189,9960811,false,false,3,2020-04-01,2020-06-30,0
2020-07-31,97530,2020-03-31,1,4486000000,0.081,,,,,242000000,0.567,258000000,0.471,154000000,,0.300,15.55,,,,,,,,,,,,,,,,,,,,,9961345,false,false,3,2019-04-01,2019-06-30,-1
2020-07-31,97530,2021-03-31,1,18017000000,0.031,,,,,800000000,0.020,842000000,0.018,561000000,,0.036,56.34,,,,,,,,,,,,,,,15.00,,,,,,,false,true,12,2020-04-01,2021-03-31,0
2020-07-31,97530,2020-03-31,1,,,,,,,,,,,,,,,,,,,,9757000000,4945000000,0.507,,4945000000,,,,,15.00,,,,11200000,1239189,,false,false,12,2019-04-01,2020-03-31,-1
2020-10-30,97530,2021-03-31,2,8462000000,-0.032,,,,,399000000,0.175,427000000,0.186,285000000,,0.281,28.63,,,,,,9962000000,5175000000,0.520,,5175000000,,,,,,,,,11200000,1239462,9960713,false,false,6,2020-04-01,2020-09-30,0
2020-10-30,97530,2020-03-31,2,8744000000,0.003,,,,,339000000,-0.185,360000000,-0.185,222000000,,-0.257,22.35,,,,,,,,,,,,,,,,,,,,,9961223,false,false,6,2019-04-01,2019-09-30,-1
2020-10-30,97530,2021-03-31,2,18017000000,0.031,,,,,800000000,0.020,842000000,0.018,561000000,,0.036,56.34,,,,,,,,,,,,,,,15.00,,,,,,,false,true,12,2020-04-01,2021-03-31,0
2020-10-30,97530,2020-03-31,2,,,,,,,,,,,,,,,,,,,,9757000000,4945000000,0.507,,4945000000,,,,,15.00,,,,11200000,1239189,,false,false,12,2019-04-01,2020-03-31,-1
2020-10-30,97530,2021-03-31,2,,,,,,,,,,,,,,,,,,,,,,,,,,,,,0.00,,,,,,,false,false,12,2020-04-01,2021-03-31,0
2021-01-29,97530,2021-03-31,3,12747000000,-0.015,,,,,676000000,0.206,720000000,0.206,485000000,,0.267,48.75,,,,,,10046000000,5379000000,0.535,,5379000000,,,,,,,,,11200000,1239591,9960653,false,false,9,2020-04-01,2020-12-31,0
2021-01-29,97530,2020-03-31,3,12935000000,-0.017,,,,,560000000,-0.239,597000000,-0.228,383000000,,-0.271,38.48,,,,,,,,,,,,,,,,,,,,,9961140,false,false,9,2019-04-01,2019-12-31,-1
2021-01-29,97530,2021-03-31,3,18017000000,0.031,,,,,800000000,0.020,842000000,0.018,561000000,,0.036,56.34,,,,,,,,,,,,,,,15.00,,,,,,,false,true,12,2020-04-01,2021-03-31,0
2021-01-29,97530,2020-03-31,3,,,,,,,,,,,,,,,,,,,,9757000000,4945000000,0.507,,4945000000,,,,,15.00,,,,11200000,1239189,,false,false,12,2019-04-01,2020-03-31,-1
2021-01-29,97530,2021-03-31,3,,,,,,,,,,,,,,,,,,,,,,,,,,,,,0.00,,,,,,,false,false,12,2020-04-01,2021-03-31,0
2021-04-30,97530,2021-03-31,,17289000000,-0.010,,,,,868000000,0.107,923000000,0.116,630000000,,0.165,63.30,,0.120,0.090,0.050,,10649000000,5555000000,0.522,557.76,5555000000,951000000,-218000000,-189000000,4495000000,15.00,0.237,,,11200000,1239831,9960578,false,false,12,2020-04-01,2021-03-31,0
2021-04-30,97530,2020-03-31,,17456000000,-0.017,,,,,784000000,-0.047,827000000,-0.059,540000000,,-0.077,54.31,,0.113,0.085,0.045,,9757000000,4945000000,0.507,496.48,4945000000,473000000,-86000000,-238000000,3952000000,15.00,0.276,,,11200000,1239189,9961058,false,false,12,2019-04-01,2020-03-31,-1
2021-04-30,97530,2022-03-31,,18616000000,0.077,,,,,900000000,0.036,945000000,0.024,635000000,,0.009,63.84,,,,,,,,,,,,,,,15.00,0.235,,,,,,false,true,12,2021-04-01,2022-03-31,1
2021-07-30,97530,2022-03-31,1,4629000000,0.123,,,,,363000000,1.214,384000000,1.054,277000000,,1.207,27.84,,,,,,10469000000,5747000000,0.549,,5747000000,,,,,,,,,11200000,1239831,9960169,false,false,3,2021-04-01,2021-06-30,0
2021-07-30,97530,2021-03-31,1,4122000000,-0.081,,,,,164000000,-0.323,187000000,-0.277,125000000,,-0.189,12.61,,,,,,,,,,,,,,,,,,,,,9960811,false,false,3,2020-04-01,2020-06-30,-1
2021-07-30,97530,2022-03-31,1,18616000000,0.077,,,,,900000000,0.036,945000000,0.024,635000000,,0.009,63.84,,,,,,,,,,,,,,,15.00,,,,,,,false,true,12,2021-04-01,2022-03-31,0
2021-07-30,97530,2021-03-31,1,,,,,,,,,,,,,,,,,,,,10649000000,5555000000,0.522,,5555000000,,,,,15.00,,,,11200000,1239831,,false,false,12,2020-04-01,2021-03-31,-1
2021-10-29,97530,2022-03-31,2,9197000000,0.087,,,,,652000000,0.634,700000000,0.638,493000000,,0.732,49.65,,,,,,10902000000,5976000000,0.548,,5976000000,,,,,,,,,11200000,1315791,9947884,false,false,6,2021-04-01,2021-09-30,0
2021-10-29,97530,2021-03-31,2,8462000000,-0.032,,,,,399000000,0.175,427000000,0.186,285000000,,0.281,28.63,,,,,,,,,,,,,,,,,,,,,9960713,false,false,6,2020-04-01,2020-09-30,-1
2021-10-29,97530,2022-03-31,2,18616000000,0.077,,,,,900000000,0.036,945000000,0.024,635000000,,0.009,63.84,,,,,,,,,,,,,,,15.00,,,,,,,false,true,12,2021-04-01,2022-03-31,0
2021-10-29,97530,2021-03-31,2,,,,,,,,,,,,,,,,,,,,10649000000,5555000000,0.522,,5555000000,,,,,15.00,,,,11200000,1239831,,false,false,12,2020-04-01,2021-03-31,-1
2021-10-29,97530,2022-03-31,2,,,,,,,,,,,,,,,,,,,,,,,,,,,,,0.00,,,,,,,false,false,12,2021-04-01,2022-03-31,0
2022-01-31,97530,2022-03-31,3,13753000000,0.079,,,,,946000000,0.400,1014000000,0.408,731000000,,0.506,73.73,,,,,,10902000000,6128000000,0.562,,6128000000,,,,,,,,,11200000,1361591,9915602,false,false,9,2021-04-01,2021-12-31,0
2022-01-31,97530,2021-03-31,3,12747000000,-0.015,,,,,676000000,0.206,720000000,0.206,485000000,,0.267,48.75,,,,,,,,,,,,,,,,,,,,,9960653,false,false,9,2020-04-01,2020-12-31,-1
2022-01-31,97530,2022-03-31,3,18616000000,0.077,,,,,1050000000,0.209,1122000000,0.216,782000000,,0.241,78.52,,,,,,,,,,,,,,,20.00,,,,,,,false,true,12,2021-04-01,2022-03-31,0
2022-01-31,97530,2021-03-31,3,,,,,,,,,,,,,,,,,,,,10649000000,5555000000,0.522,,5555000000,,,,,15.00,,,,11200000,1239831,,false,false,12,2020-04-01,2021-03-31,-1
2022-01-31,97530,2022-03-31,3,,,,,,,,,,,,,,,,,,,,,,,,,,,,,0.00,,,,,,,false,false,12,2021-04-01,2022-03-31,0
2022-01-31,97530,2022-03-31,,18616000000,,,,,,1050000000,0.167,1122000000,0.188,782000000,,0.230,78.52,,,,,,,,,,,,,,,20.00,,,,,,,false,true,12,2021-04-01,2022-03-31,0
2022-01-31,97530,2021-03-31,,17289000000,,,,,,868000000,,923000000,,630000000,,,63.30,,,,,,,,,,,,,,,15.00,,,,,,,false,false,12,2020-04-01,2021-03-31,-1
2022-01-31,97530,2022-03-31,,,,,,,,,,,,,,,,,,,,,,,,,,,,,,0.00,,,,,,,false,false,12,2021-04-01,2022-03-31,0
2022-04-28,97530,2022-03-31,,18541000000,0.072,,,,,1149000000,0.323,1233000000,0.336,848000000,,0.346,85.78,,0.144,0.113,0.062,,11209000000,6266000000,0.559,636.91,6266000000,339000000,84000000,-90000000,4828000000,20.00,0.233,,,11200000,1361731,9896551,false,false,12,2021-04-01,2022-03-31,0
2022-04-28,97530,2021-03-31,,17289000000,-0.010,,,,,868000000,0.107,923000000,0.116,630000000,,0.165,63.30,,0.120,0.090,0.050,,10649000000,5555000000,0.522,557.76,5555000000,951000000,-218000000,-189000000,4495000000,15.00,0.237,,,11200000,1239831,9960578,false,false,12,2020-04-01,2021-03-31,-1
2022-04-28,97530,2023-03-31,,19593000000,0.057,,,,,1180000000,0.027,1220000000,-0.010,834000000,,-0.017,84.33,,,,,,,,,,,,,,,20.00,0.237,,,,,,false,true,12,2022-04-01,2023-03-31,1
2022-07-29,97530,2023-03-31,1,4767000000,0.030,,,,,404000000,0.114,434000000,0.129,295000000,,0.064,30.00,,,,,,10686000000,6339000000,0.593,,6339000000,,,,,,,,,11200000,1361731,9838269,false,false,3,2022-04-01,2022-06-30,0
2022-07-29,97530,2022-03-31,1,4629000000,0.123,,,,,363000000,1.214,384000000,1.054,277000000,,1.207,27.84,,,,,,,,,,,,,,,,,,,,,9960169,false,false,3,2021-04-01,2021-06-30,-1
2022-07-29,97530,2023-03-31,1,19593000000,0.057,,,,,1180000000,0.027,1220000000,-0.010,834000000,,-0.017,84.33,,,,,,,,,,,,,,,20.00,,,,,,,false,true,12,2022-04-01,2023-03-31,0
2022-07-29,97530,2022-03-31,1,,,,,,,,,,,,,,,,,,,,11209000000,6266000000,0.559,,6266000000,,,,,20.00,,,,11200000,1361731,,false,false,12,2021-04-01,2022-03-31,-1
2022-10-31,97530,2023-03-31,2,9798000000,0.065,,,,,755000000,0.158,795000000,0.136,543000000,,0.100,55.30,,,,,,11288000000,6553000000,0.580,,6553000000,,,,,,,,,11200000,1457532,9823139,false,false,6,2022-04-01,2022-09-30,0
2022-10-31,97530,2022-03-31,2,9197000000,0.087,,,,,652000000,0.634,700000000,0.638,493000000,,0.732,49.65,,,,,,,,,,,,,,,,,,,,,9947884,false,false,6,2021-04-01,2021-09-30,-1
2022-10-31,97530,2023-03-31,2,19593000000,0.057,,,,,1288000000,0.120,1345000000,0.091,904000000,,0.066,91.40,,,,,,,,,,,,,,,25.00,,,,,,,false,true,12,2022-04-01,2023-03-31,0
2022-10-31,97530,2022-03-31,2,,,,,,,,,,,,,,,,,,,,11209000000,6266000000,0.559,,6266000000,,,,,20.00,,,,11200000,1361731,,false,false,12,2021-04-01,2022-03-31,-1
2022-10-31,97530,2023-03-31,2,,,,,,,,,,,,,,,,,,,,,,,,,,,,,0.00,,,,,,,false,false,12,2022-04-01,2023-03-31,0
2023-01-31,97530,2023-03-31,3,14933000000,0.086,,,,,1281000000,0.354,1335000000,0.317,914000000,,0.251,93.56,,,,,,11588000000,6943000000,0.599,,6943000000,,,,,,,,,11200000,1551261,9777117,false,false,9,2022-04-01,2022-12-31,0
2023-01-31,97530,2022-03-31,3,13753000000,0.079,,,,,946000000,0.400,1014000000,0.408,731000000,,0.506,73.73,,,,,,,,,,,,,,,,,,,,,9915602,false,false,9,2021-04-01,2021-12-31,-1
2023-01-31,97530,2023-03-31,3,20100000000,0.084,,,,,1435000000,0.248,1492000000,0.210,1002000000,,0.181,101.29,,,,,,,,,,,,,,,30.00,,,,,,,false,true,12,2022-04-01,2023-03-31,0
2023-01-31,97530,2022-03-31,3,,,,,,,,,,,,,,,,,,,,11209000000,6266000000,0.559,,6266000000,,,,,20.00,,,,11200000,1361731,,false,false,12,2021-04-01,2022-03-31,-1
2023-01-31,97530,2023-03-31,3,,,,,,,,,,,,,,,,,,,,,,,,,,,,,0.00,,,,,,,false,false,12,2022-04-01,2023-03-31,0
2023-05-12,97530,2023-03-31,,20206000000,,,,,,1459000000,,1533000000,,,1027000000,,109.47,,0.149,0.128,0.072,,12676000000,7495000000,0.591,776.84,7495000000,1041000000,-462000000,-313000000,5094000000,,0.274,,,,,,true,false,12,2022-04-01,2023-03-31,0
2023-05-12,97530,2024-03-31,,21570000000,,,,,,1561000000,,1626000000,,,1094000000,,116.59,,,,,,,,,,,,,,,,0.257,,,,,,true,true,12,2023-04-01,2024-03-31,1
2023-05-12,97530,2023-03-31,,20206000000,0.090,,,,,1501000000,0.306,1561000000,0.266,1056000000,,0.245,112.59,,,,,,12429000000,7114000000,0.572,737.32,7114000000,,,,,30.00,,,,10800000,1151581,9387080,false,false,12,2022-04-01,2023-03-31,0
2023-05-12,97530,2022-03-31,,18541000000,0.072,,,,,1149000000,0.323,1233000000,0.336,848000000,,0.346,85.78,,,,,,11209000000,6266000000,0.559,636.91,6266000000,,,,,20.00,,,,11200000,1361731,9896551,false,false,12,2021-04-01,2022-03-31,-1
2023-05-12,97530,2024-03-31,,,,,,,,,,,,,,,,,,,,,,,,,,,,,,30.00,,,,,,,false,true,12,2023-04-01,2024-03-31,1
2023-05-12,97530,2022-03-31,,,,,,,,,,,,,,,,,,,,,,,,,,,,,,,0.233,,,,,,true,false,12,2021-04-01,2022-03-31,-1
2023-08-10,97530,2024-03-31,1,5504000000,,,,,,511000000,,554000000,,,372000000,,38.58,38.58,,,,,12261000000,7679000000,0.626,,7679000000,,,,,,,,,,,,true,false,3,2023-04-01,2023-06-30,0
2023-08-10,97530,2024-03-31,1,21570000000,,,,,,1561000000,,1626000000,,,1094000000,,116.59,,,,,,,,,,,,,,,,,,,,,,true,true,12,2023-04-01,2024-03-31,0
2023-08-10,97530,2023-03-31,1,,,,,,,,,,,,,,,,,,,,12676000000,7495000000,0.591,,7495000000,,,,,,,,,,,,true,false,12,2022-04-01,2023-03-31,-1
2023-08-10,97530,2023-03-31,1,,,,,,,,,,,,,,,,,,,,,,,,,,,,,30.00,,,,10800000,1151581,,false,false,12,2022-04-01,2023-03-31,-1
2023-08-10,97530,2024-03-31,1,,,,,,,,,,,,,,,,,,,,,,,,,,,,,30.00,,,,,,,false,true,12,2023-04-01,2024-03-31,0
2023-08-10,97530,2024-03-31,1,,,,,,,,,,,,,,,,,,,,,,,,,,,,,,,,,10800000,1151581,9648419,false,false,3,2023-04-01,2023-06-30,0
2023-08-10,97530,2023-03-31,1,,,,,,,,,,,,,,,,,,,,,,,,,,,,,,,,,,,9838269,false,false,3,2022-04-01,2022-06-30,-1
2023-11-09,97530,2024-03-31,2,10948000000,,,,,,876000000,,922000000,,,615000000,,63.77,,,,,,12940000000,7973000000,0.616,,7973000000,,,,,,,,,,,,true,false,6,2023-04-01,2023-09-30,0
2023-11-09,97530,2024-03-31,2,21570000000,,,,,,1561000000,,1626000000,,,1094000000,,116.59,,,,,,,,,,,,,,,,,,,,,,true,true,12,2023-04-01,2024-03-31,0
2023-11-09,97530,2023-03-31,2,,,,,,,,,,,,,,,,,,,,12676000000,7495000000,0.591,,7495000000,,,,,,,,,,,,true,false,12,2022-04-01,2023-03-31,-1
2023-11-09,97530,2023-03-31,2,,,,,,,,,,,,,,,,,,,,,,,,,,,,,30.00,,,,10800000,1151581,,false,false,12,2022-04-01,2023-03-31,-1
2023-11-09,97530,2024-03-31,2,,,,,,,,,,,,,,,,,,,,,,,,,,,,,0.00,,,,,,,false,false,12,2023-04-01,2024-03-31,0
2023-11-09,97530,2024-03-31,2,,,,,,,,,,,,,,,,,,,,,,,,,,,,,30.00,,,,,,,false,true,12,2023-04-01,2024-03-31,0
2023-11-09,97530,2024-03-31,2,,,,,,,,,,,,,,,,,,,,,,,,,,,,,,,,,10800000,1144525,9650423,false,false,6,2023-04-01,2023-09-30,0
2023-11-09,97530,2023-03-31,2,,,,,,,,,,,,,,,,,,,,,,,,,,,,,,,,,,,9823139,false,false,6,2022-04-01,2022-09-30,-1
2024-02-09,97530,2024-03-31,3,16304000000,,,,,,1331000000,,1394000000,,,950000000,,98.43,,,,,,12962000000,8386000000,0.647,,8386000000,,,,,,,,,,,,true,false,9,2023-04-01,2023-12-31,0
2024-02-09,97530,2024-03-31,3,21570000000,,,,,,1561000000,,1626000000,,,1094000000,,112.30,,,,,,,,,,,,,,,,,,,,,,true,true,12,2023-04-01,2024-03-31,0
2024-02-09,97530,2023-03-31,3,,,,,,,,,,,,,,,,,,,,12724000000,7495000000,0.589,,7495000000,,,,,,,,,,,,true,false,12,2022-04-01,2023-03-31,-1
2024-02-09,97530,2023-03-31,3,,,,,,,,,,,,,,,,,,,,,,,,,,,,,30.00,,,,10800000,1151581,,false,false,12,2022-04-01,2023-03-31,-1
2024-02-09,97530,2024-03-31,3,,,,,,,,,,,,,,,,,,,,,,,,,,,,,0.00,,,,,,,false,false,12,2023-04-01,2024-03-31,0
2024-02-09,97530,2024-03-31,3,,,,,,,,,,,,,,,,,,,,,,,,,,,,,30.00,,,,,,,false,true,12,2023-04-01,2024-03-31,0
2024-02-09,97530,2024-03-31,3,,,,,,,,,,,,,,,,,,,,,,,,,,,,,,,,,10800000,1144605,9652098,false,false,9,2023-04-01,2023-12-31,0
2024-02-09,97530,2023-03-31,3,,,,,,,,,,,,,,,,,,,,,,,,,,,,,,,,,,,9777117,false,false,9,2022-04-01,2022-12-31,-1
2023-05-12,97530,2023-03-31,,20206000000,,,,,,1459000000,,1533000000,,,1027000000,,105.44,,0.149,0.128,0.072,,12676000000,7495000000,0.591,776.84,7495000000,1041000000,-462000000,-313000000,5094000000,,0.285,,,,,,true,false,12,2022-04-01,2023-03-31,0
2023-05-12,97530,2024-03-31,,21570000000,,,,,,1561000000,,1626000000,,,1094000000,,112.30,,,,,,,,,,,,,,,,0.267,,,,,,true,true,12,2023-04-01,2024-03-31,1
2023-05-12,97530,2023-03-31,,20206000000,0.090,,,,,1501000000,0.306,1561000000,0.266,1056000000,,0.245,108.45,,,,,,12429000000,7114000000,0.572,737.32,7114000000,,,,,30.00,,,,10800000,1151581,9745435,false,false,12,2022-04-01,2023-03-31,0
2023-05-12,97530,2022-03-31,,18541000000,0.072,,,,,1149000000,0.323,1233000000,0.336,848000000,,0.346,85.78,,,,,,11209000000,6266000000,0.559,636.91,6266000000,,,,,20.00,,,,11200000,1361731,9896551,false,false,12,2021-04-01,2022-03-31,-1
2023-05-12,97530,2024-03-31,,,,,,,,,,,,,,,,,,,,,,,,,,,,,,30.00,,,,,,,false,true,12,2023-04-01,2024-03-31,1
2023-05-12,97530,2022-03-31,,,,,,,,,,,,,,,,,,,,,,,,,,,,,,,0.233,,,,,,true,false,12,2021-04-01,2022-03-31,-1
2024-05-10,97530,2024-03-31,,21748000000,0.076,,,,,1655000000,0.134,1739000000,0.134,,1275000000,,132.21,,0.156,0.132,0.076,,13652000000,8813000000,0.646,921.73,8813000000,1146000000,-18000000,-448000000,5773000000,,0.227,,,,,,true,false,12,2023-04-01,2024-03-31,0
2024-05-10,97530,2023-03-31,,20206000000,,,,,,1459000000,,1533000000,,,1027000000,,105.44,,0.149,0.128,0.072,,12724000000,7495000000,0.589,776.84,7495000000,1041000000,-462000000,-313000000,5094000000,,0.285,,,,,,true,false,12,2022-04-01,2023-03-31,-1
2024-05-10,97530,2025-03-31,,22231000000,0.022,,,,,1752000000,0.059,1817000000,0.045,,1216000000,,126.12,,,,,,,,,,,,,,,,0.317,,,,,,true,true,12,2024-04-01,2025-03-31,1
2024-05-10,97530,2023-03-31,,,,,,,,,,,,,,,,,,,,,,,,,,,,,,30.00,,,,10800000,1151581,9745435,false,false,12,2022-04-01,2023-03-31,-1
2024-05-10,97530,2024-03-31,,,,,,,,,,,,,,,,,,,,,,,,,,,,,,30.00,,,,10800000,1238465,9644968,false,false,12,2023-04-01,2024-03-31,0
2024-05-10,97530,2025-03-31,,,,,,,,,,,,,,,,,,,,,,,,,,,,,,40.00,,,,,,,false,true,12,2024-04-01,2025-03-31,1
2024-08-09,97530,2025-03-31,1,5459000000,-0.008,,,,,446000000,-0.125,492000000,-0.108,,336000000,,35.23,,,,,,13461000000,8931000000,0.664,,8931000000,,,,,,,,,,,,true,false,3,2024-04-01,2024-06-30,0
2024-08-09,97530,2024-03-31,1,5504000000,,,,,,509000000,,552000000,,,372000000,,38.58,,,,,,,,,,,,,,,,,,,,,,true,false,3,2023-04-01,2023-06-30,-1
2024-08-09,97530,2025-03-31,1,22231000000,0.022,,,,,1752000000,0.059,1817000000,0.045,,1216000000,,126.12,,,,,,,,,,,,,,,,,,,,,,true,true,12,2024-04-01,2025-03-31,0
2024-08-09,97530,2024-03-31,1,,,,,,,,,,,,,,,,,,,,13652000000,8813000000,0.646,,8813000000,,,,,,,,,,,,true,false,12,2023-04-01,2024-03-31,-1
2024-08-09,97530,2024-03-31,1,,,,,,,,,,,,,,,,,,,,,,,,,,,,,30.00,,,,10800000,1238465,,false,false,12,2023-04-01,2024-03-31,-1
2024-08-09,97530,2025-03-31,1,,,,,,,,,,,,,,,,,,,,,,,,,,,,,40.00,,,,,,,false,true,12,2024-04-01,2025-03-31,0
2024-08-09,97530,2025-03-31,1,,,,,,,,,,,,,,,,,,,,,,,,,,,,,,,,,10800000,1242154,9561260,false,false,3,2024-04-01,2024-06-30,0
2024-08-09,97530,2024-03-31,1,,,,,,,,,,,,,,,,,,,,,,,,,,,,,,,,,,,9648419,false,false,3,2023-04-01,2023-06-30,-1
2024-11-11,97530,2025-03-31,2,11114000000,0.015,,,,,935000000,0.072,980000000,0.068,,667000000,,69.83,,,,,,14053000000,9243000000,0.658,,9243000000,,,,,,,,,,,,true,false,6,2024-04-01,2024-09-30,0
2024-11-11,97530,2024-03-31,2,10948000000,,,,,,872000000,,918000000,,,615000000,,63.77,,,,,,,,,,,,,,,,,,,,,,true,false,6,2023-04-01,2023-09-30,-1
2024-11-11,97530,2025-03-31,2,22231000000,0.022,,,,,1752000000,0.059,1817000000,0.045,,1216000000,,127.22,,,,,,,,,,,,,,,,,,,,,,true,true,12,2024-04-01,2025-03-31,0
2024-11-11,97530,2024-03-31,2,,,,,,,,,,,,,,,,,,,,13652000000,8813000000,0.646,,8813000000,,,,,,,,,,,,true,false,12,2023-04-01,2024-03-31,-1
2024-11-11,97530,2024-03-31,2,,,,,,,,,,,,,,,,,,,,,,,,,,,,,30.00,,,,10800000,1238465,,false,false,12,2023-04-01,2024-03-31,-1
2024-11-11,97530,2025-03-31,2,,,,,,,,,,,,,,,,,,,,,,,,,,,,,0.00,,,,,,,false,false,12,2024-04-01,2025-03-31,0
2024-11-11,97530,2025-03-31,2,,,,,,,,,,,,,,,,,,,,,,,,,,,,,40.00,,,,,,,false,true,12,2024-04-01,2025-03-31,0
2024-11-11,97530,2025-03-31,2,,,,,,,,,,,,,,,,,,,,,,,,,,,,,,,,,10800000,1235856,9561367,false,false,6,2024-04-01,2024-09-30,0
2024-11-11,97530,2024-03-31,2,,,,,,,,,,,,,,,,,,,,,,,,,,,,,,,,,,,9650423,false,false,6,2023-04-01,2023-09-30,-1
2025-02-12,97530,2025-03-31,3,16904000000,0.037,,,,,1536000000,0.154,1609000000,0.154,,1094000000,,114.51,,,,,,14508000000,9837000000,0.678,,9837000000,,,,,,,,,,,,true,false,9,2024-04-01,2024-12-31,0
2025-02-12,97530,2024-03-31,3,16304000000,,,,,,1331000000,,1394000000,,,950000000,,98.43,,,,,,,,,,,,,,,,,,,,,,true,false,9,2023-04-01,2023-12-31,-1
2025-02-12,97530,2025-03-31,3,22231000000,0.022,,,,,1752000000,0.059,1817000000,0.045,,1216000000,,127.21,,,,,,,,,,,,,,,,,,,,,,true,true,12,2024-04-01,2025-03-31,0
2025-02-12,97530,2024-03-31,3,,,,,,,,,,,,,,,,,,,,13652000000,8813000000,0.646,,8813000000,,,,,,,,,,,,true,false,12,2023-04-01,2024-03-31,-1
2025-02-12,97530,2024-03-31,3,,,,,,,,,,,,,,,,,,,,,,,,,,,,,30.00,,,,10800000,1238465,,false,false,12,2023-04-01,2024-03-31,-1
2025-02-12,97530,2025-03-31,3,,,,,,,,,,,,,,,,,,,,,,,,,,,,,0.00,,,,,,,false,false,12,2024-04-01,2025-03-31,0
2025-02-12,97530,2025-03-31,3,,,,,,,,,,,,,,,,,,,,,,,,,,,,,40.00,,,,,,,false,true,12,2024-04-01,2025-03-31,0
2025-02-12,97530,2025-03-31,3,,,,,,,,,,,,,,,,,,,,,,,,,,,,,,,,,10800000,1235936,9562276,false,false,9,2024-04-01,2024-12-31,0
2025-02-12,97530,2024-03-31,3,,,,,,,,,,,,,,,,,,,,,,,,,,,,,,,,,,,9652098,false,false,9,2023-04-01,2023-12-31,-1
2025-05-12,97530,2025-03-31,,22828000000,0.050,,,,,1867000000,0.128,1950000000,0.122,,1326000000,,138.72,,0.141,0.136,0.082,,15070000000,10059000000,0.668,1051.79,10059000000,838000000,-30000000,-145000000,6435000000,,0.288,,,,,,true,false,12,2024-04-01,2025-03-31,0
2025-05-12,97530,2024-03-31,,21748000000,0.076,,,,,1655000000,0.134,1739000000,0.134,,1275000000,,132.21,,0.156,0.132,0.076,,13652000000,8813000000,0.646,921.73,8813000000,1146000000,-18000000,-448000000,5773000000,,0.227,,,,,,true,false,12,2023-04-01,2024-03-31,-1
2025-05-12,97530,2026-03-31,,23238000000,0.018,,,,,1925000000,0.031,1987000000,0.019,,1366000000,,142.95,,,,,,,,,,,,,,,,0.280,,,,,,true,true,12,2025-04-01,2026-03-31,1
2025-05-12,97530,2024-03-31,,,,,,,,,,,,,,,,,,,,,,,,,,,,,,30.00,,,,10800000,1238465,9644968,false,false,12,2023-04-01,2024-03-31,-1
2025-05-12,97530,2025-03-31,,,,,,,,,,,,,,,,,,,,,,,,,,,,,,40.00,,,,10800000,1235936,9562717,false,false,12,2024-04-01,2025-03-31,0
2025-05-12,97530,2026-03-31,,,,,,,,,,,,,,,,,,,,,,,,,,,,,,40.00,,,,,,,false,true,12,2025-04-01,2026-03-31,1
2025-08-08,97530,2026-03-31,1,6314000000,0.157,,,,,612000000,0.372,657000000,0.335,,489000000,,51.17,,,,,,14822000000,10293000000,0.694,,10293000000,,,,,,,,,,,,true,false,3,2025-04-01,2025-06-30,0
2025-08-08,97530,2025-03-31,1,5459000000,-0.008,,,,,446000000,-0.125,492000000,-0.108,,336000000,,35.23,,,,,,,,,,,,,,,,,,,,,,true,false,3,2024-04-01,2024-06-30,-1
2025-08-08,97530,2026-03-31,1,23238000000,0.018,,,,,1925000000,0.031,1987000000,0.019,,1366000000,,142.93,,,,,,,,,,,,,,,,,,,,,,true,true,12,2025-04-01,2026-03-31,0
2025-08-08,97530,2025-03-31,1,,,,,,,,,,,,,,,,,,,,15070000000,10059000000,0.668,,10059000000,,,,,,,,,,,,true,false,12,2024-04-01,2025-03-31,-1
2025-08-08,97530,2025-03-31,1,,,,,,,,,,,,,,,,,,,,,,,,,,,,,40.00,,,,10800000,1235936,,false,false,12,2024-04-01,2025-03-31,-1
2025-08-08,97530,2026-03-31,1,,,,,,,,,,,,,,,,,,,,,,,,,,,,,40.00,,,,,,,false,true,12,2025-04-01,2026-03-31,0
2025-08-08,97530,2026-03-31,1,,,,,,,,,,,,,,,,,,,,,,,,,,,,,,,,,10800000,1235983,9564061,false,false,3,2025-04-01,2025-06-30,0
2025-08-08,97530,2025-03-31,1,,,,,,,,,,,,,,,,,,,,,,,,,,,,,,,,,,,9561260,false,false,3,2024-04-01,2024-06-30,-1
