filing_date,code,fiscal_year_end,quarterly_period,net_sales,net_sales_change,revenue,revenue_change,operating_revenue,operating_revenue_change,operating_profit,operating_profit_change,ordinary_profit,ordinary_profit_change,net_income,net_income_of_parent,net_income_change,eps,diluted_eps,roe,roa,operating_profit_to_net_sales,operating_profit_to_revenue,total_assets,net_assets,equity_ratio,bps,owner_equity,operating_cash_flow,investing_cash_flow,financing_cash_flow,cash,dividend_per_share,payout_ratio,commemorative_dividend,extra_dividend,number_of_shares,number_of_treqsury_shares,avg_number_of_shares,is_consolidated,is_forecast,duration,period_start,period_end,period_pos
2015-07-29,97590,2016-03-31,1,11933000000,0.200,,,,,1094000000,0.194,1129000000,0.186,,622000000,,14.15,14.15,,,,,45813000000,40521000000,0.874,,40043000000,,,,,,,,,,,,true,false,3,2015-04-01,2015-06-30,0
2015-07-29,97590,2015-03-31,1,9947000000,0.055,,,,,916000000,-0.071,952000000,-0.089,,483000000,,11.72,11.71,,,,,,,,,,,,,,,,,,,,,true,false,3,2014-04-01,2014-06-30,-1
2015-07-29,97590,2016-03-31,1,22000000000,0.084,,,,,2100000000,-0.069,2200000000,-0.055,,1300000000,,29.62,,,,,,,,,,,,,,,,,,,,,,true,true,6,2015-04-01,2015-09-30,0
2015-07-29,97590,2016-03-31,1,46500000000,0.082,,,,,5600000000,0.089,5700000000,0.070,,3500000000,,79.83,,,,,,,,,,,,,,,,,,,,,,true,true,12,2015-04-01,2016-03-31,0
2015-07-29,97590,2015-03-31,1,,,,,,,,,,,,,,,,,,,,49797000000,42707000000,0.848,,42229000000,,,,,,,,,,,,true,false,12,2014-04-01,2015-03-31,-1
2015-07-29,97590,2015-03-31,1,,,,,,,,,,,,,,,,,,,,,,,,,,,,,78.00,,,,48172160,3548780,,false,false,12,2014-04-01,2015-03-31,-1
2015-07-29,97590,2016-03-31,1,,,,,,,,,,,,,,,,,,,,,,,,,,,,,35.00,,,,,,,false,true,12,2015-04-01,2016-03-31,0
2015-07-29,97590,2016-03-31,1,,,,,,,,,,,,,,,,,,,,,,,,,,,,,,,,,48172160,4371535,43979906,false,false,3,2015-04-01,2015-06-30,0
2015-07-29,97590,2015-03-31,1,,,,,,,,,,,,,,,,,,,,,,,,,,,,,,,,,,,41249016,false,false,3,2014-04-01,2014-06-30,-1
2015-10-15,97590,2016-03-31,,24782000000,0.126,,,,,2638000000,0.256,2669000000,0.213,,1565000000,,35.67,,,,,,,,,,,,,,,,,,,,,,true,true,6,2015-04-01,2015-09-30,0
2015-10-15,97590,2015-03-31,,20298000000,,,,,,2254000000,,2328000000,,,1348000000,,32.86,,,,,,,,,,,,,,,,,,,,,,true,false,6,2014-04-01,2014-09-30,-1
2015-10-15,97590,2016-03-31,,21768000000,0.088,,,,,2713000000,0.180,2860000000,0.144,1911000000,,0.195,43.55,,,,,,,,,,,,,,,,,,,,,,false,true,6,2015-04-01,2015-09-30,0
2015-10-15,97590,2015-03-31,,18786000000,,,,,,2503000000,,2680000000,,1883000000,,,45.88,,,,,,,,,,,,,,,,,,,,,,false,false,6,2014-04-01,2014-09-30,-1
2015-10-29,97590,2016-03-31,2,24782000000,0.221,,,,,2638000000,0.170,2669000000,0.146,,1565000000,,35.67,35.67,,,,,48338000000,41343000000,0.845,,40835000000,,,,,,,,,,,,true,false,6,2015-04-01,2015-09-30,0
2015-10-29,97590,2015-03-31,2,20298000000,0.036,,,,,2254000000,0.005,2328000000,-0.005,,1348000000,,32.86,32.83,,,,,,,,,,,,,,,,,,,,,true,false,6,2014-04-01,2014-09-30,-1
2015-10-29,97590,2016-03-31,2,46500000000,0.082,,,,,5600000000,0.089,5700000000,0.070,,3500000000,,79.83,,,,,,,,,,,,,,,,,,,,,,true,true,12,2015-04-01,2016-03-31,0
2015-10-29,97590,2015-03-31,2,,,,,,,,,,,,,,,,,,,,49797000000,42707000000,0.848,,42229000000,,,,,,,,,,,,true,false,12,2014-04-01,2015-03-31,-1
2015-10-29,97590,2015-03-31,2,,,,,,,,,,,,,,,,,,,,,,,,,,,,,78.00,,,,48172160,3548780,,false,false,12,2014-04-01,2015-03-31,-1
2015-10-29,97590,2016-03-31,2,,,,,,,,,,,,,,,,,,,,,,,,,,,,,0.00,,,,,,,false,false,12,2015-04-01,2016-03-31,0
2015-10-29,97590,2016-03-31,2,,,,,,,,,,,,,,,,,,,,,,,,,,,,,35.00,,,,,,,false,true,12,2015-04-01,2016-03-31,0
2015-10-29,97590,2016-03-31,2,,,,,,,,,,,,,,,,,,,,,,,,,,,,,,,,,48172160,4372583,43889834,false,false,6,2015-04-01,2015-09-30,0
2015-10-29,97590,2015-03-31,2,,,,,,,,,,,,,,,,,,,,,,,,,,,,,,,,,,,41050523,false,false,6,2014-04-01,2014-09-30,-1
2016-01-28,97590,2016-03-31,3,38025000000,0.211,,,,,4435000000,0.219,4535000000,0.190,,2237000000,,51.01,51.01,,,,,48423000000,42057000000,0.857,,41518000000,,,,,,,,,,,,true,false,9,2015-04-01,2015-12-31,0
2016-01-28,97590,2015-03-31,3,31405000000,0.053,,,,,3637000000,0.055,3812000000,0.043,,2319000000,,56.58,56.55,,,,,,,,,,,,,,,,,,,,,true,false,9,2014-04-01,2014-12-31,-1
2016-01-28,97590,2016-03-31,3,51400000000,0.196,,,,,6200000000,0.205,6300000000,0.183,,3100000000,,70.75,,,,,,,,,,,,,,,,,,,,,,true,true,12,2015-04-01,2016-03-31,0
2016-01-28,97590,2015-03-31,3,,,,,,,,,,,,,,,,,,,,49797000000,42707000000,0.848,,42229000000,,,,,,,,,,,,true,false,12,2014-04-01,2015-03-31,-1
2016-01-28,97590,2015-03-31,3,,,,,,,,,,,,,,,,,,,,,,,,,,,,,78.00,,,,48172160,3548780,,false,false,12,2014-04-01,2015-03-31,-1
2016-01-28,97590,2016-03-31,3,,,,,,,,,,,,,,,,,,,,,,,,,,,,,0.00,,,,,,,false,false,12,2015-04-01,2016-03-31,0
2016-01-28,97590,2016-03-31,3,,,,,,,,,,,,,,,,,,,,,,,,,,,,,35.00,,,,,,,false,true,12,2015-04-01,2016-03-31,0
2016-01-28,97590,2016-03-31,3,,,,,,,,,,,,,,,,,,,,,,,,,,,,,,,,,48172160,4373519,43859591,false,false,9,2015-04-01,2015-12-31,0
2016-01-28,97590,2015-03-31,3,,,,,,,,,,,,,,,,,,,,,,,,,,,,,,,,,,,40993684,false,false,9,2014-04-01,2014-12-31,-1
2016-01-28,97590,2016-03-31,,51400000000,0.105,,,,,6200000000,0.107,6300000000,0.105,,3100000000,,70.75,,,,,,,,,,,,,,,,,,,,,,true,true,12,2015-04-01,2016-03-31,0
2016-01-28,97590,2015-03-31,,42990000000,,,,,,5144000000,,5326000000,,,2973000000,,72.04,,,,,,,,,,,,,,,,,,,,,,true,false,12,2014-04-01,2015-03-31,-1
2016-01-28,97590,2016-03-31,,44900000000,0.095,,,,,6200000000,0.107,6400000000,0.103,2400000000,,-0.351,54.77,,,,,,,,,,,,,,,,,,,,,,false,true,12,2015-04-01,2016-03-31,0
2016-01-28,97590,2015-03-31,,39542000000,,,,,,5486000000,,5795000000,,3937000000,,,95.39,,,,,,,,,,,,,,,,,,,,,,false,false,12,2014-04-01,2015-03-31,-1
2016-04-27,97590,2016-03-31,,51585000000,0.200,,,,,6378000000,0.240,6456000000,0.212,,3110000000,,70.98,70.98,0.075,0.132,0.124,,48193000000,41561000000,0.851,942.33,40999000000,2304000000,263000000,-3463000000,20942000000,,0.521,,,,,,true,false,12,2015-04-01,2016-03-31,0
2016-04-27,97590,2015-03-31,,42990000000,0.067,,,,,5144000000,0.061,5326000000,0.049,,2973000000,,72.04,72.01,0.069,0.109,0.120,,49797000000,42707000000,0.848,946.34,42229000000,4512000000,285000000,-4937000000,21930000000,,1.083,,,,,,true,false,12,2014-04-01,2015-03-31,-1
2016-04-27,97590,2017-03-31,,25000000000,0.009,,,,,2400000000,-0.090,2400000000,-0.101,,1500000000,,34.92,,,,,,,,,,,,,,,,,,,,,,true,true,6,2016-04-01,2016-09-30,1
2016-04-27,97590,2017-03-31,,53000000000,0.027,,,,,6400000000,0.003,6500000000,0.007,,4000000000,,93.18,,,,,,,,,,,,,,,,0.429,,,,,,true,true,12,2016-04-01,2017-03-31,1
2016-04-27,97590,2016-03-31,,45128000000,0.141,,,,,6280000000,0.145,6486000000,0.119,1799000000,,-0.543,41.07,41.07,,,,,47187000000,41904000000,0.888,963.12,41904000000,,,,,37.00,,,,48172160,4663302,43820152,false,false,12,2015-04-01,2016-03-31,0
2016-04-27,97590,2015-03-31,,39542000000,0.109,,,,,5486000000,0.139,5795000000,0.101,3937000000,,0.110,95.39,95.35,,,,,49632000000,43409000000,0.875,972.79,43409000000,,,,,78.00,,,,48172160,3548780,41277368,false,false,12,2014-04-01,2015-03-31,-1
2016-04-27,97590,2017-03-31,,22000000000,0.011,,,,,2450000000,-0.097,2650000000,-0.074,1800000000,,-0.058,41.91,,,,,,,,,,,,,,,,,,,,,,false,true,6,2016-04-01,2016-09-30,1
2016-04-27,97590,2017-03-31,,46000000000,0.019,,,,,6200000000,-0.013,6500000000,0.002,4300000000,,1.389,100.17,,,,,,,,,,,,,,,40.00,,,,,,,false,true,12,2016-04-01,2017-03-31,1
2016-07-28,97590,2017-03-31,1,13297000000,0.114,,,,,1384000000,0.264,1393000000,0.234,,819000000,,19.05,19.04,,,,,45114000000,39675000000,0.867,,39135000000,,,,,,,,,,,,true,false,3,2016-04-01,2016-06-30,0
2016-07-28,97590,2016-03-31,1,11933000000,0.200,,,,,1094000000,0.194,1129000000,0.186,,622000000,,14.15,14.15,,,,,,,,,,,,,,,,,,,,,true,false,3,2015-04-01,2015-06-30,-1
2016-07-28,97590,2017-03-31,1,25000000000,0.009,,,,,2400000000,-0.090,2400000000,-0.101,,1500000000,,34.91,,,,,,,,,,,,,,,,,,,,,,true,true,6,2016-04-01,2016-09-30,0
2016-07-28,97590,2017-03-31,1,53000000000,0.027,,,,,6400000000,0.003,6500000000,0.007,,4000000000,,93.15,,,,,,,,,,,,,,,,,,,,,,true,true,12,2016-04-01,2017-03-31,0
2016-07-28,97590,2016-03-31,1,,,,,,,,,,,,,,,,,,,,48193000000,41561000000,0.851,,40999000000,,,,,,,,,,,,true,false,12,2015-04-01,2016-03-31,-1
2016-07-28,97590,2016-03-31,1,,,,,,,,,,,,,,,,,,,,,,,,,,,,,37.00,,,,48172160,4663302,,false,false,12,2015-04-01,2016-03-31,-1
2016-07-28,97590,2017-03-31,1,,,,,,,,,,,,,,,,,,,,,,,,,,,,,40.00,,,,,,,false,true,12,2016-04-01,2017-03-31,0
2016-07-28,97590,2017-03-31,1,,,,,,,,,,,,,,,,,,,,,,,,,,,,,,,,,48172160,5253880,43016831,false,false,3,2016-04-01,2016-06-30,0
2016-07-28,97590,2016-03-31,1,,,,,,,,,,,,,,,,,,,,,,,,,,,,,,,,,,,43979906,false,false,3,2015-04-01,2015-06-30,-1
2016-10-27,97590,2017-03-31,2,26859000000,0.084,,,,,3028000000,0.148,3041000000,0.139,,1926000000,,44.83,44.83,,,,,47821000000,40830000000,0.842,,40284000000,,,,,,,,,,,,true,false,6,2016-04-01,2016-09-30,0
2016-10-27,97590,2016-03-31,2,24782000000,0.221,,,,,2638000000,0.170,2669000000,0.146,,1565000000,,35.67,35.67,,,,,,,,,,,,,,,,,,,,,true,false,6,2015-04-01,2015-09-30,-1
2016-10-27,97590,2017-03-31,2,54800000000,0.062,,,,,7000000000,0.097,7100000000,0.100,,4400000000,,102.46,,,,,,,,,,,,,,,,,,,,,,true,true,12,2016-04-01,2017-03-31,0
2016-10-27,97590,2016-03-31,2,,,,,,,,,,,,,,,,,,,,48193000000,41561000000,0.851,,40999000000,,,,,,,,,,,,true,false,12,2015-04-01,2016-03-31,-1
2016-10-27,97590,2016-03-31,2,,,,,,,,,,,,,,,,,,,,,,,,,,,,,37.00,,,,48172160,4663302,,false,false,12,2015-04-01,2016-03-31,-1
2016-10-27,97590,2017-03-31,2,,,,,,,,,,,,,,,,,,,,,,,,,,,,,0.00,,,,,,,false,false,12,2016-04-01,2017-03-31,0
2016-10-27,97590,2017-03-31,2,,,,,,,,,,,,,,,,,,,,,,,,,,,,,44.00,,,,,,,false,true,12,2016-04-01,2017-03-31,0
2016-10-27,97590,2017-03-31,2,,,,,,,,,,,,,,,,,,,,,,,,,,,,,,,,,48172160,5254207,42967463,false,false,6,2016-04-01,2016-09-30,0
2016-10-27,97590,2016-03-31,2,,,,,,,,,,,,,,,,,,,,,,,,,,,,,,,,,,,43889834,false,false,6,2015-04-01,2015-09-30,-1
2016-10-27,97590,2017-03-31,,54800000000,0.034,,,,,7000000000,0.094,7100000000,0.092,,4400000000,,102.46,,,,,,,,,,,,,,,,,,,,,,true,true,12,2016-04-01,2017-03-31,0
2016-10-27,97590,2016-03-31,,51585000000,,,,,,6378000000,,6456000000,,,3110000000,,70.98,,,,,,,,,,,,,,,,,,,,,,true,false,12,2015-04-01,2016-03-31,-1
2016-10-27,97590,2017-03-31,,47400000000,0.030,,,,,6600000000,0.065,6900000000,0.062,4000000000,,-0.070,93.15,,,,,,,,,,,,,,,,,,,,,,false,true,12,2016-04-01,2017-03-31,0
2016-10-27,97590,2016-03-31,,45128000000,,,,,,6280000000,,6486000000,,1799000000,,,41.07,,,,,,,,,,,,,,,,,,,,,,false,false,12,2015-04-01,2016-03-31,-1
2017-01-30,97590,2017-03-31,3,40597000000,0.068,,,,,4812000000,0.085,4954000000,0.092,,3052000000,,71.08,71.07,,,,,49096000000,42202000000,0.848,,41655000000,,,,,,,,,,,,true,false,9,2016-04-01,2016-12-31,0
2017-01-30,97590,2016-03-31,3,38025000000,0.211,,,,,4435000000,0.219,4535000000,0.190,,2237000000,,51.01,51.01,,,,,,,,,,,,,,,,,,,,,true,false,9,2015-04-01,2015-12-31,-1
2017-01-30,97590,2017-03-31,3,54800000000,0.062,,,,,7000000000,0.097,7100000000,0.100,,4400000000,,102.46,,,,,,,,,,,,,,,,,,,,,,true,true,12,2016-04-01,2017-03-31,0
2017-01-30,97590,2016-03-31,3,,,,,,,,,,,,,,,,,,,,48193000000,41561000000,0.851,,40999000000,,,,,,,,,,,,true,false,12,2015-04-01,2016-03-31,-1
2017-01-30,97590,2016-03-31,3,,,,,,,,,,,,,,,,,,,,,,,,,,,,,37.00,,,,48172160,4663302,,false,false,12,2015-04-01,2016-03-31,-1
2017-01-30,97590,2017-03-31,3,,,,,,,,,,,,,,,,,,,,,,,,,,,,,0.00,,,,,,,false,false,12,2016-04-01,2017-03-31,0
2017-01-30,97590,2017-03-31,3,,,,,,,,,,,,,,,,,,,,,,,,,,,,,44.00,,,,,,,false,true,12,2016-04-01,2017-03-31,0
2017-01-30,97590,2017-03-31,3,,,,,,,,,,,,,,,,,,,,,,,,,,,,,,,,,48172160,5255141,42950783,false,false,9,2016-04-01,2016-12-31,0
2017-01-30,97590,2016-03-31,3,,,,,,,,,,,,,,,,,,,,,,,,,,,,,,,,,,,43859591,false,false,9,2015-04-01,2015-12-31,-1
2017-04-27,97590,2017-03-31,,55234000000,0.071,,,,,7173000000,0.125,7300000000,0.131,,4543000000,,105.81,105.80,0.108,0.147,0.130,,50910000000,43977000000,0.852,1010.67,43374000000,5115000000,1500000000,-2692000000,24875000000,,0.416,,,,,,true,false,12,2016-04-01,2017-03-31,0
2017-04-27,97590,2016-03-31,,51585000000,0.200,,,,,6378000000,0.240,6456000000,0.212,,3110000000,,70.98,70.98,0.075,0.132,0.124,,48193000000,41561000000,0.851,942.33,40999000000,2304000000,263000000,-3463000000,20942000000,,0.521,,,,,,true,false,12,2015-04-01,2016-03-31,-1
2017-04-27,97590,2018-03-31,,27500000000,0.024,,,,,3250000000,0.073,3250000000,0.069,,2100000000,,49.47,,,,,,,,,,,,,,,,,,,,,,true,true,6,2017-04-01,2017-09-30,1
2017-04-27,97590,2018-03-31,,57000000000,0.032,,,,,7450000000,0.039,7550000000,0.034,,5000000000,,118.00,,,,,,,,,,,,,,,,0.407,,,,,,true,true,12,2017-04-01,2018-03-31,1
2017-04-27,97590,2017-03-31,,48324000000,0.071,,,,,6643000000,0.058,7032000000,0.084,4604000000,,1.559,107.24,107.23,,,,,49458000000,43939000000,0.888,1023.84,43939000000,,,,,44.00,,,,48172160,5255654,42942240,false,false,12,2016-04-01,2017-03-31,0
2017-04-27,97590,2016-03-31,,45128000000,0.141,,,,,6280000000,0.145,6486000000,0.119,1799000000,,-0.543,41.07,41.07,,,,,47187000000,41904000000,0.888,963.12,41904000000,,,,,37.00,,,,48172160,4663302,43820152,false,false,12,2015-04-01,2016-03-31,-1
2017-04-27,97590,2018-03-31,,24000000000,0.023,,,,,2950000000,0.028,3250000000,0.056,2250000000,,0.064,53.00,,,,,,,,,,,,,,,,,,,,,,false,true,6,2017-04-01,2017-09-30,1
2017-04-27,97590,2018-03-31,,50000000000,0.035,,,,,6750000000,0.016,7150000000,0.017,4950000000,,0.075,116.82,,,,,,,,,,,,,,,48.00,,,,,,,false,true,12,2017-04-01,2018-03-31,1
2017-07-27,97590,2018-03-31,1,14263000000,0.073,,,,,1777000000,0.284,1816000000,0.304,,1126000000,,26.42,26.42,,,,,48217000000,42297000000,0.865,,41717000000,,,,,,,,,,,,true,false,3,2017-04-01,2017-06-30,0
2017-07-27,97590,2017-03-31,1,13297000000,0.114,,,,,1384000000,0.264,1393000000,0.234,,819000000,,19.05,19.04,,,,,,,,,,,,,,,,,,,,,true,false,3,2016-04-01,2016-06-30,-1
2017-07-27,97590,2018-03-31,1,27500000000,0.024,,,,,3250000000,0.073,3250000000,0.069,,2100000000,,49.38,,,,,,,,,,,,,,,,,,,,,,true,true,6,2017-04-01,2017-09-30,0
2017-07-27,97590,2018-03-31,1,57000000000,0.032,,,,,7450000000,0.039,7550000000,0.034,,5000000000,,117.74,,,,,,,,,,,,,,,,,,,,,,true,true,12,2017-04-01,2018-03-31,0
2017-07-27,97590,2017-03-31,1,,,,,,,,,,,,,,,,,,,,50910000000,43977000000,0.852,,43374000000,,,,,,,,,,,,true,false,12,2016-04-01,2017-03-31,-1
2017-07-27,97590,2017-03-31,1,,,,,,,,,,,,,,,,,,,,,,,,,,,,,44.00,,,,48172160,5255654,,false,false,12,2016-04-01,2017-03-31,-1
2017-07-27,97590,2018-03-31,1,,,,,,,,,,,,,,,,,,,,,,,,,,,,,48.00,,,,,,,false,true,12,2017-04-01,2018-03-31,0
2017-07-27,97590,2018-03-31,1,,,,,,,,,,,,,,,,,,,,,,,,,,,,,,,,,48172160,5768444,42650444,false,false,3,2017-04-01,2017-06-30,0
2017-07-27,97590,2017-03-31,1,,,,,,,,,,,,,,,,,,,,,,,,,,,,,,,,,,,43016831,false,false,3,2016-04-01,2016-06-30,-1
2017-10-30,97590,2018-03-31,2,28765000000,0.071,,,,,3586000000,0.184,3641000000,0.197,,2313000000,,54.48,54.47,,,,,51075000000,43111000000,0.832,,42513000000,,,,,,,,,,,,true,false,6,2017-04-01,2017-09-30,0
2017-10-30,97590,2017-03-31,2,26859000000,0.084,,,,,3028000000,0.148,3041000000,0.139,,1926000000,,44.83,44.83,,,,,,,,,,,,,,,,,,,,,true,false,6,2016-04-01,2016-09-30,-1
2017-10-30,97590,2018-03-31,2,58270000000,0.055,,,,,7790000000,0.086,7950000000,0.089,,5220000000,,123.25,,,,,,,,,,,,,,,,,,,,,,true,true,12,2017-04-01,2018-03-31,0
2017-10-30,97590,2017-03-31,2,,,,,,,,,,,,,,,,,,,,50910000000,43977000000,0.852,,43374000000,,,,,,,,,,,,true,false,12,2016-04-01,2017-03-31,-1
2017-10-30,97590,2017-03-31,2,,,,,,,,,,,,,,,,,,,,,,,,,,,,,44.00,,,,48172160,5255654,,false,false,12,2016-04-01,2017-03-31,-1
2017-10-30,97590,2018-03-31,2,,,,,,,,,,,,,,,,,,,,,,,,,,,,,0.00,,,,,,,false,false,12,2017-04-01,2018-03-31,0
2017-10-30,97590,2018-03-31,2,,,,,,,,,,,,,,,,,,,,,,,,,,,,,50.00,,,,,,,false,true,12,2017-04-01,2018-03-31,0
2017-10-30,97590,2018-03-31,2,,,,,,,,,,,,,,,,,,,,,,,,,,,,,,,,,47172160,4935674,42471348,false,false,6,2017-04-01,2017-09-30,0
2017-10-30,97590,2017-03-31,2,,,,,,,,,,,,,,,,,,,,,,,,,,,,,,,,,,,42967463,false,false,6,2016-04-01,2016-09-30,-1
2017-10-30,97590,2018-03-31,,58270000000,0.022,,,,,7790000000,0.046,7950000000,0.053,,5220000000,,123.25,,,,,,,,,,,,,,,,,,,,,,true,true,12,2017-04-01,2018-03-31,0
2017-10-30,97590,2017-03-31,,55234000000,,,,,,7173000000,,7300000000,,,4543000000,,105.81,,,,,,,,,,,,,,,,,,,,,,true,false,12,2016-04-01,2017-03-31,-1
2017-10-30,97590,2018-03-31,,51290000000,0.026,,,,,6990000000,0.036,7420000000,0.038,5130000000,,0.036,121.12,,,,,,,,,,,,,,,,,,,,,,false,true,12,2017-04-01,2018-03-31,0
2017-10-30,97590,2017-03-31,,48324000000,,,,,,6643000000,,7032000000,,4604000000,,,107.24,,,,,,,,,,,,,,,,,,,,,,false,false,12,2016-04-01,2017-03-31,-1
,97590,2018-03-31,,,,,,,,,,,,,,,,,,,,,,,,,,,,,,50.00,,,,,,,false,true,12,2017-04-01,2018-03-31,0
,97590,2018-03-31,,,,,,,,,,,,,,,,,,,,,,,,,,,,,,0.00,,,,,,,false,false,12,2017-04-01,2018-03-31,0
,97590,2017-03-31,,,,,,,,,,,,,,,,,,,,,,,,,,,,,,44.00,,,,,,,false,false,12,2016-04-01,2017-03-31,-1
2018-01-30,97590,2018-03-31,3,43143000000,0.063,,,,,5687000000,0.182,5867000000,0.184,,3835000000,,90.46,90.46,,,,,52170000000,44772000000,0.846,,44151000000,,,,,,,,,,,,true,false,9,2017-04-01,2017-12-31,0
2018-01-30,97590,2017-03-31,3,40597000000,0.068,,,,,4812000000,0.085,4954000000,0.092,,3052000000,,71.08,71.07,,,,,,,,,,,,,,,,,,,,,true,false,9,2016-04-01,2016-12-31,-1
2018-01-30,97590,2018-03-31,3,58270000000,0.055,,,,,7790000000,0.086,7950000000,0.089,,5220000000,,123.25,,,,,,,,,,,,,,,,,,,,,,true,true,12,2017-04-01,2018-03-31,0
2018-01-30,97590,2017-03-31,3,,,,,,,,,,,,,,,,,,,,50910000000,43977000000,0.852,,43374000000,,,,,,,,,,,,true,false,12,2016-04-01,2017-03-31,-1
2018-01-30,97590,2017-03-31,3,,,,,,,,,,,,,,,,,,,,,,,,,,,,,44.00,,,,48172160,5255654,,false,false,12,2016-04-01,2017-03-31,-1
2018-01-30,97590,2018-03-31,3,,,,,,,,,,,,,,,,,,,,,,,,,,,,,0.00,,,,,,,false,false,12,2017-04-01,2018-03-31,0
2018-01-30,97590,2018-03-31,3,,,,,,,,,,,,,,,,,,,,,,,,,,,,,50.00,,,,,,,false,true,12,2017-04-01,2018-03-31,0
2018-01-30,97590,2018-03-31,3,,,,,,,,,,,,,,,,,,,,,,,,,,,,,,,,,47172160,4936185,42392949,false,false,9,2017-04-01,2017-12-31,0
2018-01-30,97590,2017-03-31,3,,,,,,,,,,,,,,,,,,,,,,,,,,,,,,,,,,,42950783,false,false,9,2016-04-01,2016-12-31,-1
2018-05-10,97590,2018-03-31,,58080000000,0.052,,,,,7918000000,0.104,8119000000,0.112,,5368000000,,126.76,126.76,0.121,0.155,0.136,,54046000000,46013000000,0.839,1074.17,45368000000,6457000000,-5822000000,-3321000000,22168000000,,0.410,,,,,,true,false,12,2017-04-01,2018-03-31,0
2018-05-10,97590,2017-03-31,,55234000000,0.071,,,,,7173000000,0.125,7300000000,0.131,,4543000000,,105.81,105.80,0.108,0.147,0.130,,50910000000,43977000000,0.852,1010.67,43374000000,5115000000,1500000000,-2692000000,24875000000,,0.416,,,,,,true,false,12,2016-04-01,2017-03-31,-1
2018-05-10,97590,2019-03-31,,29500000000,0.026,,,,,3700000000,0.032,3700000000,0.016,,2400000000,,57.30,,,,,,,,,,,,,,,,,,,,,,true,true,6,2018-04-01,2018-09-30,1
2018-05-10,97590,2019-03-31,,60000000000,0.033,,,,,8100000000,0.023,8200000000,0.010,,5500000000,,131.49,,,,,,,,,,,,,,,,0.411,,,,,,true,true,12,2018-04-01,2019-03-31,1
2018-05-10,97590,2018-03-31,,50811000000,0.051,,,,,7000000000,0.054,7421000000,0.055,5136000000,,0.116,121.29,121.28,,,,,52101000000,45828000000,0.880,1085.07,45828000000,,,,,52.00,,,,47172160,4936443,42353659,false,false,12,2017-04-01,2018-03-31,0
2018-05-10,97590,2017-03-31,,48324000000,0.071,,,,,6643000000,0.058,7032000000,0.084,4604000000,,1.559,107.24,107.23,,,,,49458000000,43939000000,0.888,1023.84,43939000000,,,,,44.00,,,,48172160,5255654,42942240,false,false,12,2016-04-01,2017-03-31,-1
2018-05-10,97590,2019-03-31,,,,,,,,,,,,,,,,,,,,,,,,,,,,,,54.00,,,,,,,false,true,12,2018-04-01,2019-03-31,1
2018-07-30,97590,2019-03-31,1,15112000000,0.060,,,,,1974000000,0.111,1969000000,0.084,,1205000000,,28.68,28.68,,,,,50599000000,43756000000,0.857,,43349000000,,,,,,,,,,,,true,false,3,2018-04-01,2018-06-30,0
2018-07-30,97590,2018-03-31,1,14263000000,0.073,,,,,1777000000,0.284,1816000000,0.304,,1126000000,,26.42,26.42,,,,,,,,,,,,,,,,,,,,,true,false,3,2017-04-01,2017-06-30,-1
2018-07-30,97590,2019-03-31,1,29500000000,0.026,,,,,3700000000,0.032,3700000000,0.016,,2400000000,,57.25,,,,,,,,,,,,,,,,,,,,,,true,true,6,2018-04-01,2018-09-30,0
2018-07-30,97590,2019-03-31,1,60000000000,0.033,,,,,8100000000,0.023,8200000000,0.010,,5500000000,,131.35,,,,,,,,,,,,,,,,,,,,,,true,true,12,2018-04-01,2019-03-31,0
2018-07-30,97590,2018-03-31,1,,,,,,,,,,,,,,,,,,,,54046000000,46013000000,0.839,,45368000000,,,,,,,,,,,,true,false,12,2017-04-01,2018-03-31,-1
2018-07-30,97590,2018-03-31,1,,,,,,,,,,,,,,,,,,,,,,,,,,,,,52.00,,,,47172160,4936443,,false,false,12,2017-04-01,2018-03-31,-1
2018-07-30,97590,2019-03-31,1,,,,,,,,,,,,,,,,,,,,,,,,,,,,,54.00,,,,,,,false,true,12,2018-04-01,2019-03-31,0
2018-07-30,97590,2019-03-31,1,,,,,,,,,,,,,,,,,,,,,,,,,,,,,,,,,47172160,5351137,42023826,false,false,3,2018-04-01,2018-06-30,0
2018-07-30,97590,2018-03-31,1,,,,,,,,,,,,,,,,,,,,,,,,,,,,,,,,,,,42650444,false,false,3,2017-04-01,2017-06-30,-1
2018-10-31,97590,2019-03-31,2,30515000000,0.061,,,,,4007000000,0.117,3976000000,0.092,,2548000000,,60.79,60.79,,,,,53765000000,45248000000,0.834,,44831000000,,,,,,,,,,,,true,false,6,2018-04-01,2018-09-30,0
2018-10-31,97590,2018-03-31,2,28765000000,0.071,,,,,3586000000,0.184,3641000000,0.197,,2313000000,,54.48,54.47,,,,,,,,,,,,,,,,,,,,,true,false,6,2017-04-01,2017-09-30,-1
2018-10-31,97590,2019-03-31,2,61300000000,0.055,,,,,8440000000,0.066,8510000000,0.048,,5670000000,,135.70,,,,,,,,,,,,,,,,,,,,,,true,true,12,2018-04-01,2019-03-31,0
2018-10-31,97590,2018-03-31,2,,,,,,,,,,,,,,,,,,,,54046000000,46013000000,0.839,,45368000000,,,,,,,,,,,,true,false,12,2017-04-01,2018-03-31,-1
2018-10-31,97590,2018-03-31,2,,,,,,,,,,,,,,,,,,,,,,,,,,,,,52.00,,,,47172160,4936443,,false,false,12,2017-04-01,2018-03-31,-1
2018-10-31,97590,2019-03-31,2,,,,,,,,,,,,,,,,,,,,,,,,,,,,,0.00,,,,,,,false,false,12,2018-04-01,2019-03-31,0
2018-10-31,97590,2019-03-31,2,,,,,,,,,,,,,,,,,,,,,,,,,,,,,57.00,,,,,,,false,true,12,2018-04-01,2019-03-31,0
2018-10-31,97590,2019-03-31,2,,,,,,,,,,,,,,,,,,,,,,,,,,,,,,,,,47172160,5351311,41922371,false,false,6,2018-04-01,2018-09-30,0
2018-10-31,97590,2018-03-31,2,,,,,,,,,,,,,,,,,,,,,,,,,,,,,,,,,,,42471348,false,false,6,2017-04-01,2017-09-30,-1
2018-10-31,97590,2019-03-31,,61300000000,0.022,,,,,8440000000,0.042,8510000000,0.038,,5670000000,,135.70,,,,,,,,,,,,,,,,,,,,,,true,true,12,2018-04-01,2019-03-31,0
2018-10-31,97590,2018-03-31,,58080000000,,,,,,7918000000,,8119000000,,,5368000000,,126.76,,,,,,,,,,,,,,,,,,,,,,true,false,12,2017-04-01,2018-03-31,-1
,97590,2019-03-31,,,,,,,,,,,,,,,,,,,,,,,,,,,,,,57.00,,,,,,,false,true,12,2018-04-01,2019-03-31,0
,97590,2019-03-31,,,,,,,,,,,,,,,,,,,,,,,,,,,,,,0.00,,,,,,,false,false,12,2018-04-01,2019-03-31,0
,97590,2018-03-31,,,,,,,,,,,,,,,,,,,,,,,,,,,,,,52.00,,,,,,,false,false,12,2017-04-01,2018-03-31,-1
2019-01-30,97590,2019-03-31,3,46079000000,0.068,,,,,6343000000,0.115,6414000000,0.093,,4201000000,,100.38,100.38,,,,,54470000000,46329000000,0.843,,45899000000,,,,,,,,,,,,true,false,9,2018-04-01,2018-12-31,0
2019-01-30,97590,2018-03-31,3,43143000000,0.063,,,,,5687000000,0.182,5867000000,0.184,,3835000000,,90.46,90.46,,,,,,,,,,,,,,,,,,,,,true,false,9,2017-04-01,2017-12-31,-1
2019-01-30,97590,2019-03-31,3,61300000000,0.055,,,,,8440000000,0.066,8510000000,0.048,,5670000000,,135.80,,,,,,,,,,,,,,,,,,,,,,true,true,12,2018-04-01,2019-03-31,0
2019-01-30,97590,2018-03-31,3,,,,,,,,,,,,,,,,,,,,54046000000,46013000000,0.839,,45368000000,,,,,,,,,,,,true,false,12,2017-04-01,2018-03-31,-1
2019-01-30,97590,2018-03-31,3,,,,,,,,,,,,,,,,,,,,,,,,,,,,,52.00,,,,47172160,4936443,,false,false,12,2017-04-01,2018-03-31,-1
2019-01-30,97590,2019-03-31,3,,,,,,,,,,,,,,,,,,,,,,,,,,,,,0.00,,,,,,,false,false,12,2018-04-01,2019-03-31,0
2019-01-30,97590,2019-03-31,3,,,,,,,,,,,,,,,,,,,,,,,,,,,,,57.00,,,,,,,false,true,12,2018-04-01,2019-03-31,0
2019-01-30,97590,2019-03-31,3,,,,,,,,,,,,,,,,,,,,,,,,,,,,,,,,,47172160,5563156,41852938,false,false,9,2018-04-01,2018-12-31,0
2019-01-30,97590,2018-03-31,3,,,,,,,,,,,,,,,,,,,,,,,,,,,,,,,,,,,42392949,false,false,9,2017-04-01,2017-12-31,-1
2019-05-08,97590,2019-03-31,,61944000000,0.067,,,,,8654000000,0.093,8756000000,0.078,,5817000000,,139.31,139.30,0.126,0.159,0.140,,55878000000,47345000000,0.839,1132.72,46898000000,5461000000,-412000000,-4556000000,22681000000,,0.431,,,,,,true,false,12,2018-04-01,2019-03-31,0
2019-05-08,97590,2018-03-31,,58080000000,0.052,,,,,7918000000,0.104,8119000000,0.112,,5368000000,,126.76,126.76,0.121,0.155,0.136,,54046000000,46013000000,0.839,1074.17,45368000000,6457000000,-5822000000,-3321000000,22168000000,,0.410,,,,,,true,false,12,2017-04-01,2018-03-31,-1
2019-05-08,97590,2020-03-31,,32000000000,0.049,,,,,4300000000,0.073,4300000000,0.081,,2750000000,,67.40,,,,,,,,,,,,,,,,,,,,,,true,true,6,2019-04-01,2019-09-30,1
2019-05-08,97590,2020-03-31,,65500000000,0.057,,,,,9300000000,0.075,9400000000,0.074,,6100000000,,149.86,,,,,,,,,,,,,,,,0.608,,,,,,true,true,12,2019-04-01,2020-03-31,1
2019-05-08,97590,2019-03-31,,53930000000,0.061,,,,,7923000000,0.132,8557000000,0.153,5974000000,,0.163,143.07,143.06,,,,,54426000000,47587000000,0.874,1149.36,47587000000,,,,,60.00,,,,47172160,5768424,41757765,false,false,12,2018-04-01,2019-03-31,0
2019-05-08,97590,2018-03-31,,50811000000,0.051,,,,,7000000000,0.054,7421000000,0.055,5136000000,,0.116,121.29,121.28,,,,,52101000000,45828000000,0.880,1085.07,45828000000,,,,,52.00,,,,47172160,4936443,42353659,false,false,12,2017-04-01,2018-03-31,-1
2019-05-08,97590,2020-03-31,,,,,,,,,,,,,,,,,,,,,,,,,,,,,,91.00,,,,,,,false,true,12,2019-04-01,2020-03-31,1
2019-07-31,97590,2020-03-31,1,15770000000,0.050,,,,,1953000000,0.010,1961000000,-0.005,,1123000000,,27.41,27.41,,,,,50496000000,43101000000,0.844,,42605000000,,,,,,,,,,,,true,false,3,2019-04-01,2019-06-30,0
2019-07-31,97590,2019-03-31,1,15018000000,0.060,,,,,1933000000,0.112,1969000000,0.084,,1205000000,,28.68,28.68,,,,,,,,,,,,,,,,,,,,,true,false,3,2018-04-01,2018-06-30,-1
2019-07-31,97590,2020-03-31,1,32000000000,0.055,,,,,4300000000,0.096,4300000000,0.081,,2750000000,,67.55,,,,,,,,,,,,,,,,,,,,,,true,true,6,2019-04-01,2019-09-30,0
2019-07-31,97590,2020-03-31,1,65500000000,0.064,,,,,9300000000,0.095,9400000000,0.074,,6100000000,,150.35,,,,,,,,,,,,,,,,,,,,,,true,true,12,2019-04-01,2020-03-31,0
2019-07-31,97590,2019-03-31,1,,,,,,,,,,,,,,,,,,,,55878000000,47345000000,0.839,,46898000000,,,,,,,,,,,,true,false,12,2018-04-01,2019-03-31,-1
2019-07-31,97590,2019-03-31,1,,,,,,,,,,,,,,,,,,,,,,,,,,,,,60.00,,,,47172160,5768424,,false,false,12,2018-04-01,2019-03-31,-1
2019-07-31,97590,2020-03-31,1,,,,,,,,,,,,,,,,,,,,,,,,,,,,,91.00,,,,,,,false,true,12,2019-04-01,2020-03-31,0
2019-07-31,97590,2020-03-31,1,,,,,,,,,,,,,,,,,,,,,,,,,,,,,,,,,47172160,6736781,40987012,false,false,3,2019-04-01,2019-06-30,0
2019-07-31,97590,2019-03-31,1,,,,,,,,,,,,,,,,,,,,,,,,,,,,,,,,,,,42023826,false,false,3,2018-04-01,2018-06-30,-1
,97590,2020-03-31,,,,,,,,,,,,,,,,,,,,,,,,,,,,,,92.00,,,,,,,false,true,12,2019-04-01,2020-03-31,0
,97590,2020-03-31,,,,,,,,,,,,,,,,,,,,,,,,,,,,,,28.00,,,,,,,false,false,12,2019-04-01,2020-03-31,0
,97590,2019-03-31,,,,,,,,,,,,,,,,,,,,,,,,,,,,,,60.00,,,,,,,false,false,12,2018-04-01,2019-03-31,-1
2019-10-31,97590,2020-03-31,2,32152000000,0.060,,,,,4430000000,0.129,4438000000,0.116,,2797000000,,68.71,68.71,,,,,53832000000,44873000000,0.824,,44367000000,,,,,,,,,,,,true,false,6,2019-04-01,2019-09-30,0
2019-10-31,97590,2019-03-31,2,30327000000,0.054,,,,,3924000000,0.094,3976000000,0.092,,2548000000,,60.79,60.79,,,,,,,,,,,,,,,,,,,,,true,false,6,2018-04-01,2018-09-30,-1
2019-10-31,97590,2020-03-31,2,65500000000,0.064,,,,,9300000000,0.095,9400000000,0.074,,6100000000,,75.56,,,,,,,,,,,,,,,,,,,,,,true,true,12,2019-04-01,2020-03-31,0
2019-10-31,97590,2019-03-31,2,,,,,,,,,,,,,,,,,,,,55878000000,47345000000,0.839,,46898000000,,,,,,,,,,,,true,false,12,2018-04-01,2019-03-31,-1
2019-10-31,97590,2019-03-31,2,,,,,,,,,,,,,,,,,,,,,,,,,,,,,60.00,,,,47172160,5768424,,false,false,12,2018-04-01,2019-03-31,-1
2019-10-31,97590,2020-03-31,2,,,,,,,,,,,,,,,,,,,,,,,,,,,,,28.00,,,,,,,false,false,12,2019-04-01,2020-03-31,0
2019-10-31,97590,2020-03-31,2,,,,,,,,,,,,,,,,,,,,,,,,,,,,,32.00,,,,,,,false,true,12,2019-04-01,2020-03-31,0
2019-10-31,97590,2020-03-31,2,,,,,,,,,,,,,,,,,,,,,,,,,,,,,,,,,47172160,6736924,40711158,false,false,6,2019-04-01,2019-09-30,0
2019-10-31,97590,2019-03-31,2,,,,,,,,,,,,,,,,,,,,,,,,,,,,,,,,,,,41922371,false,false,6,2018-04-01,2018-09-30,-1
,97590,2020-03-31,,,,,,,,,,,,,,,,,,,,,,,,,,,,,,32.00,,,,,,,false,true,12,2019-04-01,2020-03-31,0
,97590,2020-03-31,,,,,,,,,,,,,,,,,,,,,,,,,,,,,,28.00,,,,,,,false,false,12,2019-04-01,2020-03-31,0
,97590,2019-03-31,,,,,,,,,,,,,,,,,,,,,,,,,,,,,,60.00,,,,,,,false,false,12,2018-04-01,2019-03-31,-1
2020-01-31,97590,2020-03-31,3,48720000000,0.064,,,,,6987000000,0.123,7078000000,0.103,,4540000000,,56.03,56.02,,,,,52944000000,44104000000,0.823,,43579000000,,,,,,,,,,,,true,false,9,2019-04-01,2019-12-31,0
2020-01-31,97590,2019-03-31,3,45799000000,0.062,,,,,6220000000,0.094,6414000000,0.093,,4201000000,,50.19,50.19,,,,,,,,,,,,,,,,,,,,,true,false,9,2018-04-01,2018-12-31,-1
2020-01-31,97590,2020-03-31,3,65500000000,0.064,,,,,9300000000,0.095,9400000000,0.074,,6100000000,,75.57,,,,,,,,,,,,,,,,,,,,,,true,true,12,2019-04-01,2020-03-31,0
2020-01-31,97590,2019-03-31,3,,,,,,,,,,,,,,,,,,,,55878000000,47345000000,0.839,,46898000000,,,,,,,,,,,,true,false,12,2018-04-01,2019-03-31,-1
2020-01-31,97590,2019-03-31,3,,,,,,,,,,,,,,,,,,,,,,,,,,,,,60.00,,,,94344320,11536848,,false,false,12,2018-04-01,2019-03-31,-1
2020-01-31,97590,2020-03-31,3,,,,,,,,,,,,,,,,,,,,,,,,,,,,,28.00,,,,,,,false,false,12,2019-04-01,2020-03-31,0
2020-01-31,97590,2020-03-31,3,,,,,,,,,,,,,,,,,,,,,,,,,,,,,32.00,,,,,,,false,true,12,2019-04-01,2020-03-31,0
2020-01-31,97590,2020-03-31,3,,,,,,,,,,,,,,,,,,,,,,,,,,,,,,,,,92344320,12361596,81041091,false,false,9,2019-04-01,2019-12-31,0
2020-01-31,97590,2019-03-31,3,,,,,,,,,,,,,,,,,,,,,,,,,,,,,,,,,,,83705876,false,false,9,2018-04-01,2018-12-31,-1
2020-05-08,97590,2020-03-31,,65063000000,0.057,,,,,9545000000,0.124,9661000000,0.103,,6314000000,,78.21,78.21,0.138,0.176,0.147,,53885000000,44978000000,0.825,557.46,44437000000,6764000000,4285000000,-8569000000,25172000000,,0.588,,,,,,true,false,12,2019-04-01,2020-03-31,0
2020-05-08,97590,2019-03-31,,61573000000,0.067,,,,,8492000000,0.089,8756000000,0.078,,5817000000,,69.65,69.65,0.126,0.159,0.138,,55878000000,47345000000,0.839,566.36,46898000000,5461000000,-412000000,-4556000000,22681000000,,0.431,,,,,,true,false,12,2018-04-01,2019-03-31,-1
2020-05-08,97590,2020-03-31,,57593000000,0.068,,,,,8790000000,0.109,9428000000,0.102,6605000000,,0.106,81.82,81.82,,,,,53373000000,45536000000,0.853,571.24,45536000000,,,,,32.00,,,,92344320,12629524,80731840,false,false,12,2019-04-01,2020-03-31,0
2020-05-08,97590,2019-03-31,,53930000000,0.061,,,,,7923000000,0.132,8557000000,0.153,5974000000,,0.163,71.54,71.53,,,,,54426000000,47587000000,0.874,574.68,47587000000,,,,,60.00,,,,94344320,11536848,83515531,false,false,12,2018-04-01,2019-03-31,-1
2020-07-30,97590,2021-03-31,1,16209000000,0.028,,,,,2380000000,0.219,2379000000,0.213,,1372000000,,17.21,17.21,,,,,51697000000,43932000000,0.840,,43406000000,,,,,,,,,,,,true,false,3,2020-04-01,2020-06-30,0
2020-07-30,97590,2020-03-31,1,15770000000,0.050,,,,,1953000000,0.010,1961000000,-0.005,,1123000000,,13.70,13.70,,,,,,,,,,,,,,,,,,,,,true,false,3,2019-04-01,2019-06-30,-1
2020-07-30,97590,2020-03-31,1,,,,,,,,,,,,,,,,,,,,53885000000,44978000000,0.825,,44437000000,,,,,,,,,,,,true,false,12,2019-04-01,2020-03-31,-1
2020-07-30,97590,2020-03-31,1,,,,,,,,,,,,,,,,,,,,,,,,,,,,,32.00,,,,92344320,12629524,,false,false,12,2019-04-01,2020-03-31,-1
2020-07-30,97590,2021-03-31,1,,,,,,,,,,,,,,,,,,,,,,,,,,,,,,,,,92344320,12629702,79714705,false,false,3,2020-04-01,2020-06-30,0
2020-07-30,97590,2020-03-31,1,,,,,,,,,,,,,,,,,,,,,,,,,,,,,,,,,,,81974025,false,false,3,2019-04-01,2019-06-30,-1
2020-10-29,97590,2021-03-31,2,32577000000,0.013,,,,,4644000000,0.048,4647000000,0.047,,2880000000,,36.14,36.13,,,,,54989000000,45541000000,0.819,,45010000000,,,,,,,,,,,,true,false,6,2020-04-01,2020-09-30,0
2020-10-29,97590,2020-03-31,2,32152000000,0.060,,,,,4430000000,0.129,4438000000,0.116,,2797000000,,34.36,34.36,,,,,,,,,,,,,,,,,,,,,true,false,6,2019-04-01,2019-09-30,-1
2020-10-29,97590,2021-03-31,2,66200000000,0.017,,,,,9850000000,0.032,9950000000,0.030,,6500000000,,81.66,,,,,,,,,,,,,,,,,,,,,,true,true,12,2020-04-01,2021-03-31,0
2020-10-29,97590,2020-03-31,2,,,,,,,,,,,,,,,,,,,,53885000000,44978000000,0.825,,44437000000,,,,,,,,,,,,true,false,12,2019-04-01,2020-03-31,-1
2020-10-29,97590,2020-03-31,2,,,,,,,,,,,,,,,,,,,,,,,,,,,,,32.00,,,,92344320,12629524,,false,false,12,2019-04-01,2020-03-31,-1
2020-10-29,97590,2021-03-31,2,,,,,,,,,,,,,,,,,,,,,,,,,,,,,0.00,,,,,,,false,false,12,2020-04-01,2021-03-31,0
2020-10-29,97590,2021-03-31,2,,,,,,,,,,,,,,,,,,,,,,,,,,,,,42.00,,,,,,,false,true,12,2020-04-01,2021-03-31,0
2020-10-29,97590,2021-03-31,2,,,,,,,,,,,,,,,,,,,,,,,,,,,,,,,,,92344320,12629722,79714651,false,false,6,2020-04-01,2020-09-30,0
2020-10-29,97590,2020-03-31,2,,,,,,,,,,,,,,,,,,,,,,,,,,,,,,,,,,,81422316,false,false,6,2019-04-01,2019-09-30,-1
2020-10-29,97590,2021-03-31,,66200000000,,,,,,9850000000,,9950000000,,,6500000000,,81.66,,,,,,,,,,,,,,,,,,,,,,true,true,12,2020-04-01,2021-03-31,0
2020-10-29,97590,2020-03-31,,65063000000,,,,,,9545000000,,9661000000,,,6314000000,,78.21,,,,,,,,,,,,,,,,,,,,,,true,false,12,2019-04-01,2020-03-31,-1
,97590,2021-03-31,,,,,,,,,,,,,,,,,,,,,,,,,,,,,,42.00,,,,,,,false,true,12,2020-04-01,2021-03-31,0
,97590,2021-03-31,,,,,,,,,,,,,,,,,,,,,,,,,,,,,,0.00,,,,,,,false,false,12,2020-04-01,2021-03-31,0
,97590,2020-03-31,,,,,,,,,,,,,,,,,,,,,,,,,,,,,,32.00,,,,,,,false,false,12,2019-04-01,2020-03-31,-1
2021-01-29,97590,2021-03-31,3,49023000000,0.006,,,,,7184000000,0.028,7265000000,0.026,,4676000000,,58.70,58.70,,,,,56267000000,46887000000,0.824,,46346000000,,,,,,,,,,,,true,false,9,2020-04-01,2020-12-31,0
2021-01-29,97590,2020-03-31,3,48720000000,0.064,,,,,6987000000,0.123,7078000000,0.103,,4540000000,,56.03,56.02,,,,,,,,,,,,,,,,,,,,,true,false,9,2019-04-01,2019-12-31,-1
2021-01-29,97590,2021-03-31,3,66200000000,0.017,,,,,9850000000,0.032,9950000000,0.030,,6500000000,,81.69,,,,,,,,,,,,,,,,,,,,,,true,true,12,2020-04-01,2021-03-31,0
2021-01-29,97590,2020-03-31,3,,,,,,,,,,,,,,,,,,,,53885000000,44978000000,0.825,,44437000000,,,,,,,,,,,,true,false,12,2019-04-01,2020-03-31,-1
2021-01-29,97590,2020-03-31,3,,,,,,,,,,,,,,,,,,,,,,,,,,,,,32.00,,,,92344320,12629524,,false,false,12,2019-04-01,2020-03-31,-1
2021-01-29,97590,2021-03-31,3,,,,,,,,,,,,,,,,,,,,,,,,,,,,,0.00,,,,,,,false,false,12,2020-04-01,2021-03-31,0
2021-01-29,97590,2021-03-31,3,,,,,,,,,,,,,,,,,,,,,,,,,,,,,42.00,,,,,,,false,true,12,2020-04-01,2021-03-31,0
2021-01-29,97590,2021-03-31,3,,,,,,,,,,,,,,,,,,,,,,,,,,,,,,,,,92344320,12885406,79659704,false,false,9,2020-04-01,2020-12-31,0
2021-01-29,97590,2020-03-31,3,,,,,,,,,,,,,,,,,,,,,,,,,,,,,,,,,,,81041091,false,false,9,2019-04-01,2019-12-31,-1
2021-01-29,97590,2021-03-31,3,49023000000,0.006,,,,,7184000000,0.028,7265000000,0.026,,4676000000,,58.70,58.70,,,,,56267000000,46887000000,0.824,,46346000000,,,,,,,,,,,,true,false,9,2020-04-01,2020-12-31,0
2021-01-29,97590,2020-03-31,3,48720000000,0.064,,,,,6987000000,0.123,7078000000,0.103,,4540000000,,56.03,56.02,,,,,,,,,,,,,,,,,,,,,true,false,9,2019-04-01,2019-12-31,-1
2021-01-29,97590,2021-03-31,3,66200000000,0.017,,,,,9850000000,0.032,9950000000,0.030,,6500000000,,81.69,,,,,,,,,,,,,,,,,,,,,,true,true,12,2020-04-01,2021-03-31,0
2021-01-29,97590,2020-03-31,3,,,,,,,,,,,,,,,,,,,,53885000000,44978000000,0.825,,44437000000,,,,,,,,,,,,true,false,12,2019-04-01,2020-03-31,-1
2021-01-29,97590,2020-03-31,3,,,,,,,,,,,,,,,,,,,,,,,,,,,,,32.00,,,,92344320,12629524,,false,false,12,2019-04-01,2020-03-31,-1
2021-01-29,97590,2021-03-31,3,,,,,,,,,,,,,,,,,,,,,,,,,,,,,0.00,,,,,,,false,false,12,2020-04-01,2021-03-31,0
2021-01-29,97590,2021-03-31,3,,,,,,,,,,,,,,,,,,,,,,,,,,,,,42.00,,,,,,,false,true,12,2020-04-01,2021-03-31,0
2021-01-29,97590,2021-03-31,3,,,,,,,,,,,,,,,,,,,,,,,,,,,,,,,,,92344320,12885406,79659704,false,false,9,2020-04-01,2020-12-31,0
2021-01-29,97590,2020-03-31,3,,,,,,,,,,,,,,,,,,,,,,,,,,,,,,,,,,,81041091,false,false,9,2019-04-01,2019-12-31,-1
2021-05-10,97590,2021-03-31,,66184000000,0.017,,,,,9842000000,0.031,9955000000,0.030,,6373000000,,80.10,80.09,0.137,0.176,0.149,,59458000000,49173000000,0.818,613.71,48611000000,8157000000,-658000000,-3628000000,29029000000,,0.524,,,,,,true,false,12,2020-04-01,2021-03-31,0
2021-05-10,97590,2020-03-31,,65063000000,0.057,,,,,9545000000,0.124,9661000000,0.103,,6314000000,,78.21,78.21,0.138,0.176,0.147,,53885000000,44978000000,0.825,557.46,44437000000,6764000000,4285000000,-8569000000,25172000000,,0.588,,,,,,true,false,12,2019-04-01,2020-03-31,-1
2021-05-10,97590,2022-03-31,,34000000000,0.044,,,,,4650000000,0.001,4650000000,0.001,,3050000000,,38.66,,,,,,,,,,,,,,,,,,,,,,true,true,6,2021-04-01,2021-09-30,1
2021-05-10,97590,2022-03-31,,70000000000,0.058,,,,,10000000000,0.016,10100000000,0.014,,6800000000,,86.26,,,,,,,,,,,,,,,,0.522,,,,,,true,true,12,2021-04-01,2022-03-31,1
2021-05-10,97590,2021-03-31,,59396000000,0.031,,,,,9076000000,0.032,9703000000,0.029,6532000000,,-0.011,82.10,82.09,,,,,57655000000,48738000000,0.845,615.31,48738000000,,,,,42.00,,,,92344320,13135792,79573225,false,false,12,2020-04-01,2021-03-31,0
2021-05-10,97590,2020-03-31,,57593000000,0.068,,,,,8790000000,0.109,9428000000,0.102,6605000000,,0.106,81.82,81.82,,,,,53373000000,45536000000,0.853,571.24,45536000000,,,,,32.00,,,,92344320,12629524,80731840,false,false,12,2019-04-01,2020-03-31,-1
2021-05-10,97590,2022-03-31,,,,,,,,,,,,,,,,,,,,,,,,,,,,,,45.00,,,,,,,false,true,12,2021-04-01,2022-03-31,1
2021-07-30,97590,2022-03-31,1,16879000000,0.041,,,,,2500000000,0.050,2525000000,0.061,,1589000000,,20.12,20.12,,,,,55086000000,46710000000,0.838,,46139000000,,,,,,,,,,,,true,false,3,2021-04-01,2021-06-30,0
2021-07-30,97590,2021-03-31,1,16209000000,0.028,,,,,2380000000,0.219,2379000000,0.213,,1372000000,,17.21,17.21,,,,,,,,,,,,,,,,,,,,,true,false,3,2020-04-01,2020-06-30,-1
2021-07-30,97590,2022-03-31,1,34000000000,0.044,,,,,4650000000,0.001,4650000000,0.001,,3050000000,,38.65,,,,,,,,,,,,,,,,,,,,,,true,true,6,2021-04-01,2021-09-30,0
2021-07-30,97590,2022-03-31,1,70000000000,0.058,,,,,10000000000,0.016,10100000000,0.014,,6800000000,,86.20,,,,,,,,,,,,,,,,,,,,,,true,true,12,2021-04-01,2022-03-31,0
2021-07-30,97590,2021-03-31,1,,,,,,,,,,,,,,,,,,,,59458000000,49173000000,0.818,,48611000000,,,,,,,,,,,,true,false,12,2020-04-01,2021-03-31,-1
2021-07-30,97590,2021-03-31,1,,,,,,,,,,,,,,,,,,,,,,,,,,,,,42.00,,,,92344320,13135792,,false,false,12,2020-04-01,2021-03-31,-1
2021-07-30,97590,2022-03-31,1,,,,,,,,,,,,,,,,,,,,,,,,,,,,,45.00,,,,,,,false,true,12,2021-04-01,2022-03-31,0
2021-07-30,97590,2022-03-31,1,,,,,,,,,,,,,,,,,,,,,,,,,,,,,,,,,92344320,13524868,78997683,false,false,3,2021-04-01,2021-06-30,0
2021-07-30,97590,2021-03-31,1,,,,,,,,,,,,,,,,,,,,,,,,,,,,,,,,,,,79714705,false,false,3,2020-04-01,2020-06-30,-1
2021-10-28,97590,2022-03-31,2,34334000000,0.054,,,,,5223000000,0.125,5297000000,0.140,,3493000000,,44.27,44.27,,,,,59070000000,48715000000,0.815,,48125000000,,,,,,,,,,,,true,false,6,2021-04-01,2021-09-30,0
2021-10-28,97590,2021-03-31,2,32577000000,0.013,,,,,4644000000,0.048,4647000000,0.047,,2880000000,,36.14,36.13,,,,,,,,,,,,,,,,,,,,,true,false,6,2020-04-01,2020-09-30,-1
2021-10-28,97590,2022-03-31,2,70300000000,0.062,,,,,10600000000,0.077,10700000000,0.075,,7200000000,,91.27,,,,,,,,,,,,,,,,,,,,,,true,true,12,2021-04-01,2022-03-31,0
2021-10-28,97590,2021-03-31,2,,,,,,,,,,,,,,,,,,,,59458000000,49173000000,0.818,,48611000000,,,,,,,,,,,,true,false,12,2020-04-01,2021-03-31,-1
2021-10-28,97590,2021-03-31,2,,,,,,,,,,,,,,,,,,,,,,,,,,,,,42.00,,,,92344320,13135792,,false,false,12,2020-04-01,2021-03-31,-1
2021-10-28,97590,2022-03-31,2,,,,,,,,,,,,,,,,,,,,,,,,,,,,,0.00,,,,,,,false,false,12,2021-04-01,2022-03-31,0
2021-10-28,97590,2022-03-31,2,,,,,,,,,,,,,,,,,,,,,,,,,,,,,45.00,,,,,,,false,true,12,2021-04-01,2022-03-31,0
2021-10-28,97590,2022-03-31,2,,,,,,,,,,,,,,,,,,,,,,,,,,,,,,,,,92344320,13499931,78921112,false,false,6,2021-04-01,2021-09-30,0
2021-10-28,97590,2021-03-31,2,,,,,,,,,,,,,,,,,,,,,,,,,,,,,,,,,,,79714651,false,false,6,2020-04-01,2020-09-30,-1
2022-01-31,97590,2022-03-31,3,52238000000,0.066,,,,,8286000000,0.153,8485000000,0.168,,5694000000,,72.18,72.17,,,,,61199000000,50942000000,0.822,,50327000000,,,,,,,,,,,,true,false,9,2021-04-01,2021-12-31,0
2022-01-31,97590,2021-03-31,3,49023000000,0.006,,,,,7184000000,0.028,7265000000,0.026,,4676000000,,58.70,58.70,,,,,,,,,,,,,,,,,,,,,true,false,9,2020-04-01,2020-12-31,-1
2022-01-31,97590,2022-03-31,3,70600000000,0.067,,,,,11200000000,0.138,11400000000,0.145,,7600000000,,96.54,,,,,,,,,,,,,,,,,,,,,,true,true,12,2021-04-01,2022-03-31,0
2022-01-31,97590,2021-03-31,3,,,,,,,,,,,,,,,,,,,,59458000000,49173000000,0.818,,48611000000,,,,,,,,,,,,true,false,12,2020-04-01,2021-03-31,-1
2022-01-31,97590,2021-03-31,3,,,,,,,,,,,,,,,,,,,,,,,,,,,,,42.00,,,,92344320,13135792,,false,false,12,2020-04-01,2021-03-31,-1
2022-01-31,97590,2022-03-31,3,,,,,,,,,,,,,,,,,,,,,,,,,,,,,0.00,,,,,,,false,false,12,2021-04-01,2022-03-31,0
2022-01-31,97590,2022-03-31,3,,,,,,,,,,,,,,,,,,,,,,,,,,,,,52.00,,,,,,,false,true,12,2021-04-01,2022-03-31,0
2022-01-31,97590,2022-03-31,3,,,,,,,,,,,,,,,,,,,,,,,,,,,,,,,,,92344320,13500983,78895372,false,false,9,2021-04-01,2021-12-31,0
2022-01-31,97590,2021-03-31,3,,,,,,,,,,,,,,,,,,,,,,,,,,,,,,,,,,,79659704,false,false,9,2020-04-01,2020-12-31,-1
2022-05-09,97590,2022-03-31,,71188000000,0.076,,,,,11414000000,0.160,11654000000,0.171,,7823000000,,99.37,99.36,0.157,0.190,0.160,,63274000000,51844000000,0.809,657.57,51194000000,7244000000,-377000000,-6146000000,29757000000,,0.523,,,,,,true,false,12,2021-04-01,2022-03-31,0
2022-05-09,97590,2021-03-31,,66184000000,0.017,,,,,9842000000,0.031,9955000000,0.030,,6373000000,,80.10,80.09,0.137,0.176,0.149,,59458000000,49173000000,0.818,613.71,48611000000,8157000000,-658000000,-3628000000,29029000000,,0.524,,,,,,true,false,12,2020-04-01,2021-03-31,-1
2022-05-09,97590,2023-03-31,,36850000000,0.073,,,,,5500000000,0.053,5500000000,0.038,,3550000000,,45.65,,,,,,,,,,,,,,,,,,,,,,true,true,6,2022-04-01,2022-09-30,1
2022-05-09,97590,2023-03-31,,75000000000,0.054,,,,,12000000000,0.051,12100000000,0.038,,8000000000,,103.13,,,,,,,,,,,,,,,,0.524,,,,,,true,true,12,2022-04-01,2023-03-31,1
2022-05-09,97590,2022-03-31,,63604000000,0.071,,,,,10413000000,0.147,10973000000,0.131,7598000000,,0.163,96.51,96.51,,,,,59748000000,50341000000,0.843,646.61,50341000000,,,,,52.00,,,,90000000,12145263,78735308,false,false,12,2021-04-01,2022-03-31,0
2022-05-09,97590,2021-03-31,,59396000000,0.031,,,,,9076000000,0.032,9703000000,0.029,6532000000,,-0.011,82.10,82.09,,,,,57655000000,48738000000,0.845,615.31,48738000000,,,,,42.00,,,,92344320,13135792,79573225,false,false,12,2020-04-01,2021-03-31,-1
2022-05-09,97590,2023-03-31,,,,,,,,,,,,,,,,,,,,,,,,,,,,,,54.00,,,,,,,false,true,12,2022-04-01,2023-03-31,1
2022-07-29,97590,2023-03-31,1,18594000000,0.102,,,,,2888000000,0.155,2915000000,0.154,,1794000000,,23.05,23.05,,,,,59774000000,49744000000,0.821,,49101000000,,,,,,,,,,,,true,false,3,2022-04-01,2022-06-30,0
2022-07-29,97590,2022-03-31,1,16879000000,0.041,,,,,2500000000,0.050,2525000000,0.061,,1589000000,,20.12,20.12,,,,,,,,,,,,,,,,,,,,,true,false,3,2021-04-01,2021-06-30,-1
2022-07-29,97590,2023-03-31,1,36850000000,0.073,,,,,5500000000,0.053,5500000000,0.038,,3550000000,,45.65,,,,,,,,,,,,,,,,,,,,,,true,true,6,2022-04-01,2022-09-30,0
2022-07-29,97590,2023-03-31,1,75000000000,0.054,,,,,12000000000,0.051,12100000000,0.038,,8000000000,,103.13,,,,,,,,,,,,,,,,,,,,,,true,true,12,2022-04-01,2023-03-31,0
2022-07-29,97590,2022-03-31,1,,,,,,,,,,,,,,,,,,,,63274000000,51844000000,0.809,,51194000000,,,,,,,,,,,,true,false,12,2021-04-01,2022-03-31,-1
2022-07-29,97590,2022-03-31,1,,,,,,,,,,,,,,,,,,,,,,,,,,,,,52.00,,,,90000000,12145263,,false,false,12,2021-04-01,2022-03-31,-1
2022-07-29,97590,2023-03-31,1,,,,,,,,,,,,,,,,,,,,,,,,,,,,,54.00,,,,,,,false,true,12,2022-04-01,2023-03-31,0
2022-07-29,97590,2023-03-31,1,,,,,,,,,,,,,,,,,,,,,,,,,,,,,,,,,90000000,12145543,77854557,false,false,3,2022-04-01,2022-06-30,0
2022-07-29,97590,2022-03-31,1,,,,,,,,,,,,,,,,,,,,,,,,,,,,,,,,,,,78997683,false,false,3,2021-04-01,2021-06-30,-1
,97590,2023-03-31,,,,,,,,,,,,,,,,,,,,,,,,,,,,,,64.00,,,,,,,false,true,12,2022-04-01,2023-03-31,0
,97590,2022-03-31,,,,,,,,,,,,,,,,,,,,,,,,,,,,,,52.00,,,,,,,false,false,12,2021-04-01,2022-03-31,-1
2022-10-31,97590,2023-03-31,2,37767000000,0.100,,,,,5970000000,0.143,6012000000,0.135,,5244000000,,67.57,67.56,,,,,63336000000,51197000000,0.798,,50529000000,,,,,,,,,,,,true,false,6,2022-04-01,2022-09-30,0
2022-10-31,97590,2022-03-31,2,34334000000,0.054,,,,,5223000000,0.125,5297000000,0.140,,3493000000,,44.27,44.27,,,,,,,,,,,,,,,,,,,,,true,false,6,2021-04-01,2021-09-30,-1
2022-10-31,97590,2023-03-31,2,76900000000,0.080,,,,,12400000000,0.086,12500000000,0.073,,9600000000,,124.29,,,,,,,,,,,,,,,,,,,,,,true,true,12,2022-04-01,2023-03-31,0
2022-10-31,97590,2022-03-31,2,,,,,,,,,,,,,,,,,,,,63274000000,51844000000,0.809,,51194000000,,,,,,,,,,,,true,false,12,2021-04-01,2022-03-31,-1
2022-10-31,97590,2022-03-31,2,,,,,,,,,,,,,,,,,,,,,,,,,,,,,52.00,,,,90000000,12145263,,false,false,12,2021-04-01,2022-03-31,-1
2022-10-31,97590,2023-03-31,2,,,,,,,,,,,,,,,,,,,,,,,,,,,,,10.00,,,,,,,false,false,12,2022-04-01,2023-03-31,0
2022-10-31,97590,2023-03-31,2,,,,,,,,,,,,,,,,,,,,,,,,,,,,,64.00,,,,,,,false,true,12,2022-04-01,2023-03-31,0
2022-10-31,97590,2023-03-31,2,,,,,,,,,,,,,,,,,,,,,,,,,,,,,,,,,87000000,10003802,77613143,false,false,6,2022-04-01,2022-09-30,0
2022-10-31,97590,2022-03-31,2,,,,,,,,,,,,,,,,,,,,,,,,,,,,,,,,,,,78921112,false,false,6,2021-04-01,2021-09-30,-1
2023-01-31,97590,2023-03-31,3,57252000000,0.096,,,,,9232000000,0.114,9342000000,0.101,,7864000000,,101.66,101.65,,,,,64339000000,52689000000,0.808,,51971000000,,,,,,,,,,,,true,false,9,2022-04-01,2022-12-31,0
2023-01-31,97590,2022-03-31,3,52238000000,0.066,,,,,8286000000,0.153,8485000000,0.168,,5694000000,,72.18,72.17,,,,,,,,,,,,,,,,,,,,,true,false,9,2021-04-01,2021-12-31,-1
2023-01-31,97590,2023-03-31,3,76900000000,0.080,,,,,12400000000,0.086,12500000000,0.073,,9600000000,,124.29,,,,,,,,,,,,,,,,,,,,,,true,true,12,2022-04-01,2023-03-31,0
2023-01-31,97590,2022-03-31,3,,,,,,,,,,,,,,,,,,,,63274000000,51844000000,0.809,,51194000000,,,,,,,,,,,,true,false,12,2021-04-01,2022-03-31,-1
2023-01-31,97590,2022-03-31,3,,,,,,,,,,,,,,,,,,,,,,,,,,,,,52.00,,,,90000000,12145263,,false,false,12,2021-04-01,2022-03-31,-1
2023-01-31,97590,2023-03-31,3,,,,,,,,,,,,,,,,,,,,,,,,,,,,,10.00,,,,,,,false,false,12,2022-04-01,2023-03-31,0
2023-01-31,97590,2023-03-31,3,,,,,,,,,,,,,,,,,,,,,,,,,,,,,64.00,,,,,,,false,true,12,2022-04-01,2023-03-31,0
2023-01-31,97590,2023-03-31,3,,,,,,,,,,,,,,,,,,,,,,,,,,,,,,,,,87000000,10131286,77365069,false,false,9,2022-04-01,2022-12-31,0
2023-01-31,97590,2022-03-31,3,,,,,,,,,,,,,,,,,,,,,,,,,,,,,,,,,,,78895372,false,false,9,2021-04-01,2021-12-31,-1
2023-05-09,97590,2023-03-31,,77982000000,0.095,,,,,12524000000,0.097,12662000000,0.087,,10219000000,,132.31,132.30,0.193,0.193,0.161,,68159000000,55458000000,0.803,711.73,54709000000,10067000000,6018000000,-7574000000,38297000000,,0.506,,,,,,true,false,12,2022-04-01,2023-03-31,0
2023-05-09,97590,2022-03-31,,71188000000,0.076,,,,,11414000000,0.160,11654000000,0.171,,7823000000,,99.37,99.36,0.157,0.190,0.160,,63274000000,51844000000,0.809,657.57,51194000000,7244000000,-377000000,-6146000000,29757000000,,0.523,,,,,,true,false,12,2021-04-01,2022-03-31,-1
2023-05-09,97590,2024-03-31,,47450000000,0.256,,,,,6300000000,0.055,6300000000,0.048,,3800000000,,49.44,,,,,,,,,,,,,,,,,,,,,,true,true,6,2023-04-01,2023-09-30,1
2023-05-09,97590,2024-03-31,,97000000000,0.244,,,,,14000000000,0.118,14000000000,0.106,,8700000000,,113.18,,,,,,,,,,,,,,,,0.601,,,,,,true,true,12,2023-04-01,2024-03-31,1
2023-05-09,97590,2023-03-31,,68651000000,0.079,,,,,11631000000,0.117,12446000000,0.134,9775000000,,0.286,126.56,126.55,,,,,63240000000,52906000000,0.837,688.27,52906000000,,,,,67.00,,,,87000000,10131584,77240949,false,false,12,2022-04-01,2023-03-31,0
2023-05-09,97590,2022-03-31,,63604000000,0.071,,,,,10413000000,0.147,10973000000,0.131,7598000000,,0.163,96.51,96.51,,,,,59748000000,50341000000,0.843,646.61,50341000000,,,,,52.00,,,,90000000,12145263,78735308,false,false,12,2021-04-01,2022-03-31,-1
2023-05-09,97590,2024-03-31,,,,,,,,,,,,,,,,,,,,,,,,,,,,,,68.00,,,,,,,false,true,12,2023-04-01,2024-03-31,1
2023-07-31,97590,2024-03-31,1,24007000000,0.291,,,,,3376000000,0.169,3377000000,0.159,,1688000000,,21.97,21.97,,,,,70515000000,53037000000,0.741,,52223000000,,,,,,,,,,,,true,false,3,2023-04-01,2023-06-30,0
2023-07-31,97590,2023-03-31,1,18594000000,0.102,,,,,2888000000,0.155,2915000000,0.154,,1794000000,,23.05,23.05,,,,,,,,,,,,,,,,,,,,,true,false,3,2022-04-01,2022-06-30,-1
2023-07-31,97590,2024-03-31,1,47450000000,0.256,,,,,6300000000,0.055,6300000000,0.048,,3800000000,,49.44,,,,,,,,,,,,,,,,,,,,,,true,true,6,2023-04-01,2023-09-30,0
2023-07-31,97590,2024-03-31,1,97000000000,0.244,,,,,14000000000,0.118,14000000000,0.106,,8700000000,,113.18,,,,,,,,,,,,,,,,,,,,,,true,true,12,2023-04-01,2024-03-31,0
2023-07-31,97590,2023-03-31,1,,,,,,,,,,,,,,,,,,,,68159000000,55458000000,0.803,,54709000000,,,,,,,,,,,,true,false,12,2022-04-01,2023-03-31,-1
2023-07-31,97590,2023-03-31,1,,,,,,,,,,,,,,,,,,,,,,,,,,,,,67.00,,,,87000000,10131584,,false,false,12,2022-04-01,2023-03-31,-1
2023-07-31,97590,2024-03-31,1,,,,,,,,,,,,,,,,,,,,,,,,,,,,,68.00,,,,,,,false,true,12,2023-04-01,2024-03-31,0
2023-07-31,97590,2024-03-31,1,,,,,,,,,,,,,,,,,,,,,,,,,,,,,,,,,87000000,10131820,76868233,false,false,3,2023-04-01,2023-06-30,0
2023-07-31,97590,2023-03-31,1,,,,,,,,,,,,,,,,,,,,,,,,,,,,,,,,,,,77854557,false,false,3,2022-04-01,2022-06-30,-1
2023-10-31,97590,2024-03-31,2,50333000000,0.333,,,,,7365000000,0.234,7412000000,0.233,,4402000000,,57.23,57.22,,,,,80266000000,57508000000,0.697,,55965000000,,,,,,,,,,,,true,false,6,2023-04-01,2023-09-30,0
2023-10-31,97590,2023-03-31,2,37767000000,0.100,,,,,5970000000,0.143,6012000000,0.135,,5244000000,,67.57,67.56,,,,,,,,,,,,,,,,,,,,,true,false,6,2022-04-01,2022-09-30,-1
2023-10-31,97590,2024-03-31,2,101000000000,0.295,,,,,15000000000,0.198,15100000000,0.192,,9800000000,,127.24,,,,,,,,,,,,,,,,,,,,,,true,true,12,2023-04-01,2024-03-31,0
2023-10-31,97590,2023-03-31,2,,,,,,,,,,,,,,,,,,,,68159000000,55458000000,0.803,,54709000000,,,,,,,,,,,,true,false,12,2022-04-01,2023-03-31,-1
2023-10-31,97590,2023-03-31,2,,,,,,,,,,,,,,,,,,,,,,,,,,,,,67.00,,,,87000000,10131584,,false,false,12,2022-04-01,2023-03-31,-1
2023-10-31,97590,2024-03-31,2,,,,,,,,,,,,,,,,,,,,,,,,,,,,,0.00,,,,,,,false,false,12,2023-04-01,2024-03-31,0
2023-10-31,97590,2024-03-31,2,,,,,,,,,,,,,,,,,,,,,,,,,,,,,68.00,,,,,,,false,true,12,2023-04-01,2024-03-31,0
2023-10-31,97590,2024-03-31,2,,,,,,,,,,,,,,,,,,,,,,,,,,,,,,,,,87000000,9703856,76939450,false,false,6,2023-04-01,2023-09-30,0
2023-10-31,97590,2023-03-31,2,,,,,,,,,,,,,,,,,,,,,,,,,,,,,,,,,,,77613143,false,false,6,2022-04-01,2022-09-30,-1
2024-02-06,97590,2024-03-31,3,75237000000,0.314,,,,,11128000000,0.210,11288000000,0.213,,7231000000,,93.92,93.91,,,,,80501000000,59833000000,0.723,,58237000000,,,,,,,,,,,,true,false,9,2023-04-01,2023-12-31,0
2024-02-06,97590,2023-03-31,3,57252000000,0.096,,,,,9195000000,0.110,9305000000,0.097,,7841000000,,101.36,101.35,,,,,,,,,,,,,,,,,,,,,true,false,9,2022-04-01,2022-12-31,-1
2024-02-06,97590,2024-03-31,3,101000000000,0.295,,,,,15000000000,0.198,15100000000,0.192,,9800000000,,127.28,,,,,,,,,,,,,,,,,,,,,,true,true,12,2023-04-01,2024-03-31,0
2024-02-06,97590,2023-03-31,3,,,,,,,,,,,,,,,,,,,,68159000000,55458000000,0.803,,54709000000,,,,,,,,,,,,true,false,12,2022-04-01,2023-03-31,-1
2024-02-06,97590,2023-03-31,3,,,,,,,,,,,,,,,,,,,,,,,,,,,,,67.00,,,,87000000,10131584,,false,false,12,2022-04-01,2023-03-31,-1
2024-02-06,97590,2024-03-31,3,,,,,,,,,,,,,,,,,,,,,,,,,,,,,0.00,,,,,,,false,false,12,2023-04-01,2024-03-31,0
2024-02-06,97590,2024-03-31,3,,,,,,,,,,,,,,,,,,,,,,,,,,,,,70.00,,,,,,,false,true,12,2023-04-01,2024-03-31,0
2024-02-06,97590,2024-03-31,3,,,,,,,,,,,,,,,,,,,,,,,,,,,,,,,,,87000000,9868070,76996169,false,false,9,2023-04-01,2023-12-31,0
2024-02-06,97590,2023-03-31,3,,,,,,,,,,,,,,,,,,,,,,,,,,,,,,,,,,,77365069,false,false,9,2022-04-01,2022-12-31,-1
2024-05-08,97590,2024-03-31,,101263000000,0.299,,,,,15180000000,0.212,15340000000,0.211,,10262000000,,133.29,133.28,0.175,0.198,0.150,,86405000000,64032000000,0.722,811.26,62370000000,12188000000,-17849000000,-5770000000,26987000000,,0.540,,,,,,true,false,12,2023-04-01,2024-03-31,0
2024-05-08,97590,2023-03-31,,77982000000,0.095,,,,,12524000000,0.097,12662000000,0.087,,10219000000,,132.31,132.30,0.193,0.193,0.161,,68159000000,55458000000,0.803,711.73,54709000000,10067000000,6018000000,-7574000000,38297000000,,0.506,,,,,,true,false,12,2022-04-01,2023-03-31,-1
2024-05-08,97590,2025-03-31,,52000000000,0.033,,,,,6500000000,-0.118,6500000000,-0.123,,4000000000,,52.03,,,,,,,,,,,,,,,,,,,,,,true,true,6,2024-04-01,2024-09-30,1
2024-05-08,97590,2025-03-31,,107000000000,0.057,,,,,15800000000,0.041,15900000000,0.036,,10400000000,,135.27,,,,,,,,,,,,,,,,0.547,,,,,,true,true,12,2024-04-01,2025-03-31,1
2024-05-08,97590,2024-03-31,,76674000000,0.117,,,,,13603000000,0.170,15235000000,0.224,11221000000,,0.148,145.74,145.73,,,,,70503000000,59685000000,0.847,776.33,59685000000,,,,,72.00,,,,86000000,9118526,76996357,false,false,12,2023-04-01,2024-03-31,0
2024-05-08,97590,2023-03-31,,68651000000,0.079,,,,,11631000000,0.117,12446000000,0.134,9775000000,,0.286,126.56,126.55,,,,,63240000000,52906000000,0.837,688.27,52906000000,,,,,67.00,,,,87000000,10131584,77240949,false,false,12,2022-04-01,2023-03-31,-1
2024-05-08,97590,2025-03-31,,,,,,,,,,,,,,,,,,,,,,,,,,,,,,74.00,,,,,,,false,true,12,2024-04-01,2025-03-31,1
2024-07-31,97590,2025-03-31,1,25281000000,0.053,,,,,3297000000,0.009,3335000000,0.020,,2090000000,,27.19,27.19,,,,,80245000000,59704000000,0.735,,58944000000,,,,,,,,,,,,true,false,3,2024-04-01,2024-06-30,0
2024-07-31,97590,2024-03-31,1,24007000000,0.291,,,,,3268000000,0.132,3268000000,0.121,,1673000000,,21.77,21.77,,,,,,,,,,,,,,,,,,,,,true,false,3,2023-04-01,2023-06-30,-1
2024-07-31,97590,2025-03-31,1,52000000000,0.033,,,,,6500000000,-0.118,6500000000,-0.123,,4000000000,,52.00,,,,,,,,,,,,,,,,,,,,,,true,true,6,2024-04-01,2024-09-30,0
2024-07-31,97590,2025-03-31,1,107000000000,0.057,,,,,15800000000,0.041,15900000000,0.036,,10400000000,,135.17,,,,,,,,,,,,,,,,,,,,,,true,true,12,2024-04-01,2025-03-31,0
2024-07-31,97590,2024-03-31,1,,,,,,,,,,,,,,,,,,,,86405000000,64032000000,0.722,,62370000000,,,,,,,,,,,,true,false,12,2023-04-01,2024-03-31,-1
2024-07-31,97590,2024-03-31,1,,,,,,,,,,,,,,,,,,,,,,,,,,,,,72.00,,,,86000000,9118526,,false,false,12,2023-04-01,2024-03-31,-1
2024-07-31,97590,2025-03-31,1,,,,,,,,,,,,,,,,,,,,,,,,,,,,,74.00,,,,,,,false,true,12,2024-04-01,2025-03-31,0
2024-07-31,97590,2025-03-31,1,,,,,,,,,,,,,,,,,,,,,,,,,,,,,,,,,86000000,9118700,76881344,false,false,3,2024-04-01,2024-06-30,0
2024-07-31,97590,2024-03-31,1,,,,,,,,,,,,,,,,,,,,,,,,,,,,,,,,,,,76868233,false,false,3,2023-04-01,2023-06-30,-1
2024-10-31,97590,2025-03-31,2,52050000000,0.034,,,,,7526000000,0.022,7593000000,0.024,,4898000000,,63.68,,,,,,84919000000,62393000000,0.726,,61633000000,,,,,,,,,,,,true,false,6,2024-04-01,2024-09-30,0
2024-10-31,97590,2024-03-31,2,50333000000,0.333,,,,,7365000000,0.234,7412000000,0.233,,4402000000,,57.23,57.22,,,,,,,,,,,,,,,,,,,,,true,false,6,2023-04-01,2023-09-30,-1
2024-10-31,97590,2025-03-31,2,107000000000,0.057,,,,,16800000000,0.107,16900000000,0.102,,11200000000,,145.91,,,,,,,,,,,,,,,,,,,,,,true,true,12,2024-04-01,2025-03-31,0
2024-10-31,97590,2024-03-31,2,,,,,,,,,,,,,,,,,,,,86405000000,64032000000,0.722,,62370000000,,,,,,,,,,,,true,false,12,2023-04-01,2024-03-31,-1
2024-10-31,97590,2024-03-31,2,,,,,,,,,,,,,,,,,,,,,,,,,,,,,72.00,,,,86000000,9118526,,false,false,12,2023-04-01,2024-03-31,-1
2024-10-31,97590,2025-03-31,2,,,,,,,,,,,,,,,,,,,,,,,,,,,,,0.00,,,,,,,false,false,12,2024-04-01,2025-03-31,0
2024-10-31,97590,2025-03-31,2,,,,,,,,,,,,,,,,,,,,,,,,,,,,,82.00,,,,,,,false,true,12,2024-04-01,2025-03-31,0
2024-10-31,97590,2025-03-31,2,,,,,,,,,,,,,,,,,,,,,,,,,,,,,,,,,86000000,9033935,76922980,false,false,6,2024-04-01,2024-09-30,0
2024-10-31,97590,2024-03-31,2,,,,,,,,,,,,,,,,,,,,,,,,,,,,,,,,,,,76939450,false,false,6,2023-04-01,2023-09-30,-1
2025-01-31,97590,2025-03-31,3,79497000000,0.057,,,,,12186000000,0.095,12379000000,0.097,,8089000000,,105.22,,,,,,86656000000,64714000000,0.738,,63928000000,,,,,,,,,,,,true,false,9,2024-04-01,2024-12-31,0
2025-01-31,97590,2024-03-31,3,75237000000,0.314,,,,,11128000000,0.210,11288000000,0.213,,7231000000,,93.92,93.91,,,,,,,,,,,,,,,,,,,,,true,false,9,2023-04-01,2023-12-31,-1
2025-01-31,97590,2025-03-31,3,107000000000,0.057,,,,,16800000000,0.107,16900000000,0.102,,11200000000,,145.86,,,,,,,,,,,,,,,,,,,,,,true,true,12,2024-04-01,2025-03-31,0
2025-01-31,97590,2024-03-31,3,,,,,,,,,,,,,,,,,,,,86405000000,64032000000,0.722,,62370000000,,,,,,,,,,,,true,false,12,2023-04-01,2024-03-31,-1
2025-01-31,97590,2024-03-31,3,,,,,,,,,,,,,,,,,,,,,,,,,,,,,72.00,,,,86000000,9118526,,false,false,12,2023-04-01,2024-03-31,-1
2025-01-31,97590,2025-03-31,3,,,,,,,,,,,,,,,,,,,,,,,,,,,,,0.00,,,,,,,false,false,12,2024-04-01,2025-03-31,0
2025-01-31,97590,2025-03-31,3,,,,,,,,,,,,,,,,,,,,,,,,,,,,,82.00,,,,,,,false,true,12,2024-04-01,2025-03-31,0
2025-01-31,97590,2025-03-31,3,,,,,,,,,,,,,,,,,,,,,,,,,,,,,,,,,86000000,9323505,76883192,false,false,9,2024-04-01,2024-12-31,0
2025-01-31,97590,2024-03-31,3,,,,,,,,,,,,,,,,,,,,,,,,,,,,,,,,,,,76996169,false,false,9,2023-04-01,2023-12-31,-1
2025-05-08,97590,2025-03-31,,107791000000,0.064,,,,,16849000000,0.110,17038000000,0.111,,11795000000,,153.61,,0.182,0.193,0.156,,90485000000,68252000000,0.745,881.67,67416000000,12298000000,904000000,-10272000000,29903000000,,0.566,,,,,,true,false,12,2024-04-01,2025-03-31,0
2025-05-08,97590,2024-03-31,,101263000000,0.299,,,,,15180000000,0.212,15340000000,0.211,,10262000000,,133.29,133.28,0.175,0.198,0.150,,86405000000,64032000000,0.722,811.26,62370000000,12188000000,-17849000000,-5770000000,26987000000,,0.540,,,,,,true,false,12,2023-04-01,2024-03-31,-1
2025-05-08,97590,2026-03-31,,54500000000,0.047,,,,,7600000000,0.010,7700000000,0.014,,5000000000,,65.39,,,,,,,,,,,,,,,,,,,,,,true,true,6,2025-04-01,2025-09-30,1
2025-05-08,97590,2026-03-31,,113200000000,0.050,,,,,17100000000,0.015,17300000000,0.015,,12000000000,,156.94,,,,,,,,,,,,,,,,0.567,,,,,,true,true,12,2025-04-01,2026-03-31,1
2025-05-08,97590,2025-03-31,,83610000000,0.090,,,,,15000000000,0.103,15519000000,0.019,10857000000,,-0.032,141.40,,,,,,75481000000,63344000000,0.839,828.42,63344000000,,,,,87.00,,,,86000000,9535723,76785699,false,false,12,2024-04-01,2025-03-31,0
2025-05-08,97590,2024-03-31,,76674000000,0.117,,,,,13603000000,0.170,15235000000,0.224,11221000000,,0.148,145.74,145.73,,,,,70503000000,59685000000,0.847,776.33,59685000000,,,,,72.00,,,,86000000,9118526,76996357,false,false,12,2023-04-01,2024-03-31,-1
2025-05-08,97590,2026-03-31,,,,,,,,,,,,,,,,,,,,,,,,,,,,,,89.00,,,,,,,false,true,12,2025-04-01,2026-03-31,1
2025-07-31,97590,2026-03-31,1,27298000000,0.080,,,,,3557000000,0.079,3635000000,0.090,,2182000000,,28.54,,,,,,83427000000,63727000000,0.753,,62837000000,,,,,,,,,,,,true,false,3,2025-04-01,2025-06-30,0
2025-07-31,97590,2025-03-31,1,25281000000,0.053,,,,,3297000000,0.009,3335000000,0.020,,2090000000,,27.19,27.19,,,,,,,,,,,,,,,,,,,,,true,false,3,2024-04-01,2024-06-30,-1
2025-07-31,97590,2026-03-31,1,54500000000,0.047,,,,,7600000000,0.010,7700000000,0.014,,5000000000,,65.39,,,,,,,,,,,,,,,,,,,,,,true,true,6,2025-04-01,2025-09-30,0
2025-07-31,97590,2026-03-31,1,113200000000,0.050,,,,,17100000000,0.015,17300000000,0.015,,12000000000,,156.94,,,,,,,,,,,,,,,,,,,,,,true,true,12,2025-04-01,2026-03-31,0
2025-07-31,97590,2025-03-31,1,,,,,,,,,,,,,,,,,,,,90485000000,68252000000,0.745,,67416000000,,,,,,,,,,,,true,false,12,2024-04-01,2025-03-31,-1
2025-07-31,97590,2025-03-31,1,,,,,,,,,,,,,,,,,,,,,,,,,,,,,87.00,,,,86000000,9535723,,false,false,12,2024-04-01,2025-03-31,-1
2025-07-31,97590,2026-03-31,1,,,,,,,,,,,,,,,,,,,,,,,,,,,,,89.00,,,,,,,false,true,12,2025-04-01,2026-03-31,0
2025-07-31,97590,2026-03-31,1,,,,,,,,,,,,,,,,,,,,,,,,,,,,,,,,,86000000,9535947,76464128,false,false,3,2025-04-01,2025-06-30,0
2025-07-31,97590,2025-03-31,1,,,,,,,,,,,,,,,,,,,,,,,,,,,,,,,,,,,76881344,false,false,3,2024-04-01,2024-06-30,-1
