filing_date,code,fiscal_year_end,quarterly_period,net_sales,net_sales_change,revenue,revenue_change,operating_revenue,operating_revenue_change,operating_profit,operating_profit_change,ordinary_profit,ordinary_profit_change,net_income,net_income_of_parent,net_income_change,eps,diluted_eps,roe,roa,operating_profit_to_net_sales,operating_profit_to_revenue,total_assets,net_assets,equity_ratio,bps,owner_equity,operating_cash_flow,investing_cash_flow,financing_cash_flow,cash,dividend_per_share,payout_ratio,commemorative_dividend,extra_dividend,number_of_shares,number_of_treqsury_shares,avg_number_of_shares,is_consolidated,is_forecast,duration,period_start,period_end,period_pos
2015-05-08,97660,2016-03-31,,228000000000,0.045,,,,,17000000000,0.176,,,,9500000000,,68.54,,,,,,,,,,,,,,,,0.306,,,,,,true,true,12,2015-04-01,2016-03-31,1
2015-05-08,97660,2015-03-31,,,,,,14560000000,-0.090,9792000000,-0.102,11951000000,-0.046,11259000000,,-0.075,81.23,,,,,,242053000000,207051000000,0.855,1493.78,207051000000,,,,,21.00,,,,143500000,4890951,138610956,false,false,12,2014-04-01,2015-03-31,0
2015-05-08,97660,2014-03-31,,,,,,15995000000,-0.438,10905000000,-0.515,12534000000,-0.477,12170000000,,-0.491,87.80,,,,,,222893000000,199293000000,0.894,1437.77,199293000000,,,,,34.00,,,,143500000,4887679,138614929,false,false,12,2013-04-01,2014-03-31,-1
2015-05-08,97660,2015-03-31,,,,,,,,,,,,,,,,,,,,,329760000000,,,,,30022000000,-9263000000,-6807000000,64654000000,,0.307,,,,,,true,false,12,2014-04-01,2015-03-31,0
2015-05-08,97660,2014-03-31,,,,,,,,,,,,,,,,,,,,,320251000000,,,,,9027000000,-26734000000,3448000000,50024000000,,1.229,,,,,,true,false,12,2013-04-01,2014-03-31,-1
2015-05-08,97660,2016-03-31,,,,,,,,,,,,,,,,,,,,,,,,,,,,,,21.00,,,,,,,false,true,12,2015-04-01,2016-03-31,1
2015-08-06,97660,2016-03-31,1,51202000000,0.053,,,,,6484000000,0.867,,,,4282000000,,30.89,,,,,,312568000000,,,,,,,,,,,,,,,,true,false,3,2015-04-01,2015-06-30,0
2015-08-06,97660,2015-03-31,1,48606000000,,,,,,3472000000,,,,,1647000000,,11.88,,,,,,,,,,,,,,,,,,,,,,true,false,3,2014-04-01,2014-06-30,-1
2015-08-06,97660,2016-03-31,1,228000000000,0.045,,,,,17000000000,0.111,,,,9500000000,,68.54,,,,,,,,,,,,,,,,,,,,,,true,true,12,2015-04-01,2016-03-31,0
2015-08-06,97660,2015-03-31,1,,,,,,,,,,,,,,,,,,,,311592000000,,,,,,,,,,,,,,,,true,false,12,2014-04-01,2015-03-31,-1
2015-08-06,97660,2015-03-31,1,,,,,,,,,,,,,,,,,,,,,,,,,,,,,21.00,,,,143500000,4890951,,false,false,12,2014-04-01,2015-03-31,-1
2015-08-06,97660,2016-03-31,1,,,,,,,,,,,,,,,,,,,,,,,,,,,,,21.00,,,,,,,false,true,12,2015-04-01,2016-03-31,0
2015-08-06,97660,2016-03-31,1,,,,,,,,,,,,,,,,,,,,,,,,,,,,,,,,,143500000,4891944,138608645,false,false,3,2015-04-01,2015-06-30,0
2015-08-06,97660,2015-03-31,1,,,,,,,,,,,,,,,,,,,,,,,,,,,,,,,,,,,138612200,false,false,3,2014-04-01,2014-06-30,-1
2015-10-30,97660,2016-03-31,2,107718000000,0.091,,,,,12444000000,0.921,,,,7847000000,,56.61,,,,,,346932000000,,,,,,,,,,,,,,,,true,false,6,2015-04-01,2015-09-30,0
2015-10-30,97660,2015-03-31,2,98719000000,,,,,,6478000000,,,,,3892000000,,28.08,,,,,,,,,,,,,,,,,,,,,,true,false,6,2014-04-01,2014-09-30,-1
2015-10-30,97660,2016-03-31,2,228000000000,0.045,,,,,17000000000,0.111,,,,9500000000,,68.54,,,,,,,,,,,,,,,,,,,,,,true,true,12,2015-04-01,2016-03-31,0
2015-10-30,97660,2015-03-31,2,,,,,,,,,,,,,,,,,,,,311592000000,,,,,,,,,,,,,,,,true,false,12,2014-04-01,2015-03-31,-1
2015-10-30,97660,2015-03-31,2,,,,,,,,,,,,,,,,,,,,,,,,,,,,,21.00,,,,143500000,4890951,,false,false,12,2014-04-01,2015-03-31,-1
2015-10-30,97660,2016-03-31,2,,,,,,,,,,,,,,,,,,,,,,,,,,,,,10.50,,,,,,,false,false,12,2015-04-01,2016-03-31,0
2015-10-30,97660,2016-03-31,2,,,,,,,,,,,,,,,,,,,,,,,,,,,,,21.00,,,,,,,false,true,12,2015-04-01,2016-03-31,0
2015-10-30,97660,2016-03-31,2,,,,,,,,,,,,,,,,,,,,,,,,,,,,,,,,,143500000,4892880,138608132,false,false,6,2015-04-01,2015-09-30,0
2015-10-30,97660,2015-03-31,2,,,,,,,,,,,,,,,,,,,,,,,,,,,,,,,,,,,138611811,false,false,6,2014-04-01,2014-09-30,-1
2016-01-29,97660,2016-03-31,3,179251000000,0.150,,,,,17423000000,0.623,,,,6262000000,,45.28,45.22,,,,,329444000000,,,,,,,,,,,,,,,,true,false,9,2015-04-01,2015-12-31,0
2016-01-29,97660,2015-03-31,3,155889000000,,,,,,10732000000,,,,,7740000000,,55.84,55.84,,,,,,,,,,,,,,,,,,,,,true,false,9,2014-04-01,2014-12-31,-1
2016-01-29,97660,2016-03-31,3,243000000000,0.114,,,,,24000000000,0.568,,,,9500000000,,68.71,,,,,,,,,,,,,,,,,,,,,,true,true,12,2015-04-01,2016-03-31,0
2016-01-29,97660,2015-03-31,3,,,,,,,,,,,,,,,,,,,,311592000000,,,,,,,,,,,,,,,,true,false,12,2014-04-01,2015-03-31,-1
2016-01-29,97660,2015-03-31,3,,,,,,,,,,,,,,,,,,,,,,,,,,,,,21.00,,,,143500000,4890951,,false,false,12,2014-04-01,2015-03-31,-1
2016-01-29,97660,2016-03-31,3,,,,,,,,,,,,,,,,,,,,,,,,,,,,,10.50,,,,,,,false,false,12,2015-04-01,2016-03-31,0
2016-01-29,97660,2016-03-31,3,,,,,,,,,,,,,,,,,,,,,,,,,,,,,21.00,,,,,,,false,true,12,2015-04-01,2016-03-31,0
2016-01-29,97660,2016-03-31,3,,,,,,,,,,,,,,,,,,,,,,,,,,,,,,,,,143500000,8257947,138271153,false,false,9,2015-04-01,2015-12-31,0
2016-01-29,97660,2015-03-31,3,,,,,,,,,,,,,,,,,,,,,,,,,,,,,,,,,,,138611422,false,false,9,2014-04-01,2014-12-31,-1
2016-05-10,97660,2016-03-31,,249902000000,0.146,,,,,24679000000,0.612,,,,10516000000,,76.44,76.13,,,0.099,,328187000000,,,,,71336000000,-18746000000,-1877000000,,,0.301,,,,,,true,false,12,2015-04-01,2016-03-31,0
2016-05-10,97660,2015-03-31,,218157000000,0.003,,,,,15305000000,0.957,,,,9918000000,,71.55,71.55,,,0.070,,311592000000,,,,,45254000000,-24495000000,-6807000000,,,0.293,,,,,,true,false,12,2014-04-01,2015-03-31,-1
2016-05-10,97660,2017-03-31,,210000000000,-0.160,,,,,25000000000,0.013,,,,15000000000,,110.91,,,,,,,,,,,,,,,,0.307,,,,,,true,true,12,2016-04-01,2017-03-31,1
2016-05-10,97660,2016-03-31,,,,,,14518000000,-0.003,11643000000,0.189,11859000000,-0.008,11569000000,,0.028,84.10,83.68,,,,,238836000000,205409000000,0.860,1518.84,205409000000,,,,,23.00,,,,143500000,8258617,137572041,false,false,12,2015-04-01,2016-03-31,0
2016-05-10,97660,2015-03-31,,,,,,14560000000,-0.090,9792000000,-0.102,11951000000,-0.046,11259000000,,-0.075,81.23,,,,,,242053000000,207051000000,0.855,1493.78,207051000000,,,,,21.00,,,,143500000,4890951,138610956,false,false,12,2014-04-01,2015-03-31,-1
2016-05-10,97660,2017-03-31,,,,,,,,,,,,,,,,,,,,,,,,,,,,,,34.00,,,,,,,false,true,12,2016-04-01,2017-03-31,1
2016-07-29,97660,2017-03-31,1,49417000000,-0.035,,,,,9089000000,0.402,,,,5814000000,,42.99,42.37,,,,,315588000000,,,,,,,,,,,,,,,,true,false,3,2016-04-01,2016-06-30,0
2016-07-29,97660,2016-03-31,1,51202000000,0.053,,,,,6484000000,0.867,,,,4282000000,,30.89,30.89,,,,,,,,,,,,,,,,,,,,,true,false,3,2015-04-01,2015-06-30,-1
2016-07-29,97660,2017-03-31,1,210000000000,-0.160,,,,,25000000000,0.013,,,,15000000000,,110.91,,,,,,,,,,,,,,,,,,,,,,true,true,12,2016-04-01,2017-03-31,0
2016-07-29,97660,2016-03-31,1,,,,,,,,,,,,,,,,,,,,328187000000,,,,,,,,,,,,,,,,true,false,12,2015-04-01,2016-03-31,-1
2016-07-29,97660,2016-03-31,1,,,,,,,,,,,,,,,,,,,,,,,,,,,,,23.00,,,,143500000,8258617,,false,false,12,2015-04-01,2016-03-31,-1
2016-07-29,97660,2017-03-31,1,,,,,,,,,,,,,,,,,,,,,,,,,,,,,34.00,,,,,,,false,true,12,2016-04-01,2017-03-31,0
2016-07-29,97660,2017-03-31,1,,,,,,,,,,,,,,,,,,,,,,,,,,,,,,,,,143500000,8260539,135240272,false,false,3,2016-04-01,2016-06-30,0
2016-07-29,97660,2016-03-31,1,,,,,,,,,,,,,,,,,,,,,,,,,,,,,,,,,,,138608645,false,false,3,2015-04-01,2015-06-30,-1
2016-10-28,97660,2017-03-31,2,101401000000,-0.059,,,,,17040000000,0.369,,,,12217000000,,90.33,89.02,,,,,326049000000,,,,,,,,,,,,,,,,true,false,6,2016-04-01,2016-09-30,0
2016-10-28,97660,2016-03-31,2,107718000000,0.091,,,,,12444000000,0.921,,,,7847000000,,56.61,56.61,,,,,,,,,,,,,,,,,,,,,true,false,6,2015-04-01,2015-09-30,-1
2016-10-28,97660,2017-03-31,2,210000000000,-0.160,,,,,25000000000,0.013,,,,15000000000,,110.91,,,,,,,,,,,,,,,,,,,,,,true,true,12,2016-04-01,2017-03-31,0
2016-10-28,97660,2016-03-31,2,,,,,,,,,,,,,,,,,,,,328187000000,,,,,,,,,,,,,,,,true,false,12,2015-04-01,2016-03-31,-1
2016-10-28,97660,2016-03-31,2,,,,,,,,,,,,,,,,,,,,,,,,,,,,,23.00,,,,143500000,8258617,,false,false,12,2015-04-01,2016-03-31,-1
2016-10-28,97660,2017-03-31,2,,,,,,,,,,,,,,,,,,,,,,,,,,,,,17.00,,,,,,,false,false,12,2016-04-01,2017-03-31,0
2016-10-28,97660,2017-03-31,2,,,,,,,,,,,,,,,,,,,,,,,,,,,,,34.00,,,,,,,false,true,12,2016-04-01,2017-03-31,0
2016-10-28,97660,2017-03-31,2,,,,,,,,,,,,,,,,,,,,,,,,,,,,,,,,,143500000,8261409,135239654,false,false,6,2016-04-01,2016-09-30,0
2016-10-28,97660,2016-03-31,2,,,,,,,,,,,,,,,,,,,,,,,,,,,,,,,,,,,138608132,false,false,6,2015-04-01,2015-09-30,-1
2017-01-31,97660,2017-03-31,3,163941000000,-0.085,,,,,29587000000,0.698,,,,20651000000,,152.70,150.45,,,,,339435000000,,,,,,,,,,,,,,,,true,false,9,2016-04-01,2016-12-31,0
2017-01-31,97660,2016-03-31,3,179251000000,0.150,,,,,17423000000,0.623,,,,6262000000,,45.28,45.22,,,,,,,,,,,,,,,,,,,,,true,false,9,2015-04-01,2015-12-31,-1
2017-01-31,97660,2017-03-31,3,225000000000,-0.100,,,,,36000000000,0.459,,,,24000000000,,177.46,,,,,,,,,,,,,,,,,,,,,,true,true,12,2016-04-01,2017-03-31,0
2017-01-31,97660,2016-03-31,3,,,,,,,,,,,,,,,,,,,,328187000000,,,,,,,,,,,,,,,,true,false,12,2015-04-01,2016-03-31,-1
2017-01-31,97660,2016-03-31,3,,,,,,,,,,,,,,,,,,,,,,,,,,,,,23.00,,,,143500000,8258617,,false,false,12,2015-04-01,2016-03-31,-1
2017-01-31,97660,2017-03-31,3,,,,,,,,,,,,,,,,,,,,,,,,,,,,,17.00,,,,,,,false,false,12,2016-04-01,2017-03-31,0
2017-01-31,97660,2017-03-31,3,,,,,,,,,,,,,,,,,,,,,,,,,,,,,54.00,,,,,,,false,true,12,2016-04-01,2017-03-31,0
2017-01-31,97660,2017-03-31,3,,,,,,,,,,,,,,,,,,,,,,,,,,,,,,,,,143500000,8262343,135239156,false,false,9,2016-04-01,2016-12-31,0
2017-01-31,97660,2016-03-31,3,,,,,,,,,,,,,,,,,,,,,,,,,,,,,,,,,,,138271153,false,false,9,2015-04-01,2015-12-31,-1
2017-05-11,97660,2017-03-31,,229922000000,-0.080,,,,,36359000000,0.473,,,,25951000000,,191.89,189.08,,,0.158,,337144000000,,,,,43759000000,-13615000000,-9420000000,,,0.302,,,,,,true,false,12,2016-04-01,2017-03-31,0
2017-05-11,97660,2016-03-31,,249902000000,0.146,,,,,24679000000,0.612,,,,10516000000,,76.44,76.13,,,0.099,,328187000000,,,,,71336000000,-18746000000,-1877000000,,,0.301,,,,,,true,false,12,2015-04-01,2016-03-31,-1
2017-05-11,97660,2018-03-31,,245000000000,0.066,,,,,40000000000,0.100,,,,27000000000,,199.65,,,,,,,,,,,,,,,,0.301,,,,,,true,true,12,2017-04-01,2018-03-31,1
2017-05-11,97660,2017-03-31,,,,,,17010000000,0.172,14700000000,0.262,14813000000,0.249,9921000000,,-0.142,73.36,72.15,,,,,239500000000,211362000000,0.883,1562.91,211362000000,,,,,58.00,,,,143500000,8263356,135238663,false,false,12,2016-04-01,2017-03-31,0
2017-05-11,97660,2016-03-31,,,,,,14518000000,-0.003,11643000000,0.189,11859000000,-0.008,11569000000,,0.028,84.10,83.68,,,,,238836000000,205409000000,0.860,1518.84,205409000000,,,,,23.00,,,,143500000,8258617,137572041,false,false,12,2015-04-01,2016-03-31,-1
2017-05-11,97660,2018-03-31,,,,,,,,,,,,,,,,,,,,,,,,,,,,,,60.00,,,,,,,false,true,12,2017-04-01,2018-03-31,1
2017-07-28,97660,2018-03-31,1,55743000000,0.128,,,,,12196000000,0.342,,,,8511000000,,62.94,61.99,,,,,336067000000,,,,,,,,,,,,,,,,true,false,3,2017-04-01,2017-06-30,0
2017-07-28,97660,2017-03-31,1,49417000000,-0.035,,,,,9089000000,0.402,,,,5814000000,,42.99,42.37,,,,,,,,,,,,,,,,,,,,,true,false,3,2016-04-01,2016-06-30,-1
2017-07-28,97660,2018-03-31,1,245000000000,0.066,,,,,40000000000,0.100,,,,27000000000,,199.65,,,,,,,,,,,,,,,,,,,,,,true,true,12,2017-04-01,2018-03-31,0
2017-07-28,97660,2017-03-31,1,,,,,,,,,,,,,,,,,,,,337144000000,,,,,,,,,,,,,,,,true,false,12,2016-04-01,2017-03-31,-1
2017-07-28,97660,2017-03-31,1,,,,,,,,,,,,,,,,,,,,,,,,,,,,,58.00,,,,143500000,8263356,,false,false,12,2016-04-01,2017-03-31,-1
2017-07-28,97660,2018-03-31,1,,,,,,,,,,,,,,,,,,,,,,,,,,,,,60.00,,,,,,,false,true,12,2017-04-01,2018-03-31,0
2017-07-28,97660,2018-03-31,1,,,,,,,,,,,,,,,,,,,,,,,,,,,,,,,,,143500000,8264720,135236131,false,false,3,2017-04-01,2017-06-30,0
2017-07-28,97660,2017-03-31,1,,,,,,,,,,,,,,,,,,,,,,,,,,,,,,,,,,,135240272,false,false,3,2016-04-01,2016-06-30,-1
2017-10-31,97660,2018-03-31,2,115356000000,0.138,,,,,24951000000,0.464,,,,17180000000,,127.04,125.12,,,,,349593000000,,,,,,,,,,,,,,,,true,false,6,2017-04-01,2017-09-30,0
2017-10-31,97660,2017-03-31,2,101401000000,-0.059,,,,,17040000000,0.369,,,,12217000000,,90.33,89.02,,,,,,,,,,,,,,,,,,,,,true,false,6,2016-04-01,2016-09-30,-1
2017-10-31,97660,2018-03-31,2,245000000000,0.066,,,,,40000000000,0.100,,,,27000000000,,199.65,,,,,,,,,,,,,,,,,,,,,,true,true,12,2017-04-01,2018-03-31,0
2017-10-31,97660,2017-03-31,2,,,,,,,,,,,,,,,,,,,,337144000000,,,,,,,,,,,,,,,,true,false,12,2016-04-01,2017-03-31,-1
2017-10-31,97660,2017-03-31,2,,,,,,,,,,,,,,,,,,,,,,,,,,,,,58.00,,,,143500000,8263356,,false,false,12,2016-04-01,2017-03-31,-1
2017-10-31,97660,2018-03-31,2,,,,,,,,,,,,,,,,,,,,,,,,,,,,,30.00,,,,,,,false,false,12,2017-04-01,2018-03-31,0
2017-10-31,97660,2018-03-31,2,,,,,,,,,,,,,,,,,,,,,,,,,,,,,60.00,,,,,,,false,true,12,2017-04-01,2018-03-31,0
2017-10-31,97660,2018-03-31,2,,,,,,,,,,,,,,,,,,,,,,,,,,,,,,,,,143500000,8265166,135235621,false,false,6,2017-04-01,2017-09-30,0
2017-10-31,97660,2017-03-31,2,,,,,,,,,,,,,,,,,,,,,,,,,,,,,,,,,,,135239654,false,false,6,2016-04-01,2016-09-30,-1
2018-01-31,97660,2018-03-31,3,178668000000,0.090,,,,,38532000000,0.302,,,,26034000000,,192.50,189.60,,,,,352108000000,,,,,,,,,,,,,,,,true,false,9,2017-04-01,2017-12-31,0
2018-01-31,97660,2017-03-31,3,163941000000,-0.085,,,,,29587000000,0.698,,,,20651000000,,152.70,150.45,,,,,,,,,,,,,,,,,,,,,true,false,9,2016-04-01,2016-12-31,-1
2018-01-31,97660,2018-03-31,3,240000000000,0.044,,,,,45000000000,0.238,,,,29000000000,,214.44,,,,,,,,,,,,,,,,,,,,,,true,true,12,2017-04-01,2018-03-31,0
2018-01-31,97660,2017-03-31,3,,,,,,,,,,,,,,,,,,,,337144000000,,,,,,,,,,,,,,,,true,false,12,2016-04-01,2017-03-31,-1
2018-01-31,97660,2017-03-31,3,,,,,,,,,,,,,,,,,,,,,,,,,,,,,58.00,,,,143500000,8263356,,false,false,12,2016-04-01,2017-03-31,-1
2018-01-31,97660,2018-03-31,3,,,,,,,,,,,,,,,,,,,,,,,,,,,,,30.00,,,,,,,false,false,12,2017-04-01,2018-03-31,0
2018-01-31,97660,2018-03-31,3,,,,,,,,,,,,,,,,,,,,,,,,,,,,,65.00,,,,,,,false,true,12,2017-04-01,2018-03-31,0
2018-01-31,97660,2018-03-31,3,,,,,,,,,,,,,,,,,,,,,,,,,,,,,,,,,143500000,8265874,135235259,false,false,9,2017-04-01,2017-12-31,0
2018-01-31,97660,2017-03-31,3,,,,,,,,,,,,,,,,,,,,,,,,,,,,,,,,,,,135239156,false,false,9,2016-04-01,2016-12-31,-1
2018-01-31,97660,2018-03-31,,,,,,,,,,,,,29000000000,,214.44,,,,,,,,,,,,,,,,,,,,,,true,true,12,2017-04-01,2018-03-31,0
2018-01-31,97660,2017-03-31,,,,,,,,,,,,,25951000000,,191.89,,,,,,,,,,,,,,,,,,,,,,true,false,12,2016-04-01,2017-03-31,-1
2018-01-31,97660,2018-03-31,,,,,,,,,,,,,,,,,,,,,,,,,,,,,,65.00,,,,,,,false,true,12,2017-04-01,2018-03-31,0
2018-01-31,97660,2018-03-31,,,,,,,,,,,,,,,,,,,,,,,,,,,,,,30.00,,,,,,,false,false,12,2017-04-01,2018-03-31,0
2018-01-31,97660,2017-03-31,,,,,,,,,,,,,,,,,,,,,,,,,,,,,,58.00,,,,,,,false,false,12,2016-04-01,2017-03-31,-1
2018-05-10,97660,2018-03-31,,239497000000,0.042,,,,,45181000000,0.243,,,,30507000000,,225.59,222.21,,,0.189,,363108000000,,,,,53980000000,-18484000000,-14798000000,,,0.301,,,,,,true,false,12,2017-04-01,2018-03-31,0
2018-05-10,97660,2017-03-31,,229922000000,-0.080,,,,,36359000000,0.473,,,,25951000000,,191.89,189.08,,,0.158,,337144000000,,,,,43759000000,-13615000000,-9420000000,,,0.302,,,,,,true,false,12,2016-04-01,2017-03-31,-1
2018-05-10,97660,2019-03-31,,250000000000,0.044,,,,,50000000000,0.107,,,,32000000000,,236.63,,,,,,,,,,,,,,,,0.511,,,,,,true,true,12,2018-04-01,2019-03-31,1
2018-05-10,97660,2018-03-31,,,,,,16443000000,-0.033,13469000000,-0.084,13590000000,-0.083,13710000000,,0.382,101.38,99.71,,,,,241536000000,215475000000,0.892,1593.36,215475000000,,,,,68.00,,,,143500000,8266259,135234933,false,false,12,2017-04-01,2018-03-31,0
2018-05-10,97660,2017-03-31,,,,,,17010000000,0.172,14700000000,0.262,14813000000,0.249,9921000000,,-0.142,73.36,72.15,,,,,239500000000,211362000000,0.883,1562.91,211362000000,,,,,58.00,,,,143500000,8263356,135238663,false,false,12,2016-04-01,2017-03-31,-1
2018-05-10,97660,2019-03-31,,,,,,,,,,,,,,,,,,,,,,,,,,,,,,121.00,,,,,,,false,true,12,2018-04-01,2019-03-31,1
2018-07-31,97660,2019-03-31,1,58457000000,0.049,,,,,11814000000,-0.031,,,,8274000000,,61.18,60.25,,,,,360156000000,,,,,,,,,,,,,,,,true,false,3,2018-04-01,2018-06-30,0
2018-07-31,97660,2018-03-31,1,55743000000,0.128,,,,,12196000000,0.342,,,,8511000000,,62.94,61.99,,,,,,,,,,,,,,,,,,,,,true,false,3,2017-04-01,2017-06-30,-1
2018-07-31,97660,2019-03-31,1,250000000000,0.044,,,,,50000000000,0.107,,,,32000000000,,236.63,,,,,,,,,,,,,,,,,,,,,,true,true,12,2018-04-01,2019-03-31,0
2018-07-31,97660,2018-03-31,1,,,,,,,,,,,,,,,,,,,,363108000000,,,,,,,,,,,,,,,,true,false,12,2017-04-01,2018-03-31,-1
2018-07-31,97660,2018-03-31,1,,,,,,,,,,,,,,,,,,,,,,,,,,,,,68.00,,,,143500000,8266259,,false,false,12,2017-04-01,2018-03-31,-1
2018-07-31,97660,2019-03-31,1,,,,,,,,,,,,,,,,,,,,,,,,,,,,,121.00,,,,,,,false,true,12,2018-04-01,2019-03-31,0
2018-07-31,97660,2019-03-31,1,,,,,,,,,,,,,,,,,,,,,,,,,,,,,,,,,143500000,8266609,135233542,false,false,3,2018-04-01,2018-06-30,0
2018-07-31,97660,2018-03-31,1,,,,,,,,,,,,,,,,,,,,,,,,,,,,,,,,,,,135236131,false,false,3,2017-04-01,2017-06-30,-1
2018-10-31,97660,2019-03-31,2,122168000000,0.059,,,,,25027000000,0.003,,,,17196000000,,127.16,125.22,,,,,368494000000,,,,,,,,,,,,,,,,true,false,6,2018-04-01,2018-09-30,0
2018-10-31,97660,2018-03-31,2,115356000000,0.138,,,,,24951000000,0.464,,,,17180000000,,127.04,125.12,,,,,,,,,,,,,,,,,,,,,true,false,6,2017-04-01,2017-09-30,-1
2018-10-31,97660,2019-03-31,2,250000000000,0.044,,,,,50000000000,0.107,,,,32000000000,,236.63,,,,,,,,,,,,,,,,,,,,,,true,true,12,2018-04-01,2019-03-31,0
2018-10-31,97660,2018-03-31,2,,,,,,,,,,,,,,,,,,,,363108000000,,,,,,,,,,,,,,,,true,false,12,2017-04-01,2018-03-31,-1
2018-10-31,97660,2018-03-31,2,,,,,,,,,,,,,,,,,,,,,,,,,,,,,68.00,,,,143500000,8266259,,false,false,12,2017-04-01,2018-03-31,-1
2018-10-31,97660,2019-03-31,2,,,,,,,,,,,,,,,,,,,,,,,,,,,,,60.50,,,,,,,false,false,12,2018-04-01,2019-03-31,0
2018-10-31,97660,2019-03-31,2,,,,,,,,,,,,,,,,,,,,,,,,,,,,,121.00,,,,,,,false,true,12,2018-04-01,2019-03-31,0
2018-10-31,97660,2019-03-31,2,,,,,,,,,,,,,,,,,,,,,,,,,,,,,,,,,143500000,8266718,135233431,false,false,6,2018-04-01,2018-09-30,0
2018-10-31,97660,2018-03-31,2,,,,,,,,,,,,,,,,,,,,,,,,,,,,,,,,,,,135235621,false,false,6,2017-04-01,2017-09-30,-1
2019-01-31,97660,2019-03-31,3,192631000000,0.078,,,,,39440000000,0.024,,,,27215000000,,201.25,198.17,,,,,363308000000,,,,,,,,,,,,,,,,true,false,9,2018-04-01,2018-12-31,0
2019-01-31,97660,2018-03-31,3,178668000000,0.090,,,,,38532000000,0.302,,,,26034000000,,192.50,189.60,,,,,,,,,,,,,,,,,,,,,true,false,9,2017-04-01,2017-12-31,-1
2019-01-31,97660,2019-03-31,3,250000000000,0.044,,,,,50000000000,0.107,,,,32000000000,,236.63,,,,,,,,,,,,,,,,,,,,,,true,true,12,2018-04-01,2019-03-31,0
2019-01-31,97660,2018-03-31,3,,,,,,,,,,,,,,,,,,,,363108000000,,,,,,,,,,,,,,,,true,false,12,2017-04-01,2018-03-31,-1
2019-01-31,97660,2018-03-31,3,,,,,,,,,,,,,,,,,,,,,,,,,,,,,68.00,,,,143500000,8266259,,false,false,12,2017-04-01,2018-03-31,-1
2019-01-31,97660,2019-03-31,3,,,,,,,,,,,,,,,,,,,,,,,,,,,,,60.50,,,,,,,false,false,12,2018-04-01,2019-03-31,0
2019-01-31,97660,2019-03-31,3,,,,,,,,,,,,,,,,,,,,,,,,,,,,,121.00,,,,,,,false,true,12,2018-04-01,2019-03-31,0
2019-01-31,97660,2019-03-31,3,,,,,,,,,,,,,,,,,,,,,,,,,,,,,,,,,143500000,8266784,135233376,false,false,9,2018-04-01,2018-12-31,0
2019-01-31,97660,2018-03-31,3,,,,,,,,,,,,,,,,,,,,,,,,,,,,,,,,,,,135235259,false,false,9,2017-04-01,2017-12-31,-1
2019-05-09,97660,2019-03-31,,262549000000,0.096,,,,,50522000000,0.118,,,,34196000000,,252.86,249.02,,,0.192,,378037000000,,,,,49131000000,-22527000000,-22416000000,,,0.498,,,,,,true,false,12,2018-04-01,2019-03-31,0
2019-05-09,97660,2018-03-31,,239497000000,0.042,,,,,45181000000,0.243,,,,30507000000,,225.59,222.21,,,0.189,,363108000000,,,,,53980000000,-18484000000,-14798000000,,,0.301,,,,,,true,false,12,2017-04-01,2018-03-31,-1
2019-05-09,97660,2020-03-31,,270000000000,0.028,,,,,47000000000,-0.070,,,,30000000000,,221.84,,,,,,,,,,,,,,,,0.343,,,,,,true,true,12,2019-04-01,2020-03-31,1
2019-05-09,97660,2019-03-31,,,,,,24870000000,0.513,21860000000,0.623,21989000000,0.618,21860000000,,0.594,161.65,158.99,,,,,243568000000,223972000000,0.920,1656.20,223972000000,,,,,126.00,,,,143500000,8266959,135233307,false,false,12,2018-04-01,2019-03-31,0
2019-05-09,97660,2018-03-31,,,,,,16443000000,-0.033,13469000000,-0.084,13590000000,-0.083,13710000000,,0.382,101.38,99.71,,,,,241444000000,215475000000,0.892,1593.36,215475000000,,,,,68.00,,,,143500000,8266259,135234933,false,false,12,2017-04-01,2018-03-31,-1
2019-05-09,97660,2020-03-31,,,,,,,,,,,,,,,,,,,,,,,,,,,,,,76.00,,,,,,,false,true,12,2019-04-01,2020-03-31,1
2019-08-01,97660,2020-03-31,1,56459000000,-0.034,,,,,10015000000,-0.152,,,,7280000000,,53.83,53.00,,,,,402475000000,,,,,,,,,,,,,,,,true,false,3,2019-04-01,2019-06-30,0
2019-08-01,97660,2019-03-31,1,58457000000,0.049,,,,,11814000000,-0.031,,,,8274000000,,61.18,60.25,,,,,,,,,,,,,,,,,,,,,true,false,3,2018-04-01,2018-06-30,-1
2019-08-01,97660,2020-03-31,1,270000000000,0.028,,,,,47000000000,-0.070,,,,30000000000,,221.84,,,,,,,,,,,,,,,,,,,,,,true,true,12,2019-04-01,2020-03-31,0
2019-08-01,97660,2019-03-31,1,,,,,,,,,,,,,,,,,,,,378037000000,,,,,,,,,,,,,,,,true,false,12,2018-04-01,2019-03-31,-1
2019-08-01,97660,2019-03-31,1,,,,,,,,,,,,,,,,,,,,,,,,,,,,,126.00,,,,143500000,8266959,,false,false,12,2018-04-01,2019-03-31,-1
2019-08-01,97660,2020-03-31,1,,,,,,,,,,,,,,,,,,,,,,,,,,,,,76.00,,,,,,,false,true,12,2019-04-01,2020-03-31,0
2019-08-01,97660,2020-03-31,1,,,,,,,,,,,,,,,,,,,,,,,,,,,,,,,,,143500000,8267101,135233004,false,false,3,2019-04-01,2019-06-30,0
2019-08-01,97660,2019-03-31,1,,,,,,,,,,,,,,,,,,,,,,,,,,,,,,,,,,,135233542,false,false,3,2018-04-01,2018-06-30,-1
2019-10-31,97660,2020-03-31,2,121089000000,-0.009,,,,,20922000000,-0.164,,,,15201000000,,112.41,110.67,,,,,404084000000,,,,,,,,,,,,,,,,true,false,6,2019-04-01,2019-09-30,0
2019-10-31,97660,2019-03-31,2,122168000000,0.059,,,,,25027000000,0.003,,,,17196000000,,127.16,125.22,,,,,,,,,,,,,,,,,,,,,true,false,6,2018-04-01,2018-09-30,-1
2019-10-31,97660,2020-03-31,2,270000000000,0.028,,,,,47000000000,-0.070,,,,30000000000,,221.84,,,,,,,,,,,,,,,,,,,,,,true,true,12,2019-04-01,2020-03-31,0
2019-10-31,97660,2019-03-31,2,,,,,,,,,,,,,,,,,,,,378037000000,,,,,,,,,,,,,,,,true,false,12,2018-04-01,2019-03-31,-1
2019-10-31,97660,2019-03-31,2,,,,,,,,,,,,,,,,,,,,,,,,,,,,,126.00,,,,143500000,8266959,,false,false,12,2018-04-01,2019-03-31,-1
2019-10-31,97660,2020-03-31,2,,,,,,,,,,,,,,,,,,,,,,,,,,,,,38.00,,,,,,,false,false,12,2019-04-01,2020-03-31,0
2019-10-31,97660,2020-03-31,2,,,,,,,,,,,,,,,,,,,,,,,,,,,,,76.00,,,,,,,false,true,12,2019-04-01,2020-03-31,0
2019-10-31,97660,2020-03-31,2,,,,,,,,,,,,,,,,,,,,,,,,,,,,,,,,,143500000,8267284,135232923,false,false,6,2019-04-01,2019-09-30,0
2019-10-31,97660,2019-03-31,2,,,,,,,,,,,,,,,,,,,,,,,,,,,,,,,,,,,135233431,false,false,6,2018-04-01,2018-09-30,-1
2020-01-30,97660,2020-03-31,3,193106000000,0.002,,,,,23976000000,-0.392,,,,16309000000,,120.60,118.80,,,,,395798000000,,,,,,,,,,,,,,,,true,false,9,2019-04-01,2019-12-31,0
2020-01-30,97660,2019-03-31,3,192631000000,0.078,,,,,39440000000,0.024,,,,27215000000,,201.25,198.17,,,,,,,,,,,,,,,,,,,,,true,false,9,2018-04-01,2018-12-31,-1
2020-01-30,97660,2020-03-31,3,263500000000,0.004,,,,,33000000000,-0.347,,,,21000000000,,155.29,,,,,,,,,,,,,,,,,,,,,,true,true,12,2019-04-01,2020-03-31,0
2020-01-30,97660,2019-03-31,3,,,,,,,,,,,,,,,,,,,,378037000000,,,,,,,,,,,,,,,,true,false,12,2018-04-01,2019-03-31,-1
2020-01-30,97660,2019-03-31,3,,,,,,,,,,,,,,,,,,,,,,,,,,,,,126.00,,,,143500000,8266959,,false,false,12,2018-04-01,2019-03-31,-1
2020-01-30,97660,2020-03-31,3,,,,,,,,,,,,,,,,,,,,,,,,,,,,,38.00,,,,,,,false,false,12,2019-04-01,2020-03-31,0
2020-01-30,97660,2020-03-31,3,,,,,,,,,,,,,,,,,,,,,,,,,,,,,76.00,,,,,,,false,true,12,2019-04-01,2020-03-31,0
2020-01-30,97660,2020-03-31,3,,,,,,,,,,,,,,,,,,,,,,,,,,,,,,,,,143500000,8267546,135232809,false,false,9,2019-04-01,2019-12-31,0
2020-01-30,97660,2019-03-31,3,,,,,,,,,,,,,,,,,,,,,,,,,,,,,,,,,,,135233376,false,false,9,2018-04-01,2018-12-31,-1
2020-01-30,97660,2020-03-31,,,,,,,,,,,,,21000000000,,155.29,,,,,,,,,,,,,,,,,,,,,,true,true,12,2019-04-01,2020-03-31,0
2020-01-30,97660,2019-03-31,,,,,,,,,,,,,34217000000,,252.86,,,,,,,,,,,,,,,,,,,,,,true,false,12,2018-04-01,2019-03-31,-1
2020-05-14,97660,2020-03-31,,262810000000,0.001,,,,,30972000000,-0.387,,,,19892000000,,147.26,145.08,,,0.118,,419134000000,,,,,51166000000,-62147000000,-15869000000,,,0.306,,,,,,true,false,12,2019-04-01,2020-03-31,0
2020-05-14,97660,2019-03-31,,262549000000,0.096,,,,,50522000000,0.118,,,,34196000000,,252.86,249.02,,,0.192,,378037000000,,,,,49131000000,-22527000000,-22416000000,,,0.498,,,,,,true,false,12,2018-04-01,2019-03-31,-1
2020-05-14,97660,2020-03-31,,,,,,38747000000,0.558,35740000000,0.635,35983000000,0.636,35286000000,,0.614,261.23,256.85,,,,,278767000000,238758000000,0.856,1792.29,238758000000,,,,,45.00,,,,143500000,10285500,135077487,false,false,12,2019-04-01,2020-03-31,0
2020-05-14,97660,2019-03-31,,,,,,24870000000,0.513,21860000000,0.623,21989000000,0.618,21860000000,,0.594,161.65,158.99,,,,,243568000000,223972000000,0.920,1656.20,223972000000,,,,,126.00,,,,143500000,8266959,135233307,false,false,12,2018-04-01,2019-03-31,-1
2020-08-06,97660,2021-03-31,1,52887000000,-0.063,,,,,6772000000,-0.324,,,,4193000000,,31.48,31.01,,,,,422405000000,,,,,,,,,,,,,,,,true,false,3,2020-04-01,2020-06-30,0
2020-08-06,97660,2020-03-31,1,56459000000,-0.034,,,,,10015000000,-0.152,,,,7280000000,,53.83,53.00,,,,,,,,,,,,,,,,,,,,,true,false,3,2019-04-01,2019-06-30,-1
2020-08-06,97660,2020-03-31,1,,,,,,,,,,,,,,,,,,,,419134000000,,,,,,,,,,,,,,,,true,false,12,2019-04-01,2020-03-31,-1
2020-08-06,97660,2020-03-31,1,,,,,,,,,,,,,,,,,,,,,,,,,,,,,45.00,,,,143500000,10285500,,false,false,12,2019-04-01,2020-03-31,-1
2020-08-06,97660,2021-03-31,1,,,,,,,,,,,,,,,,,,,,,,,,,,,,,,,,,143500000,10285539,133214496,false,false,3,2020-04-01,2020-06-30,0
2020-08-06,97660,2020-03-31,1,,,,,,,,,,,,,,,,,,,,,,,,,,,,,,,,,,,135233004,false,false,3,2019-04-01,2019-06-30,-1
,97660,2021-03-31,,,,,,,,,,,,,,,,,,,,,,,,,,,,,,45.00,,,,,,,false,true,12,2020-04-01,2021-03-31,0
,97660,2020-03-31,,,,,,,,,,,,,,,,,,,,,,,,,,,,,,45.00,,,,,,,false,false,12,2019-04-01,2020-03-31,-1
2020-11-05,97660,2021-03-31,2,116072000000,-0.041,,,,,21368000000,0.021,,,,13791000000,,103.52,101.90,,,,,464886000000,,,,,,,,,,,,,,,,true,false,6,2020-04-01,2020-09-30,0
2020-11-05,97660,2020-03-31,2,121089000000,-0.009,,,,,20922000000,-0.164,,,,15201000000,,112.41,110.67,,,,,,,,,,,,,,,,,,,,,true,false,6,2019-04-01,2019-09-30,-1
2020-11-05,97660,2020-03-31,2,,,,,,,,,,,,,,,,,,,,419134000000,,,,,,,,,,,,,,,,true,false,12,2019-04-01,2020-03-31,-1
2020-11-05,97660,2020-03-31,2,,,,,,,,,,,,,,,,,,,,,,,,,,,,,45.00,,,,143500000,10285500,,false,false,12,2019-04-01,2020-03-31,-1
2020-11-05,97660,2021-03-31,2,,,,,,,,,,,,,,,,,,,,,,,,,,,,,22.50,,,,,,,false,false,12,2020-04-01,2021-03-31,0
2020-11-05,97660,2021-03-31,2,,,,,,,,,,,,,,,,,,,,,,,,,,,,,45.00,,,,,,,false,true,12,2020-04-01,2021-03-31,0
2020-11-05,97660,2021-03-31,2,,,,,,,,,,,,,,,,,,,,,,,,,,,,,,,,,143500000,10285665,133214445,false,false,6,2020-04-01,2020-09-30,0
2020-11-05,97660,2020-03-31,2,,,,,,,,,,,,,,,,,,,,,,,,,,,,,,,,,,,135232923,false,false,6,2019-04-01,2019-09-30,-1
2021-02-04,97660,2021-03-31,3,191930000000,-0.006,,,,,40529000000,0.690,,,,27003000000,,202.70,199.46,,,,,482896000000,,,,,,,,,,,,,,,,true,false,9,2020-04-01,2020-12-31,0
2021-02-04,97660,2020-03-31,3,193106000000,0.002,,,,,23976000000,-0.392,,,,16309000000,,120.60,118.80,,,,,,,,,,,,,,,,,,,,,true,false,9,2019-04-01,2019-12-31,-1
2021-02-04,97660,2020-03-31,3,,,,,,,,,,,,,,,,,,,,419134000000,,,,,,,,,,,,,,,,true,false,12,2019-04-01,2020-03-31,-1
2021-02-04,97660,2020-03-31,3,,,,,,,,,,,,,,,,,,,,,,,,,,,,,45.00,,,,143500000,10285500,,false,false,12,2019-04-01,2020-03-31,-1
2021-02-04,97660,2021-03-31,3,,,,,,,,,,,,,,,,,,,,,,,,,,,,,22.50,,,,,,,false,false,12,2020-04-01,2021-03-31,0
2021-02-04,97660,2021-03-31,3,,,,,,,,,,,,,,,,,,,,,,,,,,,,,45.00,,,,,,,false,true,12,2020-04-01,2021-03-31,0
2021-02-04,97660,2021-03-31,3,,,,,,,,,,,,,,,,,,,,,,,,,,,,,,,,,143500000,10286091,133214348,false,false,9,2020-04-01,2020-12-31,0
2021-02-04,97660,2020-03-31,3,,,,,,,,,,,,,,,,,,,,,,,,,,,,,,,,,,,135232809,false,false,9,2019-04-01,2019-12-31,-1
2021-05-13,97660,2021-03-31,,272656000000,0.037,,,,,36550000000,0.180,,,,32261000000,,242.17,238.33,,,0.134,,489006000000,,,,,69770000000,-22412000000,22426000000,,,0.301,,,,,,true,false,12,2020-04-01,2021-03-31,0
2021-05-13,97660,2020-03-31,,262810000000,0.001,,,,,30972000000,-0.387,,,,19892000000,,147.26,145.08,,,0.118,,419134000000,,,,,51166000000,-62147000000,-15869000000,,,0.306,,,,,,true,false,12,2019-04-01,2020-03-31,-1
2021-05-13,97660,2021-03-31,,,,,,52495000000,0.355,49862000000,0.395,50153000000,0.394,13909000000,,-0.606,104.41,102.60,,,,,329278000000,248728000000,0.755,1867.14,248728000000,,,,,73.00,,,,143500000,10286773,133214149,false,false,12,2020-04-01,2021-03-31,0
2021-05-13,97660,2020-03-31,,,,,,38747000000,0.558,35740000000,0.635,35983000000,0.636,35286000000,,0.614,261.23,256.85,,,,,278767000000,238758000000,0.856,1792.29,238758000000,,,,,45.00,,,,143500000,10285500,135077487,false,false,12,2019-04-01,2020-03-31,-1
2021-05-13,97660,2022-03-31,,,,,,,,,,,,,,,,,,,,,,,,,,,,,,73.00,,,,,,,false,true,12,2021-04-01,2022-03-31,1
2021-08-05,97660,2022-03-31,1,68326000000,0.292,,,,,19437000000,1.870,,,,13659000000,,102.54,100.86,,,,,484930000000,,,,,,,,,,,,,,,,true,false,3,2021-04-01,2021-06-30,0
2021-08-05,97660,2021-03-31,1,52887000000,-0.063,,,,,6772000000,-0.324,,,,4193000000,,31.48,31.01,,,,,,,,,,,,,,,,,,,,,true,false,3,2020-04-01,2020-06-30,-1
2021-08-05,97660,2021-03-31,1,,,,,,,,,,,,,,,,,,,,489006000000,,,,,,,,,,,,,,,,true,false,12,2020-04-01,2021-03-31,-1
2021-08-05,97660,2021-03-31,1,,,,,,,,,,,,,,,,,,,,,,,,,,,,,73.00,,,,143500000,10286773,,false,false,12,2020-04-01,2021-03-31,-1
2021-08-05,97660,2022-03-31,1,,,,,,,,,,,,,,,,,,,,,,,,,,,,,73.00,,,,,,,false,true,12,2021-04-01,2022-03-31,0
2021-08-05,97660,2022-03-31,1,,,,,,,,,,,,,,,,,,,,,,,,,,,,,,,,,143500000,10287143,133213056,false,false,3,2021-04-01,2021-06-30,0
2021-08-05,97660,2021-03-31,1,,,,,,,,,,,,,,,,,,,,,,,,,,,,,,,,,,,133214496,false,false,3,2020-04-01,2020-06-30,-1
2021-11-04,9766,2022-03-31,2,139486000000,0.202,,,,,39110000000,0.830,,,,27558000000,,206.79,203.47,,,,,501274000000,,,,,,,,,,,,,,,,true,false,6,2021-04-01,2021-09-30,0
2021-11-04,9766,2021-03-31,2,116072000000,-0.041,,,,,21368000000,0.021,,,,13791000000,,103.52,101.90,,,,,,,,,,,,,,,,,,,,,true,false,6,2020-04-01,2020-09-30,-1
2021-11-04,9766,2021-03-31,2,,,,,,,,,,,,,,,,,,,,489006000000,,,,,,,,,,,,,,,,true,false,12,2020-04-01,2021-03-31,-1
2021-11-04,9766,2021-03-31,2,,,,,,,,,,,,,,,,,,,,,,,,,,,,,73.00,,,,143500000,10286773,,false,false,12,2020-04-01,2021-03-31,-1
2021-11-04,9766,2022-03-31,2,,,,,,,,,,,,,,,,,,,,,,,,,,,,,36.50,,,,,,,false,false,12,2021-04-01,2022-03-31,0
2021-11-04,9766,2022-03-31,2,,,,,,,,,,,,,,,,,,,,,,,,,,,,,73.00,,,,,,,false,true,12,2021-04-01,2022-03-31,0
2021-11-04,9766,2022-03-31,2,,,,,,,,,,,,,,,,,,,,,,,,,,,,,,,,,143500000,9919212,133265479,false,false,6,2021-04-01,2021-09-30,0
2021-11-04,9766,2021-03-31,2,,,,,,,,,,,,,,,,,,,,,,,,,,,,,,,,,,,133214445,false,false,6,2020-04-01,2020-09-30,-1
2022-02-03,9766,2022-03-31,3,215048000000,0.120,,,,,60311000000,0.488,,,,42381000000,,317.79,312.89,,,,,514996000000,,,,,,,,,,,,,,,,true,false,9,2021-04-01,2021-12-31,0
2022-02-03,9766,2021-03-31,3,191930000000,-0.006,,,,,40529000000,0.690,,,,27003000000,,202.70,199.46,,,,,,,,,,,,,,,,,,,,,true,false,9,2020-04-01,2020-12-31,-1
2022-02-03,9766,2021-03-31,3,,,,,,,,,,,,,,,,,,,,489006000000,,,,,,,,,,,,,,,,true,false,12,2020-04-01,2021-03-31,-1
2022-02-03,9766,2021-03-31,3,,,,,,,,,,,,,,,,,,,,,,,,,,,,,73.00,,,,143500000,10286773,,false,false,12,2020-04-01,2021-03-31,-1
2022-02-03,9766,2022-03-31,3,,,,,,,,,,,,,,,,,,,,,,,,,,,,,36.50,,,,,,,false,false,12,2021-04-01,2022-03-31,0
2022-02-03,9766,2022-03-31,3,,,,,,,,,,,,,,,,,,,,,,,,,,,,,73.00,,,,,,,false,true,12,2021-04-01,2022-03-31,0
2022-02-03,9766,2022-03-31,3,,,,,,,,,,,,,,,,,,,,,,,,,,,,,,,,,143500000,9919263,133360057,false,false,9,2021-04-01,2021-12-31,0
2022-02-03,9766,2021-03-31,3,,,,,,,,,,,,,,,,,,,,,,,,,,,,,,,,,,,133214348,false,false,9,2020-04-01,2020-12-31,-1
2022-05-12,9766,2022-03-31,,299522000000,0.099,,,,,74435000000,1.036,,,,54806000000,,410.80,404.62,,,0.249,,528613000000,,,,,96542000000,-22993000000,-27913000000,,,0.301,,,,,,true,false,12,2021-04-01,2022-03-31,0
2022-05-12,9766,2021-03-31,,272656000000,0.037,,,,,36550000000,0.180,,,,32261000000,,242.17,238.33,,,0.134,,489006000000,,,,,69770000000,-22412000000,22426000000,,,0.301,,,,,,true,false,12,2020-04-01,2021-03-31,-1
2022-05-12,9766,2023-03-31,,320000000000,0.068,,,,,76500000000,0.028,,,,55000000000,,411.74,,,,,,,,,,,,,,,,0.301,,,,,,true,true,12,2022-04-01,2023-03-31,1
2022-05-12,9766,2022-03-31,,,,,,19686000000,-0.625,16066000000,-0.678,16649000000,-0.668,16421000000,,0.181,123.09,121.13,,,,,336617000000,255098000000,0.758,1909.70,255098000000,,,,,123.50,,,,143500000,9919591,133410926,false,false,12,2021-04-01,2022-03-31,0
2022-05-12,9766,2021-03-31,,,,,,52495000000,0.355,49862000000,0.395,50153000000,0.394,13909000000,,-0.606,104.41,102.60,,,,,329278000000,248728000000,0.755,1867.14,248728000000,,,,,73.00,,,,143500000,10286773,133214149,false,false,12,2020-04-01,2021-03-31,-1
2022-05-12,9766,2023-03-31,,,,,,,,,,,,,,,,,,,,,,,,,,,,,,124.00,,,,,,,false,true,12,2022-04-01,2023-03-31,1
2022-08-04,9766,2023-03-31,1,71905000000,0.052,,,,,14040000000,-0.278,,,,11432000000,,85.41,84.38,,,,,527733000000,,,,,,,,,,,,,,,,true,false,3,2022-04-01,2022-06-30,0
2022-08-04,9766,2022-03-31,1,68326000000,0.292,,,,,19437000000,1.870,,,,13659000000,,102.54,100.86,,,,,,,,,,,,,,,,,,,,,true,false,3,2021-04-01,2021-06-30,-1
2022-08-04,9766,2023-03-31,1,320000000000,0.068,,,,,76500000000,0.028,,,,55000000000,,411.74,,,,,,,,,,,,,,,,,,,,,,true,true,12,2022-04-01,2023-03-31,0
2022-08-04,9766,2022-03-31,1,,,,,,,,,,,,,,,,,,,,528613000000,,,,,,,,,,,,,,,,true,false,12,2021-04-01,2022-03-31,-1
2022-08-04,9766,2022-03-31,1,,,,,,,,,,,,,,,,,,,,,,,,,,,,,123.50,,,,143500000,9919591,,false,false,12,2021-04-01,2022-03-31,-1
2022-08-04,9766,2023-03-31,1,,,,,,,,,,,,,,,,,,,,,,,,,,,,,124.00,,,,,,,false,true,12,2022-04-01,2023-03-31,0
2022-08-04,9766,2023-03-31,1,,,,,,,,,,,,,,,,,,,,,,,,,,,,,,,,,143500000,9221145,133844714,false,false,3,2022-04-01,2022-06-30,0
2022-08-04,9766,2022-03-31,1,,,,,,,,,,,,,,,,,,,,,,,,,,,,,,,,,,,133213056,false,false,3,2021-04-01,2021-06-30,-1
2022-11-02,9766,2023-03-31,2,148359000000,0.064,,,,,25396000000,-0.351,,,,19847000000,,147.87,146.48,,,,,534981000000,,,,,,,,,,,,,,,,true,false,6,2022-04-01,2022-09-30,0
2022-11-02,9766,2022-03-31,2,139486000000,0.202,,,,,39110000000,0.830,,,,27558000000,,206.79,203.47,,,,,,,,,,,,,,,,,,,,,true,false,6,2021-04-01,2021-09-30,-1
2022-11-02,9766,2023-03-31,2,320000000000,0.068,,,,,76500000000,0.028,,,,55000000000,,411.74,,,,,,,,,,,,,,,,,,,,,,true,true,12,2022-04-01,2023-03-31,0
2022-11-02,9766,2022-03-31,2,,,,,,,,,,,,,,,,,,,,528613000000,,,,,,,,,,,,,,,,true,false,12,2021-04-01,2022-03-31,-1
2022-11-02,9766,2022-03-31,2,,,,,,,,,,,,,,,,,,,,,,,,,,,,,123.50,,,,143500000,9919591,,false,false,12,2021-04-01,2022-03-31,-1
2022-11-02,9766,2023-03-31,2,,,,,,,,,,,,,,,,,,,,,,,,,,,,,62.00,,,,,,,false,false,12,2022-04-01,2023-03-31,0
2022-11-02,9766,2023-03-31,2,,,,,,,,,,,,,,,,,,,,,,,,,,,,,124.00,,,,,,,false,true,12,2022-04-01,2023-03-31,0
2022-11-02,9766,2023-03-31,2,,,,,,,,,,,,,,,,,,,,,,,,,,,,,,,,,143500000,8004425,134224059,false,false,6,2022-04-01,2022-09-30,0
2022-11-02,9766,2022-03-31,2,,,,,,,,,,,,,,,,,,,,,,,,,,,,,,,,,,,133265479,false,false,6,2021-04-01,2021-09-30,-1
2023-02-02,9766,2023-03-31,3,226878000000,0.055,,,,,37523000000,-0.378,,,,27571000000,,204.82,203.46,,,,,524079000000,,,,,,,,,,,,,,,,true,false,9,2022-04-01,2022-12-31,0
2023-02-02,9766,2022-03-31,3,215048000000,0.120,,,,,60311000000,0.488,,,,42381000000,,317.79,312.89,,,,,,,,,,,,,,,,,,,,,true,false,9,2021-04-01,2021-12-31,-1
2023-02-02,9766,2023-03-31,3,303000000000,0.012,,,,,42500000000,-0.429,,,,29000000000,,213.93,,,,,,,,,,,,,,,,,,,,,,true,true,12,2022-04-01,2023-03-31,0
2023-02-02,9766,2022-03-31,3,,,,,,,,,,,,,,,,,,,,528613000000,,,,,,,,,,,,,,,,true,false,12,2021-04-01,2022-03-31,-1
2023-02-02,9766,2022-03-31,3,,,,,,,,,,,,,,,,,,,,,,,,,,,,,123.50,,,,143500000,9919591,,false,false,12,2021-04-01,2022-03-31,-1
2023-02-02,9766,2023-03-31,3,,,,,,,,,,,,,,,,,,,,,,,,,,,,,62.00,,,,,,,false,false,12,2022-04-01,2023-03-31,0
2023-02-02,9766,2023-03-31,3,,,,,,,,,,,,,,,,,,,,,,,,,,,,,124.00,,,,,,,false,true,12,2022-04-01,2023-03-31,0
2023-02-02,9766,2023-03-31,3,,,,,,,,,,,,,,,,,,,,,,,,,,,,,,,,,143500000,7941026,134611852,false,false,9,2022-04-01,2022-12-31,0
2023-02-02,9766,2022-03-31,3,,,,,,,,,,,,,,,,,,,,,,,,,,,,,,,,,,,133360057,false,false,9,2021-04-01,2021-12-31,-1
2023-05-11,9766,2023-03-31,,314321000000,0.049,,,,,46185000000,-0.380,,,,34895000000,,258.81,257.49,,,0.147,,547223000000,,,,,36098000000,-42786000000,-27467000000,,,0.479,,,,,,true,false,12,2022-04-01,2023-03-31,0
2023-05-11,9766,2022-03-31,,299522000000,0.099,,,,,74435000000,1.036,,,,54806000000,,410.80,404.62,,,0.249,,528613000000,,,,,96542000000,-22993000000,-27913000000,,,0.301,,,,,,true,false,12,2021-04-01,2022-03-31,-1
2023-05-11,9766,2024-03-31,,328000000000,0.044,,,,,60000000000,0.299,,,,41000000000,,302.45,,,,,,,,,,,,,,,,0.410,,,,,,true,true,12,2023-04-01,2024-03-31,1
2023-05-11,9766,2023-03-31,,,,,,48576000000,1.468,43677000000,1.718,44997000000,1.703,44322000000,,1.699,328.73,326.95,,,,,351413000000,287842000000,0.819,2123.38,287842000000,,,,,124.00,,,,143500000,7941177,134830397,false,false,12,2022-04-01,2023-03-31,0
2023-05-11,9766,2022-03-31,,,,,,19686000000,-0.625,16066000000,-0.678,16649000000,-0.668,16421000000,,0.181,123.09,121.13,,,,,336617000000,255098000000,0.758,1909.70,255098000000,,,,,123.50,,,,143500000,9919591,133410926,false,false,12,2021-04-01,2022-03-31,-1
2023-05-11,9766,2024-03-31,,,,,,,,,,,,,,,,,,,,,,,,,,,,,,124.00,,,,,,,false,true,12,2023-04-01,2024-03-31,1
2023-08-03,9766,2024-03-31,1,72633000000,0.010,,,,,17151000000,0.222,,,,13375000000,,98.67,98.67,,,,,551759000000,,,,,,,,,,,,,,,,true,false,3,2023-04-01,2023-06-30,0
2023-08-03,9766,2023-03-31,1,71905000000,0.052,,,,,14040000000,-0.278,,,,11432000000,,85.41,84.38,,,,,,,,,,,,,,,,,,,,,true,false,3,2022-04-01,2022-06-30,-1
2023-08-03,9766,2024-03-31,1,328000000000,0.044,,,,,60000000000,0.299,,,,41000000000,,302.45,,,,,,,,,,,,,,,,,,,,,,true,true,12,2023-04-01,2024-03-31,0
2023-08-03,9766,2023-03-31,1,,,,,,,,,,,,,,,,,,,,547223000000,,,,,,,,,,,,,,,,true,false,12,2022-04-01,2023-03-31,-1
2023-08-03,9766,2023-03-31,1,,,,,,,,,,,,,,,,,,,,,,,,,,,,,124.00,,,,143500000,7941177,,false,false,12,2022-04-01,2023-03-31,-1
2023-08-03,9766,2024-03-31,1,,,,,,,,,,,,,,,,,,,,,,,,,,,,,124.00,,,,,,,false,true,12,2023-04-01,2024-03-31,0
2023-08-03,9766,2024-03-31,1,,,,,,,,,,,,,,,,,,,,,,,,,,,,,,,,,143500000,7941403,135558690,false,false,3,2023-04-01,2023-06-30,0
2023-08-03,9766,2023-03-31,1,,,,,,,,,,,,,,,,,,,,,,,,,,,,,,,,,,,133844714,false,false,3,2022-04-01,2022-06-30,-1
2023-11-02,9766,2024-03-31,2,153851000000,0.037,,,,,35443000000,0.396,,,,26834000000,,197.95,197.95,,,,,570085000000,,,,,,,,,,,,,,,,true,false,6,2023-04-01,2023-09-30,0
2023-11-02,9766,2023-03-31,2,148359000000,0.064,,,,,25396000000,-0.351,,,,19847000000,,147.87,146.48,,,,,,,,,,,,,,,,,,,,,true,false,6,2022-04-01,2022-09-30,-1
2023-11-02,9766,2024-03-31,2,328000000000,0.044,,,,,60000000000,0.299,,,,41000000000,,302.45,,,,,,,,,,,,,,,,,,,,,,true,true,12,2023-04-01,2024-03-31,0
2023-11-02,9766,2023-03-31,2,,,,,,,,,,,,,,,,,,,,547223000000,,,,,,,,,,,,,,,,true,false,12,2022-04-01,2023-03-31,-1
2023-11-02,9766,2023-03-31,2,,,,,,,,,,,,,,,,,,,,,,,,,,,,,124.00,,,,143500000,7941177,,false,false,12,2022-04-01,2023-03-31,-1
2023-11-02,9766,2024-03-31,2,,,,,,,,,,,,,,,,,,,,,,,,,,,,,62.00,,,,,,,false,false,12,2023-04-01,2024-03-31,0
2023-11-02,9766,2024-03-31,2,,,,,,,,,,,,,,,,,,,,,,,,,,,,,124.00,,,,,,,false,true,12,2023-04-01,2024-03-31,0
2023-11-02,9766,2024-03-31,2,,,,,,,,,,,,,,,,,,,,,,,,,,,,,,,,,143500000,7941641,135558561,false,false,6,2023-04-01,2023-09-30,0
2023-11-02,9766,2023-03-31,2,,,,,,,,,,,,,,,,,,,,,,,,,,,,,,,,,,,134224059,false,false,6,2022-04-01,2022-09-30,-1
2024-02-01,9766,2024-03-31,3,253096000000,0.116,,,,,59608000000,0.589,,,,44495000000,,328.23,328.23,,,,,578572000000,,,,,,,,,,,,,,,,true,false,9,2023-04-01,2023-12-31,0
2024-02-01,9766,2023-03-31,3,226878000000,0.055,,,,,37523000000,-0.378,,,,27571000000,,204.82,203.46,,,,,,,,,,,,,,,,,,,,,true,false,9,2022-04-01,2022-12-31,-1
2024-02-01,9766,2024-03-31,3,343000000000,0.091,,,,,72000000000,0.559,,,,51000000000,,376.22,,,,,,,,,,,,,,,,,,,,,,true,true,12,2023-04-01,2024-03-31,0
2024-02-01,9766,2023-03-31,3,,,,,,,,,,,,,,,,,,,,547223000000,,,,,,,,,,,,,,,,true,false,12,2022-04-01,2023-03-31,-1
2024-02-01,9766,2023-03-31,3,,,,,,,,,,,,,,,,,,,,,,,,,,,,,124.00,,,,143500000,7941177,,false,false,12,2022-04-01,2023-03-31,-1
2024-02-01,9766,2024-03-31,3,,,,,,,,,,,,,,,,,,,,,,,,,,,,,62.00,,,,,,,false,false,12,2023-04-01,2024-03-31,0
2024-02-01,9766,2024-03-31,3,,,,,,,,,,,,,,,,,,,,,,,,,,,,,124.00,,,,,,,false,true,12,2023-04-01,2024-03-31,0
2024-02-01,9766,2024-03-31,3,,,,,,,,,,,,,,,,,,,,,,,,,,,,,,,,,143500000,7941747,135558479,false,false,9,2023-04-01,2023-12-31,0
2024-02-01,9766,2023-03-31,3,,,,,,,,,,,,,,,,,,,,,,,,,,,,,,,,,,,134611852,false,false,9,2022-04-01,2022-12-31,-1
2024-05-09,9766,2024-03-31,,360314000000,0.146,,,,,80262000000,0.738,,,,59171000000,,436.50,436.50,,,0.223,,605850000000,,,,,103061000000,-29216000000,-24199000000,,,0.300,,,,,,true,false,12,2023-04-01,2024-03-31,0
2024-05-09,9766,2023-03-31,,314321000000,0.049,,,,,46185000000,-0.380,,,,34895000000,,258.81,257.49,,,0.147,,547223000000,,,,,36098000000,-42786000000,-27467000000,,,0.479,,,,,,true,false,12,2022-04-01,2023-03-31,-1
2024-05-09,9766,2025-03-31,,380000000000,0.055,,,,,84500000000,0.053,,,,59500000000,,438.93,,,,,,,,,,,,,,,,0.301,,,,,,true,true,12,2024-04-01,2025-03-31,1
2024-05-09,9766,2024-03-31,,,,,,36686000000,-0.245,31119000000,-0.288,32673000000,-0.274,32115000000,,-0.275,236.92,236.92,,,,,366557000000,303183000000,0.827,2236.56,303183000000,,,,,131.00,,,,143500000,7942166,135558384,false,false,12,2023-04-01,2024-03-31,0
2024-05-09,9766,2023-03-31,,,,,,48576000000,1.468,43677000000,1.718,44997000000,1.703,44322000000,,1.699,328.73,326.95,,,,,351413000000,287842000000,0.819,2123.38,287842000000,,,,,124.00,,,,143500000,7941177,134830397,false,false,12,2022-04-01,2023-03-31,-1
2024-05-09,9766,2025-03-31,,,,,,,,,,,,,,,,,,,,,,,,,,,,,,132.00,,,,,,,false,true,12,2024-04-01,2025-03-31,1
2024-08-01,9766,2025-03-31,1,90039000000,0.240,,,,,25145000000,0.466,,,,19160000000,,141.35,141.35,,,,,612599000000,,,,,,,,,,,,,,,,true,false,3,2024-04-01,2024-06-30,0
2024-08-01,9766,2024-03-31,1,72633000000,0.010,,,,,17151000000,0.222,,,,13375000000,,98.67,98.67,,,,,,,,,,,,,,,,,,,,,true,false,3,2023-04-01,2023-06-30,-1
2024-08-01,9766,2025-03-31,1,380000000000,0.055,,,,,84500000000,0.053,,,,59500000000,,438.93,,,,,,,,,,,,,,,,,,,,,,true,true,12,2024-04-01,2025-03-31,0
2024-08-01,9766,2024-03-31,1,,,,,,,,,,,,,,,,,,,,605850000000,,,,,,,,,,,,,,,,true,false,12,2023-04-01,2024-03-31,-1
2024-08-01,9766,2024-03-31,1,,,,,,,,,,,,,,,,,,,,,,,,,,,,,131.00,,,,143500000,7942166,,false,false,12,2023-04-01,2024-03-31,-1
2024-08-01,9766,2025-03-31,1,,,,,,,,,,,,,,,,,,,,,,,,,,,,,132.00,,,,,,,false,true,12,2024-04-01,2025-03-31,0
2024-08-01,9766,2025-03-31,1,,,,,,,,,,,,,,,,,,,,,,,,,,,,,,,,,143500000,7942369,135557763,false,false,3,2024-04-01,2024-06-30,0
2024-08-01,9766,2024-03-31,1,,,,,,,,,,,,,,,,,,,,,,,,,,,,,,,,,,,135558690,false,false,3,2023-04-01,2023-06-30,-1
2024-10-31,9766,2025-03-31,2,184084000000,0.197,,,,,49844000000,0.406,,,,36401000000,,268.53,268.53,,,,,617760000000,,,,,,,,,,,,,,,,true,false,6,2024-04-01,2024-09-30,0
2024-10-31,9766,2024-03-31,2,153851000000,0.037,,,,,35443000000,0.396,,,,26834000000,,197.95,197.95,,,,,,,,,,,,,,,,,,,,,true,false,6,2023-04-01,2023-09-30,-1
2024-10-31,9766,2025-03-31,2,380000000000,0.055,,,,,84500000000,0.053,,,,59500000000,,438.93,,,,,,,,,,,,,,,,,,,,,,true,true,12,2024-04-01,2025-03-31,0
2024-10-31,9766,2024-03-31,2,,,,,,,,,,,,,,,,,,,,605850000000,,,,,,,,,,,,,,,,true,false,12,2023-04-01,2024-03-31,-1
2024-10-31,9766,2024-03-31,2,,,,,,,,,,,,,,,,,,,,,,,,,,,,,131.00,,,,143500000,7942166,,false,false,12,2023-04-01,2024-03-31,-1
2024-10-31,9766,2025-03-31,2,,,,,,,,,,,,,,,,,,,,,,,,,,,,,66.00,,,,,,,false,false,12,2024-04-01,2025-03-31,0
2024-10-31,9766,2025-03-31,2,,,,,,,,,,,,,,,,,,,,,,,,,,,,,132.00,,,,,,,false,true,12,2024-04-01,2025-03-31,0
2024-10-31,9766,2025-03-31,2,,,,,,,,,,,,,,,,,,,,,,,,,,,,,,,,,143500000,7942662,135557586,false,false,6,2024-04-01,2024-09-30,0
2024-10-31,9766,2024-03-31,2,,,,,,,,,,,,,,,,,,,,,,,,,,,,,,,,,,,135558561,false,false,6,2023-04-01,2023-09-30,-1
2025-01-31,9766,2025-03-31,3,310829000000,0.228,,,,,86700000000,0.455,,,,63110000000,,465.56,465.56,,,,,649714000000,,,,,,,,,,,,,,,,true,false,9,2024-04-01,2024-12-31,0
2025-01-31,9766,2024-03-31,3,253096000000,0.116,,,,,59608000000,0.589,,,,44495000000,,328.23,328.23,,,,,,,,,,,,,,,,,,,,,true,false,9,2023-04-01,2023-12-31,-1
2025-01-31,9766,2025-03-31,3,412000000000,0.143,,,,,100000000000,0.246,,,,70000000000,,516.39,,,,,,,,,,,,,,,,,,,,,,true,true,12,2024-04-01,2025-03-31,0
2025-01-31,9766,2024-03-31,3,,,,,,,,,,,,,,,,,,,,605850000000,,,,,,,,,,,,,,,,true,false,12,2023-04-01,2024-03-31,-1
2025-01-31,9766,2024-03-31,3,,,,,,,,,,,,,,,,,,,,,,,,,,,,,131.00,,,,143500000,7942166,,false,false,12,2023-04-01,2024-03-31,-1
2025-01-31,9766,2025-03-31,3,,,,,,,,,,,,,,,,,,,,,,,,,,,,,66.00,,,,,,,false,false,12,2024-04-01,2025-03-31,0
2025-01-31,9766,2025-03-31,3,,,,,,,,,,,,,,,,,,,,,,,,,,,,,155.00,,,,,,,false,true,12,2024-04-01,2025-03-31,0
2025-01-31,9766,2025-03-31,3,,,,,,,,,,,,,,,,,,,,,,,,,,,,,,,,,143500000,7942768,135557494,false,false,9,2024-04-01,2024-12-31,0
2025-01-31,9766,2024-03-31,3,,,,,,,,,,,,,,,,,,,,,,,,,,,,,,,,,,,135558479,false,false,9,2023-04-01,2023-12-31,-1
2025-05-08,9766,2025-03-31,,421602000000,0.170,,,,,101944000000,0.270,,,,74692000000,,551.00,551.00,,,0.242,,665040000000,,,,,114620000000,-67885000000,-25784000000,,,0.300,,,,,,true,false,12,2024-04-01,2025-03-31,0
2025-05-08,9766,2024-03-31,,360314000000,0.146,,,,,80262000000,0.738,,,,59171000000,,436.50,436.50,,,0.223,,605850000000,,,,,103061000000,-29216000000,-24199000000,,,0.300,,,,,,true,false,12,2023-04-01,2024-03-31,-1
2025-05-08,9766,2026-03-31,,430000000000,0.020,,,,,106000000000,0.040,,,,75000000000,,553.27,,,,,,,,,,,,,,,,0.300,,,,,,true,true,12,2025-04-01,2026-03-31,1
2025-05-08,9766,2025-03-31,,,,,,53540000000,0.459,47458000000,0.525,48473000000,0.484,48026000000,,0.495,354.29,354.29,,,,,395635000000,332939000000,0.842,2456.09,332939000000,,,,,165.50,,,,143500000,7943186,135557371,false,false,12,2024-04-01,2025-03-31,0
2025-05-08,9766,2024-03-31,,,,,,36686000000,-0.245,31119000000,-0.288,32673000000,-0.274,32115000000,,-0.275,236.92,236.92,,,,,366557000000,303183000000,0.827,2236.56,303183000000,,,,,131.00,,,,143500000,7942166,135558384,false,false,12,2023-04-01,2024-03-31,-1
2025-05-08,9766,2026-03-31,,,,,,,,,,,,,,,,,,,,,,,,,,,,,,166.00,,,,,,,false,true,12,2025-04-01,2026-03-31,1
