filing_date,code,fiscal_year_end,quarterly_period,net_sales,net_sales_change,revenue,revenue_change,operating_revenue,operating_revenue_change,operating_profit,operating_profit_change,ordinary_profit,ordinary_profit_change,net_income,net_income_of_parent,net_income_change,eps,diluted_eps,roe,roa,operating_profit_to_net_sales,operating_profit_to_revenue,total_assets,net_assets,equity_ratio,bps,owner_equity,operating_cash_flow,investing_cash_flow,financing_cash_flow,cash,dividend_per_share,payout_ratio,commemorative_dividend,extra_dividend,number_of_shares,number_of_treqsury_shares,avg_number_of_shares,is_consolidated,is_forecast,duration,period_start,period_end,period_pos
2015-05-08,97820,2015-03-31,,18740000000,0.025,,,,,1085000000,-0.092,1062000000,-0.086,656000000,,-0.099,112.81,,0.079,0.078,0.058,,13875000000,8778000000,0.633,1507.42,8778000000,1065000000,-497000000,-566000000,1456000000,,0.133,,,,,,true,false,12,2014-04-01,2015-03-31,0
2015-05-08,97820,2014-03-31,,18277000000,0.053,,,,,1195000000,0.079,1162000000,0.099,729000000,,0.223,125.24,,0.096,0.088,0.065,,13284000000,7922000000,0.596,1360.42,7922000000,745000000,-243000000,-566000000,1455000000,,0.120,,,,,,true,false,12,2013-04-01,2014-03-31,-1
2015-05-08,97820,2016-03-31,,9202000000,0.083,,,,,222000000,-0.487,212000000,-0.467,,131000000,,22.49,,,,,,,,,,,,,,,,,,,,,,true,true,6,2015-04-01,2015-09-30,1
2015-05-08,97820,2016-03-31,,19504000000,0.041,,,,,854000000,-0.213,834000000,-0.215,,522000000,,89.64,,,,,,,,,,,,,,,,,,,,,,true,true,12,2015-04-01,2016-03-31,1
2015-05-08,97820,2015-03-31,,18736000000,0.028,,,,,1081000000,-0.099,1058000000,-0.092,654000000,,-0.118,112.37,,,,,,13769000000,8622000000,0.626,1480.65,8622000000,,,,,15.00,,,,7262020,1438811,5823243,false,false,12,2014-04-01,2015-03-31,0
2015-05-08,97820,2014-03-31,,18227000000,0.062,,,,,1200000000,0.066,1165000000,0.083,741000000,,0.202,127.37,,,,,,13178000000,7840000000,0.595,1346.34,7840000000,,,,,15.00,,,,7262020,1438770,5823308,false,false,12,2013-04-01,2014-03-31,-1
2015-05-08,97820,2016-03-31,,9200000000,0.083,,,,,,,210000000,-0.469,130000000,,-0.451,22.32,,,,,,,,,,,,,,,,,,,,,,false,true,6,2015-04-01,2015-09-30,1
2015-05-08,97820,2016-03-31,,19500000000,0.041,,,,,,,830000000,-0.216,520000000,,-0.205,89.29,,,,,,,,,,,,,,,15.00,,,,,,,false,true,12,2015-04-01,2016-03-31,1
2015-07-31,97820,2016-03-31,1,4610000000,0.066,,,,,156000000,-0.326,157000000,-0.304,,117000000,,20.09,,,,,,13538000000,8822000000,0.652,1515.08,8822000000,,,,,,,,,,,,true,false,3,2015-04-01,2015-06-30,0
2015-07-31,97820,2015-03-31,1,4324000000,0.015,,,,,232000000,-0.016,226000000,-0.009,,139000000,,23.97,,,,,,,,,,,,,,,,,,,,,,true,false,3,2014-04-01,2014-06-30,-1
2015-07-31,97820,2016-03-31,1,9202000000,0.083,,,,,222000000,-0.487,212000000,-0.467,,131000000,,22.49,,,,,,,,,,,,,,,,,,,,,,true,true,6,2015-04-01,2015-09-30,0
2015-07-31,97820,2016-03-31,1,19504000000,0.041,,,,,854000000,-0.213,834000000,-0.215,,522000000,,89.64,,,,,,,,,,,,,,,,,,,,,,true,true,12,2015-04-01,2016-03-31,0
2015-07-31,97820,2015-03-31,1,,,,,,,,,,,,,,,,,,,,13875000000,8778000000,0.633,1507.42,8778000000,,,,,,,,,,,,true,false,12,2014-04-01,2015-03-31,-1
2015-07-31,97820,2015-03-31,1,,,,,,,,,,,,,,,,,,,,,,,,,,,,,15.00,,,,7262020,1438811,,false,false,12,2014-04-01,2015-03-31,-1
2015-07-31,97820,2016-03-31,1,,,,,,,,,,,,,,,,,,,,,,,,,,,,,15.00,,,,,,,false,true,12,2015-04-01,2016-03-31,0
2015-07-31,97820,2016-03-31,1,,,,,,,,,,,,,,,,,,,,,,,,,,,,,,,,,7262020,1438811,5823209,false,false,3,2015-04-01,2015-06-30,0
2015-07-31,97820,2015-03-31,1,,,,,,,,,,,,,,,,,,,,,,,,,,,,,,,,,,,5823250,false,false,3,2014-04-01,2014-06-30,-1
2015-10-30,97820,2016-03-31,2,9692000000,0.141,,,,,354000000,-0.142,350000000,-0.119,,245000000,,42.22,,,,,,13271000000,8899000000,0.671,1528.25,8899000000,,,,,,,,,,,,true,false,6,2015-04-01,2015-09-30,0
2015-10-30,97820,2015-03-31,2,8497000000,0.007,,,,,413000000,-0.050,397000000,-0.044,,238000000,,40.87,,,,,,,,,,,,,,,,,,,,,,true,false,6,2014-04-01,2014-09-30,-1
2015-10-30,97820,2016-03-31,2,20504000000,0.094,,,,,1004000000,-0.075,974000000,-0.083,,603000000,,103.55,,,,,,,,,,,,,,,,,,,,,,true,true,12,2015-04-01,2016-03-31,0
2015-10-30,97820,2015-03-31,2,,,,,,,,,,,,,,,,,,,,13875000000,8778000000,0.633,1507.42,8778000000,,,,,,,,,,,,true,false,12,2014-04-01,2015-03-31,-1
2015-10-30,97820,2015-03-31,2,,,,,,,,,,,,,,,,,,,,,,,,,,,,,15.00,,,,7262020,1438811,,false,false,12,2014-04-01,2015-03-31,-1
2015-10-30,97820,2016-03-31,2,,,,,,,,,,,,,,,,,,,,,,,,,,,,,0.00,,,,,,,false,false,12,2015-04-01,2016-03-31,0
2015-10-30,97820,2016-03-31,2,,,,,,,,,,,,,,,,,,,,,,,,,,,,,15.00,,,,,,,false,true,12,2015-04-01,2016-03-31,0
2015-10-30,97820,2016-03-31,2,,,,,,,,,,,,,,,,,,,,,,,,,,,,,,,,,7262020,1438811,5823209,false,false,6,2015-04-01,2015-09-30,0
2015-10-30,97820,2015-03-31,2,,,,,,,,,,,,,,,,,,,,,,,,,,,,,,,,,,,5823250,false,false,6,2014-04-01,2014-09-30,-1
2015-10-30,97820,2016-03-31,,9692000000,0.053,,,,,354000000,0.599,350000000,0.652,,245000000,,42.22,,,,,,,,,,,,,,,,,,,,,,true,true,6,2015-04-01,2015-09-30,0
2015-10-30,97820,2015-03-31,,8497000000,,,,,,413000000,,397000000,,,238000000,,40.87,,,,,,,,,,,,,,,,,,,,,,true,false,6,2014-04-01,2014-09-30,-1
2015-10-30,97820,2016-03-31,,20504000000,0.051,,,,,1004000000,0.176,974000000,0.168,,603000000,,103.55,,,,,,,,,,,,,,,,,,,,,,true,true,12,2015-04-01,2016-03-31,0
2015-10-30,97820,2015-03-31,,18740000000,,,,,,1085000000,,1062000000,,,656000000,,112.81,,,,,,,,,,,,,,,,,,,,,,true,false,12,2014-04-01,2015-03-31,-1
2015-10-30,97820,2016-03-31,,9690000000,0.053,,,,,,,348000000,0.658,244000000,,0.882,42.01,,,,,,,,,,,,,,,,,,,,,,false,true,6,2015-04-01,2015-09-30,0
2015-10-30,97820,2015-03-31,,8495000000,,,,,,,,395000000,,236000000,,,40.67,,,,,,,,,,,,,,,,,,,,,,false,false,6,2014-04-01,2014-09-30,-1
2015-10-30,97820,2016-03-31,,20500000000,0.051,,,,,,,970000000,0.169,600000000,,0.154,103.03,,,,,,,,,,,,,,,,,,,,,,false,true,12,2015-04-01,2016-03-31,0
2015-10-30,97820,2015-03-31,,18736000000,,,,,,,,1058000000,,654000000,,,112.37,,,,,,,,,,,,,,,,,,,,,,false,false,12,2014-04-01,2015-03-31,-1
2016-01-28,97820,2016-03-31,3,15544000000,0.157,,,,,713000000,-0.105,705000000,-0.090,,476000000,,81.83,,,,,,13730000000,9161000000,0.667,1573.22,9161000000,,,,,,,,,,,,true,false,9,2015-04-01,2015-12-31,0
2016-01-28,97820,2015-03-31,3,13429000000,0.016,,,,,796000000,-0.042,775000000,-0.037,,494000000,,84.95,,,,,,,,,,,,,,,,,,,,,,true,false,9,2014-04-01,2014-12-31,-1
2016-01-28,97820,2016-03-31,3,20504000000,0.094,,,,,1004000000,-0.075,974000000,-0.083,,603000000,,103.55,,,,,,,,,,,,,,,,,,,,,,true,true,12,2015-04-01,2016-03-31,0
2016-01-28,97820,2015-03-31,3,,,,,,,,,,,,,,,,,,,,13875000000,8778000000,0.633,1507.42,8778000000,,,,,,,,,,,,true,false,12,2014-04-01,2015-03-31,-1
2016-01-28,97820,2015-03-31,3,,,,,,,,,,,,,,,,,,,,,,,,,,,,,15.00,,,,7262020,1438811,,false,false,12,2014-04-01,2015-03-31,-1
2016-01-28,97820,2016-03-31,3,,,,,,,,,,,,,,,,,,,,,,,,,,,,,0.00,,,,,,,false,false,12,2015-04-01,2016-03-31,0
2016-01-28,97820,2016-03-31,3,,,,,,,,,,,,,,,,,,,,,,,,,,,,,15.00,,,,,,,false,true,12,2015-04-01,2016-03-31,0
2016-01-28,97820,2016-03-31,3,,,,,,,,,,,,,,,,,,,,,,,,,,,,,,,,,7262020,1438859,5823205,false,false,9,2015-04-01,2015-12-31,0
2016-01-28,97820,2015-03-31,3,,,,,,,,,,,,,,,,,,,,,,,,,,,,,,,,,,,5823250,false,false,9,2014-04-01,2014-12-31,-1
2016-05-09,97820,2016-03-31,,21108000000,0.126,,,,,1046000000,-0.035,1030000000,-0.030,,687000000,,118.13,,0.077,0.075,0.050,,13710000000,9189000000,0.670,1578.04,9189000000,914000000,-546000000,-547000000,1276000000,,0.126,,,,,,true,false,12,2015-04-01,2016-03-31,0
2016-05-09,97820,2015-03-31,,18740000000,0.025,,,,,1085000000,-0.092,1062000000,-0.086,,656000000,,112.81,,0.079,0.078,0.058,,13875000000,8778000000,0.633,1507.42,8778000000,1065000000,-497000000,-566000000,1456000000,,0.133,,,,,,true,false,12,2014-04-01,2015-03-31,-1
2016-05-09,97820,2017-03-31,,10202000000,0.053,,,,,362000000,0.020,352000000,0.005,,246000000,,42.24,,,,,,,,,,,,,,,,,,,,,,true,true,6,2016-04-01,2016-09-30,1
2016-05-09,97820,2017-03-31,,22004000000,0.042,,,,,1104000000,0.055,1084000000,0.052,,722000000,,123.98,,,,,,,,,,,,,,,,,,,,,,true,true,12,2016-04-01,2017-03-31,1
2016-05-09,97820,2016-03-31,,21105000000,0.126,,,,,1043000000,-0.035,1025000000,-0.031,685000000,,0.047,117.64,,,,,,13614000000,9172000000,0.674,1575.16,9172000000,,,,,15.00,,,,7262020,1438859,5823194,false,false,12,2015-04-01,2016-03-31,0
2016-05-09,97820,2015-03-31,,18736000000,0.028,,,,,1081000000,-0.099,1058000000,-0.092,654000000,,-0.118,112.37,,,,,,13769000000,8622000000,0.626,1480.65,8622000000,,,,,15.00,,,,7262020,1438811,5823243,false,false,12,2014-04-01,2015-03-31,-1
2016-05-09,97820,2017-03-31,,10200000000,0.053,,,,,,,350000000,0.005,245000000,,0.001,42.07,,,,,,,,,,,,,,,,,,,,,,false,true,6,2016-04-01,2016-09-30,1
2016-05-09,97820,2017-03-31,,22000000000,0.042,,,,,,,1080000000,0.053,720000000,,0.051,123.64,,,,,,,,,,,,,,,15.00,,,,,,,false,true,12,2016-04-01,2017-03-31,1
2016-07-28,97820,2017-03-31,1,5421000000,0.176,,,,,221000000,0.411,220000000,0.403,,154000000,,26.56,,,,,,13732000000,9223000000,0.672,1583.86,9223000000,,,,,,,,,,,,true,false,3,2016-04-01,2016-06-30,0
2016-07-28,97820,2016-03-31,1,4610000000,0.066,,,,,156000000,-0.326,157000000,-0.304,,117000000,,20.09,,,,,,,,,,,,,,,,,,,,,,true,false,3,2015-04-01,2015-06-30,-1
2016-07-28,97820,2017-03-31,1,10202000000,0.053,,,,,362000000,0.020,352000000,0.005,,246000000,,42.24,,,,,,,,,,,,,,,,,,,,,,true,true,6,2016-04-01,2016-09-30,0
2016-07-28,97820,2017-03-31,1,22004000000,0.042,,,,,1104000000,0.055,1084000000,0.052,,722000000,,123.98,,,,,,,,,,,,,,,,,,,,,,true,true,12,2016-04-01,2017-03-31,0
2016-07-28,97820,2016-03-31,1,,,,,,,,,,,,,,,,,,,,13710000000,9189000000,0.670,1578.04,9189000000,,,,,,,,,,,,true,false,12,2015-04-01,2016-03-31,-1
2016-07-28,97820,2016-03-31,1,,,,,,,,,,,,,,,,,,,,,,,,,,,,,15.00,,,,7262020,1438859,,false,false,12,2015-04-01,2016-03-31,-1
2016-07-28,97820,2017-03-31,1,,,,,,,,,,,,,,,,,,,,,,,,,,,,,15.00,,,,,,,false,true,12,2016-04-01,2017-03-31,0
2016-07-28,97820,2017-03-31,1,,,,,,,,,,,,,,,,,,,,,,,,,,,,,,,,,7262020,1438859,5823161,false,false,3,2016-04-01,2016-06-30,0
2016-07-28,97820,2016-03-31,1,,,,,,,,,,,,,,,,,,,,,,,,,,,,,,,,,,,5823209,false,false,3,2015-04-01,2015-06-30,-1
2016-10-26,97820,2017-03-31,2,10745000000,0.109,,,,,451000000,0.272,446000000,0.275,,307000000,,52.84,,,,,,13812000000,9393000000,0.680,1613.16,9393000000,,,,,,,,,,,,true,false,6,2016-04-01,2016-09-30,0
2016-10-26,97820,2016-03-31,2,9692000000,0.141,,,,,354000000,-0.142,350000000,-0.119,,245000000,,42.22,,,,,,,,,,,,,,,,,,,,,,true,false,6,2015-04-01,2015-09-30,-1
2016-10-26,97820,2017-03-31,2,22704000000,0.076,,,,,1204000000,0.150,1189000000,0.154,,787000000,,135.14,,,,,,,,,,,,,,,,,,,,,,true,true,12,2016-04-01,2017-03-31,0
2016-10-26,97820,2016-03-31,2,,,,,,,,,,,,,,,,,,,,13710000000,9189000000,0.670,1578.04,9189000000,,,,,,,,,,,,true,false,12,2015-04-01,2016-03-31,-1
2016-10-26,97820,2016-03-31,2,,,,,,,,,,,,,,,,,,,,,,,,,,,,,15.00,,,,7262020,1438859,,false,false,12,2015-04-01,2016-03-31,-1
2016-10-26,97820,2017-03-31,2,,,,,,,,,,,,,,,,,,,,,,,,,,,,,0.00,,,,,,,false,false,12,2016-04-01,2017-03-31,0
2016-10-26,97820,2017-03-31,2,,,,,,,,,,,,,,,,,,,,,,,,,,,,,17.00,,,,,,,false,true,12,2016-04-01,2017-03-31,0
2016-10-26,97820,2017-03-31,2,,,,,,,,,,,,,,,,,,,,,,,,,,,,,,,,,7262020,1438859,5823161,false,false,6,2016-04-01,2016-09-30,0
2016-10-26,97820,2016-03-31,2,,,,,,,,,,,,,,,,,,,,,,,,,,,,,,,,,,,5823209,false,false,6,2015-04-01,2015-09-30,-1
2016-10-26,97820,2017-03-31,,10743000000,0.053,,,,,,,444000000,0.270,306000000,,0.250,52.59,,,,,,,,,,,,,,,,,,,,,,false,true,6,2016-04-01,2016-09-30,0
2016-10-26,97820,2016-03-31,,9690000000,,,,,,,,348000000,,244000000,,,42.01,,,,,,,,,,,,,,,,,,,,,,false,false,6,2015-04-01,2015-09-30,-1
2016-10-26,97820,2017-03-31,,22700000000,0.032,,,,,,,1185000000,0.097,785000000,,0.090,134.80,,,,,,,,,,,,,,,17.00,,,,,,,false,true,12,2016-04-01,2017-03-31,0
2016-10-26,97820,2016-03-31,,21105000000,,,,,,,,1025000000,,685000000,,,117.64,,,,,,,,,,,,,,,15.00,,,,,,,false,false,12,2015-04-01,2016-03-31,-1
2016-10-26,97820,2017-03-31,,,,,,,,,,,,,,,,,,,,,,,,,,,,,,0.00,,,,,,,false,false,12,2016-04-01,2017-03-31,0
2017-01-27,97820,2017-03-31,3,16764000000,0.079,,,,,790000000,0.109,786000000,0.115,,535000000,,91.94,,,,,,14224000000,9689000000,0.681,1663.97,9689000000,,,,,,,,,,,,true,false,9,2016-04-01,2016-12-31,0
2017-01-27,97820,2016-03-31,3,15544000000,0.157,,,,,713000000,-0.105,705000000,-0.090,,476000000,,81.83,,,,,,,,,,,,,,,,,,,,,,true,false,9,2015-04-01,2015-12-31,-1
2017-01-27,97820,2017-03-31,3,22704000000,0.076,,,,,1204000000,0.150,1189000000,0.154,,787000000,,135.14,,,,,,,,,,,,,,,,,,,,,,true,true,12,2016-04-01,2017-03-31,0
2017-01-27,97820,2016-03-31,3,,,,,,,,,,,,,,,,,,,,13710000000,9189000000,0.670,1578.04,9189000000,,,,,,,,,,,,true,false,12,2015-04-01,2016-03-31,-1
2017-01-27,97820,2016-03-31,3,,,,,,,,,,,,,,,,,,,,,,,,,,,,,15.00,,,,7262020,1438859,,false,false,12,2015-04-01,2016-03-31,-1
2017-01-27,97820,2017-03-31,3,,,,,,,,,,,,,,,,,,,,,,,,,,,,,0.00,,,,,,,false,false,12,2016-04-01,2017-03-31,0
2017-01-27,97820,2017-03-31,3,,,,,,,,,,,,,,,,,,,,,,,,,,,,,17.00,,,,,,,false,true,12,2016-04-01,2017-03-31,0
2017-01-27,97820,2017-03-31,3,,,,,,,,,,,,,,,,,,,,,,,,,,,,,,,,,7262020,1438859,5823161,false,false,9,2016-04-01,2016-12-31,0
2017-01-27,97820,2016-03-31,3,,,,,,,,,,,,,,,,,,,,,,,,,,,,,,,,,,,5823205,false,false,9,2015-04-01,2015-12-31,-1
2017-05-10,97820,2017-03-31,,22655000000,0.073,,,,,1217000000,0.163,1208000000,0.173,,824000000,,141.65,,0.086,0.084,0.054,,15026000000,10016000000,0.667,1720.08,10016000000,1662000000,-1170000000,-395000000,1372000000,,0.120,,,,,,true,false,12,2016-04-01,2017-03-31,0
2017-05-10,97820,2016-03-31,,21108000000,0.126,,,,,1046000000,-0.035,1030000000,-0.030,,687000000,,118.13,,0.077,0.075,0.050,,13710000000,9189000000,0.670,1578.04,9189000000,914000000,-546000000,-547000000,1276000000,,0.126,,,,,,true,false,12,2015-04-01,2016-03-31,-1
2017-05-10,97820,2018-03-31,,11352000000,0.056,,,,,462000000,0.023,462000000,0.035,,311000000,,53.40,,,,,,,,,,,,,,,,,,,,,,true,true,6,2017-04-01,2017-09-30,1
2017-05-10,97820,2018-03-31,,23504000000,0.037,,,,,1254000000,0.030,1254000000,0.038,,842000000,,144.59,,,,,,,,,,,,,,,,,,,,,,true,true,12,2017-04-01,2018-03-31,1
2017-05-10,97820,2017-03-31,,22651000000,0.073,,,,,1213000000,0.163,1204000000,0.174,821000000,,0.200,141.15,,,,,,14929000000,9966000000,0.668,1711.57,9966000000,,,,,17.00,,,,7262020,1438859,5823161,false,false,12,2016-04-01,2017-03-31,0
2017-05-10,97820,2016-03-31,,21105000000,0.126,,,,,1043000000,-0.035,1025000000,-0.031,685000000,,0.047,117.64,,,,,,13614000000,9172000000,0.674,1575.16,9172000000,,,,,15.00,,,,7262020,1438859,5823194,false,false,12,2015-04-01,2016-03-31,-1
2017-05-10,97820,2018-03-31,,11350000000,0.056,,,,,,,460000000,0.035,310000000,,0.012,53.23,,,,,,,,,,,,,,,,,,,,,,false,true,6,2017-04-01,2017-09-30,1
2017-05-10,97820,2018-03-31,,23500000000,0.037,,,,,,,1250000000,0.038,840000000,,0.022,144.25,,,,,,,,,,,,,,,17.00,,,,,,,false,true,12,2017-04-01,2018-03-31,1
2017-07-31,97820,2018-03-31,1,5728000000,0.057,,,,,200000000,-0.094,203000000,-0.079,,148000000,,25.45,,,,,,14585000000,10087000000,0.692,1732.32,10087000000,,,,,,,,,,,,true,false,3,2017-04-01,2017-06-30,0
2017-07-31,97820,2017-03-31,1,5421000000,0.176,,,,,221000000,0.411,220000000,0.403,,154000000,,26.56,,,,,,,,,,,,,,,,,,,,,,true,false,3,2016-04-01,2016-06-30,-1
2017-07-31,97820,2018-03-31,1,11352000000,0.056,,,,,462000000,0.023,462000000,0.035,,311000000,,53.40,,,,,,,,,,,,,,,,,,,,,,true,true,6,2017-04-01,2017-09-30,0
2017-07-31,97820,2018-03-31,1,23504000000,0.037,,,,,1254000000,0.030,1254000000,0.038,,842000000,,144.59,,,,,,,,,,,,,,,,,,,,,,true,true,12,2017-04-01,2018-03-31,0
2017-07-31,97820,2017-03-31,1,,,,,,,,,,,,,,,,,,,,15026000000,10016000000,0.667,1720.08,10016000000,,,,,,,,,,,,true,false,12,2016-04-01,2017-03-31,-1
2017-07-31,97820,2017-03-31,1,,,,,,,,,,,,,,,,,,,,,,,,,,,,,17.00,,,,7262020,1438859,,false,false,12,2016-04-01,2017-03-31,-1
2017-07-31,97820,2018-03-31,1,,,,,,,,,,,,,,,,,,,,,,,,,,,,,17.00,,,,,,,false,true,12,2017-04-01,2018-03-31,0
2017-07-31,97820,2018-03-31,1,,,,,,,,,,,,,,,,,,,,,,,,,,,,,,,,,7262020,1438907,5823113,false,false,3,2017-04-01,2017-06-30,0
2017-07-31,97820,2017-03-31,1,,,,,,,,,,,,,,,,,,,,,,,,,,,,,,,,,,,5823161,false,false,3,2016-04-01,2016-06-30,-1
2017-10-27,97820,2018-03-31,2,11492000000,0.070,,,,,430000000,-0.047,433000000,-0.029,,304000000,,52.25,,,,,,14784000000,10243000000,0.693,1759.10,10243000000,,,,,,,,,,,,true,false,6,2017-04-01,2017-09-30,0
2017-10-27,97820,2017-03-31,2,10745000000,0.109,,,,,451000000,0.272,446000000,0.275,,307000000,,52.84,,,,,,,,,,,,,,,,,,,,,,true,false,6,2016-04-01,2016-09-30,-1
2017-10-27,97820,2018-03-31,2,23504000000,0.037,,,,,1254000000,0.030,1254000000,0.038,,842000000,,144.59,,,,,,,,,,,,,,,,,,,,,,true,true,12,2017-04-01,2018-03-31,0
2017-10-27,97820,2017-03-31,2,,,,,,,,,,,,,,,,,,,,15026000000,10016000000,0.667,1720.08,10016000000,,,,,,,,,,,,true,false,12,2016-04-01,2017-03-31,-1
2017-10-27,97820,2017-03-31,2,,,,,,,,,,,,,,,,,,,,,,,,,,,,,17.00,,,,7262020,1438859,,false,false,12,2016-04-01,2017-03-31,-1
2017-10-27,97820,2018-03-31,2,,,,,,,,,,,,,,,,,,,,,,,,,,,,,0.00,,,,,,,false,false,12,2017-04-01,2018-03-31,0
2017-10-27,97820,2018-03-31,2,,,,,,,,,,,,,,,,,,,,,,,,,,,,,17.00,,,,,,,false,true,12,2017-04-01,2018-03-31,0
2017-10-27,97820,2018-03-31,2,,,,,,,,,,,,,,,,,,,,,,,,,,,,,,,,,7262020,1438907,5823125,false,false,6,2017-04-01,2017-09-30,0
2017-10-27,97820,2017-03-31,2,,,,,,,,,,,,,,,,,,,,,,,,,,,,,,,,,,,5823161,false,false,6,2016-04-01,2016-09-30,-1
,97820,2018-03-31,,,,,,,,,,,,,,,,,,,,,,,,,,,,,,20.00,,,,,,,false,true,12,2017-04-01,2018-03-31,0
,97820,2018-03-31,,,,,,,,,,,,,,,,,,,,,,,,,,,,,,0.00,,,,,,,false,false,12,2017-04-01,2018-03-31,0
,97820,2017-03-31,,,,,,,,,,,,,,,,,,,,,,,,,,,,,,17.00,,,,,,,false,false,12,2016-04-01,2017-03-31,-1
2018-01-26,97820,2018-03-31,3,18198000000,0.086,,,,,818000000,0.035,825000000,0.050,,577000000,,99.19,,,,,,15075000000,10538000000,0.699,1809.77,10538000000,,,,,,,,,,,,true,false,9,2017-04-01,2017-12-31,0
2018-01-26,97820,2017-03-31,3,16764000000,0.079,,,,,790000000,0.109,786000000,0.115,,535000000,,91.94,,,,,,,,,,,,,,,,,,,,,,true,false,9,2016-04-01,2016-12-31,-1
2018-01-26,97820,2018-03-31,3,23504000000,0.037,,,,,1254000000,0.030,1254000000,0.038,,842000000,,144.59,,,,,,,,,,,,,,,,,,,,,,true,true,12,2017-04-01,2018-03-31,0
2018-01-26,97820,2017-03-31,3,,,,,,,,,,,,,,,,,,,,15026000000,10016000000,0.667,1720.08,10016000000,,,,,,,,,,,,true,false,12,2016-04-01,2017-03-31,-1
2018-01-26,97820,2017-03-31,3,,,,,,,,,,,,,,,,,,,,,,,,,,,,,17.00,,,,7262020,1438859,,false,false,12,2016-04-01,2017-03-31,-1
2018-01-26,97820,2018-03-31,3,,,,,,,,,,,,,,,,,,,,,,,,,,,,,0.00,,,,,,,false,false,12,2017-04-01,2018-03-31,0
2018-01-26,97820,2018-03-31,3,,,,,,,,,,,,,,,,,,,,,,,,,,,,,20.00,,,,,,,false,true,12,2017-04-01,2018-03-31,0
2018-01-26,97820,2018-03-31,3,,,,,,,,,,,,,,,,,,,,,,,,,,,,,,,,,7262020,1438934,5823118,false,false,9,2017-04-01,2017-12-31,0
2018-01-26,97820,2017-03-31,3,,,,,,,,,,,,,,,,,,,,,,,,,,,,,,,,,,,5823161,false,false,9,2016-04-01,2016-12-31,-1
2018-05-07,97820,2018-03-31,,24004000000,0.060,,,,,1098000000,-0.098,1107000000,-0.084,,767000000,,131.80,,0.074,0.072,0.046,,15713000000,10702000000,0.681,1837.87,10702000000,1403000000,-646000000,-623000000,1506000000,,0.152,,,,,,true,false,12,2017-04-01,2018-03-31,0
2018-05-07,97820,2017-03-31,,22655000000,0.073,,,,,1217000000,0.163,1208000000,0.173,,824000000,,141.65,,0.086,0.084,0.054,,15026000000,10016000000,0.667,1720.08,10016000000,1662000000,-1170000000,-395000000,1372000000,,0.120,,,,,,true,false,12,2016-04-01,2017-03-31,-1
2018-05-07,97820,2019-03-31,,12002000000,0.044,,,,,432000000,0.004,442000000,0.020,,306000000,,52.54,,,,,,,,,,,,,,,,,,,,,,true,true,6,2018-04-01,2018-09-30,1
2018-05-07,97820,2019-03-31,,25004000000,0.042,,,,,1104000000,0.005,1124000000,0.015,,768000000,,131.88,,,,,,,,,,,,,,,,,,,,,,true,true,12,2018-04-01,2019-03-31,1
2018-05-07,97820,2018-03-31,,24000000000,0.060,,,,,1094000000,-0.098,1102000000,-0.084,764000000,,-0.070,131.24,,,,,,15607000000,10632000000,0.681,1825.95,10632000000,,,,,20.00,,,,7262020,1438934,5823110,false,false,12,2017-04-01,2018-03-31,0
2018-05-07,97820,2017-03-31,,22651000000,0.073,,,,,1213000000,0.163,1204000000,0.174,821000000,,0.200,141.15,,,,,,14929000000,9966000000,0.668,1711.57,9966000000,,,,,17.00,,,,7262020,1438859,5823161,false,false,12,2016-04-01,2017-03-31,-1
2018-05-07,97820,2019-03-31,,12000000000,0.044,,,,,,,440000000,0.021,305000000,,0.007,52.37,,,,,,,,,,,,,,,,,,,,,,false,true,6,2018-04-01,2018-09-30,1
2018-05-07,97820,2019-03-31,,25000000000,0.042,,,,,,,1120000000,0.016,765000000,,0.001,131.37,,,,,,,,,,,,,,,20.00,,,,,,,false,true,12,2018-04-01,2019-03-31,1
2018-07-25,97820,2019-03-31,1,6870000000,0.199,,,,,326000000,0.630,335000000,0.649,,234000000,,40.24,,,,,,15485000000,10816000000,0.699,1857.59,10816000000,,,,,,,,,,,,true,false,3,2018-04-01,2018-06-30,0
2018-07-25,97820,2018-03-31,1,5728000000,0.057,,,,,200000000,-0.094,203000000,-0.079,,148000000,,25.45,,,,,,,,,,,,,,,,,,,,,,true,false,3,2017-04-01,2017-06-30,-1
2018-07-25,97820,2019-03-31,1,12660000000,0.102,,,,,550000000,0.278,560000000,0.292,,390000000,,66.97,,,,,,,,,,,,,,,,,,,,,,true,true,6,2018-04-01,2018-09-30,0
2018-07-25,97820,2019-03-31,1,25662000000,0.069,,,,,1222000000,0.113,1242000000,0.122,,852000000,,146.31,,,,,,,,,,,,,,,,,,,,,,true,true,12,2018-04-01,2019-03-31,0
2018-07-25,97820,2018-03-31,1,,,,,,,,,,,,,,,,,,,,15611000000,10702000000,0.686,1837.87,10702000000,,,,,,,,,,,,true,false,12,2017-04-01,2018-03-31,-1
2018-07-25,97820,2018-03-31,1,,,,,,,,,,,,,,,,,,,,,,,,,,,,,20.00,,,,7262020,1438934,,false,false,12,2017-04-01,2018-03-31,-1
2018-07-25,97820,2019-03-31,1,,,,,,,,,,,,,,,,,,,,,,,,,,,,,20.00,,,,,,,false,true,12,2018-04-01,2019-03-31,0
2018-07-25,97820,2019-03-31,1,,,,,,,,,,,,,,,,,,,,,,,,,,,,,,,,,7262020,1438934,5823086,false,false,3,2018-04-01,2018-06-30,0
2018-07-25,97820,2018-03-31,1,,,,,,,,,,,,,,,,,,,,,,,,,,,,,,,,,,,5823113,false,false,3,2017-04-01,2017-06-30,-1
2018-07-25,97820,2019-03-31,,12660000000,0.055,,,,,550000000,0.273,560000000,0.267,,390000000,,66.97,,,,,,,,,,,,,,,,,,,,,,true,true,6,2018-04-01,2018-09-30,0
2018-07-25,97820,2018-03-31,,11492000000,,,,,,430000000,,433000000,,,304000000,,52.25,,,,,,,,,,,,,,,,,,,,,,true,false,6,2017-04-01,2017-09-30,-1
2018-07-25,97820,2019-03-31,,25662000000,0.026,,,,,1222000000,0.107,1242000000,0.105,,852000000,,146.31,,,,,,,,,,,,,,,,,,,,,,true,true,12,2018-04-01,2019-03-31,0
2018-07-25,97820,2018-03-31,,24004000000,,,,,,1098000000,,1107000000,,,767000000,,131.80,,,,,,,,,,,,,,,,,,,,,,true,false,12,2017-04-01,2018-03-31,-1
2018-07-25,97820,2019-03-31,,12658000000,0.055,,,,,,,558000000,0.268,389000000,,0.275,66.80,,,,,,,,,,,,,,,,,,,,,,false,true,6,2018-04-01,2018-09-30,0
2018-07-25,97820,2018-03-31,,11490000000,,,,,,,,431000000,,302000000,,,51.99,,,,,,,,,,,,,,,,,,,,,,false,false,6,2017-04-01,2017-09-30,-1
2018-07-25,97820,2019-03-31,,25658000000,0.026,,,,,,,1238000000,0.105,849000000,,0.110,145.79,,,,,,,,,,,,,,,,,,,,,,false,true,12,2018-04-01,2019-03-31,0
2018-07-25,97820,2018-03-31,,24000000000,,,,,,,,1102000000,,764000000,,,131.24,,,,,,,,,,,,,,,,,,,,,,false,false,12,2017-04-01,2018-03-31,-1
2018-10-25,97820,2019-03-31,2,13332000000,0.160,,,,,599000000,0.392,612000000,0.414,,423000000,,72.71,,,,,,15695000000,11009000000,0.701,1890.74,11009000000,,,,,,,,,,,,true,false,6,2018-04-01,2018-09-30,0
2018-10-25,97820,2018-03-31,2,11492000000,0.070,,,,,430000000,-0.047,433000000,-0.029,,304000000,,52.25,,,,,,,,,,,,,,,,,,,,,,true,false,6,2017-04-01,2017-09-30,-1
2018-10-25,97820,2019-03-31,2,25662000000,0.069,,,,,1222000000,0.113,1242000000,0.122,,852000000,,146.31,,,,,,,,,,,,,,,,,,,,,,true,true,12,2018-04-01,2019-03-31,0
2018-10-25,97820,2018-03-31,2,,,,,,,,,,,,,,,,,,,,15611000000,10702000000,0.686,1837.87,10702000000,,,,,,,,,,,,true,false,12,2017-04-01,2018-03-31,-1
2018-10-25,97820,2018-03-31,2,,,,,,,,,,,,,,,,,,,,,,,,,,,,,20.00,,,,7262020,1438934,,false,false,12,2017-04-01,2018-03-31,-1
2018-10-25,97820,2019-03-31,2,,,,,,,,,,,,,,,,,,,,,,,,,,,,,0.00,,,,,,,false,false,12,2018-04-01,2019-03-31,0
2018-10-25,97820,2019-03-31,2,,,,,,,,,,,,,,,,,,,,,,,,,,,,,20.00,,,,,,,false,true,12,2018-04-01,2019-03-31,0
2018-10-25,97820,2019-03-31,2,,,,,,,,,,,,,,,,,,,,,,,,,,,,,,,,,7262020,1438935,5823085,false,false,6,2018-04-01,2018-09-30,0
2018-10-25,97820,2018-03-31,2,,,,,,,,,,,,,,,,,,,,,,,,,,,,,,,,,,,5823125,false,false,6,2017-04-01,2017-09-30,-1
2019-01-28,97820,2019-03-31,3,20537000000,0.129,,,,,1032000000,0.262,1051000000,0.274,,717000000,,123.29,,,,,,15922000000,11239000000,0.706,1930.23,11239000000,,,,,,,,,,,,true,false,9,2018-04-01,2018-12-31,0
2019-01-28,97820,2018-03-31,3,18198000000,0.086,,,,,818000000,0.035,825000000,0.050,,577000000,,99.19,,,,,,,,,,,,,,,,,,,,,,true,false,9,2017-04-01,2017-12-31,-1
2019-01-28,97820,2019-03-31,3,25662000000,0.069,,,,,1222000000,0.113,1242000000,0.122,,852000000,,146.31,,,,,,,,,,,,,,,,,,,,,,true,true,12,2018-04-01,2019-03-31,0
2019-01-28,97820,2018-03-31,3,,,,,,,,,,,,,,,,,,,,15611000000,10702000000,0.686,1837.87,10702000000,,,,,,,,,,,,true,false,12,2017-04-01,2018-03-31,-1
2019-01-28,97820,2018-03-31,3,,,,,,,,,,,,,,,,,,,,,,,,,,,,,20.00,,,,7262020,1438934,,false,false,12,2017-04-01,2018-03-31,-1
2019-01-28,97820,2019-03-31,3,,,,,,,,,,,,,,,,,,,,,,,,,,,,,0.00,,,,,,,false,false,12,2018-04-01,2019-03-31,0
2019-01-28,97820,2019-03-31,3,,,,,,,,,,,,,,,,,,,,,,,,,,,,,21.00,,,,,,,false,true,12,2018-04-01,2019-03-31,0
2019-01-28,97820,2019-03-31,3,,,,,,,,,,,,,,,,,,,,,,,,,,,,,,,,,7262020,1438974,5823075,false,false,9,2018-04-01,2018-12-31,0
2019-01-28,97820,2018-03-31,3,,,,,,,,,,,,,,,,,,,,,,,,,,,,,,,,,,,5823118,false,false,9,2017-04-01,2017-12-31,-1
,97820,2019-03-31,,,,,,,,,,,,,,,,,,,,,,,,,,,,,,21.00,,,,,,,false,true,12,2018-04-01,2019-03-31,0
,97820,2019-03-31,,,,,,,,,,,,,,,,,,,,,,,,,,,,,,0.00,,,,,,,false,false,12,2018-04-01,2019-03-31,0
,97820,2018-03-31,,,,,,,,,,,,,,,,,,,,,,,,,,,,,,20.00,,,,,,,false,false,12,2017-04-01,2018-03-31,-1
2019-05-09,97820,2019-03-31,,26779000000,0.116,,,,,1366000000,0.244,1389000000,0.255,,953000000,,163.81,,0.086,0.086,0.051,,16678000000,11492000000,0.689,1973.62,11492000000,1569000000,-233000000,-297000000,2544000000,,0.128,,,,,,true,false,12,2018-04-01,2019-03-31,0
2019-05-09,97820,2018-03-31,,24004000000,0.060,,,,,1098000000,-0.098,1107000000,-0.084,,767000000,,131.80,,0.074,0.072,0.046,,15611000000,10702000000,0.686,1837.87,10702000000,1403000000,-646000000,-623000000,1506000000,,0.152,,,,,,true,false,12,2017-04-01,2018-03-31,-1
2019-05-09,97820,2020-03-31,,13602000000,0.020,,,,,642000000,0.072,652000000,0.064,,441000000,,75.73,,,,,,,,,,,,,,,,,,,,,,true,true,6,2019-04-01,2019-09-30,1
2019-05-09,97820,2020-03-31,,27304000000,0.020,,,,,1444000000,0.057,1464000000,0.054,,1003000000,,172.25,,,,,,,,,,,,,,,,,,,,,,true,true,12,2019-04-01,2020-03-31,1
2019-05-09,97820,2019-03-31,,26775000000,0.116,,,,,1362000000,0.245,1383000000,0.255,950000000,,0.244,163.21,,,,,,16559000000,11428000000,0.690,1962.67,,,,,,21.00,,,,7262020,1438974,5823068,false,false,12,2018-04-01,2019-03-31,0
2019-05-09,97820,2018-03-31,,24000000000,0.060,,,,,1094000000,-0.098,1102000000,-0.084,764000000,,-0.070,131.24,,,,,,15499000000,10632000000,0.686,1825.95,10632000000,,,,,20.00,,,,7262020,1438934,5823110,false,false,12,2017-04-01,2018-03-31,-1
2019-05-09,97820,2020-03-31,,13600000000,0.020,,,,,,,650000000,0.065,440000000,,0.044,75.76,,,,,,,,,,,,,,,,,,,,,,false,true,6,2019-04-01,2019-09-30,1
2019-05-09,97820,2020-03-31,,27300000000,0.020,,,,,,,1460000000,0.055,1000000000,,0.052,171.73,,,,,,,,,,,,,,,22.00,,,,,,,false,true,12,2019-04-01,2020-03-31,1
2019-07-31,97820,2020-03-31,1,6930000000,0.009,,,,,413000000,0.265,422000000,0.259,,305000000,,52.42,,,,,,16330000000,11645000000,0.713,1999.86,11645000000,,,,,,,,,,,,true,false,3,2019-04-01,2019-06-30,0
2019-07-31,97820,2019-03-31,1,6870000000,0.199,,,,,326000000,0.630,335000000,0.649,,234000000,,40.24,,,,,,,,,,,,,,,,,,,,,,true,false,3,2018-04-01,2018-06-30,-1
2019-07-31,97820,2020-03-31,1,13693000000,0.027,,,,,745000000,0.244,755000000,0.232,,526000000,,90.33,,,,,,,,,,,,,,,,,,,,,,true,true,6,2019-04-01,2019-09-30,0
2019-07-31,97820,2020-03-31,1,27395000000,0.023,,,,,1547000000,0.132,1567000000,0.128,,1088000000,,186.84,,,,,,,,,,,,,,,,,,,,,,true,true,12,2019-04-01,2020-03-31,0
2019-07-31,97820,2019-03-31,1,,,,,,,,,,,,,,,,,,,,16678000000,11492000000,0.689,1973.62,11492000000,,,,,,,,,,,,true,false,12,2018-04-01,2019-03-31,-1
2019-07-31,97820,2019-03-31,1,,,,,,,,,,,,,,,,,,,,,,,,,,,,,21.00,,,,7262020,1438974,,false,false,12,2018-04-01,2019-03-31,-1
2019-07-31,97820,2020-03-31,1,,,,,,,,,,,,,,,,,,,,,,,,,,,,,22.00,,,,,,,false,true,12,2019-04-01,2020-03-31,0
2019-07-31,97820,2020-03-31,1,,,,,,,,,,,,,,,,,,,,,,,,,,,,,,,,,7262020,1438974,5823046,false,false,3,2019-04-01,2019-06-30,0
2019-07-31,97820,2019-03-31,1,,,,,,,,,,,,,,,,,,,,,,,,,,,,,,,,,,,5823086,false,false,3,2018-04-01,2018-06-30,-1
2019-07-31,97820,2020-03-31,,13693000000,0.007,,,,,745000000,0.160,755000000,0.158,,526000000,,90.33,,,,,,,,,,,,,,,,,,,,,,true,true,6,2019-04-01,2019-09-30,0
2019-07-31,97820,2019-03-31,,13332000000,,,,,,599000000,,612000000,,,423000000,,72.71,,,,,,,,,,,,,,,,,,,,,,true,false,6,2018-04-01,2018-09-30,-1
2019-07-31,97820,2020-03-31,,27395000000,0.003,,,,,1547000000,0.071,1567000000,0.070,,1088000000,,186.84,,,,,,,,,,,,,,,,,,,,,,true,true,12,2019-04-01,2020-03-31,0
2019-07-31,97820,2019-03-31,,26779000000,,,,,,1366000000,,1389000000,,,953000000,,163.81,,,,,,,,,,,,,,,,,,,,,,true,false,12,2018-04-01,2019-03-31,-1
2019-07-31,97820,2020-03-31,,13691000000,0.007,,,,,,,753000000,0.158,525000000,,0.193,90.16,,,,,,,,,,,,,,,,,,,,,,false,true,6,2019-04-01,2019-09-30,0
2019-07-31,97820,2019-03-31,,13330000000,,,,,,,,610000000,,421000000,,,72.40,,,,,,,,,,,,,,,,,,,,,,false,false,6,2018-04-01,2018-09-30,-1
2019-07-31,97820,2020-03-31,,27391000000,0.003,,,,,,,1563000000,0.071,1085000000,,0.085,186.33,,,,,,,,,,,,,,,,,,,,,,false,true,12,2019-04-01,2020-03-31,0
2019-07-31,97820,2019-03-31,,26775000000,,,,,,,,1383000000,,950000000,,,163.21,,,,,,,,,,,,,,,,,,,,,,false,false,12,2018-04-01,2019-03-31,-1
2019-10-29,97820,2020-03-31,2,14410000000,0.081,,,,,816000000,0.363,832000000,0.358,,593000000,,101.97,,,,,,16044000000,11967000000,0.746,2055.14,11967000000,,,,,,,,,,,,true,false,6,2019-04-01,2019-09-30,0
2019-10-29,97820,2019-03-31,2,13332000000,0.160,,,,,599000000,0.392,612000000,0.414,,423000000,,72.71,,,,,,,,,,,,,,,,,,,,,,true,false,6,2018-04-01,2018-09-30,-1
2019-10-29,97820,2020-03-31,2,27395000000,0.023,,,,,1547000000,0.132,1567000000,0.128,,1088000000,,186.84,,,,,,,,,,,,,,,,,,,,,,true,true,12,2019-04-01,2020-03-31,0
2019-10-29,97820,2019-03-31,2,,,,,,,,,,,,,,,,,,,,16678000000,11492000000,0.689,1973.62,11492000000,,,,,,,,,,,,true,false,12,2018-04-01,2019-03-31,-1
2019-10-29,97820,2019-03-31,2,,,,,,,,,,,,,,,,,,,,,,,,,,,,,21.00,,,,7262020,1438974,,false,false,12,2018-04-01,2019-03-31,-1
2019-10-29,97820,2020-03-31,2,,,,,,,,,,,,,,,,,,,,,,,,,,,,,0.00,,,,,,,false,false,12,2019-04-01,2020-03-31,0
2019-10-29,97820,2020-03-31,2,,,,,,,,,,,,,,,,,,,,,,,,,,,,,22.00,,,,,,,false,true,12,2019-04-01,2020-03-31,0
2019-10-29,97820,2020-03-31,2,,,,,,,,,,,,,,,,,,,,,,,,,,,,,,,,,7262020,1439043,5823028,false,false,6,2019-04-01,2019-09-30,0
2019-10-29,97820,2019-03-31,2,,,,,,,,,,,,,,,,,,,,,,,,,,,,,,,,,,,5823085,false,false,6,2018-04-01,2018-09-30,-1
2020-01-28,97820,2020-03-31,3,21188000000,0.032,,,,,1310000000,0.269,1333000000,0.268,,935000000,,160.58,,,,,,17084000000,12328000000,0.722,2117.22,12328000000,,,,,,,,,,,,true,false,9,2019-04-01,2019-12-31,0
2020-01-28,97820,2019-03-31,3,20537000000,0.129,,,,,1032000000,0.262,1051000000,0.274,,717000000,,123.29,,,,,,,,,,,,,,,,,,,,,,true,false,9,2018-04-01,2018-12-31,-1
2020-01-28,97820,2020-03-31,3,27395000000,0.023,,,,,1547000000,0.132,1567000000,0.128,,1088000000,,186.84,,,,,,,,,,,,,,,,,,,,,,true,true,12,2019-04-01,2020-03-31,0
2020-01-28,97820,2019-03-31,3,,,,,,,,,,,,,,,,,,,,16678000000,11492000000,0.689,1973.62,11492000000,,,,,,,,,,,,true,false,12,2018-04-01,2019-03-31,-1
2020-01-28,97820,2019-03-31,3,,,,,,,,,,,,,,,,,,,,,,,,,,,,,21.00,,,,7262020,1438974,,false,false,12,2018-04-01,2019-03-31,-1
2020-01-28,97820,2020-03-31,3,,,,,,,,,,,,,,,,,,,,,,,,,,,,,0.00,,,,,,,false,false,12,2019-04-01,2020-03-31,0
2020-01-28,97820,2020-03-31,3,,,,,,,,,,,,,,,,,,,,,,,,,,,,,22.00,,,,,,,false,true,12,2019-04-01,2020-03-31,0
2020-01-28,97820,2020-03-31,3,,,,,,,,,,,,,,,,,,,,,,,,,,,,,,,,,7262020,1439043,5823011,false,false,9,2019-04-01,2019-12-31,0
2020-01-28,97820,2019-03-31,3,,,,,,,,,,,,,,,,,,,,,,,,,,,,,,,,,,,5823075,false,false,9,2018-04-01,2018-12-31,-1
2020-05-22,97820,2020-03-31,,27146000000,0.014,,,,,1663000000,0.217,1691000000,0.218,,1171000000,,201.23,,0.098,0.099,0.061,,17405000000,12428000000,0.714,2134.43,12428000000,1857000000,-288000000,-306000000,3807000000,,0.109,,,,,,true,false,12,2019-04-01,2020-03-31,0
2020-05-22,97820,2019-03-31,,26779000000,0.116,,,,,1366000000,0.244,1389000000,0.255,,953000000,,163.81,,0.086,0.086,0.051,,16678000000,11492000000,0.689,1973.62,11492000000,1569000000,-233000000,-297000000,2544000000,,0.128,,,,,,true,false,12,2018-04-01,2019-03-31,-1
2020-05-22,97820,2021-03-31,,13352000000,-0.073,,,,,662000000,-0.189,673000000,-0.192,,462000000,,79.34,,,,,,,,,,,,,,,,,,,,,,true,true,6,2020-04-01,2020-09-30,1
2020-05-22,97820,2021-03-31,,27304000000,0.006,,,,,1524000000,-0.084,1545000000,-0.087,,1063000000,,182.55,,,,,,,,,,,,,,,,,,,,,,true,true,12,2020-04-01,2021-03-31,1
2020-05-22,97820,2020-03-31,,27142000000,0.014,,,,,1659000000,0.218,1686000000,0.219,1168000000,,0.229,200.62,,,,,,17261000000,12409000000,0.719,2131.18,12409000000,,,,,22.00,,,,7262020,1439086,5822993,false,false,12,2019-04-01,2020-03-31,0
2020-05-22,97820,2019-03-31,,26775000000,0.116,,,,,1362000000,0.245,1383000000,0.255,950000000,,0.244,163.21,,,,,,16559000000,11428000000,0.690,1962.67,11428000000,,,,,21.00,,,,7262020,1438974,5823068,false,false,12,2018-04-01,2019-03-31,-1
2020-05-22,97820,2021-03-31,,13350000000,-0.073,,,,,,,670000000,-0.193,460000000,,-0.223,78.99,,,,,,,,,,,,,,,,,,,,,,false,true,6,2020-04-01,2020-09-30,1
2020-05-22,97820,2021-03-31,,27300000000,0.006,,,,,,,1540000000,-0.097,1060000000,,-0.103,182.03,,,,,,,,,,,,,,,22.00,,,,,,,false,true,12,2020-04-01,2021-03-31,1
2020-07-31,97820,2021-03-31,1,6456000000,-0.068,,,,,263000000,-0.363,271000000,-0.357,,173000000,,29.72,,,,,,16900000000,12495000000,0.739,2145.93,12495000000,,,,,,,,,,,,true,false,3,2020-04-01,2020-06-30,0
2020-07-31,97820,2020-03-31,1,6930000000,0.009,,,,,413000000,0.265,422000000,0.259,,305000000,,52.42,,,,,,,,,,,,,,,,,,,,,,true,false,3,2019-04-01,2019-06-30,-1
2020-07-31,97820,2021-03-31,1,13352000000,-0.073,,,,,662000000,-0.189,673000000,-0.192,,462000000,,79.34,,,,,,,,,,,,,,,,,,,,,,true,true,6,2020-04-01,2020-09-30,0
2020-07-31,97820,2021-03-31,1,27304000000,0.006,,,,,1524000000,-0.084,1545000000,-0.087,,1063000000,,182.55,,,,,,,,,,,,,,,,,,,,,,true,true,12,2020-04-01,2021-03-31,0
2020-07-31,97820,2020-03-31,1,,,,,,,,,,,,,,,,,,,,17405000000,12428000000,0.714,2134.43,12428000000,,,,,,,,,,,,true,false,12,2019-04-01,2020-03-31,-1
2020-07-31,97820,2020-03-31,1,,,,,,,,,,,,,,,,,,,,,,,,,,,,,22.00,,,,7262020,1439086,,false,false,12,2019-04-01,2020-03-31,-1
2020-07-31,97820,2021-03-31,1,,,,,,,,,,,,,,,,,,,,,,,,,,,,,22.00,,,,,,,false,true,12,2020-04-01,2021-03-31,0
2020-07-31,97820,2021-03-31,1,,,,,,,,,,,,,,,,,,,,,,,,,,,,,,,,,7262020,1439086,5822934,false,false,3,2020-04-01,2020-06-30,0
2020-07-31,97820,2020-03-31,1,,,,,,,,,,,,,,,,,,,,,,,,,,,,,,,,,,,5823046,false,false,3,2019-04-01,2019-06-30,-1
2020-10-30,97820,2021-03-31,2,12418000000,-0.138,,,,,510000000,-0.375,524000000,-0.370,,350000000,,60.11,,,,,,16854000000,12690000000,0.753,2173.77,12690000000,,,,,,,,,,,,true,false,6,2020-04-01,2020-09-30,0
2020-10-30,97820,2020-03-31,2,14410000000,0.081,,,,,816000000,0.363,832000000,0.358,,593000000,,101.97,,,,,,,,,,,,,,,,,,,,,,true,false,6,2019-04-01,2019-09-30,-1
2020-10-30,97820,2021-03-31,2,27304000000,0.006,,,,,1524000000,-0.084,1545000000,-0.087,,1063000000,,182.55,,,,,,,,,,,,,,,,,,,,,,true,true,12,2020-04-01,2021-03-31,0
2020-10-30,97820,2020-03-31,2,,,,,,,,,,,,,,,,,,,,17405000000,12428000000,0.714,2134.43,12428000000,,,,,,,,,,,,true,false,12,2019-04-01,2020-03-31,-1
2020-10-30,97820,2020-03-31,2,,,,,,,,,,,,,,,,,,,,,,,,,,,,,22.00,,,,7262020,1439086,,false,false,12,2019-04-01,2020-03-31,-1
2020-10-30,97820,2021-03-31,2,,,,,,,,,,,,,,,,,,,,,,,,,,,,,0.00,,,,,,,false,false,12,2020-04-01,2021-03-31,0
2020-10-30,97820,2021-03-31,2,,,,,,,,,,,,,,,,,,,,,,,,,,,,,22.00,,,,,,,false,true,12,2020-04-01,2021-03-31,0
2020-10-30,97820,2021-03-31,2,,,,,,,,,,,,,,,,,,,,,,,,,,,,,,,,,7262020,1424006,5827054,false,false,6,2020-04-01,2020-09-30,0
2020-10-30,97820,2020-03-31,2,,,,,,,,,,,,,,,,,,,,,,,,,,,,,,,,,,,5823028,false,false,6,2019-04-01,2019-09-30,-1
2021-01-27,97820,2021-03-31,3,18760000000,-0.115,,,,,951000000,-0.274,972000000,-0.270,,672000000,,115.32,,,,,,17462000000,13025000000,0.746,2231.19,13025000000,,,,,,,,,,,,true,false,9,2020-04-01,2020-12-31,0
2021-01-27,97820,2020-03-31,3,21188000000,0.032,,,,,1310000000,0.269,1333000000,0.268,,935000000,,160.58,,,,,,,,,,,,,,,,,,,,,,true,false,9,2019-04-01,2019-12-31,-1
2021-01-27,97820,2021-03-31,3,27304000000,0.006,,,,,1524000000,-0.084,1545000000,-0.087,,1063000000,,182.55,,,,,,,,,,,,,,,,,,,,,,true,true,12,2020-04-01,2021-03-31,0
2021-01-27,97820,2020-03-31,3,,,,,,,,,,,,,,,,,,,,17405000000,12428000000,0.714,2134.43,12428000000,,,,,,,,,,,,true,false,12,2019-04-01,2020-03-31,-1
2021-01-27,97820,2020-03-31,3,,,,,,,,,,,,,,,,,,,,,,,,,,,,,22.00,,,,7262020,1439086,,false,false,12,2019-04-01,2020-03-31,-1
2021-01-27,97820,2021-03-31,3,,,,,,,,,,,,,,,,,,,,,,,,,,,,,0.00,,,,,,,false,false,12,2020-04-01,2021-03-31,0
2021-01-27,97820,2021-03-31,3,,,,,,,,,,,,,,,,,,,,,,,,,,,,,22.00,,,,,,,false,true,12,2020-04-01,2021-03-31,0
2021-01-27,97820,2021-03-31,3,,,,,,,,,,,,,,,,,,,,,,,,,,,,,,,,,7262020,1424006,5830720,false,false,9,2020-04-01,2020-12-31,0
2021-01-27,97820,2020-03-31,3,,,,,,,,,,,,,,,,,,,,,,,,,,,,,,,,,,,5823011,false,false,9,2019-04-01,2019-12-31,-1
2021-05-14,97820,2021-03-31,,25729000000,-0.052,,,,,1430000000,-0.140,1456000000,-0.139,,1003000000,,172.09,,0.077,0.082,0.056,,17909000000,13509000000,0.754,2314.01,13509000000,1368000000,-274000000,-323000000,4578000000,,0.128,,,,,,true,false,12,2020-04-01,2021-03-31,0
2021-05-14,97820,2020-03-31,,27146000000,0.014,,,,,1663000000,0.217,1691000000,0.218,,1171000000,,201.23,,0.098,0.099,0.061,,17405000000,12428000000,0.714,2134.43,12428000000,1857000000,-288000000,-306000000,3807000000,,0.109,,,,,,true,false,12,2019-04-01,2020-03-31,-1
2021-05-14,97820,2022-03-31,,13002000000,0.047,,,,,522000000,0.024,532000000,0.015,,372000000,,63.72,,,,,,,,,,,,,,,,,,,,,,true,true,6,2021-04-01,2021-09-30,1
2021-05-14,97820,2022-03-31,,27304000000,0.061,,,,,1504000000,0.052,1524000000,0.047,,1053000000,,180.37,,,,,,,,,,,,,,,,,,,,,,true,true,12,2021-04-01,2022-03-31,1
2021-05-14,97820,2021-03-31,,25725000000,-0.052,,,,,1426000000,-0.140,1451000000,-0.139,1000000000,,-0.144,171.51,,,,,,17802000000,13369000000,0.751,2290.11,13369000000,,,,,22.00,,,,7262020,1424006,5832519,false,false,12,2020-04-01,2021-03-31,0
2021-05-14,97820,2020-03-31,,27142000000,0.014,,,,,1659000000,0.218,1686000000,0.219,1168000000,,0.229,200.62,,,,,,17261000000,12409000000,0.719,2131.18,12409000000,,,,,22.00,,,,7262020,1439086,5822993,false,false,12,2019-04-01,2020-03-31,-1
2021-05-14,97820,2022-03-31,,13000000000,0.047,,,,,,,530000000,0.017,370000000,,0.063,63.38,,,,,,,,,,,,,,,,,,,,,,false,true,6,2021-04-01,2021-09-30,1
2021-05-14,97820,2022-03-31,,27300000000,0.061,,,,,,,1520000000,0.048,1050000000,,0.050,179.86,,,,,,,,,,,,,,,22.00,,,,,,,false,true,12,2021-04-01,2022-03-31,1
2021-07-30,97820,2022-03-31,1,6221000000,-0.036,,,,,277000000,0.051,285000000,0.051,,202000000,,34.70,,,,,,18121000000,13573000000,0.749,2325.03,13573000000,,,,,,,,,,,,true,false,3,2021-04-01,2021-06-30,0
2021-07-30,97820,2021-03-31,1,6456000000,-0.068,,,,,263000000,-0.363,271000000,-0.357,,173000000,,29.72,,,,,,,,,,,,,,,,,,,,,,true,false,3,2020-04-01,2020-06-30,-1
2021-07-30,97820,2022-03-31,1,13002000000,0.047,,,,,522000000,0.024,532000000,0.015,,372000000,,63.72,,,,,,,,,,,,,,,,,,,,,,true,true,6,2021-04-01,2021-09-30,0
2021-07-30,97820,2022-03-31,1,27304000000,0.061,,,,,1504000000,0.052,1524000000,0.047,,1053000000,,180.37,,,,,,,,,,,,,,,,,,,,,,true,true,12,2021-04-01,2022-03-31,0
2021-07-30,97820,2021-03-31,1,,,,,,,,,,,,,,,,,,,,17909000000,13509000000,0.754,2314.01,13509000000,,,,,,,,,,,,true,false,12,2020-04-01,2021-03-31,-1
2021-07-30,97820,2021-03-31,1,,,,,,,,,,,,,,,,,,,,,,,,,,,,,22.00,,,,7262020,1424006,,false,false,12,2020-04-01,2021-03-31,-1
2021-07-30,97820,2022-03-31,1,,,,,,,,,,,,,,,,,,,,,,,,,,,,,22.00,,,,,,,false,true,12,2021-04-01,2022-03-31,0
2021-07-30,97820,2022-03-31,1,,,,,,,,,,,,,,,,,,,,,,,,,,,,,,,,,7262020,1424006,5838014,false,false,3,2021-04-01,2021-06-30,0
2021-07-30,97820,2021-03-31,1,,,,,,,,,,,,,,,,,,,,,,,,,,,,,,,,,,,5822934,false,false,3,2020-04-01,2020-06-30,-1
2021-11-10,97820,2022-03-31,2,13418000000,0.081,,,,,679000000,0.332,691000000,0.319,,403000000,,69.01,,,,,,18141000000,13826000000,0.762,2361.98,13826000000,,,,,,,,,,,,true,false,6,2021-04-01,2021-09-30,0
2021-11-10,97820,2021-03-31,2,12418000000,-0.138,,,,,510000000,-0.375,524000000,-0.370,,350000000,,60.11,,,,,,,,,,,,,,,,,,,,,,true,false,6,2020-04-01,2020-09-30,-1
2021-11-10,97820,2022-03-31,2,27720000000,0.077,,,,,1661000000,0.162,1684000000,0.157,,1084000000,,185.52,,,,,,,,,,,,,,,,,,,,,,true,true,12,2021-04-01,2022-03-31,0
2021-11-10,97820,2021-03-31,2,,,,,,,,,,,,,,,,,,,,17909000000,13509000000,0.754,2314.01,13509000000,,,,,,,,,,,,true,false,12,2020-04-01,2021-03-31,-1
2021-11-10,97820,2021-03-31,2,,,,,,,,,,,,,,,,,,,,,,,,,,,,,22.00,,,,7262020,1424006,,false,false,12,2020-04-01,2021-03-31,-1
2021-11-10,97820,2022-03-31,2,,,,,,,,,,,,,,,,,,,,,,,,,,,,,0.00,,,,,,,false,false,12,2021-04-01,2022-03-31,0
2021-11-10,97820,2022-03-31,2,,,,,,,,,,,,,,,,,,,,,,,,,,,,,22.00,,,,,,,false,true,12,2021-04-01,2022-03-31,0
2021-11-10,97820,2022-03-31,2,,,,,,,,,,,,,,,,,,,,,,,,,,,,,,,,,7262020,1408069,5842281,false,false,6,2021-04-01,2021-09-30,0
2021-11-10,97820,2021-03-31,2,,,,,,,,,,,,,,,,,,,,,,,,,,,,,,,,,,,5827054,false,false,6,2020-04-01,2020-09-30,-1
2022-01-28,97820,2022-03-31,3,20799000000,0.109,,,,,1186000000,0.247,1206000000,0.241,,758000000,,129.66,,,,,,18379000000,14174000000,0.771,2421.42,14174000000,,,,,,,,,,,,true,false,9,2021-04-01,2021-12-31,0
2022-01-28,97820,2021-03-31,3,18760000000,-0.115,,,,,951000000,-0.274,972000000,-0.270,,672000000,,115.32,,,,,,,,,,,,,,,,,,,,,,true,false,9,2020-04-01,2020-12-31,-1
2022-01-28,97820,2022-03-31,3,27720000000,0.077,,,,,1661000000,0.162,1684000000,0.157,,1084000000,,185.52,,,,,,,,,,,,,,,,,,,,,,true,true,12,2021-04-01,2022-03-31,0
2022-01-28,97820,2021-03-31,3,,,,,,,,,,,,,,,,,,,,17909000000,13509000000,0.754,2314.01,13509000000,,,,,,,,,,,,true,false,12,2020-04-01,2021-03-31,-1
2022-01-28,97820,2021-03-31,3,,,,,,,,,,,,,,,,,,,,,,,,,,,,,22.00,,,,7262020,1424006,,false,false,12,2020-04-01,2021-03-31,-1
2022-01-28,97820,2022-03-31,3,,,,,,,,,,,,,,,,,,,,,,,,,,,,,0.00,,,,,,,false,false,12,2021-04-01,2022-03-31,0
2022-01-28,97820,2022-03-31,3,,,,,,,,,,,,,,,,,,,,,,,,,,,,,22.00,,,,,,,false,true,12,2021-04-01,2022-03-31,0
2022-01-28,97820,2022-03-31,3,,,,,,,,,,,,,,,,,,,,,,,,,,,,,,,,,7262020,1408069,5846185,false,false,9,2021-04-01,2021-12-31,0
2022-01-28,97820,2021-03-31,3,,,,,,,,,,,,,,,,,,,,,,,,,,,,,,,,,,,5830720,false,false,9,2020-04-01,2020-12-31,-1
,97820,2022-03-31,,,,,,,,,,,,,,,,,,,,,,,,,,,,,,23.00,,,,,,,false,true,12,2021-04-01,2022-03-31,0
,97820,2022-03-31,,,,,,,,,,,,,,,,,,,,,,,,,,,,,,0.00,,,,,,,false,false,12,2021-04-01,2022-03-31,0
,97820,2021-03-31,,,,,,,,,,,,,,,,,,,,,,,,,,,,,,22.00,,,,,,,false,false,12,2020-04-01,2021-03-31,-1
2022-05-13,97820,2022-03-31,,27976000000,0.087,,,,,1674000000,0.171,1701000000,0.168,,1042000000,,178.34,,0.074,0.091,0.060,,19516000000,14494000000,0.743,2475.95,14494000000,1176000000,-269000000,-326000000,5158000000,,0.129,,,,,,true,false,12,2021-04-01,2022-03-31,0
2022-05-13,97820,2021-03-31,,25729000000,-0.052,,,,,1430000000,-0.140,1456000000,-0.139,,1003000000,,172.09,,0.077,0.082,0.056,,17909000000,13509000000,0.754,2314.01,13509000000,1368000000,-274000000,-323000000,4578000000,,0.128,,,,,,true,false,12,2020-04-01,2021-03-31,-1
2022-05-13,97820,2022-03-31,,27973000000,0.087,,,,,1671000000,0.171,1696000000,0.169,1039000000,,0.039,177.76,,,,,,19422000000,14339000000,0.738,2449.53,14339000000,,,,,23.00,,,,7262020,1408069,5848100,false,false,12,2021-04-01,2022-03-31,0
2022-05-13,97820,2021-03-31,,25725000000,-0.052,,,,,1426000000,-0.140,1451000000,-0.139,1000000000,,-0.144,171.51,,,,,,17802000000,13369000000,0.751,2290.11,13369000000,,,,,22.00,,,,7262020,1424006,5832519,false,false,12,2020-04-01,2021-03-31,-1
2022-05-13,97820,2023-03-31,,14400000000,0.073,,,,,,,810000000,0.175,550000000,,0.370,93.95,,,,,,,,,,,,,,,,,,,,,,false,true,6,2022-04-01,2022-09-30,1
2022-05-13,97820,2023-03-31,,29300000000,0.047,,,,,,,1710000000,0.008,1170000000,,0.125,199.87,,,,,,,,,,,,,,,25.00,,,,,,,false,true,12,2022-04-01,2023-03-31,1
2022-07-29,97820,2023-03-31,1,7540000000,,,,,,461000000,,472000000,,364000000,,,62.24,,,,,,19051000000,14615000000,0.767,,14615000000,,,,,,,,,7262020,1408069,5853951,false,false,3,2022-04-01,2022-06-30,0
2022-07-29,97820,2023-03-31,1,14400000000,0.073,,,,,805000000,0.188,810000000,0.175,550000000,,0.370,93.95,,,,,,,,,,,,,,,,,,,,,,false,true,6,2022-04-01,2022-09-30,0
2022-07-29,97820,2023-03-31,1,29300000000,0.047,,,,,1700000000,0.017,1710000000,0.008,1170000000,,0.125,199.87,,,,,,,,,,,,,,,25.00,,,,,,,false,true,12,2022-04-01,2023-03-31,0
2022-07-29,97820,2022-03-31,1,,,,,,,,,,,,,,,,,,,,19422000000,14339000000,0.738,,14339000000,,,,,23.00,,,,7262020,1408069,,false,false,12,2021-04-01,2022-03-31,-1
2022-07-29,97820,2022-03-31,1,,,,,,,,,,,,,,,,,,,,,,,,,,,,,,,,,,,5838014,false,false,3,2021-04-01,2021-06-30,-1
2022-10-28,97820,2023-03-31,2,14169000000,,,,,,804000000,,822000000,,601000000,,,102.66,,,,,,20143000000,14880000000,0.739,,14880000000,,,,,,,,,7262020,1381400,5861237,false,false,6,2022-04-01,2022-09-30,0
2022-10-28,97820,2023-03-31,2,30700000000,0.097,,,,,1900000000,0.137,1920000000,0.132,1350000000,,0.299,229.95,,,,,,,,,,,,,,,35.00,,,,,,,false,true,12,2022-04-01,2023-03-31,0
2022-10-28,97820,2022-03-31,2,,,,,,,,,,,,,,,,,,,,19422000000,14339000000,0.738,,14339000000,,,,,23.00,,,,7262020,1408069,,false,false,12,2021-04-01,2022-03-31,-1
2022-10-28,97820,2023-03-31,2,,,,,,,,,,,,,,,,,,,,,,,,,,,,,17.00,,,,,,,false,false,12,2022-04-01,2023-03-31,0
2022-10-28,97820,2022-03-31,2,,,,,,,,,,,,,,,,,,,,,,,,,,,,,,,,,,,5842281,false,false,6,2021-04-01,2021-09-30,-1
2023-01-27,97820,2023-03-31,3,22705000000,,,,,,1533000000,,1562000000,,1113000000,,,189.79,,,,,,20696000000,15306000000,0.740,,15306000000,,,,,,,,,7262020,1381449,5867719,false,false,9,2022-04-01,2022-12-31,0
2023-01-27,97820,2023-03-31,3,30700000000,0.097,,,,,1900000000,0.137,1920000000,0.132,1350000000,,0.299,229.95,,,,,,,,,,,,,,,35.00,,,,,,,false,true,12,2022-04-01,2023-03-31,0
2023-01-27,97820,2022-03-31,3,,,,,,,,,,,,,,,,,,,,19422000000,14339000000,0.738,,14339000000,,,,,23.00,,,,7262020,1408069,,false,false,12,2021-04-01,2022-03-31,-1
2023-01-27,97820,2023-03-31,3,,,,,,,,,,,,,,,,,,,,,,,,,,,,,17.00,,,,,,,false,false,12,2022-04-01,2023-03-31,0
2023-01-27,97820,2022-03-31,3,,,,,,,,,,,,,,,,,,,,,,,,,,,,,,,,,,,5846185,false,false,9,2021-04-01,2021-12-31,-1
2023-05-12,97820,2023-03-31,,29293000000,0.047,,,,,1896000000,0.135,1933000000,0.140,1148000000,,0.105,195.60,,0.077,0.093,0.065,,22155000000,15354000000,0.693,2610.98,15354000000,2706000000,79000000,76000000,7983000000,35.00,0.179,,,7262020,1381449,5870888,false,false,12,2022-04-01,2023-03-31,0
2023-05-12,97820,2022-03-31,,27973000000,0.087,,,,,1671000000,0.171,1696000000,0.169,1039000000,,0.039,177.76,,0.075,0.091,0.060,,19422000000,14339000000,0.738,2449.53,14339000000,,,,,23.00,0.129,,,7262020,1408069,5848100,false,false,12,2021-04-01,2022-03-31,-1
2023-05-12,97820,2024-03-31,,14200000000,0.002,,,,,820000000,0.019,835000000,0.015,605000000,,0.005,102.88,,,,,,,,,,,,,,,,,,,,,,false,true,6,2023-04-01,2023-09-30,1
2023-05-12,97820,2024-03-31,,29000000000,-0.010,,,,,1650000000,-0.130,1680000000,-0.131,1780000000,,0.550,302.69,,,,,,,,,,,,,,,50.00,,,,,,,false,true,12,2023-04-01,2024-03-31,1
2023-07-27,97820,2024-03-31,1,7757000000,0.029,,,,,632000000,0.373,647000000,0.370,449000000,,0.235,76.54,,,,,,20492000000,15759000000,0.769,,15759000000,,,,,,,,,7262020,1397549,5876650,false,false,3,2023-04-01,2023-06-30,0
2023-07-27,97820,2023-03-31,1,7540000000,,,,,,461000000,,472000000,,364000000,,,62.24,,,,,,,,,,,,,,,,,,,,,5853951,false,false,3,2022-04-01,2022-06-30,-1
2023-07-27,97820,2024-03-31,1,14200000000,0.002,,,,,820000000,0.019,835000000,0.015,605000000,,0.005,102.88,,,,,,,,,,,,,,,,,,,,,,false,true,6,2023-04-01,2023-09-30,0
2023-07-27,97820,2024-03-31,1,29000000000,-0.010,,,,,1650000000,-0.130,1680000000,-0.131,1780000000,,0.550,302.69,,,,,,,,,,,,,,,50.00,,,,,,,false,true,12,2023-04-01,2024-03-31,0
2023-07-27,97820,2023-03-31,1,,,,,,,,,,,,,,,,,,,,22155000000,15354000000,0.693,,15354000000,,,,,35.00,,,,7262020,1381449,,false,false,12,2022-04-01,2023-03-31,-1
2023-10-26,97820,2024-03-31,2,13431000000,-0.052,,,,,793000000,-0.014,812000000,-0.012,561000000,,-0.067,95.61,,,,,,20465000000,15889000000,0.776,,15889000000,,,,,,,,,7262020,1402576,5870121,false,false,6,2023-04-01,2023-09-30,0
2023-10-26,97820,2023-03-31,2,14169000000,,,,,,804000000,,822000000,,601000000,,,102.66,,,,,,,,,,,,,,,,,,,,,5861237,false,false,6,2022-04-01,2022-09-30,-1
2023-10-26,97820,2024-03-31,2,29000000000,-0.010,,,,,1650000000,-0.130,1680000000,-0.131,1780000000,,0.550,302.69,,,,,,,,,,,,,,,50.00,,,,,,,false,true,12,2023-04-01,2024-03-31,0
2023-10-26,97820,2023-03-31,2,,,,,,,,,,,,,,,,,,,,22155000000,15354000000,0.693,,15354000000,,,,,35.00,,,,7262020,1381449,,false,false,12,2022-04-01,2023-03-31,-1
2023-10-26,97820,2024-03-31,2,,,,,,,,,,,,,,,,,,,,,,,,,,,,,25.00,,,,,,,false,false,12,2023-04-01,2024-03-31,0
2024-01-25,97820,2024-03-31,3,19739000000,-0.131,,,,,1033000000,-0.326,1064000000,-0.319,1328000000,,0.193,226.94,,,,,,21144000000,16412000000,0.776,,16412000000,,,,,,,,,7262020,1490318,5855171,false,false,9,2023-04-01,2023-12-31,0
2024-01-25,97820,2023-03-31,3,22705000000,,,,,,1533000000,,1562000000,,1113000000,,,189.79,,,,,,,,,,,,,,,,,,,,,5867719,false,false,9,2022-04-01,2022-12-31,-1
2024-01-25,97820,2024-03-31,3,29000000000,-0.010,,,,,1650000000,-0.130,1680000000,-0.131,1780000000,,0.550,302.69,,,,,,,,,,,,,,,50.00,,,,,,,false,true,12,2023-04-01,2024-03-31,0
2024-01-25,97820,2023-03-31,3,,,,,,,,,,,,,,,,,,,,22155000000,15354000000,0.693,,15354000000,,,,,35.00,,,,7262020,1381449,,false,false,12,2022-04-01,2023-03-31,-1
2024-01-25,97820,2024-03-31,3,,,,,,,,,,,,,,,,,,,,,,,,,,,,,25.00,,,,,,,false,false,12,2023-04-01,2024-03-31,0
2024-05-15,97820,2024-03-31,,26903000000,-0.082,,,,,1370000000,-0.277,1409000000,-0.271,1519000000,,0.324,260.57,,0.095,0.065,0.051,,21321000000,16687000000,0.783,2894.40,16687000000,879000000,875000000,-624000000,9113000000,79.00,0.303,,,7262020,1496518,5833269,false,false,12,2023-04-01,2024-03-31,0
2024-05-15,97820,2023-03-31,,29293000000,0.047,,,,,1896000000,0.135,1933000000,0.140,1148000000,,0.105,195.60,,0.077,0.093,0.065,,22155000000,15354000000,0.693,2610.98,15354000000,2706000000,79000000,76000000,7983000000,35.00,0.179,,,7262020,1381449,5870888,false,false,12,2022-04-01,2023-03-31,-1
2024-05-15,97820,2025-03-31,,11700000000,-0.129,,,,,330000000,-0.584,350000000,-0.569,240000000,,-0.572,41.63,,,,,,,,,,,,,,,,,,,,,,false,true,6,2024-04-01,2024-09-30,1
2024-05-15,97820,2025-03-31,,26200000000,-0.026,,,,,950000000,-0.307,1000000000,-0.291,700000000,,-0.539,121.41,,,,,,,,,,,,,,,75.00,,,,,,,false,true,12,2024-04-01,2025-03-31,1
2024-07-25,97820,2025-03-31,1,5936000000,-0.235,,,,,192000000,-0.696,211000000,-0.673,144000000,,-0.680,25.09,,,,,,20812000000,16413000000,0.789,,16413000000,,,,,,,,,7262020,1573818,5745706,false,false,3,2024-04-01,2024-06-30,0
2024-07-25,97820,2024-03-31,1,7757000000,0.029,,,,,632000000,0.373,647000000,0.370,449000000,,0.235,76.54,,,,,,,,,,,,,,,,,,,,,5876650,false,false,3,2023-04-01,2023-06-30,-1
2024-07-25,97820,2025-03-31,1,11700000000,-0.129,,,,,330000000,-0.584,350000000,-0.569,240000000,,-0.572,41.63,,,,,,,,,,,,,,,,,,,,,,false,true,6,2024-04-01,2024-09-30,0
2024-07-25,97820,2025-03-31,1,26200000000,-0.026,,,,,950000000,-0.307,1000000000,-0.291,700000000,,-0.539,121.41,,,,,,,,,,,,,,,75.00,,,,,,,false,true,12,2024-04-01,2025-03-31,0
2024-07-25,97820,2024-03-31,1,,,,,,,,,,,,,,,,,,,,21321000000,16687000000,0.783,,16687000000,,,,,79.00,,,,7262020,1496518,,false,false,12,2023-04-01,2024-03-31,-1
2024-10-24,97820,2025-03-31,2,12477000000,-0.071,,,,,485000000,-0.388,516000000,-0.365,352000000,,-0.373,61.72,,,,,,20885000000,16518000000,0.791,,16518000000,,,,,,,,,7262020,1616142,5705375,false,false,6,2024-04-01,2024-09-30,0
2024-10-24,97820,2024-03-31,2,13431000000,-0.052,,,,,793000000,-0.014,812000000,-0.012,561000000,,-0.067,95.61,,,,,,,,,,,,,,,,,,,,,5870121,false,false,6,2023-04-01,2023-09-30,-1
2024-10-24,97820,2025-03-31,2,26977000000,0.003,,,,,1105000000,-0.193,1166000000,-0.173,812000000,,-0.466,143.83,,,,,,,,,,,,,,,86.00,,,,,,,false,true,12,2024-04-01,2025-03-31,0
2024-10-24,97820,2024-03-31,2,,,,,,,,,,,,,,,,,,,,21321000000,16687000000,0.783,,16687000000,,,,,79.00,,,,7262020,1496518,,false,false,12,2023-04-01,2024-03-31,-1
2024-10-24,97820,2025-03-31,2,,,,,,,,,,,,,,,,,,,,,,,,,,,,,37.00,,,,,,,false,false,12,2024-04-01,2025-03-31,0
2025-01-28,97820,2025-03-31,3,19935000000,0.010,,,,,789000000,-0.235,836000000,-0.214,571000000,,-0.570,100.63,,,,,,20721000000,16523000000,0.797,,16523000000,,,,,,,,,7262020,1666642,5675542,false,false,9,2024-04-01,2024-12-31,0
2025-01-28,97820,2024-03-31,3,19739000000,-0.131,,,,,1033000000,-0.326,1064000000,-0.319,1328000000,,0.193,226.94,,,,,,,,,,,,,,,,,,,,,5855171,false,false,9,2023-04-01,2023-12-31,-1
2025-01-28,97820,2025-03-31,3,26977000000,0.003,,,,,1105000000,-0.193,1166000000,-0.173,812000000,,-0.466,143.83,,,,,,,,,,,,,,,86.00,,,,,,,false,true,12,2024-04-01,2025-03-31,0
2025-01-28,97820,2024-03-31,3,,,,,,,,,,,,,,,,,,,,21321000000,16687000000,0.783,,16687000000,,,,,79.00,,,,7262020,1496518,,false,false,12,2023-04-01,2024-03-31,-1
2025-01-28,97820,2025-03-31,3,,,,,,,,,,,,,,,,,,,,,,,,,,,,,37.00,,,,,,,false,false,12,2024-04-01,2025-03-31,0
,97820,2025-03-31,,,,,,,,,,,,,,,,,,,,,,,,,,,,,,236.00,,,,,,,false,true,12,2024-04-01,2025-03-31,0
,97820,2025-03-31,,,,,,,,,,,,,,,,,,,,,,,,,,,,,,37.00,,,,,,,false,false,12,2024-04-01,2025-03-31,0
,97820,2024-03-31,,,,,,,,,,,,,,,,,,,,,,,,,,,,,,79.00,,,,,,,false,false,12,2023-04-01,2024-03-31,-1
2025-05-15,97820,2025-03-31,,27555000000,0.024,,,,,1190000000,-0.131,1246000000,-0.116,841000000,,-0.446,148.93,,0.050,0.059,0.043,,20620000000,16726000000,0.811,3015.79,16726000000,666000000,-930000000,-1105000000,7745000000,242.00,1.625,,,7262020,1715742,5649358,false,false,12,2024-04-01,2025-03-31,0
2025-05-15,97820,2024-03-31,,26903000000,-0.082,,,,,1370000000,-0.277,1409000000,-0.271,1519000000,,0.324,260.57,,0.095,0.065,0.051,,21321000000,16687000000,0.783,2894.40,16687000000,879000000,875000000,-624000000,9113000000,79.00,0.303,,,7262020,1496518,5833269,false,false,12,2023-04-01,2024-03-31,-1
2025-05-15,97820,2026-03-31,,12500000000,0.002,,,,,370000000,-0.239,390000000,-0.244,265000000,,-0.247,47.78,,,,,,,,,,,,,,,,,,,,,,false,true,6,2025-04-01,2025-09-30,1
2025-05-15,97820,2026-03-31,,27700000000,0.005,,,,,1200000000,0.008,1250000000,0.003,850000000,,0.010,153.26,,,,,,,,,,,,,,,228.00,,,,,,,false,true,12,2025-04-01,2026-03-31,1
2025-07-28,97820,2026-03-31,1,6804000000,0.146,,,,,235000000,0.221,256000000,0.212,192000000,,0.337,34.74,,,,,,20418000000,15773000000,0.773,,15773000000,,,,,,,,,7262020,1715742,5546278,false,false,3,2025-04-01,2025-06-30,0
2025-07-28,97820,2025-03-31,1,5936000000,-0.235,,,,,192000000,-0.696,211000000,-0.673,144000000,,-0.680,25.09,,,,,,,,,,,,,,,,,,,,,5745706,false,false,3,2024-04-01,2024-06-30,-1
2025-07-28,97820,2026-03-31,1,12500000000,0.002,,,,,370000000,-0.239,390000000,-0.244,265000000,,-0.247,47.78,,,,,,,,,,,,,,,,,,,,,,false,true,6,2025-04-01,2025-09-30,0
2025-07-28,97820,2026-03-31,1,27700000000,0.005,,,,,1200000000,0.008,1250000000,0.003,850000000,,0.010,153.26,,,,,,,,,,,,,,,228.00,,,,,,,false,true,12,2025-04-01,2026-03-31,0
2025-07-28,97820,2025-03-31,1,,,,,,,,,,,,,,,,,,,,20620000000,16726000000,0.811,,16726000000,,,,,242.00,,,,7262020,1715742,,false,false,12,2024-04-01,2025-03-31,-1
