filing_date,code,fiscal_year_end,quarterly_period,net_sales,net_sales_change,revenue,revenue_change,operating_revenue,operating_revenue_change,operating_profit,operating_profit_change,ordinary_profit,ordinary_profit_change,net_income,net_income_of_parent,net_income_change,eps,diluted_eps,roe,roa,operating_profit_to_net_sales,operating_profit_to_revenue,total_assets,net_assets,equity_ratio,bps,owner_equity,operating_cash_flow,investing_cash_flow,financing_cash_flow,cash,dividend_per_share,payout_ratio,commemorative_dividend,extra_dividend,number_of_shares,number_of_treqsury_shares,avg_number_of_shares,is_consolidated,is_forecast,duration,period_start,period_end,period_pos
2015-07-31,98270,2015-12-31,2,19082000000,0.066,,,,,496000000,,450000000,,270000000,,,21.97,,,,,,21515000000,6234000000,0.290,,6234000000,,,,,,,,,12662100,363536,12299007,false,false,6,2015-01-01,2015-06-30,0
2015-07-31,98270,2014-12-31,2,17899000000,0.059,,,,,-66000000,,-121000000,,-149000000,,,-12.19,,,,,,,,,,,,,,,,,,,,,12300559,false,false,6,2014-01-01,2014-06-30,-1
2015-07-31,98270,2015-12-31,2,35900000000,0.030,,,,,290000000,0.569,170000000,1.040,100000000,,0.885,8.13,,,,,,,,,,,,,,,0.00,,,,,,,false,true,12,2015-01-01,2015-12-31,0
2015-07-31,98270,2014-12-31,2,,,,,,,,,,,,,,,,,,,,20069000000,5887000000,0.293,,5887000000,,,,,0.00,,,,12662100,362450,,false,false,12,2014-01-01,2014-12-31,-1
2015-07-31,98270,2015-12-31,2,,,,,,,,,,,,,,,,,,,,,,,,,,,,,0.00,,,,,,,false,false,12,2015-01-01,2015-12-31,0
2015-10-30,98270,2015-12-31,3,27531000000,0.051,,,,,593000000,,532000000,,268000000,,,21.86,,,,,,20622000000,6208000000,0.301,,6208000000,,,,,,,,,12662100,364234,12298743,false,false,9,2015-01-01,2015-09-30,0
2015-10-30,98270,2014-12-31,3,26200000000,0.013,,,,,-67000000,,-146000000,,-188000000,,,-15.29,,,,,,,,,,,,,,,,,,,,,12300384,false,false,9,2014-01-01,2014-09-30,-1
2015-10-30,98270,2015-12-31,3,35900000000,0.030,,,,,290000000,0.569,170000000,1.040,100000000,,0.885,8.13,,,,,,,,,,,,,,,0.00,,,,,,,false,true,12,2015-01-01,2015-12-31,0
2015-10-30,98270,2014-12-31,3,,,,,,,,,,,,,,,,,,,,20069000000,5887000000,0.293,,5887000000,,,,,0.00,,,,12662100,362450,,false,false,12,2014-01-01,2014-12-31,-1
2015-10-30,98270,2015-12-31,3,,,,,,,,,,,,,,,,,,,,,,,,,,,,,0.00,,,,,,,false,false,12,2015-01-01,2015-12-31,0
2016-02-12,98270,2015-12-31,,36505000000,0.048,,,,,756000000,3.095,664000000,6.970,421000000,,6.951,34.30,,0.069,0.033,0.021,,20507000000,6376000000,0.311,518.51,6376000000,1074000000,41000000,-330000000,5383000000,0.00,,,,12662100,364534,12298465,false,false,12,2015-01-01,2015-12-31,0
2016-02-12,98270,2014-12-31,,34842000000,-0.014,,,,,184000000,0.232,83000000,0.595,53000000,,-0.230,4.31,,0.009,0.004,0.005,,20069000000,5887000000,0.293,478.71,5887000000,-23000000,229000000,50000000,4598000000,0.00,,,,12662100,362450,12300235,false,false,12,2014-01-01,2014-12-31,-1
2016-02-12,98270,2016-12-31,,17300000000,-0.093,,,,,100000000,-0.799,50000000,-0.889,0,,-1.000,0.00,,,,,,,,,,,,,,,,,,,,,,false,true,6,2016-01-01,2016-06-30,1
2016-02-12,98270,2016-12-31,,35100000000,-0.039,,,,,470000000,-0.379,360000000,-0.458,180000000,,-0.573,14.64,,,,,,,,,,,,,,,0.00,,,,,,,false,true,12,2016-01-01,2016-12-31,1
2016-04-28,98270,2016-12-31,1,8592000000,-0.034,,,,,88000000,0.019,75000000,0.180,14000000,,-0.654,1.19,,,,,,20116000000,6352000000,0.316,,6352000000,,,,,,,,,12662100,364534,12297566,false,false,3,2016-01-01,2016-03-31,0
2016-04-28,98270,2015-12-31,1,8898000000,-0.066,,,,,86000000,-0.381,63000000,-0.442,42000000,,-0.518,3.43,,,,,,,,,,,,,,,,,,,,,12299442,false,false,3,2015-01-01,2015-03-31,-1
2016-04-28,98270,2016-12-31,1,17300000000,-0.093,,,,,100000000,-0.799,50000000,-0.889,0,,-1.000,0.00,,,,,,,,,,,,,,,,,,,,,,false,true,6,2016-01-01,2016-06-30,0
2016-04-28,98270,2016-12-31,1,35100000000,-0.039,,,,,470000000,-0.379,360000000,-0.458,180000000,,-0.573,14.64,,,,,,,,,,,,,,,0.00,,,,,,,false,true,12,2016-01-01,2016-12-31,0
2016-04-28,98270,2015-12-31,1,,,,,,,,,,,,,,,,,,,,20507000000,6376000000,0.311,,6376000000,,,,,0.00,,,,12662100,364534,,false,false,12,2015-01-01,2015-12-31,-1
2016-07-29,98270,2016-12-31,2,16611000000,-0.130,,,,,63000000,-0.872,31000000,-0.929,-52000000,,,-4.28,,,,,,20525000000,6258000000,0.305,,6258000000,,,,,,,,,12662100,364734,12297482,false,false,6,2016-01-01,2016-06-30,0
2016-07-29,98270,2015-12-31,2,19082000000,0.066,,,,,496000000,,450000000,,270000000,,,21.97,,,,,,,,,,,,,,,,,,,,,12299007,false,false,6,2015-01-01,2015-06-30,-1
2016-07-29,98270,2016-12-31,2,35100000000,-0.039,,,,,470000000,-0.379,360000000,-0.458,180000000,,-0.573,14.64,,,,,,,,,,,,,,,0.00,,,,,,,false,true,12,2016-01-01,2016-12-31,0
2016-07-29,98270,2015-12-31,2,,,,,,,,,,,,,,,,,,,,20507000000,6376000000,0.311,,6376000000,,,,,0.00,,,,12662100,364534,,false,false,12,2015-01-01,2015-12-31,-1
2016-07-29,98270,2016-12-31,2,,,,,,,,,,,,,,,,,,,,,,,,,,,,,0.00,,,,,,,false,false,12,2016-01-01,2016-12-31,0
2016-10-28,98270,2016-12-31,3,24280000000,-0.118,,,,,10000000,-0.982,-41000000,,-111000000,,,-9.03,,,,,,19773000000,6219000000,0.315,,6219000000,,,,,,,,,12662100,365234,12297416,false,false,9,2016-01-01,2016-09-30,0
2016-10-28,98270,2015-12-31,3,27531000000,0.051,,,,,593000000,,532000000,,268000000,,,21.86,,,,,,,,,,,,,,,,,,,,,12298743,false,false,9,2015-01-01,2015-09-30,-1
2016-10-28,98270,2016-12-31,3,32850000000,-0.100,,,,,95000000,-0.874,15000000,-0.977,20000000,,-0.953,1.63,,,,,,,,,,,,,,,0.00,,,,,,,false,true,12,2016-01-01,2016-12-31,0
2016-10-28,98270,2015-12-31,3,,,,,,,,,,,,,,,,,,,,20507000000,6376000000,0.311,,6376000000,,,,,0.00,,,,12662100,364534,,false,false,12,2015-01-01,2015-12-31,-1
2016-10-28,98270,2016-12-31,3,,,,,,,,,,,,,,,,,,,,,,,,,,,,,0.00,,,,,,,false,false,12,2016-01-01,2016-12-31,0
2016-10-28,98270,2016-12-31,,32850000000,-0.064,,,,,95000000,-0.798,15000000,-0.958,20000000,,-0.889,1.63,,,,,,,,,,,,,,,,,,,,,,false,true,12,2016-01-01,2016-12-31,0
2016-10-28,98270,2015-12-31,,36505000000,,,,,,756000000,,664000000,,421000000,,,34.30,,,,,,,,,,,,,,,,,,,,,,false,false,12,2015-01-01,2015-12-31,-1
2017-02-10,98270,2016-12-31,,32988000000,-0.096,,,,,138000000,-0.816,79000000,-0.881,126000000,,-0.699,10.32,,0.020,0.004,0.004,,19406000000,6391000000,0.329,519.74,6391000000,-1819000000,553000000,-521000000,3596000000,0.00,,,,12662100,365334,12297271,false,false,12,2016-01-01,2016-12-31,0
2017-02-10,98270,2015-12-31,,36505000000,0.048,,,,,756000000,3.095,664000000,6.970,421000000,,6.951,34.30,,0.069,0.033,0.021,,20507000000,6376000000,0.311,518.51,6376000000,1074000000,41000000,-330000000,5383000000,0.00,,,,12662100,364534,12298465,false,false,12,2015-01-01,2015-12-31,-1
2017-02-10,98270,2017-12-31,,16500000000,-0.007,,,,,-50000000,,-100000000,,-140000000,,,-11.39,,,,,,,,,,,,,,,,,,,,,,false,true,6,2017-01-01,2017-06-30,1
2017-02-10,98270,2017-12-31,,34500000000,0.046,,,,,320000000,1.302,230000000,1.898,60000000,,-0.527,4.88,,,,,,,,,,,,,,,0.00,,,,,,,false,true,12,2017-01-01,2017-12-31,1
2017-04-28,98270,2017-12-31,1,8508000000,-0.010,,,,,53000000,-0.400,28000000,-0.624,34000000,,1.393,2.84,,,,,,19152000000,6423000000,0.335,,6423000000,,,,,,,,,12662100,365434,12296749,false,false,3,2017-01-01,2017-03-31,0
2017-04-28,98270,2016-12-31,1,8592000000,-0.034,,,,,88000000,0.019,75000000,0.180,14000000,,-0.654,1.19,,,,,,,,,,,,,,,,,,,,,12297566,false,false,3,2016-01-01,2016-03-31,-1
2017-04-28,98270,2017-12-31,1,16500000000,-0.007,,,,,-50000000,,-100000000,,-140000000,,,-11.39,,,,,,,,,,,,,,,,,,,,,,false,true,6,2017-01-01,2017-06-30,0
2017-04-28,98270,2017-12-31,1,34500000000,0.046,,,,,320000000,1.302,230000000,1.898,60000000,,-0.527,4.88,,,,,,,,,,,,,,,0.00,,,,,,,false,true,12,2017-01-01,2017-12-31,0
2017-04-28,98270,2016-12-31,1,,,,,,,,,,,,,,,,,,,,19406000000,6391000000,0.329,,6391000000,,,,,0.00,,,,12662100,365334,,false,false,12,2016-01-01,2016-12-31,-1
2017-07-28,98270,2017-12-31,2,16311000000,-0.018,,,,,-70000000,,-110000000,,-80000000,,,-6.58,,,,,,19829000000,6321000000,0.319,,6321000000,,,,,,,,,12662100,365634,12296677,false,false,6,2017-01-01,2017-06-30,0
2017-07-28,98270,2016-12-31,2,16611000000,-0.130,,,,,63000000,-0.872,31000000,-0.929,-52000000,,,-4.28,,,,,,,,,,,,,,,,,,,,,12297482,false,false,6,2016-01-01,2016-06-30,-1
2017-07-28,98270,2017-12-31,2,34500000000,0.046,,,,,320000000,1.302,230000000,1.898,60000000,,-0.527,4.88,,,,,,,,,,,,,,,0.00,,,,,,,false,true,12,2017-01-01,2017-12-31,0
2017-07-28,98270,2016-12-31,2,,,,,,,,,,,,,,,,,,,,19406000000,6391000000,0.329,,6391000000,,,,,0.00,,,,12662100,365334,,false,false,12,2016-01-01,2016-12-31,-1
2017-07-28,98270,2017-12-31,2,,,,,,,,,,,,,,,,,,,,,,,,,,,,,0.00,,,,,,,false,false,12,2017-01-01,2017-12-31,0
2017-10-27,98270,2017-12-31,3,24227000000,-0.002,,,,,-45000000,,-97000000,,-74000000,,,-6.05,,,,,,19574000000,6335000000,0.324,,6335000000,,,,,,,,,12662100,366291,12296570,false,false,9,2017-01-01,2017-09-30,0
2017-10-27,98270,2016-12-31,3,24280000000,-0.118,,,,,10000000,-0.982,-41000000,,-111000000,,,-9.03,,,,,,,,,,,,,,,,,,,,,12297416,false,false,9,2016-01-01,2016-09-30,-1
2017-10-27,98270,2017-12-31,3,34500000000,0.046,,,,,320000000,1.302,230000000,1.898,60000000,,-0.527,4.88,,,,,,,,,,,,,,,0.00,,,,,,,false,true,12,2017-01-01,2017-12-31,0
2017-10-27,98270,2016-12-31,3,,,,,,,,,,,,,,,,,,,,19406000000,6391000000,0.329,,6391000000,,,,,0.00,,,,12662100,365334,,false,false,12,2016-01-01,2016-12-31,-1
2017-10-27,98270,2017-12-31,3,,,,,,,,,,,,,,,,,,,,,,,,,,,,,0.00,,,,,,,false,false,12,2017-01-01,2017-12-31,0
2018-02-09,98270,2017-12-31,,33074000000,0.003,,,,,104000000,-0.249,41000000,-0.476,-327000000,,,-26.62,,-0.052,0.002,0.003,,18158000000,6100000000,0.336,496.11,6100000000,756000000,1000000,-387000000,3966000000,0.00,,,,12662100,366391,12296364,false,false,12,2017-01-01,2017-12-31,0
2018-02-09,98270,2016-12-31,,32988000000,-0.096,,,,,138000000,-0.816,79000000,-0.881,126000000,,-0.699,10.32,,0.020,0.004,0.004,,19406000000,6391000000,0.329,519.74,6391000000,-1819000000,553000000,-521000000,3596000000,0.00,,,,12662100,365334,12297271,false,false,12,2016-01-01,2016-12-31,-1
2018-02-09,98270,2018-12-31,,17300000000,0.061,,,,,110000000,,70000000,,-10000000,,,-0.81,,,,,,,,,,,,,,,,,,,,,,false,true,6,2018-01-01,2018-06-30,1
2018-02-09,98270,2018-12-31,,35000000000,0.058,,,,,390000000,2.734,310000000,6.458,120000000,,,9.76,,,,,,,,,,,,,,,0.00,,,,,,,false,true,12,2018-01-01,2018-12-31,1
2018-04-27,98270,2018-12-31,1,8804000000,0.035,,,,,100000000,0.890,84000000,2.005,50000000,,0.459,4.15,,,,,,18358000000,6139000000,0.334,,6139000000,,,,,,,,,12662100,366593,12295656,false,false,3,2018-01-01,2018-03-31,0
2018-04-27,98270,2017-12-31,1,8508000000,-0.010,,,,,53000000,-0.400,28000000,-0.624,34000000,,1.393,2.84,,,,,,,,,,,,,,,,,,,,,12296749,false,false,3,2017-01-01,2017-03-31,-1
2018-04-27,98270,2018-12-31,1,17300000000,0.061,,,,,110000000,,70000000,,-10000000,,,-0.81,,,,,,,,,,,,,,,,,,,,,,false,true,6,2018-01-01,2018-06-30,0
2018-04-27,98270,2018-12-31,1,35000000000,0.058,,,,,390000000,2.734,310000000,6.458,120000000,,,9.76,,,,,,,,,,,,,,,0.00,,,,,,,false,true,12,2018-01-01,2018-12-31,0
2018-04-27,98270,2017-12-31,1,,,,,,,,,,,,,,,,,,,,18158000000,6100000000,0.336,,6100000000,,,,,0.00,,,,12662100,366391,,false,false,12,2017-01-01,2017-12-31,-1
2018-07-27,98270,2018-12-31,2,16239000000,-0.004,,,,,-188000000,,-215000000,,-212000000,,,-17.31,,,,,,18920000000,5877000000,0.311,,5877000000,,,,,,,,,12662100,367113,12295334,false,false,6,2018-01-01,2018-06-30,0
2018-07-27,98270,2017-12-31,2,16311000000,-0.018,,,,,-70000000,,-110000000,,-80000000,,,-6.58,,,,,,,,,,,,,,,,,,,,,12296677,false,false,6,2017-01-01,2017-06-30,-1
2018-07-27,98270,2018-12-31,2,35000000000,0.058,,,,,390000000,2.734,310000000,6.458,120000000,,,9.76,,,,,,,,,,,,,,,0.00,,,,,,,false,true,12,2018-01-01,2018-12-31,0
2018-07-27,98270,2017-12-31,2,,,,,,,,,,,,,,,,,,,,18158000000,6100000000,0.336,,6100000000,,,,,0.00,,,,12662100,366391,,false,false,12,2017-01-01,2017-12-31,-1
2018-07-27,98270,2018-12-31,2,,,,,,,,,,,,,,,,,,,,,,,,,,,,,0.00,,,,,,,false,false,12,2018-01-01,2018-12-31,0
2018-11-13,98270,2018-12-31,3,24418000000,0.008,,,,,-224000000,,-264000000,,-282000000,,,-22.94,,,,,,18777000000,5823000000,0.310,,5823000000,,,,,,,,,12662100,367113,12295217,false,false,9,2018-01-01,2018-09-30,0
2018-11-13,98270,2017-12-31,3,24227000000,-0.002,,,,,-45000000,,-97000000,,-74000000,,,-6.05,,,,,,,,,,,,,,,,,,,,,12296570,false,false,9,2017-01-01,2017-09-30,-1
2018-11-13,98270,2018-12-31,3,33900000000,0.025,,,,,180000000,0.723,120000000,1.887,20000000,,,1.63,,,,,,,,,,,,,,,0.00,,,,,,,false,true,12,2018-01-01,2018-12-31,0
2018-11-13,98270,2017-12-31,3,,,,,,,,,,,,,,,,,,,,18158000000,6100000000,0.336,,6100000000,,,,,0.00,,,,12662100,366391,,false,false,12,2017-01-01,2017-12-31,-1
2018-11-13,98270,2018-12-31,3,,,,,,,,,,,,,,,,,,,,,,,,,,,,,0.00,,,,,,,false,false,12,2018-01-01,2018-12-31,0
2018-11-13,98270,2018-12-31,,33900000000,-0.031,,,,,180000000,-0.538,120000000,-0.613,20000000,,-0.833,1.63,,,,,,,,,,,,,,,,,,,,,,false,true,12,2018-01-01,2018-12-31,0
2018-11-13,98270,2017-12-31,,33074000000,,,,,,104000000,,41000000,,-327000000,,,-26.62,,,,,,,,,,,,,,,,,,,,,,false,false,12,2017-01-01,2017-12-31,-1
2019-02-12,98270,2018-12-31,,33983000000,0.027,,,,,182000000,0.750,134000000,2.245,39000000,,,3.22,,0.006,0.007,0.005,,19013000000,6100000000,0.321,496.20,6100000000,-1613000000,97000000,-310000000,2139000000,0.00,,,,12662100,367113,12295159,false,false,12,2018-01-01,2018-12-31,0
2019-02-12,98270,2017-12-31,,33074000000,0.003,,,,,104000000,-0.249,41000000,-0.476,-327000000,,,-26.62,,-0.052,0.002,0.003,,18158000000,6100000000,0.336,496.11,6100000000,756000000,1000000,-387000000,3966000000,0.00,,,,12662100,366391,12296364,false,false,12,2017-01-01,2017-12-31,-1
2019-02-12,98270,2019-12-31,,18300000000,0.127,,,,,90000000,,60000000,,-30000000,,,-2.44,,,,,,,,,,,,,,,,,,,,,,false,true,6,2019-01-01,2019-06-30,1
2019-02-12,98270,2019-12-31,,36800000000,0.083,,,,,700000000,2.828,630000000,3.670,290000000,,6.321,23.59,,,,,,,,,,,,,,,6.00,0.254,,,,,,false,true,12,2019-01-01,2019-12-31,1
2019-05-10,98270,2019-12-31,1,9239000000,0.049,,,,,175000000,0.750,159000000,0.878,77000000,,0.516,6.29,,,,,,19311000000,6182000000,0.320,,6182000000,,,,,,,,,12662100,367113,12294987,false,false,3,2019-01-01,2019-03-31,0
2019-05-10,98270,2018-12-31,1,8804000000,0.035,,,,,100000000,0.890,84000000,2.005,50000000,,0.459,4.15,,,,,,,,,,,,,,,,,,,,,12295656,false,false,3,2018-01-01,2018-03-31,-1
2019-05-10,98270,2019-12-31,1,18300000000,0.127,,,,,90000000,,60000000,,-30000000,,,-2.44,,,,,,,,,,,,,,,,,,,,,,false,true,6,2019-01-01,2019-06-30,0
2019-05-10,98270,2019-12-31,1,36800000000,0.083,,,,,700000000,2.828,630000000,3.670,290000000,,6.321,23.59,,,,,,,,,,,,,,,6.00,,,,,,,false,true,12,2019-01-01,2019-12-31,0
2019-05-10,98270,2018-12-31,1,,,,,,,,,,,,,,,,,,,,19013000000,6100000000,0.321,,6100000000,,,,,0.00,,,,12662100,367113,,false,false,12,2018-01-01,2018-12-31,-1
2019-08-09,98270,2019-12-31,2,17800000000,0.096,,,,,181000000,,144000000,,41000000,,,3.36,,,,,,19797000000,6138000000,0.310,,6138000000,,,,,,,,,12662100,367113,12294987,false,false,6,2019-01-01,2019-06-30,0
2019-08-09,98270,2018-12-31,2,16239000000,-0.004,,,,,-188000000,,-215000000,,-212000000,,,-17.31,,,,,,,,,,,,,,,,,,,,,12295334,false,false,6,2018-01-01,2018-06-30,-1
2019-08-09,98270,2019-12-31,2,36800000000,0.083,,,,,700000000,2.828,630000000,3.670,290000000,,6.321,23.59,,,,,,,,,,,,,,,6.00,,,,,,,false,true,12,2019-01-01,2019-12-31,0
2019-08-09,98270,2018-12-31,2,,,,,,,,,,,,,,,,,,,,19013000000,6100000000,0.321,,6100000000,,,,,0.00,,,,12662100,367113,,false,false,12,2018-01-01,2018-12-31,-1
2019-08-09,98270,2019-12-31,2,,,,,,,,,,,,,,,,,,,,,,,,,,,,,0.00,,,,,,,false,false,12,2019-01-01,2019-12-31,0
2019-11-12,98270,2019-12-31,3,26989000000,0.105,,,,,437000000,,389000000,,234000000,,,19.09,,,,,,18984000000,6332000000,0.334,,6332000000,,,,,,,,,12662100,367113,12294987,false,false,9,2019-01-01,2019-09-30,0
2019-11-12,98270,2018-12-31,3,24418000000,0.008,,,,,-224000000,,-264000000,,-282000000,,,-22.94,,,,,,,,,,,,,,,,,,,,,12295217,false,false,9,2018-01-01,2018-09-30,-1
2019-11-12,98270,2019-12-31,3,36800000000,0.083,,,,,700000000,2.828,630000000,3.670,290000000,,6.321,23.59,,,,,,,,,,,,,,,6.00,,,,,,,false,true,12,2019-01-01,2019-12-31,0
2019-11-12,98270,2018-12-31,3,,,,,,,,,,,,,,,,,,,,19013000000,6100000000,0.321,,6100000000,,,,,0.00,,,,12662100,367113,,false,false,12,2018-01-01,2018-12-31,-1
2019-11-12,98270,2019-12-31,3,,,,,,,,,,,,,,,,,,,,,,,,,,,,,0.00,,,,,,,false,false,12,2019-01-01,2019-12-31,0
2020-02-13,98270,2019-12-31,,36356000000,0.070,,,,,660000000,2.612,604000000,3.480,387000000,,8.778,31.50,,0.062,0.031,0.018,,19413000000,6489000000,0.334,527.78,6489000000,945000000,365000000,-81000000,3369000000,7.00,0.222,,,12662100,367113,12294987,false,false,12,2019-01-01,2019-12-31,0
2020-02-13,98270,2018-12-31,,33983000000,0.027,,,,,182000000,0.750,134000000,2.245,39000000,,,3.22,,0.006,0.007,0.005,,19013000000,6100000000,0.321,496.20,6100000000,-1613000000,97000000,-310000000,2139000000,0.00,,,,12662100,367113,12295159,false,false,12,2018-01-01,2018-12-31,-1
2020-02-13,98270,2020-12-31,,18500000000,0.039,,,,,-10000000,,-40000000,,-80000000,,,-6.51,,,,,,,,,,,,,,,,,,,,,,false,true,6,2020-01-01,2020-06-30,1
2020-02-13,98270,2020-12-31,,37700000000,0.037,,,,,700000000,0.060,640000000,0.059,370000000,,-0.045,30.09,,,,,,,,,,,,,,,7.50,0.249,,,,,,false,true,12,2020-01-01,2020-12-31,1
2020-05-08,98270,2020-12-31,1,8575000000,-0.072,,,,,-10000000,,-25000000,,-28000000,,,-2.35,,,,,,18953000000,6324000000,0.334,,6324000000,,,,,,,,,12662100,367113,12294987,false,false,3,2020-01-01,2020-03-31,0
2020-05-08,98270,2019-12-31,1,9239000000,0.049,,,,,175000000,0.750,159000000,0.878,77000000,,0.516,6.29,,,,,,,,,,,,,,,,,,,,,12294987,false,false,3,2019-01-01,2019-03-31,-1
2020-05-08,98270,2019-12-31,1,,,,,,,,,,,,,,,,,,,,19413000000,6489000000,0.334,,6489000000,,,,,7.00,,,,12662100,367113,,false,false,12,2019-01-01,2019-12-31,-1
2020-08-07,98270,2020-12-31,2,16038000000,-0.099,,,,,-292000000,,-325000000,,-250000000,,,-20.35,,,,,,18548000000,6105000000,0.329,,6105000000,,,,,,,,,12662100,367113,12294987,false,false,6,2020-01-01,2020-06-30,0
2020-08-07,98270,2019-12-31,2,17800000000,0.096,,,,,181000000,,144000000,,41000000,,,3.36,,,,,,,,,,,,,,,,,,,,,12294987,false,false,6,2019-01-01,2019-06-30,-1
2020-08-07,98270,2019-12-31,2,,,,,,,,,,,,,,,,,,,,19413000000,6489000000,0.334,,6489000000,,,,,7.00,,,,12662100,367113,,false,false,12,2019-01-01,2019-12-31,-1
2020-08-07,98270,2020-12-31,2,,,,,,,,,,,,,,,,,,,,,,,,,,,,,0.00,,,,,,,false,false,12,2020-01-01,2020-12-31,0
2020-11-06,98270,2020-12-31,3,24091000000,-0.107,,,,,-139000000,,-184000000,,-125000000,,,-10.18,,,,,,18088000000,6233000000,0.345,,6233000000,,,,,,,,,12662100,367113,12294987,false,false,9,2020-01-01,2020-09-30,0
2020-11-06,98270,2019-12-31,3,26989000000,0.105,,,,,437000000,,389000000,,234000000,,,19.09,,,,,,,,,,,,,,,,,,,,,12294987,false,false,9,2019-01-01,2019-09-30,-1
2020-11-06,98270,2020-12-31,3,32600000000,-0.103,,,,,45000000,-0.932,-15000000,,20000000,,-0.948,1.63,,,,,,,,,,,,,,,0.00,,,,,,,false,true,12,2020-01-01,2020-12-31,0
2020-11-06,98270,2019-12-31,3,,,,,,,,,,,,,,,,,,,,19413000000,6489000000,0.334,,6489000000,,,,,7.00,,,,12662100,367113,,false,false,12,2019-01-01,2019-12-31,-1
2020-11-06,98270,2020-12-31,3,,,,,,,,,,,,,,,,,,,,,,,,,,,,,0.00,,,,,,,false,false,12,2020-01-01,2020-12-31,0
2021-02-12,98270,2020-12-31,,32760000000,-0.099,,,,,88000000,-0.866,37000000,-0.938,55000000,,-0.857,4.52,,0.009,0.002,0.003,,18948000000,6417000000,0.339,521.98,6417000000,-913000000,-92000000,544000000,2908000000,0.00,,,,12662100,367113,12294987,false,false,12,2020-01-01,2020-12-31,0
2021-02-12,98270,2019-12-31,,36356000000,0.070,,,,,660000000,2.612,604000000,3.480,387000000,,8.778,31.50,,0.062,0.031,0.018,,19413000000,6489000000,0.334,527.78,6489000000,945000000,365000000,-81000000,3369000000,7.00,0.222,,,12662100,367113,12294987,false,false,12,2019-01-01,2019-12-31,-1
2021-02-12,98270,2021-12-31,,16500000000,0.029,,,,,10000000,,-30000000,,-70000000,,,-5.69,,,,,,,,,,,,,,,,,,,,,,false,true,6,2021-01-01,2021-06-30,1
2021-02-12,98270,2021-12-31,,34100000000,0.041,,,,,500000000,4.642,430000000,,180000000,,2.242,14.64,,,,,,,,,,,,,,,4.50,0.307,,,,,,false,true,12,2021-01-01,2021-12-31,1
2021-05-07,98270,2021-12-31,1,8471000000,-0.012,,,,,91000000,,75000000,,50000000,,,4.10,,,,,,18813000000,6501000000,0.346,,6501000000,,,,,,,,,12662100,367113,12294987,false,false,3,2021-01-01,2021-03-31,0
2021-05-07,98270,2020-12-31,1,8575000000,-0.072,,,,,-10000000,,-25000000,,-28000000,,,-2.35,,,,,,,,,,,,,,,,,,,,,12294987,false,false,3,2020-01-01,2020-03-31,-1
2021-05-07,98270,2021-12-31,1,16500000000,0.029,,,,,10000000,,-30000000,,-70000000,,,-5.69,,,,,,,,,,,,,,,,,,,,,,false,true,6,2021-01-01,2021-06-30,0
2021-05-07,98270,2021-12-31,1,34100000000,0.041,,,,,500000000,4.642,430000000,,180000000,,2.242,14.64,,,,,,,,,,,,,,,4.50,,,,,,,false,true,12,2021-01-01,2021-12-31,0
2021-05-07,98270,2020-12-31,1,,,,,,,,,,,,,,,,,,,,18948000000,6417000000,0.339,,6417000000,,,,,0.00,,,,12662100,367113,,false,false,12,2020-01-01,2020-12-31,-1
2021-08-06,9827,2021-12-31,2,16029000000,-0.001,,,,,35000000,,7000000,,-5000000,,,-0.45,,,,,,19249000000,6438000000,0.334,,6438000000,,,,,,,,,12662100,367113,12294987,false,false,6,2021-01-01,2021-06-30,0
2021-08-06,9827,2020-12-31,2,16038000000,-0.099,,,,,-292000000,,-325000000,,-250000000,,,-20.35,,,,,,,,,,,,,,,,,,,,,12294987,false,false,6,2020-01-01,2020-06-30,-1
2021-08-06,9827,2021-12-31,2,34100000000,0.041,,,,,500000000,4.642,430000000,,180000000,,2.242,14.64,,,,,,,,,,,,,,,4.50,,,,,,,false,true,12,2021-01-01,2021-12-31,0
2021-08-06,9827,2020-12-31,2,,,,,,,,,,,,,,,,,,,,18948000000,6417000000,0.339,,6417000000,,,,,0.00,,,,12662100,367113,,false,false,12,2020-01-01,2020-12-31,-1
2021-08-06,9827,2021-12-31,2,,,,,,,,,,,,,,,,,,,,,,,,,,,,,0.00,,,,,,,false,false,12,2021-01-01,2021-12-31,0
2021-11-05,9827,2021-12-31,3,23670000000,-0.017,,,,,22000000,,-17000000,,-37000000,,,-3.02,,,,,,18672000000,6409000000,0.343,,6409000000,,,,,,,,,12662100,367113,12294987,false,false,9,2021-01-01,2021-09-30,0
2021-11-05,9827,2020-12-31,3,24091000000,-0.107,,,,,-139000000,,-184000000,,-125000000,,,-10.18,,,,,,,,,,,,,,,,,,,,,12294987,false,false,9,2020-01-01,2020-09-30,-1
2021-11-05,9827,2021-12-31,3,34100000000,0.041,,,,,500000000,4.642,430000000,,180000000,,2.242,14.64,,,,,,,,,,,,,,,4.50,,,,,,,false,true,12,2021-01-01,2021-12-31,0
2021-11-05,9827,2020-12-31,3,,,,,,,,,,,,,,,,,,,,18948000000,6417000000,0.339,,6417000000,,,,,0.00,,,,12662100,367113,,false,false,12,2020-01-01,2020-12-31,-1
2021-11-05,9827,2021-12-31,3,,,,,,,,,,,,,,,,,,,,,,,,,,,,,0.00,,,,,,,false,false,12,2021-01-01,2021-12-31,0
2022-02-10,9827,2021-12-31,,32438000000,-0.010,,,,,529000000,4.979,485000000,,329000000,,4.927,26.76,,0.050,0.026,0.016,,19084000000,6779000000,0.355,551.38,6779000000,1576000000,-99000000,-370000000,4014000000,6.00,0.224,,,12662100,367113,12294987,false,false,12,2021-01-01,2021-12-31,0
2022-02-10,9827,2020-12-31,,32760000000,-0.099,,,,,88000000,-0.866,37000000,-0.938,55000000,,-0.857,4.52,,0.009,0.002,0.003,,18948000000,6417000000,0.339,521.98,6417000000,-913000000,-92000000,544000000,2908000000,0.00,,,,12662100,367113,12294987,false,false,12,2020-01-01,2020-12-31,-1
2022-02-10,9827,2022-12-31,,17100000000,,,,,,520000000,,490000000,,270000000,,,21.96,,,,,,,,,,,,,,,,,,,,,,false,true,6,2022-01-01,2022-06-30,1
2022-02-10,9827,2022-12-31,,34900000000,,,,,,1380000000,,1310000000,,790000000,,,64.25,,,,,,,,,,,,,,,14.50,0.226,,,,,,false,true,12,2022-01-01,2022-12-31,1
2022-05-06,9827,2022-12-31,1,8457000000,,,,,,427000000,3.671,415000000,4.479,262000000,,4.197,21.31,,,,,,19702000000,6986000000,0.355,,6986000000,,,,,,,,,12662100,367153,12294971,false,false,3,2022-01-01,2022-03-31,0
2022-05-06,9827,2021-12-31,1,8471000000,-0.012,,,,,91000000,,75000000,,50000000,,,4.10,,,,,,,,,,,,,,,,,,,,,12294987,false,false,3,2021-01-01,2021-03-31,-1
2022-05-06,9827,2022-12-31,1,17100000000,,,,,,520000000,,490000000,,270000000,,,21.96,,,,,,,,,,,,,,,,,,,,,,false,true,6,2022-01-01,2022-06-30,0
2022-05-06,9827,2022-12-31,1,34900000000,,,,,,1380000000,2.605,1310000000,2.697,790000000,,2.401,64.25,,,,,,,,,,,,,,,14.50,,,,,,,false,true,12,2022-01-01,2022-12-31,0
2022-05-06,9827,2021-12-31,1,,,,,,,,,,,,,,,,,,,,19084000000,6779000000,0.355,,6779000000,,,,,6.00,,,,12662100,367113,,false,false,12,2021-01-01,2021-12-31,-1
2022-08-04,9827,2022-12-31,2,16319000000,,,,,,767000000,,751000000,,471000000,,,38.38,,,,,,20554000000,7186000000,0.350,,7186000000,,,,,,,,,12662100,367153,12294959,false,false,6,2022-01-01,2022-06-30,0
2022-08-04,9827,2021-12-31,2,16029000000,-0.001,,,,,35000000,,7000000,,-5000000,,,-0.45,,,,,,,,,,,,,,,,,,,,,12294987,false,false,6,2021-01-01,2021-06-30,-1
2022-08-04,9827,2022-12-31,2,34900000000,,,,,,1380000000,1.605,1310000000,1.697,790000000,,1.401,64.25,,,,,,,,,,,,,,,14.50,,,,,,,false,true,12,2022-01-01,2022-12-31,0
2022-08-04,9827,2021-12-31,2,,,,,,,,,,,,,,,,,,,,19084000000,6779000000,0.355,,6779000000,,,,,6.00,,,,12662100,367113,,false,false,12,2021-01-01,2021-12-31,-1
2022-08-04,9827,2022-12-31,2,,,,,,,,,,,,,,,,,,,,,,,,,,,,,0.00,,,,,,,false,false,12,2022-01-01,2022-12-31,0
2022-11-02,9827,2022-12-31,3,24785000000,,,,,,1477000000,,1448000000,,935000000,,,76.09,,,,,,20838000000,7652000000,0.367,,7652000000,,,,,,,,,12662100,367153,12294955,false,false,9,2022-01-01,2022-09-30,0
2022-11-02,9827,2021-12-31,3,23670000000,-0.017,,,,,22000000,,-17000000,,-37000000,,,-3.02,,,,,,,,,,,,,,,,,,,,,12294987,false,false,9,2021-01-01,2021-09-30,-1
2022-11-02,9827,2022-12-31,3,33790000000,,,,,,1670000000,2.152,1630000000,2.356,1010000000,,2.070,82.15,,,,,,,,,,,,,,,14.50,,,,,,,false,true,12,2022-01-01,2022-12-31,0
2022-11-02,9827,2021-12-31,3,,,,,,,,,,,,,,,,,,,,19084000000,6779000000,0.355,,6779000000,,,,,6.00,,,,12662100,367113,,false,false,12,2021-01-01,2021-12-31,-1
2022-11-02,9827,2022-12-31,3,,,,,,,,,,,,,,,,,,,,,,,,,,,,,0.00,,,,,,,false,false,12,2022-01-01,2022-12-31,0
2023-02-10,9827,2022-12-31,,33253000000,,,,,,1622000000,2.063,1591000000,2.276,961000000,,1.922,78.21,,0.133,0.079,0.049,,21094000000,7708000000,0.365,626.94,7708000000,-1150000000,-223000000,-285000000,2355000000,14.50,0.185,,,12662100,367153,12294953,false,false,12,2022-01-01,2022-12-31,0
2023-02-10,9827,2021-12-31,,32438000000,-0.010,,,,,529000000,4.979,485000000,,329000000,,4.927,26.76,,0.050,0.026,0.016,,19084000000,6779000000,0.355,551.38,6779000000,1576000000,-99000000,-370000000,4014000000,6.00,0.224,,,12662100,367113,12294987,false,false,12,2021-01-01,2021-12-31,-1
2023-02-10,9827,2023-12-31,,18000000000,0.103,,,,,480000000,-0.375,460000000,-0.388,230000000,,-0.513,18.71,,,,,,,,,,,,,,,,,,,,,,false,true,6,2023-01-01,2023-06-30,1
2023-02-10,9827,2023-12-31,,35700000000,0.074,,,,,870000000,-0.464,830000000,-0.478,440000000,,-0.542,35.79,,,,,,,,,,,,,,,7.50,0.210,,,,,,false,true,12,2023-01-01,2023-12-31,1
2023-05-02,9827,2023-12-31,1,8679000000,0.026,,,,,713000000,0.671,700000000,0.686,451000000,,0.724,36.74,,,,,,21129000000,8000000000,0.379,,8000000000,,,,,,,,,12662100,367153,12294947,false,false,3,2023-01-01,2023-03-31,0
2023-05-02,9827,2022-12-31,1,8457000000,,,,,,427000000,3.671,415000000,4.479,262000000,,4.197,21.31,,,,,,,,,,,,,,,,,,,,,12294971,false,false,3,2022-01-01,2022-03-31,-1
2023-05-02,9827,2023-12-31,1,18000000000,0.103,,,,,480000000,-0.375,460000000,-0.388,230000000,,-0.513,18.71,,,,,,,,,,,,,,,,,,,,,,false,true,6,2023-01-01,2023-06-30,0
2023-05-02,9827,2023-12-31,1,35700000000,0.074,,,,,870000000,-0.464,830000000,-0.478,440000000,,-0.542,35.79,,,,,,,,,,,,,,,7.50,,,,,,,false,true,12,2023-01-01,2023-12-31,0
2023-05-02,9827,2022-12-31,1,,,,,,,,,,,,,,,,,,,,21094000000,7708000000,0.365,,7708000000,,,,,14.50,,,,12662100,367153,,false,false,12,2022-01-01,2022-12-31,-1
2023-08-04,9827,2023-12-31,2,16579000000,0.016,,,,,1079000000,0.407,1059000000,0.411,669000000,,0.419,54.45,,,,,,21462000000,8277000000,0.386,,8277000000,,,,,,,,,12662100,367153,12294947,false,false,6,2023-01-01,2023-06-30,0
2023-08-04,9827,2022-12-31,2,16319000000,,,,,,767000000,,751000000,,471000000,,,38.38,,,,,,,,,,,,,,,,,,,,,12294959,false,false,6,2022-01-01,2022-06-30,-1
2023-08-04,9827,2023-12-31,2,33000000000,-0.008,,,,,1250000000,-0.230,1200000000,-0.246,700000000,,-0.272,56.93,,,,,,,,,,,,,,,12.00,,,,,,,false,true,12,2023-01-01,2023-12-31,0
2023-08-04,9827,2022-12-31,2,,,,,,,,,,,,,,,,,,,,21094000000,7708000000,0.365,,7708000000,,,,,14.50,,,,12662100,367153,,false,false,12,2022-01-01,2022-12-31,-1
2023-08-04,9827,2023-12-31,2,,,,,,,,,,,,,,,,,,,,,,,,,,,,,0.00,,,,,,,false,false,12,2023-01-01,2023-12-31,0
2023-11-02,9827,2023-12-31,3,24436000000,-0.014,,,,,1306000000,-0.116,1277000000,-0.118,829000000,,-0.113,67.47,,,,,,20909000000,8448000000,0.404,,8448000000,,,,,,,,,12662100,367153,12294947,false,false,9,2023-01-01,2023-09-30,0
2023-11-02,9827,2022-12-31,3,24785000000,,,,,,1477000000,,1448000000,,935000000,,,76.09,,,,,,,,,,,,,,,,,,,,,12294955,false,false,9,2022-01-01,2022-09-30,-1
2023-11-02,9827,2023-12-31,3,32700000000,-0.017,,,,,1320000000,-0.187,1280000000,-0.195,830000000,,-0.137,67.51,,,,,,,,,,,,,,,14.50,,,,,,,false,true,12,2023-01-01,2023-12-31,0
2023-11-02,9827,2022-12-31,3,,,,,,,,,,,,,,,,,,,,21094000000,7708000000,0.365,,7708000000,,,,,14.50,,,,12662100,367153,,false,false,12,2022-01-01,2022-12-31,-1
2023-11-02,9827,2023-12-31,3,,,,,,,,,,,,,,,,,,,,,,,,,,,,,0.00,,,,,,,false,false,12,2023-01-01,2023-12-31,0
2024-02-14,9827,2023-12-31,,32770000000,-0.015,,,,,1440000000,-0.112,1414000000,-0.111,929000000,,-0.033,75.63,,0.114,0.069,0.044,,20169000000,8538000000,0.423,694.48,8538000000,1200000000,-267000000,-484000000,2804000000,14.50,0.192,,,12662100,367154,12294947,false,false,12,2023-01-01,2023-12-31,0
2024-02-14,9827,2022-12-31,,33253000000,,,,,,1622000000,2.063,1591000000,2.276,961000000,,1.922,78.21,,0.133,0.079,0.049,,21094000000,7708000000,0.365,626.94,7708000000,-1150000000,-223000000,-285000000,2355000000,14.50,0.185,,,12662100,367153,12294953,false,false,12,2022-01-01,2022-12-31,-1
2024-02-14,9827,2024-12-31,,17500000000,0.056,,,,,400000000,-0.630,390000000,-0.632,190000000,,-0.716,15.45,,,,,,,,,,,,,,,,,,,,,,false,true,6,2024-01-01,2024-06-30,1
2024-02-14,9827,2024-12-31,,35400000000,0.080,,,,,1050000000,-0.271,1020000000,-0.279,850000000,,-0.086,69.13,,,,,,,,,,,,,,,36.00,0.521,,,,,,false,true,12,2024-01-01,2024-12-31,1
2024-05-14,9827,2024-12-31,1,8427000000,-0.029,,,,,201000000,-0.717,180000000,-0.742,96000000,,-0.785,7.89,,,,,,21695000000,8511000000,0.392,,8511000000,,,,,,,,,12662100,367154,12294946,false,false,3,2024-01-01,2024-03-31,0
2024-05-14,9827,2023-12-31,1,8679000000,0.026,,,,,713000000,0.671,700000000,0.686,451000000,,0.724,36.74,,,,,,,,,,,,,,,,,,,,,12294947,false,false,3,2023-01-01,2023-03-31,-1
2024-05-14,9827,2024-12-31,1,17100000000,0.031,,,,,160000000,-0.852,130000000,-0.877,40000000,,-0.940,3.25,,,,,,,,,,,,,,,,,,,,,,false,true,6,2024-01-01,2024-06-30,0
2024-05-14,9827,2024-12-31,1,35400000000,0.080,,,,,1050000000,-0.271,1020000000,-0.279,850000000,,-0.086,69.13,,,,,,,,,,,,,,,36.00,,,,,,,false,true,12,2024-01-01,2024-12-31,0
2024-05-14,9827,2023-12-31,1,,,,,,,,,,,,,,,,,,,,20169000000,8538000000,0.423,,8538000000,,,,,14.50,,,,12662100,367154,,false,false,12,2023-01-01,2023-12-31,-1
2024-08-09,9827,2024-12-31,2,16716000000,0.008,,,,,-10000000,,-48000000,,-85000000,,,-6.92,,,,,,20724000000,8387000000,0.405,,8387000000,,,,,,,,,12662100,344154,12303287,false,false,6,2024-01-01,2024-06-30,0
2024-08-09,9827,2023-12-31,2,16579000000,0.016,,,,,1079000000,0.407,1059000000,0.411,669000000,,0.419,54.45,,,,,,,,,,,,,,,,,,,,,12294947,false,false,6,2023-01-01,2023-06-30,-1
2024-08-09,9827,2024-12-31,2,35400000000,0.080,,,,,410000000,-0.715,350000000,-0.753,470000000,,-0.495,38.20,,,,,,,,,,,,,,,36.00,,,,,,,false,true,12,2024-01-01,2024-12-31,0
2024-08-09,9827,2023-12-31,2,,,,,,,,,,,,,,,,,,,,20169000000,8538000000,0.423,,8538000000,,,,,14.50,,,,12662100,367154,,false,false,12,2023-01-01,2023-12-31,-1
2024-08-09,9827,2024-12-31,2,,,,,,,,,,,,,,,,,,,,,,,,,,,,,0.00,,,,,,,false,false,12,2024-01-01,2024-12-31,0
2024-11-08,9827,2024-12-31,3,25349000000,0.037,,,,,-167000000,,-221000000,,-213000000,,,-17.38,,,,,,20565000000,8193000000,0.398,,8193000000,,,,,,,,,12662100,344154,12308209,false,false,9,2024-01-01,2024-09-30,0
2024-11-08,9827,2023-12-31,3,24436000000,-0.014,,,,,1306000000,-0.116,1277000000,-0.118,829000000,,-0.113,67.47,,,,,,,,,,,,,,,,,,,,,12294947,false,false,9,2023-01-01,2023-09-30,-1
2024-11-08,9827,2024-12-31,3,33800000000,0.031,,,,,150000000,-0.896,90000000,-0.936,10000000,,-0.989,0.81,,,,,,,,,,,,,,,36.00,,,,,,,false,true,12,2024-01-01,2024-12-31,0
2024-11-08,9827,2023-12-31,3,,,,,,,,,,,,,,,,,,,,20169000000,8538000000,0.423,,8538000000,,,,,14.50,,,,12662100,367154,,false,false,12,2023-01-01,2023-12-31,-1
2024-11-08,9827,2024-12-31,3,,,,,,,,,,,,,,,,,,,,,,,,,,,,,0.00,,,,,,,false,false,12,2024-01-01,2024-12-31,0
2025-02-13,9827,2024-12-31,,33803000000,0.032,,,,,150000000,-0.895,87000000,-0.938,61000000,,-0.934,4.96,,0.007,0.004,0.004,,20399000000,8389000000,0.411,681.06,8389000000,-840000000,103000000,1219000000,3286000000,36.00,7.258,,,12662100,344154,12310657,false,false,12,2024-01-01,2024-12-31,0
2025-02-13,9827,2023-12-31,,32770000000,-0.015,,,,,1440000000,-0.112,1414000000,-0.111,929000000,,-0.033,75.63,,0.114,0.069,0.044,,20169000000,8538000000,0.423,694.48,8538000000,1200000000,-267000000,-484000000,2804000000,14.50,0.192,,,12662100,367154,12294947,false,false,12,2023-01-01,2023-12-31,-1
2025-02-13,9827,2025-12-31,,17700000000,0.059,,,,,130000000,,80000000,,70000000,,,5.68,,,,,,,,,,,,,,,,,,,,,,false,true,6,2025-01-01,2025-06-30,1
2025-02-13,9827,2025-12-31,,36800000000,0.089,,,,,1000000000,5.639,900000000,9.313,450000000,,6.369,36.53,,,,,,,,,,,,,,,36.00,0.985,,,,,,false,true,12,2025-01-01,2025-12-31,1
2025-05-09,9827,2025-12-31,1,7849000000,-0.069,,,,,81000000,-0.726,61000000,-0.776,27000000,,-0.834,2.20,,,,,,20759000000,7701000000,0.371,,7701000000,,,,,,,,,12662100,344154,12317946,false,false,3,2025-01-01,2025-03-31,0
2025-05-09,9827,2024-12-31,1,8427000000,,,,,,297000000,,275000000,,163000000,,,13.29,,,,,,,,,,,,,,,,,,,,,12294946,false,false,3,2024-01-01,2024-03-31,-1
2025-05-09,9827,2025-12-31,1,17700000000,0.059,,,,,130000000,,80000000,,70000000,,,5.68,,,,,,,,,,,,,,,,,,,,,,false,true,6,2025-01-01,2025-06-30,0
2025-05-09,9827,2025-12-31,1,36800000000,0.089,,,,,1000000000,3.488,900000000,4.643,450000000,,3.048,36.53,,,,,,,,,,,,,,,36.00,,,,,,,false,true,12,2025-01-01,2025-12-31,0
2025-05-09,9827,2024-12-31,1,,,,,,,,,,,,,,,,,,,,20138000000,8129000000,0.404,,8129000000,,,,,36.00,,,,12662100,344154,,false,false,12,2024-01-01,2024-12-31,-1
2025-08-08,9827,2025-12-31,2,15364000000,-0.081,,,,,-177000000,,-220000000,,-146000000,,,-11.88,,,,,,19833000000,7500000000,0.378,,7500000000,,,,,,,,,12662100,345154,12317786,false,false,6,2025-01-01,2025-06-30,0
2025-08-08,9827,2024-12-31,2,16716000000,,,,,,-184000000,,-222000000,,-205000000,,,-16.72,,,,,,,,,,,,,,,,,,,,,12303287,false,false,6,2024-01-01,2024-06-30,-1
2025-08-08,9827,2025-12-31,2,36800000000,0.089,,,,,1000000000,3.488,900000000,4.643,450000000,,3.048,36.53,,,,,,,,,,,,,,,36.00,,,,,,,false,true,12,2025-01-01,2025-12-31,0
2025-08-08,9827,2024-12-31,2,,,,,,,,,,,,,,,,,,,,20138000000,8129000000,0.404,,8129000000,,,,,36.00,,,,12662100,344154,,false,false,12,2024-01-01,2024-12-31,-1
2025-08-08,9827,2025-12-31,2,,,,,,,,,,,,,,,,,,,,,,,,,,,,,0.00,,,,,,,false,false,12,2025-01-01,2025-12-31,0
