filing_date,code,fiscal_year_end,quarterly_period,net_sales,net_sales_change,revenue,revenue_change,operating_revenue,operating_revenue_change,operating_profit,operating_profit_change,ordinary_profit,ordinary_profit_change,net_income,net_income_of_parent,net_income_change,eps,diluted_eps,roe,roa,operating_profit_to_net_sales,operating_profit_to_revenue,total_assets,net_assets,equity_ratio,bps,owner_equity,operating_cash_flow,investing_cash_flow,financing_cash_flow,cash,dividend_per_share,payout_ratio,commemorative_dividend,extra_dividend,number_of_shares,number_of_treqsury_shares,avg_number_of_shares,is_consolidated,is_forecast,duration,period_start,period_end,period_pos
2015-05-08,98280,2015-03-31,,29363000000,0.092,,,,,1469000000,0.444,1535000000,0.469,1229000000,,0.787,139.20,,0.254,0.105,0.050,,15917000000,5453000000,0.343,617.60,5453000000,2406000000,-1301000000,-661000000,4180000000,,0.072,,,,,,true,false,12,2014-04-01,2015-03-31,0
2015-05-08,98280,2014-03-31,,26892000000,0.093,,,,,1017000000,0.456,1045000000,0.405,687000000,,0.614,77.89,,0.176,0.082,0.038,,13451000000,4229000000,0.314,479.03,4229000000,1707000000,-1093000000,-572000000,3682000000,,0.103,,,,,,true,false,12,2013-04-01,2014-03-31,-1
2015-05-08,98280,2016-03-31,,15490000000,0.068,,,,,550000000,-0.274,520000000,-0.327,,320000000,,36.24,,,,,,,,,,,,,,,,,,,,,,true,true,6,2015-04-01,2015-09-30,1
2015-05-08,98280,2016-03-31,,31380000000,0.069,,,,,1250000000,-0.150,1200000000,-0.218,,730000000,,82.68,,,,,,,,,,,,,,,,0.094,,,,,,true,true,12,2015-04-01,2016-03-31,1
2015-05-08,98280,2015-03-31,,26063000000,0.079,,,,,1280000000,0.390,1355000000,0.412,1106000000,,0.601,125.34,,,,,,15191000000,5148000000,0.339,583.08,5148000000,,,,,10.00,,,,8882908,53583,8829556,false,false,12,2014-04-01,2015-03-31,0
2015-05-08,98280,2014-03-31,,24151000000,0.086,,,,,921000000,0.481,959000000,0.410,691000000,,0.613,78.27,,,,,,12955000000,4108000000,0.317,465.24,4108000000,,,,,8.00,,,,8882908,52953,8830214,false,false,12,2013-04-01,2014-03-31,-1
2015-05-08,98280,2016-03-31,,13820000000,0.070,,,,,,,450000000,-0.331,260000000,,-0.492,29.45,,,,,,,,,,,,,,,,,,,,,,false,true,6,2015-04-01,2015-09-30,1
2015-05-08,98280,2016-03-31,,27920000000,0.071,,,,,,,1050000000,-0.225,620000000,,-0.440,70.22,,,,,,,,,,,,,,,10.00,,,,,,,false,true,12,2015-04-01,2016-03-31,1
2015-05-08,98280,2015-03-31,,29363000000,0.092,,,,,1469000000,0.444,1535000000,0.469,1229000000,,0.787,139.20,,0.254,0.105,0.050,,15917000000,5453000000,0.343,617.60,5453000000,2406000000,-1301000000,-661000000,4180000000,,0.072,,,,,,true,false,12,2014-04-01,2015-03-31,0
2015-05-08,98280,2014-03-31,,26892000000,0.093,,,,,1017000000,0.456,1045000000,0.405,687000000,,0.614,77.89,,0.176,0.082,0.038,,13451000000,4229000000,0.314,479.03,4229000000,1707000000,-1093000000,-572000000,3682000000,,0.103,,,,,,true,false,12,2013-04-01,2014-03-31,-1
2015-05-08,98280,2016-03-31,,15490000000,0.068,,,,,550000000,-0.274,520000000,-0.327,,320000000,,36.24,,,,,,,,,,,,,,,,,,,,,,true,true,6,2015-04-01,2015-09-30,1
2015-05-08,98280,2016-03-31,,31380000000,0.069,,,,,1250000000,-0.150,1200000000,-0.218,,730000000,,82.68,,,,,,,,,,,,,,,,0.121,,,,,,true,true,12,2015-04-01,2016-03-31,1
2015-05-08,98280,2015-03-31,,26063000000,0.079,,,,,1280000000,0.390,1355000000,0.412,1106000000,,0.601,125.34,,,,,,15191000000,5148000000,0.339,583.08,5148000000,,,,,10.00,,,,8882908,53583,8829556,false,false,12,2014-04-01,2015-03-31,0
2015-05-08,98280,2014-03-31,,24151000000,0.086,,,,,921000000,0.481,959000000,0.410,691000000,,0.613,78.27,,,,,,12955000000,4108000000,0.317,465.24,4108000000,,,,,8.00,,,,8882908,52953,8830214,false,false,12,2013-04-01,2014-03-31,-1
2015-05-08,98280,2016-03-31,,13820000000,0.070,,,,,,,450000000,-0.331,260000000,,-0.492,29.45,,,,,,,,,,,,,,,,,,,,,,false,true,6,2015-04-01,2015-09-30,1
2015-05-08,98280,2016-03-31,,27920000000,0.071,,,,,,,1050000000,-0.225,620000000,,-0.440,70.22,,,,,,,,,,,,,,,10.00,,,,,,,false,true,12,2015-04-01,2016-03-31,1
2015-07-30,98280,2016-03-31,1,7667000000,0.091,,,,,290000000,-0.136,304000000,-0.025,,188000000,,21.37,,,,,,16139000000,5564000000,0.345,,5564000000,,,,,,,,,,,,true,false,3,2015-04-01,2015-06-30,0
2015-07-30,98280,2015-03-31,1,7026000000,0.095,,,,,335000000,0.852,312000000,0.575,,300000000,,34.04,,,,,,,,,,,,,,,,,,,,,,true,false,3,2014-04-01,2014-06-30,-1
2015-07-30,98280,2016-03-31,1,15490000000,0.068,,,,,550000000,-0.274,520000000,-0.327,,320000000,,36.24,,,,,,,,,,,,,,,,,,,,,,true,true,6,2015-04-01,2015-09-30,0
2015-07-30,98280,2016-03-31,1,31380000000,0.069,,,,,1250000000,-0.150,1200000000,-0.218,,730000000,,82.68,,,,,,,,,,,,,,,,,,,,,,true,true,12,2015-04-01,2016-03-31,0
2015-07-30,98280,2015-03-31,1,,,,,,,,,,,,,,,,,,,,15917000000,5453000000,0.343,,5453000000,,,,,,,,,,,,true,false,12,2014-04-01,2015-03-31,-1
2015-07-30,98280,2015-03-31,1,,,,,,,,,,,,,,,,,,,,,,,,,,,,,10.00,,,,8882908,53583,,false,false,12,2014-04-01,2015-03-31,-1
2015-07-30,98280,2016-03-31,1,,,,,,,,,,,,,,,,,,,,,,,,,,,,,10.00,,,,,,,false,true,12,2015-04-01,2016-03-31,0
2015-07-30,98280,2016-03-31,1,,,,,,,,,,,,,,,,,,,,,,,,,,,,,,,,,8882908,53622,8829320,false,false,3,2015-04-01,2015-06-30,0
2015-07-30,98280,2015-03-31,1,,,,,,,,,,,,,,,,,,,,,,,,,,,,,,,,,,,8829818,false,false,3,2014-04-01,2014-06-30,-1
2015-10-29,98280,2016-03-31,2,15743000000,0.086,,,,,695000000,-0.081,704000000,-0.088,,440000000,,49.90,,,,,,17012000000,5803000000,0.341,,5803000000,,,,,,,,,,,,true,false,6,2015-04-01,2015-09-30,0
2015-10-29,98280,2015-03-31,2,14499000000,0.085,,,,,757000000,0.478,772000000,0.463,,583000000,,66.12,,,,,,,,,,,,,,,,,,,,,,true,false,6,2014-04-01,2014-09-30,-1
2015-10-29,98280,2016-03-31,2,31380000000,0.069,,,,,1250000000,-0.150,1200000000,-0.218,,730000000,,82.68,,,,,,,,,,,,,,,,,,,,,,true,true,12,2015-04-01,2016-03-31,0
2015-10-29,98280,2015-03-31,2,,,,,,,,,,,,,,,,,,,,15917000000,5453000000,0.343,,5453000000,,,,,,,,,,,,true,false,12,2014-04-01,2015-03-31,-1
2015-10-29,98280,2015-03-31,2,,,,,,,,,,,,,,,,,,,,,,,,,,,,,10.00,,,,8882908,53583,,false,false,12,2014-04-01,2015-03-31,-1
2015-10-29,98280,2016-03-31,2,,,,,,,,,,,,,,,,,,,,,,,,,,,,,0.00,,,,,,,false,false,12,2015-04-01,2016-03-31,0
2015-10-29,98280,2016-03-31,2,,,,,,,,,,,,,,,,,,,,,,,,,,,,,10.00,,,,,,,false,true,12,2015-04-01,2016-03-31,0
2015-10-29,98280,2016-03-31,2,,,,,,,,,,,,,,,,,,,,,,,,,,,,,,,,,8882908,53800,8829239,false,false,6,2015-04-01,2015-09-30,0
2015-10-29,98280,2015-03-31,2,,,,,,,,,,,,,,,,,,,,,,,,,,,,,,,,,,,8829722,false,false,6,2014-04-01,2014-09-30,-1
2016-01-29,98280,2016-03-31,3,24027000000,0.095,,,,,1005000000,-0.085,1025000000,-0.124,,676000000,,76.67,,,,,,17767000000,6030000000,0.339,,6030000000,,,,,,,,,,,,true,false,9,2015-04-01,2015-12-31,0
2016-01-29,98280,2015-03-31,3,21941000000,0.089,,,,,1098000000,0.491,1170000000,0.497,,816000000,,92.49,,,,,,,,,,,,,,,,,,,,,,true,false,9,2014-04-01,2014-12-31,-1
2016-01-29,98280,2016-03-31,3,31380000000,0.069,,,,,1250000000,-0.150,1200000000,-0.218,,730000000,,82.68,,,,,,,,,,,,,,,,,,,,,,true,true,12,2015-04-01,2016-03-31,0
2016-01-29,98280,2015-03-31,3,,,,,,,,,,,,,,,,,,,,15917000000,5453000000,0.343,,5453000000,,,,,,,,,,,,true,false,12,2014-04-01,2015-03-31,-1
2016-01-29,98280,2015-03-31,3,,,,,,,,,,,,,,,,,,,,,,,,,,,,,10.00,,,,8882908,53583,,false,false,12,2014-04-01,2015-03-31,-1
2016-01-29,98280,2016-03-31,3,,,,,,,,,,,,,,,,,,,,,,,,,,,,,0.00,,,,,,,false,false,12,2015-04-01,2016-03-31,0
2016-01-29,98280,2016-03-31,3,,,,,,,,,,,,,,,,,,,,,,,,,,,,,10.00,,,,,,,false,true,12,2015-04-01,2016-03-31,0
2016-01-29,98280,2016-03-31,3,,,,,,,,,,,,,,,,,,,,,,,,,,,,,,,,,8882908,54022,8829177,false,false,9,2015-04-01,2015-12-31,0
2016-01-29,98280,2015-03-31,3,,,,,,,,,,,,,,,,,,,,,,,,,,,,,,,,,,,8829629,false,false,9,2014-04-01,2014-12-31,-1
2016-05-10,98280,2016-03-31,,32318000000,0.101,,,,,1395000000,-0.051,1361000000,-0.113,,832000000,,94.31,,0.144,0.082,0.043,,17418000000,6144000000,0.353,695.96,6144000000,2998000000,-2080000000,-1095000000,3975000000,,0.127,,,,,,true,false,12,2015-04-01,2016-03-31,0
2016-05-10,98280,2015-03-31,,29363000000,0.092,,,,,1469000000,0.444,1535000000,0.469,,1229000000,,139.20,,0.254,0.105,0.050,,15917000000,5453000000,0.343,617.60,5453000000,2406000000,-1301000000,-661000000,4180000000,,0.072,,,,,,true,false,12,2014-04-01,2015-03-31,-1
2016-05-10,98280,2017-03-31,,16960000000,0.077,,,,,630000000,-0.094,630000000,-0.106,,360000000,,40.78,,,,,,,,,,,,,,,,,,,,,,true,true,6,2016-04-01,2016-09-30,1
2016-05-10,98280,2017-03-31,,35290000000,0.092,,,,,1610000000,0.154,1620000000,0.190,,970000000,,109.87,,,,,,,,,,,,,,,,0.109,,,,,,true,true,12,2016-04-01,2017-03-31,1
2016-05-10,98280,2016-03-31,,28452000000,0.092,,,,,1157000000,-0.096,1138000000,-0.160,657000000,,-0.406,74.52,,,,,,16542000000,5705000000,0.345,646.28,5705000000,,,,,12.00,,,,8882908,54077,8829092,false,false,12,2015-04-01,2016-03-31,0
2016-05-10,98280,2015-03-31,,26063000000,0.079,,,,,1280000000,0.390,1355000000,0.412,1106000000,,0.601,125.34,,,,,,15191000000,5148000000,0.339,583.08,5148000000,,,,,10.00,,,,8882908,53583,8829556,false,false,12,2014-04-01,2015-03-31,-1
2016-05-10,98280,2017-03-31,,15010000000,0.080,,,,,,,480000000,-0.152,280000000,,-0.190,31.71,,,,,,,,,,,,,,,,,,,,,,false,true,6,2016-04-01,2016-09-30,1
2016-05-10,98280,2017-03-31,,31340000000,0.101,,,,,,,1300000000,0.142,770000000,,0.170,87.21,,,,,,,,,,,,,,,12.00,,,,,,,false,true,12,2016-04-01,2017-03-31,1
2016-07-29,98280,2017-03-31,1,8198000000,0.069,,,,,226000000,-0.221,159000000,-0.476,,85000000,,9.69,,,,,,17853000000,6068000000,0.340,,6068000000,,,,,,,,,,,,true,false,3,2016-04-01,2016-06-30,0
2016-07-29,98280,2016-03-31,1,7667000000,0.091,,,,,290000000,-0.136,304000000,-0.025,,188000000,,21.37,,,,,,,,,,,,,,,,,,,,,,true,false,3,2015-04-01,2015-06-30,-1
2016-07-29,98280,2017-03-31,1,16960000000,0.077,,,,,630000000,-0.094,630000000,-0.106,,360000000,,40.78,,,,,,,,,,,,,,,,,,,,,,true,true,6,2016-04-01,2016-09-30,0
2016-07-29,98280,2017-03-31,1,35290000000,0.092,,,,,1610000000,0.154,1620000000,0.190,,970000000,,109.87,,,,,,,,,,,,,,,,,,,,,,true,true,12,2016-04-01,2017-03-31,0
2016-07-29,98280,2016-03-31,1,,,,,,,,,,,,,,,,,,,,17418000000,6144000000,0.353,,6144000000,,,,,,,,,,,,true,false,12,2015-04-01,2016-03-31,-1
2016-07-29,98280,2016-03-31,1,,,,,,,,,,,,,,,,,,,,,,,,,,,,,12.00,,,,8882908,54077,,false,false,12,2015-04-01,2016-03-31,-1
2016-07-29,98280,2017-03-31,1,,,,,,,,,,,,,,,,,,,,,,,,,,,,,12.00,,,,,,,false,true,12,2016-04-01,2017-03-31,0
2016-07-29,98280,2017-03-31,1,,,,,,,,,,,,,,,,,,,,,,,,,,,,,,,,,8882908,54077,8828831,false,false,3,2016-04-01,2016-06-30,0
2016-07-29,98280,2016-03-31,1,,,,,,,,,,,,,,,,,,,,,,,,,,,,,,,,,,,8829320,false,false,3,2015-04-01,2015-06-30,-1
2016-10-28,98280,2017-03-31,2,16804000000,0.067,,,,,498000000,-0.284,364000000,-0.483,,142000000,,16.16,,,,,,18141000000,6117000000,0.337,,6117000000,,,,,,,,,,,,true,false,6,2016-04-01,2016-09-30,0
2016-10-28,98280,2016-03-31,2,15743000000,0.086,,,,,695000000,-0.081,704000000,-0.088,,440000000,,49.90,,,,,,,,,,,,,,,,,,,,,,true,false,6,2015-04-01,2015-09-30,-1
2016-10-28,98280,2017-03-31,2,34060000000,0.054,,,,,770000000,-0.448,630000000,-0.537,,140000000,,15.86,,,,,,,,,,,,,,,,,,,,,,true,true,12,2016-04-01,2017-03-31,0
2016-10-28,98280,2016-03-31,2,,,,,,,,,,,,,,,,,,,,17418000000,6144000000,0.353,,6144000000,,,,,,,,,,,,true,false,12,2015-04-01,2016-03-31,-1
2016-10-28,98280,2016-03-31,2,,,,,,,,,,,,,,,,,,,,,,,,,,,,,12.00,,,,8882908,54077,,false,false,12,2015-04-01,2016-03-31,-1
2016-10-28,98280,2017-03-31,2,,,,,,,,,,,,,,,,,,,,,,,,,,,,,3.00,,,,,,,false,false,12,2016-04-01,2017-03-31,0
2016-10-28,98280,2017-03-31,2,,,,,,,,,,,,,,,,,,,,,,,,,,,,,6.00,,,,,,,false,true,12,2016-04-01,2017-03-31,0
2016-10-28,98280,2017-03-31,2,,,,,,,,,,,,,,,,,,,,,,,,,,,,,,,,,8882908,54132,8828811,false,false,6,2016-04-01,2016-09-30,0
2016-10-28,98280,2016-03-31,2,,,,,,,,,,,,,,,,,,,,,,,,,,,,,,,,,,,8829239,false,false,6,2015-04-01,2015-09-30,-1
2016-10-28,98280,2017-03-31,,34060000000,-0.035,,,,,770000000,-0.522,630000000,-0.611,140000000,,-0.856,15.86,,,,,,,,,,,,,,,,,,,,,,true,true,12,2016-04-01,2017-03-31,0
2016-10-28,98280,2016-03-31,,32318000000,,,,,,1395000000,,1361000000,,832000000,,,94.31,,,,,,,,,,,,,,,,,,,,,,true,false,12,2015-04-01,2016-03-31,-1
2016-10-28,98280,2017-03-31,,31210000000,-0.004,,,,,,,740000000,-0.431,200000000,,-0.740,22.65,,,,,,,,,,,,,,,6.00,,,,,,,false,true,12,2016-04-01,2017-03-31,0
2016-10-28,98280,2016-03-31,,28452000000,,,,,,,,1138000000,,657000000,,,74.52,,,,,,,,,,,,,,,12.00,,,,,,,false,false,12,2015-04-01,2016-03-31,-1
2016-10-28,98280,2017-03-31,,,,,,,,,,,,,,,,,,,,,,,,,,,,,,3.00,,,,,,,false,false,12,2016-04-01,2017-03-31,0
2017-01-31,98280,2017-03-31,3,25697000000,0.069,,,,,687000000,-0.316,635000000,-0.380,,310000000,,35.14,,,,,,20144000000,6338000000,0.315,,6338000000,,,,,,,,,,,,true,false,9,2016-04-01,2016-12-31,0
2017-01-31,98280,2016-03-31,3,24027000000,0.095,,,,,1005000000,-0.085,1025000000,-0.124,,676000000,,76.67,,,,,,,,,,,,,,,,,,,,,,true,false,9,2015-04-01,2015-12-31,-1
2017-01-31,98280,2017-03-31,3,34060000000,0.054,,,,,770000000,-0.448,630000000,-0.537,,140000000,,15.86,,,,,,,,,,,,,,,,,,,,,,true,true,12,2016-04-01,2017-03-31,0
2017-01-31,98280,2016-03-31,3,,,,,,,,,,,,,,,,,,,,17418000000,6144000000,0.353,,6144000000,,,,,,,,,,,,true,false,12,2015-04-01,2016-03-31,-1
2017-01-31,98280,2016-03-31,3,,,,,,,,,,,,,,,,,,,,,,,,,,,,,12.00,,,,8882908,54077,,false,false,12,2015-04-01,2016-03-31,-1
2017-01-31,98280,2017-03-31,3,,,,,,,,,,,,,,,,,,,,,,,,,,,,,3.00,,,,,,,false,false,12,2016-04-01,2017-03-31,0
2017-01-31,98280,2017-03-31,3,,,,,,,,,,,,,,,,,,,,,,,,,,,,,6.00,,,,,,,false,true,12,2016-04-01,2017-03-31,0
2017-01-31,98280,2017-03-31,3,,,,,,,,,,,,,,,,,,,,,,,,,,,,,,,,,8882908,54152,8828798,false,false,9,2016-04-01,2016-12-31,0
2017-01-31,98280,2016-03-31,3,,,,,,,,,,,,,,,,,,,,,,,,,,,,,,,,,,,8829177,false,false,9,2015-04-01,2015-12-31,-1
2017-05-10,98280,2017-03-31,,34936000000,0.081,,,,,1106000000,-0.207,1033000000,-0.241,,440000000,,49.85,,0.070,0.055,0.032,,20141000000,6445000000,0.320,730.04,6445000000,2564000000,-2595000000,-466000000,3477000000,,0.201,,,,,,true,false,12,2016-04-01,2017-03-31,0
2017-05-10,98280,2016-03-31,,32318000000,0.101,,,,,1395000000,-0.051,1361000000,-0.113,,832000000,,94.31,,0.144,0.082,0.043,,17418000000,6144000000,0.353,695.96,6144000000,2998000000,-2080000000,-1095000000,3975000000,,0.127,,,,,,true,false,12,2015-04-01,2016-03-31,-1
2017-05-10,98280,2018-03-31,,19880000000,0.183,,,,,440000000,-0.117,450000000,0.236,,320000000,,36.25,,,,,,,,,,,,,,,,,,,,,,true,true,6,2017-04-01,2017-09-30,1
2017-05-10,98280,2018-03-31,,39470000000,0.130,,,,,1110000000,0.003,1130000000,0.093,,600000000,,67.96,,,,,,,,,,,,,,,,0.177,,,,,,true,true,12,2017-04-01,2018-03-31,1
2017-05-10,98280,2017-03-31,,31792000000,0.117,,,,,1191000000,0.029,1132000000,-0.005,516000000,,-0.214,58.56,,,,,,19163000000,6091000000,0.318,689.91,6091000000,,,,,10.00,,,,8882908,54202,8828787,false,false,12,2016-04-01,2017-03-31,0
2017-05-10,98280,2016-03-31,,28452000000,0.092,,,,,1157000000,-0.096,1138000000,-0.160,657000000,,-0.406,74.52,,,,,,16542000000,5705000000,0.345,646.28,5705000000,,,,,12.00,,,,8882908,54077,8829092,false,false,12,2015-04-01,2016-03-31,-1
2017-05-10,98280,2018-03-31,,17490000000,0.148,,,,,,,430000000,0.222,320000000,,1.510,36.25,,,,,,,,,,,,,,,,,,,,,,false,true,6,2017-04-01,2017-09-30,1
2017-05-10,98280,2018-03-31,,35130000000,0.105,,,,,,,1040000000,-0.082,630000000,,0.219,71.36,,,,,,,,,,,,,,,12.00,,,,,,,false,true,12,2017-04-01,2018-03-31,1
2017-05-10,98280,2017-03-31,,34936000000,0.026,,,,,1106000000,0.437,1033000000,0.640,440000000,,2.144,49.85,,,,,,,,,,,,,,,,,,,,,,true,true,12,2016-04-01,2017-03-31,0
2017-05-10,98280,2016-03-31,,32318000000,,,,,,1395000000,,1361000000,,832000000,,,94.31,,,,,,,,,,,,,,,,,,,,,,true,false,12,2015-04-01,2016-03-31,-1
2017-05-10,98280,2017-03-31,,31792000000,0.019,,,,,,,1132000000,0.530,516000000,,1.585,58.56,,,,,,,,,,,,,,,10.00,,,,,,,false,true,12,2016-04-01,2017-03-31,0
2017-05-10,98280,2016-03-31,,28452000000,,,,,,,,1138000000,,657000000,,,74.52,,,,,,,,,,,,,,,12.00,,,,,,,false,false,12,2015-04-01,2016-03-31,-1
2017-05-10,98280,2017-03-31,,,,,,,,,,,,,,,,,,,,,,,,,,,,,,3.00,,,,,,,false,false,12,2016-04-01,2017-03-31,0
2017-07-28,98280,2018-03-31,1,9669000000,0.180,,,,,358000000,0.585,365000000,1.288,,229000000,,25.97,,,,,,20546000000,6609000000,0.322,,6609000000,,,,,,,,,,,,true,false,3,2017-04-01,2017-06-30,0
2017-07-28,98280,2017-03-31,1,8198000000,0.069,,,,,226000000,-0.221,159000000,-0.476,,85000000,,9.69,,,,,,,,,,,,,,,,,,,,,,true,false,3,2016-04-01,2016-06-30,-1
2017-07-28,98280,2018-03-31,1,19880000000,0.183,,,,,440000000,-0.117,450000000,0.236,,320000000,,36.25,,,,,,,,,,,,,,,,,,,,,,true,true,6,2017-04-01,2017-09-30,0
2017-07-28,98280,2018-03-31,1,39470000000,0.130,,,,,1110000000,0.003,1130000000,0.093,,600000000,,67.96,,,,,,,,,,,,,,,,,,,,,,true,true,12,2017-04-01,2018-03-31,0
2017-07-28,98280,2017-03-31,1,,,,,,,,,,,,,,,,,,,,20141000000,6445000000,0.320,,6445000000,,,,,,,,,,,,true,false,12,2016-04-01,2017-03-31,-1
2017-07-28,98280,2017-03-31,1,,,,,,,,,,,,,,,,,,,,,,,,,,,,,10.00,,,,8882908,54202,,false,false,12,2016-04-01,2017-03-31,-1
2017-07-28,98280,2018-03-31,1,,,,,,,,,,,,,,,,,,,,,,,,,,,,,12.00,,,,,,,false,true,12,2017-04-01,2018-03-31,0
2017-07-28,98280,2018-03-31,1,,,,,,,,,,,,,,,,,,,,,,,,,,,,,,,,,8882908,54202,8828706,false,false,3,2017-04-01,2017-06-30,0
2017-07-28,98280,2017-03-31,1,,,,,,,,,,,,,,,,,,,,,,,,,,,,,,,,,,,8828831,false,false,3,2016-04-01,2016-06-30,-1
2017-10-27,98280,2018-03-31,2,20232000000,0.204,,,,,945000000,0.897,955000000,1.624,,553000000,,62.71,,,,,,21065000000,6942000000,0.330,,6942000000,,,,,,,,,,,,true,false,6,2017-04-01,2017-09-30,0
2017-10-27,98280,2017-03-31,2,16804000000,0.067,,,,,498000000,-0.284,364000000,-0.483,,142000000,,16.16,,,,,,,,,,,,,,,,,,,,,,true,false,6,2016-04-01,2016-09-30,-1
2017-10-27,98280,2018-03-31,2,39860000000,0.141,,,,,1370000000,0.238,1380000000,0.335,,700000000,,79.29,,,,,,,,,,,,,,,,,,,,,,true,true,12,2017-04-01,2018-03-31,0
2017-10-27,98280,2017-03-31,2,,,,,,,,,,,,,,,,,,,,20141000000,6445000000,0.320,,6445000000,,,,,,,,,,,,true,false,12,2016-04-01,2017-03-31,-1
2017-10-27,98280,2017-03-31,2,,,,,,,,,,,,,,,,,,,,,,,,,,,,,10.00,,,,8882908,54202,,false,false,12,2016-04-01,2017-03-31,-1
2017-10-27,98280,2018-03-31,2,,,,,,,,,,,,,,,,,,,,,,,,,,,,,6.00,,,,,,,false,false,12,2017-04-01,2018-03-31,0
2017-10-27,98280,2018-03-31,2,,,,,,,,,,,,,,,,,,,,,,,,,,,,,12.00,,,,,,,false,true,12,2017-04-01,2018-03-31,0
2017-10-27,98280,2018-03-31,2,,,,,,,,,,,,,,,,,,,,,,,,,,,,,,,,,8882908,54262,8828683,false,false,6,2017-04-01,2017-09-30,0
2017-10-27,98280,2017-03-31,2,,,,,,,,,,,,,,,,,,,,,,,,,,,,,,,,,,,8828811,false,false,6,2016-04-01,2016-09-30,-1
2018-01-31,98280,2018-03-31,3,30131000000,0.173,,,,,1297000000,0.886,1313000000,1.067,,719000000,,81.48,,,,,,21678000000,7056000000,0.325,,7056000000,,,,,,,,,,,,true,false,9,2017-04-01,2017-12-31,0
2018-01-31,98280,2017-03-31,3,25697000000,0.069,,,,,687000000,-0.316,635000000,-0.380,,310000000,,35.14,,,,,,,,,,,,,,,,,,,,,,true,false,9,2016-04-01,2016-12-31,-1
2018-01-31,98280,2018-03-31,3,39860000000,0.141,,,,,1370000000,0.238,1380000000,0.335,,700000000,,79.29,,,,,,,,,,,,,,,,,,,,,,true,true,12,2017-04-01,2018-03-31,0
2018-01-31,98280,2017-03-31,3,,,,,,,,,,,,,,,,,,,,20141000000,6445000000,0.320,,6445000000,,,,,,,,,,,,true,false,12,2016-04-01,2017-03-31,-1
2018-01-31,98280,2017-03-31,3,,,,,,,,,,,,,,,,,,,,,,,,,,,,,10.00,,,,8882908,54202,,false,false,12,2016-04-01,2017-03-31,-1
2018-01-31,98280,2018-03-31,3,,,,,,,,,,,,,,,,,,,,,,,,,,,,,6.00,,,,,,,false,false,12,2017-04-01,2018-03-31,0
2018-01-31,98280,2018-03-31,3,,,,,,,,,,,,,,,,,,,,,,,,,,,,,12.00,,,,,,,false,true,12,2017-04-01,2018-03-31,0
2018-01-31,98280,2018-03-31,3,,,,,,,,,,,,,,,,,,,,,,,,,,,,,,,,,8882908,54469,8828649,false,false,9,2017-04-01,2017-12-31,0
2018-01-31,98280,2017-03-31,3,,,,,,,,,,,,,,,,,,,,,,,,,,,,,,,,,,,8828798,false,false,9,2016-04-01,2016-12-31,-1
2018-05-15,98280,2018-03-31,,39999000000,0.145,,,,,1726000000,0.560,1745000000,0.689,,529000000,,59.93,,0.080,0.085,0.043,,21101000000,6829000000,0.324,773.63,6829000000,4043000000,-1295000000,-1355000000,4875000000,,0.200,,,,,,true,false,12,2017-04-01,2018-03-31,0
2018-05-15,98280,2017-03-31,,34936000000,0.081,,,,,1106000000,-0.207,1033000000,-0.241,,440000000,,49.85,,0.070,0.055,0.032,,20141000000,6445000000,0.320,730.04,6445000000,2564000000,-2595000000,-466000000,3477000000,,0.201,,,,,,true,false,12,2016-04-01,2017-03-31,-1
2018-05-15,98280,2019-03-31,,20860000000,0.031,,,,,940000000,-0.006,930000000,-0.027,,570000000,,64.56,,,,,,,,,,,,,,,,,,,,,,true,true,6,2018-04-01,2018-09-30,1
2018-05-15,98280,2019-03-31,,42220000000,0.056,,,,,1810000000,0.049,1800000000,0.031,,1110000000,,125.73,,,,,,,,,,,,,,,,0.127,,,,,,true,true,12,2018-04-01,2019-03-31,1
2018-05-15,98280,2018-03-31,,35614000000,0.120,,,,,1517000000,0.274,1556000000,0.375,461000000,,-0.107,52.28,,,,,,19885000000,6436000000,0.324,729.04,6436000000,,,,,12.00,,,,8882908,54584,8828581,false,false,12,2017-04-01,2018-03-31,0
2018-05-15,98280,2017-03-31,,31792000000,0.117,,,,,1191000000,0.029,1132000000,-0.005,516000000,,-0.214,58.56,,,,,,19163000000,6091000000,0.318,689.91,6091000000,,,,,10.00,,,,8882908,54202,8828787,false,false,12,2016-04-01,2017-03-31,-1
2018-05-15,98280,2019-03-31,,18880000000,0.057,,,,,,,830000000,-0.050,490000000,,-0.087,55.50,,,,,,,,,,,,,,,,,,,,,,false,true,6,2018-04-01,2018-09-30,1
2018-05-15,98280,2019-03-31,,38250000000,0.074,,,,,,,1600000000,0.028,940000000,,1.037,106.48,,,,,,,,,,,,,,,16.00,,,,,,,false,true,12,2018-04-01,2019-03-31,1
2018-05-15,98280,2018-03-31,,39999000000,0.145,,,,,1726000000,0.560,1745000000,0.689,,529000000,,59.93,,0.080,0.085,0.043,,21101000000,6829000000,0.324,773.63,6829000000,3995000000,-1246000000,-1355000000,4875000000,,0.200,,,,,,true,false,12,2017-04-01,2018-03-31,0
2018-05-15,98280,2017-03-31,,34936000000,0.081,,,,,1106000000,-0.207,1033000000,-0.241,,440000000,,49.85,,0.070,0.055,0.032,,20141000000,6445000000,0.320,730.04,6445000000,2564000000,-2595000000,-466000000,3477000000,,0.201,,,,,,true,false,12,2016-04-01,2017-03-31,-1
2018-05-15,98280,2019-03-31,,20860000000,0.031,,,,,940000000,-0.006,930000000,-0.027,,570000000,,64.56,,,,,,,,,,,,,,,,,,,,,,true,true,6,2018-04-01,2018-09-30,1
2018-05-15,98280,2019-03-31,,42220000000,0.056,,,,,1810000000,0.049,1800000000,0.031,,1110000000,,125.73,,,,,,,,,,,,,,,,0.127,,,,,,true,true,12,2018-04-01,2019-03-31,1
2018-05-15,98280,2018-03-31,,35614000000,0.120,,,,,1517000000,0.274,1556000000,0.375,461000000,,-0.107,52.28,,,,,,19885000000,6436000000,0.324,729.04,6436000000,,,,,12.00,,,,8882908,54584,8828581,false,false,12,2017-04-01,2018-03-31,0
2018-05-15,98280,2017-03-31,,31792000000,0.117,,,,,1191000000,0.029,1132000000,-0.005,516000000,,-0.214,58.56,,,,,,19163000000,6091000000,0.318,689.91,6091000000,,,,,10.00,,,,8882908,54202,8828787,false,false,12,2016-04-01,2017-03-31,-1
2018-05-15,98280,2019-03-31,,18880000000,0.057,,,,,,,830000000,-0.050,490000000,,-0.087,55.50,,,,,,,,,,,,,,,,,,,,,,false,true,6,2018-04-01,2018-09-30,1
2018-05-15,98280,2019-03-31,,38250000000,0.074,,,,,,,1600000000,0.028,940000000,,1.037,106.48,,,,,,,,,,,,,,,16.00,,,,,,,false,true,12,2018-04-01,2019-03-31,1
2018-07-31,98280,2019-03-31,1,10256000000,0.061,,,,,727000000,1.028,727000000,0.993,,682000000,,77.31,,,,,,20716000000,7483000000,0.361,,7483000000,,,,,,,,,,,,true,false,3,2018-04-01,2018-06-30,0
2018-07-31,98280,2018-03-31,1,9669000000,0.180,,,,,358000000,0.585,365000000,1.288,,229000000,,25.97,,,,,,,,,,,,,,,,,,,,,,true,false,3,2017-04-01,2017-06-30,-1
2018-07-31,98280,2019-03-31,1,21080000000,0.042,,,,,1650000000,0.745,1650000000,0.727,,1270000000,,143.86,,,,,,,,,,,,,,,,,,,,,,true,true,6,2018-04-01,2018-09-30,0
2018-07-31,98280,2019-03-31,1,42440000000,0.061,,,,,2600000000,0.506,2590000000,0.484,,1870000000,,211.82,,,,,,,,,,,,,,,,,,,,,,true,true,12,2018-04-01,2019-03-31,0
2018-07-31,98280,2018-03-31,1,,,,,,,,,,,,,,,,,,,,21101000000,6829000000,0.324,,6829000000,,,,,,,,,,,,true,false,12,2017-04-01,2018-03-31,-1
2018-07-31,98280,2018-03-31,1,,,,,,,,,,,,,,,,,,,,,,,,,,,,,12.00,,,,8882908,54584,,false,false,12,2017-04-01,2018-03-31,-1
2018-07-31,98280,2019-03-31,1,,,,,,,,,,,,,,,,,,,,,,,,,,,,,16.00,,,,,,,false,true,12,2018-04-01,2019-03-31,0
2018-07-31,98280,2019-03-31,1,,,,,,,,,,,,,,,,,,,,,,,,,,,,,,,,,8882908,54584,8828324,false,false,3,2018-04-01,2018-06-30,0
2018-07-31,98280,2018-03-31,1,,,,,,,,,,,,,,,,,,,,,,,,,,,,,,,,,,,8828706,false,false,3,2017-04-01,2017-06-30,-1
2018-07-31,98280,2019-03-31,,21080000000,0.011,,,,,1650000000,0.755,1650000000,0.774,,1270000000,,143.86,,,,,,,,,,,,,,,,,,,,,,true,true,6,2018-04-01,2018-09-30,0
2018-07-31,98280,2018-03-31,,20232000000,,,,,,945000000,,955000000,,,553000000,,62.71,,,,,,,,,,,,,,,,,,,,,,true,false,6,2017-04-01,2017-09-30,-1
2018-07-31,98280,2019-03-31,,42440000000,0.005,,,,,2600000000,0.436,2590000000,0.439,,1870000000,,211.82,,,,,,,,,,,,,,,,,,,,,,true,true,12,2018-04-01,2019-03-31,0
2018-07-31,98280,2018-03-31,,39999000000,,,,,,1726000000,,1745000000,,,529000000,,59.93,,,,,,,,,,,,,,,,,,,,,,true,false,12,2017-04-01,2018-03-31,-1
2018-07-31,98280,2019-03-31,,18950000000,0.004,,,,,,,1430000000,0.723,1100000000,,1.245,124.60,,,,,,,,,,,,,,,,,,,,,,false,true,6,2018-04-01,2018-09-30,0
2018-07-31,98280,2018-03-31,,17867000000,,,,,,,,873000000,,536000000,,,60.78,,,,,,,,,,,,,,,,,,,,,,false,false,6,2017-04-01,2017-09-30,-1
2018-07-31,98280,2019-03-31,,38260000000,0.000,,,,,,,2220000000,0.388,1570000000,,0.670,177.84,,,,,,,,,,,,,,,,,,,,,,false,true,12,2018-04-01,2019-03-31,0
2018-07-31,98280,2018-03-31,,35614000000,,,,,,,,1556000000,,461000000,,,52.28,,,,,,,,,,,,,,,,,,,,,,false,false,12,2017-04-01,2018-03-31,-1
2018-10-31,98280,2019-03-31,2,21102000000,0.043,,,,,1458000000,0.542,1448000000,0.516,,1133000000,,128.40,,,,,,21135000000,7953000000,0.376,,7953000000,,,,,,,,,,,,true,false,6,2018-04-01,2018-09-30,0
2018-10-31,98280,2018-03-31,2,20232000000,0.204,,,,,945000000,0.897,955000000,1.624,,553000000,,62.71,,,,,,,,,,,,,,,,,,,,,,true,false,6,2017-04-01,2017-09-30,-1
2018-10-31,98280,2019-03-31,2,42440000000,0.061,,,,,2600000000,0.506,2590000000,0.484,,1870000000,,211.82,,,,,,,,,,,,,,,,,,,,,,true,true,12,2018-04-01,2019-03-31,0
2018-10-31,98280,2018-03-31,2,,,,,,,,,,,,,,,,,,,,21101000000,6829000000,0.324,,6829000000,,,,,,,,,,,,true,false,12,2017-04-01,2018-03-31,-1
2018-10-31,98280,2018-03-31,2,,,,,,,,,,,,,,,,,,,,,,,,,,,,,12.00,,,,8882908,54584,,false,false,12,2017-04-01,2018-03-31,-1
2018-10-31,98280,2019-03-31,2,,,,,,,,,,,,,,,,,,,,,,,,,,,,,15.00,,,,,,,false,false,12,2018-04-01,2019-03-31,0
2018-10-31,98280,2019-03-31,2,,,,,,,,,,,,,,,,,,,,,,,,,,,,,30.00,,,,,,,false,true,12,2018-04-01,2019-03-31,0
2018-10-31,98280,2019-03-31,2,,,,,,,,,,,,,,,,,,,,,,,,,,,,,,,,,8882908,54747,8828274,false,false,6,2018-04-01,2018-09-30,0
2018-10-31,98280,2018-03-31,2,,,,,,,,,,,,,,,,,,,,,,,,,,,,,,,,,,,8828683,false,false,6,2017-04-01,2017-09-30,-1
2019-01-30,98280,2019-03-31,3,31545000000,0.047,,,,,2004000000,0.545,1996000000,0.520,,1496000000,,169.48,,,,,,21551000000,8164000000,0.379,,8164000000,,,,,,,,,,,,true,false,9,2018-04-01,2018-12-31,0
2019-01-30,98280,2018-03-31,3,30131000000,0.173,,,,,1297000000,0.886,1313000000,1.067,,719000000,,81.48,,,,,,,,,,,,,,,,,,,,,,true,false,9,2017-04-01,2017-12-31,-1
2019-01-30,98280,2019-03-31,3,42440000000,0.061,,,,,2600000000,0.506,2590000000,0.484,,1870000000,,211.82,,,,,,,,,,,,,,,,,,,,,,true,true,12,2018-04-01,2019-03-31,0
2019-01-30,98280,2018-03-31,3,,,,,,,,,,,,,,,,,,,,21101000000,6829000000,0.324,,6829000000,,,,,,,,,,,,true,false,12,2017-04-01,2018-03-31,-1
2019-01-30,98280,2018-03-31,3,,,,,,,,,,,,,,,,,,,,,,,,,,,,,12.00,,,,8882908,54584,,false,false,12,2017-04-01,2018-03-31,-1
2019-01-30,98280,2019-03-31,3,,,,,,,,,,,,,,,,,,,,,,,,,,,,,15.00,,,,,,,false,false,12,2018-04-01,2019-03-31,0
2019-01-30,98280,2019-03-31,3,,,,,,,,,,,,,,,,,,,,,,,,,,,,,30.00,,,,,,,false,true,12,2018-04-01,2019-03-31,0
2019-01-30,98280,2019-03-31,3,,,,,,,,,,,,,,,,,,,,,,,,,,,,,,,,,8882908,54747,8828236,false,false,9,2018-04-01,2018-12-31,0
2019-01-30,98280,2018-03-31,3,,,,,,,,,,,,,,,,,,,,,,,,,,,,,,,,,,,8828649,false,false,9,2017-04-01,2017-12-31,-1
2019-05-08,98280,2019-03-31,,42034000000,0.051,,,,,2313000000,0.340,2307000000,0.322,,1895000000,,214.67,,0.246,0.107,0.055,,21942000000,8563000000,0.390,970.03,8563000000,3579000000,-1500000000,-2531000000,4436000000,,0.140,,,,,,true,false,12,2018-04-01,2019-03-31,0
2019-05-08,98280,2018-03-31,,39999000000,0.145,,,,,1726000000,0.560,1745000000,0.689,,529000000,,59.93,,0.080,0.085,0.043,,21101000000,6829000000,0.324,773.63,6829000000,3995000000,-1246000000,-1355000000,4875000000,,0.200,,,,,,true,false,12,2017-04-01,2018-03-31,-1
2019-05-08,98280,2020-03-31,,44670000000,0.063,,,,,1750000000,-0.244,1770000000,-0.233,,1110000000,,125.74,,,,,,,,,,,,,,,,0.239,,,,,,true,true,12,2019-04-01,2020-03-31,1
2019-05-08,98280,2019-03-31,,37859000000,0.063,,,,,2093000000,0.379,2112000000,0.357,1711000000,,2.709,193.91,,,,,,20449000000,7960000000,0.389,901.73,7960000000,,,,,30.00,,,,8882908,54894,8828212,false,false,12,2018-04-01,2019-03-31,0
2019-05-08,98280,2018-03-31,,35614000000,0.120,,,,,1517000000,0.274,1556000000,0.375,461000000,,-0.107,52.28,,,,,,19885000000,6436000000,0.324,729.04,6436000000,,,,,12.00,,,,8882908,54584,8828581,false,false,12,2017-04-01,2018-03-31,-1
2019-05-08,98280,2020-03-31,,40280000000,0.064,,,,,,,1510000000,-0.285,890000000,,-0.480,100.82,,,,,,,,,,,,,,,30.00,,,,,,,false,true,12,2019-04-01,2020-03-31,1
2019-07-31,98280,2020-03-31,1,10823000000,0.055,,,,,558000000,-0.233,556000000,-0.236,,374000000,,42.42,,,,,,21378000000,8781000000,0.411,,8781000000,,,,,,,,,,,,true,false,3,2019-04-01,2019-06-30,0
2019-07-31,98280,2019-03-31,1,10256000000,0.061,,,,,727000000,1.028,727000000,0.993,,682000000,,77.31,,,,,,,,,,,,,,,,,,,,,,true,false,3,2018-04-01,2018-06-30,-1
2019-07-31,98280,2020-03-31,1,44670000000,0.063,,,,,1750000000,-0.244,1770000000,-0.233,,1110000000,,125.74,,,,,,,,,,,,,,,,,,,,,,true,true,12,2019-04-01,2020-03-31,0
2019-07-31,98280,2019-03-31,1,,,,,,,,,,,,,,,,,,,,21942000000,8563000000,0.390,,8563000000,,,,,,,,,,,,true,false,12,2018-04-01,2019-03-31,-1
2019-07-31,98280,2019-03-31,1,,,,,,,,,,,,,,,,,,,,,,,,,,,,,30.00,,,,8882908,54894,,false,false,12,2018-04-01,2019-03-31,-1
2019-07-31,98280,2020-03-31,1,,,,,,,,,,,,,,,,,,,,,,,,,,,,,30.00,,,,,,,false,true,12,2019-04-01,2020-03-31,0
2019-07-31,98280,2020-03-31,1,,,,,,,,,,,,,,,,,,,,,,,,,,,,,,,,,8882908,54914,8828007,false,false,3,2019-04-01,2019-06-30,0
2019-07-31,98280,2019-03-31,1,,,,,,,,,,,,,,,,,,,,,,,,,,,,,,,,,,,8828324,false,false,3,2018-04-01,2018-06-30,-1
2019-10-31,98280,2020-03-31,2,22363000000,0.060,,,,,1267000000,-0.131,1271000000,-0.122,,837000000,,94.87,,,,,,21765000000,9246000000,0.425,,9246000000,,,,,,,,,,,,true,false,6,2019-04-01,2019-09-30,0
2019-10-31,98280,2019-03-31,2,21102000000,0.043,,,,,1458000000,0.542,1448000000,0.516,,1133000000,,128.40,,,,,,,,,,,,,,,,,,,,,,true,false,6,2018-04-01,2018-09-30,-1
2019-10-31,98280,2020-03-31,2,44670000000,0.063,,,,,1750000000,-0.244,1770000000,-0.233,,1110000000,,125.74,,,,,,,,,,,,,,,,,,,,,,true,true,12,2019-04-01,2020-03-31,0
2019-10-31,98280,2019-03-31,2,,,,,,,,,,,,,,,,,,,,21942000000,8563000000,0.390,,8563000000,,,,,,,,,,,,true,false,12,2018-04-01,2019-03-31,-1
2019-10-31,98280,2019-03-31,2,,,,,,,,,,,,,,,,,,,,,,,,,,,,,30.00,,,,8882908,54894,,false,false,12,2018-04-01,2019-03-31,-1
2019-10-31,98280,2020-03-31,2,,,,,,,,,,,,,,,,,,,,,,,,,,,,,15.00,,,,,,,false,false,12,2019-04-01,2020-03-31,0
2019-10-31,98280,2020-03-31,2,,,,,,,,,,,,,,,,,,,,,,,,,,,,,30.00,,,,,,,false,true,12,2019-04-01,2020-03-31,0
2019-10-31,98280,2020-03-31,2,,,,,,,,,,,,,,,,,,,,,,,,,,,,,,,,,8882908,54964,8827999,false,false,6,2019-04-01,2019-09-30,0
2019-10-31,98280,2019-03-31,2,,,,,,,,,,,,,,,,,,,,,,,,,,,,,,,,,,,8828274,false,false,6,2018-04-01,2018-09-30,-1
2020-01-31,98280,2020-03-31,3,33055000000,0.048,,,,,1691000000,-0.156,1703000000,-0.146,,1110000000,,125.77,,,,,,22141000000,9399000000,0.425,,9399000000,,,,,,,,,,,,true,false,9,2019-04-01,2019-12-31,0
2020-01-31,98280,2019-03-31,3,31545000000,0.047,,,,,2004000000,0.545,1996000000,0.520,,1496000000,,169.48,,,,,,,,,,,,,,,,,,,,,,true,false,9,2018-04-01,2018-12-31,-1
2020-01-31,98280,2020-03-31,3,44670000000,0.063,,,,,1750000000,-0.244,1770000000,-0.233,,1110000000,,125.74,,,,,,,,,,,,,,,,,,,,,,true,true,12,2019-04-01,2020-03-31,0
2020-01-31,98280,2019-03-31,3,,,,,,,,,,,,,,,,,,,,21942000000,8563000000,0.390,,8563000000,,,,,,,,,,,,true,false,12,2018-04-01,2019-03-31,-1
2020-01-31,98280,2019-03-31,3,,,,,,,,,,,,,,,,,,,,,,,,,,,,,30.00,,,,8882908,54894,,false,false,12,2018-04-01,2019-03-31,-1
2020-01-31,98280,2020-03-31,3,,,,,,,,,,,,,,,,,,,,,,,,,,,,,15.00,,,,,,,false,false,12,2019-04-01,2020-03-31,0
2020-01-31,98280,2020-03-31,3,,,,,,,,,,,,,,,,,,,,,,,,,,,,,30.00,,,,,,,false,true,12,2019-04-01,2020-03-31,0
2020-01-31,98280,2020-03-31,3,,,,,,,,,,,,,,,,,,,,,,,,,,,,,,,,,8882908,54964,8827981,false,false,9,2019-04-01,2019-12-31,0
2020-01-31,98280,2019-03-31,3,,,,,,,,,,,,,,,,,,,,,,,,,,,,,,,,,,,8828236,false,false,9,2018-04-01,2018-12-31,-1
,98280,2020-03-31,,,,,,,,,,,,,,,,,,,,,,,,,,,,,,15.00,,,,,,,false,true,12,2019-04-01,2020-03-31,0
,98280,2020-03-31,,,,,,,,,,,,,,,,,,,,,,,,,,,,,,15.00,,,,,,,false,false,12,2019-04-01,2020-03-31,0
,98280,2019-03-31,,,,,,,,,,,,,,,,,,,,,,,,,,,,,,30.00,,,,,,,false,false,12,2018-04-01,2019-03-31,-1
2020-05-20,98280,2020-03-31,,43435000000,0.033,,,,,1971000000,-0.148,2011000000,-0.128,,292000000,,33.11,,0.034,0.095,0.045,,20481000000,8574000000,0.419,971.32,8574000000,3027000000,-1549000000,-2448000000,3465000000,,0.458,,,,,,true,false,12,2019-04-01,2020-03-31,0
2020-05-20,98280,2019-03-31,,42034000000,0.051,,,,,2313000000,0.340,2307000000,0.322,,1895000000,,214.67,,0.246,0.107,0.055,,21942000000,8563000000,0.390,970.03,8563000000,3579000000,-1500000000,-2531000000,4436000000,,0.140,,,,,,true,false,12,2018-04-01,2019-03-31,-1
2020-05-20,98280,2020-03-31,,39614000000,0.046,,,,,1934000000,-0.076,1988000000,-0.059,259000000,,-0.849,29.36,,,,,,19226000000,7953000000,0.414,900.94,7953000000,,,,,15.00,,,,8882908,55021,8827963,false,false,12,2019-04-01,2020-03-31,0
2020-05-20,98280,2019-03-31,,37859000000,0.063,,,,,2093000000,0.379,2112000000,0.357,1711000000,,2.709,193.91,,,,,,20449000000,7960000000,0.389,901.73,7960000000,,,,,30.00,,,,8882908,54894,8828212,false,false,12,2018-04-01,2019-03-31,-1
2020-07-31,98280,2021-03-31,1,7792000000,-0.280,,,,,-868000000,,-871000000,,,-524000000,,-59.42,,,,,,23646000000,8043000000,0.340,,8043000000,,,,,,,,,,,,true,false,3,2020-04-01,2020-06-30,0
2020-07-31,98280,2020-03-31,1,10823000000,0.055,,,,,558000000,-0.233,556000000,-0.236,,374000000,,42.42,,,,,,,,,,,,,,,,,,,,,,true,false,3,2019-04-01,2019-06-30,-1
2020-07-31,98280,2020-03-31,1,,,,,,,,,,,,,,,,,,,,20481000000,8574000000,0.419,,8574000000,,,,,,,,,,,,true,false,12,2019-04-01,2020-03-31,-1
2020-07-31,98280,2020-03-31,1,,,,,,,,,,,,,,,,,,,,,,,,,,,,,15.00,,,,8882908,55021,,false,false,12,2019-04-01,2020-03-31,-1
2020-07-31,98280,2021-03-31,1,,,,,,,,,,,,,,,,,,,,,,,,,,,,,,,,,8882908,55021,8827887,false,false,3,2020-04-01,2020-06-30,0
2020-07-31,98280,2020-03-31,1,,,,,,,,,,,,,,,,,,,,,,,,,,,,,,,,,,,8828007,false,false,3,2019-04-01,2019-06-30,-1
2020-11-06,98280,2021-03-31,2,18129000000,-0.189,,,,,-670000000,,-645000000,,,-534000000,,-60.59,,,,,,23684000000,8021000000,0.339,,8021000000,,,,,,,,,,,,true,false,6,2020-04-01,2020-09-30,0
2020-11-06,98280,2020-03-31,2,22363000000,0.060,,,,,1267000000,-0.131,1271000000,-0.122,,837000000,,94.87,,,,,,,,,,,,,,,,,,,,,,true,false,6,2019-04-01,2019-09-30,-1
2020-11-06,98280,2021-03-31,2,38940000000,-0.103,,,,,-280000000,,-250000000,,-120000000,,,-13.59,,,,,,,,,,,,,,,,,,,,,,true,true,12,2020-04-01,2021-03-31,0
2020-11-06,98280,2020-03-31,2,,,,,,,,,,,,,,,,,,,,20481000000,8574000000,0.419,,8574000000,,,,,,,,,,,,true,false,12,2019-04-01,2020-03-31,-1
2020-11-06,98280,2020-03-31,2,,,,,,,,,,,,,,,,,,,,,,,,,,,,,15.00,,,,8882908,55021,,false,false,12,2019-04-01,2020-03-31,-1
2020-11-06,98280,2021-03-31,2,,,,,,,,,,,,,,,,,,,,,,,,,,,,,5.00,,,,,,,false,false,12,2020-04-01,2021-03-31,0
2020-11-06,98280,2021-03-31,2,,,,,,,,,,,,,,,,,,,,,,,,,,,,,10.00,,,,,,,false,true,12,2020-04-01,2021-03-31,0
2020-11-06,98280,2021-03-31,2,,,,,,,,,,,,,,,,,,,,,,,,,,,,,,,,,8882908,55021,8827887,false,false,6,2020-04-01,2020-09-30,0
2020-11-06,98280,2020-03-31,2,,,,,,,,,,,,,,,,,,,,,,,,,,,,,,,,,,,8827999,false,false,6,2019-04-01,2019-09-30,-1
2021-01-29,98280,2021-03-31,3,28541000000,-0.137,,,,,-465000000,,-427000000,,,-421000000,,-47.71,,,,,,24247000000,8078000000,0.333,,8078000000,,,,,,,,,,,,true,false,9,2020-04-01,2020-12-31,0
2021-01-29,98280,2020-03-31,3,33055000000,0.048,,,,,1691000000,-0.156,1703000000,-0.146,,1110000000,,125.77,,,,,,,,,,,,,,,,,,,,,,true,false,9,2019-04-01,2019-12-31,-1
2021-01-29,98280,2021-03-31,3,38940000000,-0.103,,,,,-280000000,,-250000000,,,-120000000,,-13.59,,,,,,,,,,,,,,,,,,,,,,true,true,12,2020-04-01,2021-03-31,0
2021-01-29,98280,2020-03-31,3,,,,,,,,,,,,,,,,,,,,20481000000,8574000000,0.419,,8574000000,,,,,,,,,,,,true,false,12,2019-04-01,2020-03-31,-1
2021-01-29,98280,2020-03-31,3,,,,,,,,,,,,,,,,,,,,,,,,,,,,,15.00,,,,8882908,55021,,false,false,12,2019-04-01,2020-03-31,-1
2021-01-29,98280,2021-03-31,3,,,,,,,,,,,,,,,,,,,,,,,,,,,,,5.00,,,,,,,false,false,12,2020-04-01,2021-03-31,0
2021-01-29,98280,2021-03-31,3,,,,,,,,,,,,,,,,,,,,,,,,,,,,,10.00,,,,,,,false,true,12,2020-04-01,2021-03-31,0
2021-01-29,98280,2021-03-31,3,,,,,,,,,,,,,,,,,,,,,,,,,,,,,,,,,8882908,55021,8827887,false,false,9,2020-04-01,2020-12-31,0
2021-01-29,98280,2020-03-31,3,,,,,,,,,,,,,,,,,,,,,,,,,,,,,,,,,,,8827981,false,false,9,2019-04-01,2019-12-31,-1
2021-05-14,98280,2021-03-31,,38252000000,-0.119,,,,,-452000000,,-420000000,,,-443000000,,-50.19,,-0.053,-0.019,-0.012,,23942000000,8096000000,0.338,917.15,8096000000,1599000000,-2083000000,2219000000,5261000000,,,,,,,,true,false,12,2020-04-01,2021-03-31,0
2021-05-14,98280,2020-03-31,,43435000000,0.033,,,,,1971000000,-0.148,2011000000,-0.128,,292000000,,33.11,,0.034,0.095,0.045,,20481000000,8574000000,0.419,971.32,8574000000,3027000000,-1549000000,-2448000000,3465000000,,0.458,,,,,,true,false,12,2019-04-01,2020-03-31,-1
2021-05-14,98280,2022-03-31,,46880000000,0.227,,,,,1760000000,,1740000000,,1300000000,,,147.26,,,,,,,,,,,,,,,,0.136,,,,,,true,true,12,2021-04-01,2022-03-31,1
2021-05-14,98280,2021-03-31,,35720000000,-0.098,,,,,-59000000,,-14000000,,-322000000,,,-36.52,,,,,,22051000000,7587000000,0.344,859.46,7587000000,,,,,10.00,,,,8882908,55089,8827875,false,false,12,2020-04-01,2021-03-31,0
2021-05-14,98280,2020-03-31,,39614000000,0.046,,,,,1934000000,-0.076,1988000000,-0.059,259000000,,-0.849,29.36,,,,,,19226000000,7953000000,0.414,900.94,7953000000,,,,,15.00,,,,8882908,55021,8827963,false,false,12,2019-04-01,2020-03-31,-1
2021-05-14,98280,2022-03-31,,43410000000,0.218,,,,,,,1730000000,,1000000000,,,113.28,,,,,,,,,,,,,,,20.00,,,,,,,false,true,12,2021-04-01,2022-03-31,1
2021-07-30,98280,2022-03-31,1,10712000000,,,,,,22000000,,13000000,,,178000000,,20.22,,,,,,23820000000,8147000000,0.342,,8147000000,,,,,,,,,,,,true,false,3,2021-04-01,2021-06-30,0
2021-07-30,98280,2021-03-31,1,7792000000,-0.280,,,,,-868000000,,-871000000,,,-524000000,,-59.42,,,,,,,,,,,,,,,,,,,,,,true,false,3,2020-04-01,2020-06-30,-1
2021-07-30,98280,2022-03-31,1,46880000000,,,,,,1760000000,,1740000000,,1300000000,,,147.26,,,,,,,,,,,,,,,,,,,,,,true,true,12,2021-04-01,2022-03-31,0
2021-07-30,98280,2021-03-31,1,,,,,,,,,,,,,,,,,,,,23942000000,8096000000,0.338,,8096000000,,,,,,,,,,,,true,false,12,2020-04-01,2021-03-31,-1
2021-07-30,98280,2021-03-31,1,,,,,,,,,,,,,,,,,,,,,,,,,,,,,10.00,,,,8882908,55089,,false,false,12,2020-04-01,2021-03-31,-1
2021-07-30,98280,2022-03-31,1,,,,,,,,,,,,,,,,,,,,,,,,,,,,,20.00,,,,,,,false,true,12,2021-04-01,2022-03-31,0
2021-07-30,98280,2022-03-31,1,,,,,,,,,,,,,,,,,,,,,,,,,,,,,,,,,8882908,55089,8827819,false,false,3,2021-04-01,2021-06-30,0
2021-07-30,98280,2021-03-31,1,,,,,,,,,,,,,,,,,,,,,,,,,,,,,,,,,,,8827887,false,false,3,2020-04-01,2020-06-30,-1
2021-10-29,98280,2022-03-31,2,21710000000,,,,,,147000000,,155000000,,,428000000,,48.59,,,,,,23595000000,8407000000,0.356,,8407000000,,,,,,,,,,,,true,false,6,2021-04-01,2021-09-30,0
2021-10-29,98280,2021-03-31,2,18129000000,-0.189,,,,,-670000000,,-645000000,,,-534000000,,-60.59,,,,,,,,,,,,,,,,,,,,,,true,false,6,2020-04-01,2020-09-30,-1
2021-10-29,98280,2022-03-31,2,45100000000,,,,,,540000000,,540000000,,,820000000,,92.89,,,,,,,,,,,,,,,,,,,,,,true,true,12,2021-04-01,2022-03-31,0
2021-10-29,98280,2021-03-31,2,,,,,,,,,,,,,,,,,,,,23942000000,8096000000,0.338,,8096000000,,,,,,,,,,,,true,false,12,2020-04-01,2021-03-31,-1
2021-10-29,98280,2021-03-31,2,,,,,,,,,,,,,,,,,,,,,,,,,,,,,10.00,,,,8882908,55089,,false,false,12,2020-04-01,2021-03-31,-1
2021-10-29,98280,2022-03-31,2,,,,,,,,,,,,,,,,,,,,,,,,,,,,,10.00,,,,,,,false,false,12,2021-04-01,2022-03-31,0
2021-10-29,98280,2022-03-31,2,,,,,,,,,,,,,,,,,,,,,,,,,,,,,20.00,,,,,,,false,true,12,2021-04-01,2022-03-31,0
2021-10-29,98280,2022-03-31,2,,,,,,,,,,,,,,,,,,,,,,,,,,,,,,,,,8882908,55109,8827816,false,false,6,2021-04-01,2021-09-30,0
2021-10-29,98280,2021-03-31,2,,,,,,,,,,,,,,,,,,,,,,,,,,,,,,,,,,,8827887,false,false,6,2020-04-01,2020-09-30,-1
2022-01-28,98280,2022-03-31,3,33316000000,,,,,,315000000,,325000000,,,1180000000,,133.76,,,,,,26780000000,9097000000,0.340,,9097000000,,,,,,,,,,,,true,false,9,2021-04-01,2021-12-31,0
2022-01-28,98280,2021-03-31,3,28541000000,-0.137,,,,,-465000000,,-427000000,,,-421000000,,-47.71,,,,,,,,,,,,,,,,,,,,,,true,false,9,2020-04-01,2020-12-31,-1
2022-01-28,98280,2022-03-31,3,45100000000,,,,,,540000000,,540000000,,,820000000,,92.89,,,,,,,,,,,,,,,,,,,,,,true,true,12,2021-04-01,2022-03-31,0
2022-01-28,98280,2021-03-31,3,,,,,,,,,,,,,,,,,,,,23942000000,8096000000,0.338,,8096000000,,,,,,,,,,,,true,false,12,2020-04-01,2021-03-31,-1
2022-01-28,98280,2021-03-31,3,,,,,,,,,,,,,,,,,,,,,,,,,,,,,10.00,,,,8882908,55089,,false,false,12,2020-04-01,2021-03-31,-1
2022-01-28,98280,2022-03-31,3,,,,,,,,,,,,,,,,,,,,,,,,,,,,,10.00,,,,,,,false,false,12,2021-04-01,2022-03-31,0
2022-01-28,98280,2022-03-31,3,,,,,,,,,,,,,,,,,,,,,,,,,,,,,20.00,,,,,,,false,true,12,2021-04-01,2022-03-31,0
2022-01-28,98280,2022-03-31,3,,,,,,,,,,,,,,,,,,,,,,,,,,,,,,,,,8882908,55109,8827810,false,false,9,2021-04-01,2021-12-31,0
2022-01-28,98280,2021-03-31,3,,,,,,,,,,,,,,,,,,,,,,,,,,,,,,,,,,,8827887,false,false,9,2020-04-01,2020-12-31,-1
2022-05-13,98280,2022-03-31,,44607000000,,,,,,263000000,,274000000,,,1328000000,,150.50,,0.152,0.011,0.006,,26936000000,9328000000,0.346,1056.77,9328000000,4043000000,-1867000000,-509000000,6995000000,,0.133,,,,,,true,false,12,2021-04-01,2022-03-31,0
2022-05-13,98280,2021-03-31,,38252000000,-0.119,,,,,-452000000,,-420000000,,,-443000000,,-50.19,,-0.053,-0.019,-0.012,,23942000000,8096000000,0.338,917.15,8096000000,1599000000,-2083000000,2219000000,5261000000,,,,,,,,true,false,12,2020-04-01,2021-03-31,-1
2022-05-13,98280,2023-03-31,,51210000000,0.148,,,,,1070000000,3.056,1070000000,2.900,590000000,,-0.556,66.83,,,,,,,,,,,,,,,,0.150,,,,,,true,true,12,2022-04-01,2023-03-31,1
2022-05-13,98280,2022-03-31,,41082000000,,,,,,182000000,,192000000,,803000000,,,91.02,,,,,,25090000000,8175000000,0.326,926.07,8175000000,,,,,20.00,,,,8882908,55150,8827800,false,false,12,2021-04-01,2022-03-31,0
2022-05-13,98280,2021-03-31,,35720000000,-0.098,,,,,-59000000,,-14000000,,-322000000,,,-36.52,,,,,,22051000000,7587000000,0.344,859.46,7587000000,,,,,10.00,,,,8882908,55089,8827875,false,false,12,2020-04-01,2021-03-31,-1
2022-05-13,98280,2023-03-31,,47490000000,0.156,,,,,,,1030000000,4.351,550000000,,-0.315,62.30,,,,,,,,,,,,,,,10.00,,,,,,,false,true,12,2022-04-01,2023-03-31,1
2022-08-29,98280,2023-03-31,1,12644000000,0.180,,,,,538000000,,542000000,,,576000000,,65.26,,,,,,28237000000,9950000000,0.352,,9950000000,,,,,,,,,,,,true,false,3,2022-04-01,2022-06-30,0
2022-08-29,98280,2022-03-31,1,10712000000,,,,,,22000000,,13000000,,,178000000,,20.22,,,,,,,,,,,,,,,,,,,,,,true,false,3,2021-04-01,2021-06-30,-1
2022-08-29,98280,2023-03-31,1,51210000000,0.148,,,,,1070000000,3.034,1070000000,3.350,,590000000,,66.83,,,,,,,,,,,,,,,,,,,,,,true,true,12,2022-04-01,2023-03-31,0
2022-08-29,98280,2022-03-31,1,,,,,,,,,,,,,,,,,,,,26910000000,9302000000,0.346,,9302000000,,,,,,,,,,,,true,false,12,2021-04-01,2022-03-31,-1
2022-08-29,98280,2022-03-31,1,,,,,,,,,,,,,,,,,,,,,,,,,,,,,20.00,,,,8882908,55150,,false,false,12,2021-04-01,2022-03-31,-1
2022-08-29,98280,2023-03-31,1,,,,,,,,,,,,,,,,,,,,,,,,,,,,,10.00,,,,,,,false,true,12,2022-04-01,2023-03-31,0
2022-08-29,98280,2023-03-31,1,,,,,,,,,,,,,,,,,,,,,,,,,,,,,,,,,8882908,55150,8827758,false,false,3,2022-04-01,2022-06-30,0
2022-08-29,98280,2022-03-31,1,,,,,,,,,,,,,,,,,,,,,,,,,,,,,,,,,,,8827819,false,false,3,2021-04-01,2021-06-30,-1
2022-08-29,98280,2022-03-31,,44607000000,,,,,,265000000,,245000000,,,1301000000,,147.49,,0.150,0.010,0.006,,26910000000,9302000000,0.346,1053.75,9302000000,4026000000,-1850000000,-509000000,6995000000,,0.133,,,,,,true,false,12,2021-04-01,2022-03-31,0
2022-08-29,98280,2021-03-31,,38252000000,-0.119,,,,,-452000000,,-420000000,,,-443000000,,-50.19,,-0.053,-0.019,-0.012,,23942000000,8096000000,0.338,917.15,8096000000,1599000000,-2083000000,2219000000,5261000000,,,,,,,,true,false,12,2020-04-01,2021-03-31,-1
2022-08-29,98280,2023-03-31,,51210000000,0.148,,,,,1070000000,3.034,1070000000,3.350,590000000,,-0.547,66.83,,,,,,,,,,,,,,,,0.150,,,,,,true,true,12,2022-04-01,2023-03-31,1
2022-08-29,98280,2022-03-31,,41082000000,,,,,,183000000,,164000000,,776000000,,,88.00,,,,,,25063000000,8148000000,0.325,923.06,8148000000,,,,,20.00,,,,8882908,55150,8827800,false,false,12,2021-04-01,2022-03-31,0
2022-08-29,98280,2021-03-31,,35720000000,-0.098,,,,,-59000000,,-14000000,,-322000000,,,-36.52,,,,,,22051000000,7587000000,0.344,859.46,7587000000,,,,,10.00,,,,8882908,55089,8827875,false,false,12,2020-04-01,2021-03-31,-1
2022-08-29,98280,2023-03-31,,47490000000,0.156,,,,,,,1030000000,5.276,550000000,,-0.292,62.30,,,,,,,,,,,,,,,10.00,,,,,,,false,true,12,2022-04-01,2023-03-31,1
2022-10-28,98280,2023-03-31,2,26132000000,0.204,,,,,990000000,5.699,992000000,5.366,,844000000,,95.70,,,,,,29716000000,10313000000,0.347,,10313000000,,,,,,,,,,,,true,false,6,2022-04-01,2022-09-30,0
2022-10-28,98280,2022-03-31,2,21710000000,,,,,,147000000,,155000000,,,428000000,,48.59,,,,,,,,,,,,,,,,,,,,,,true,false,6,2021-04-01,2021-09-30,-1
2022-10-28,98280,2023-03-31,2,51210000000,0.148,,,,,1070000000,3.034,1070000000,3.350,,590000000,,66.83,,,,,,,,,,,,,,,,,,,,,,true,true,12,2022-04-01,2023-03-31,0
2022-10-28,98280,2022-03-31,2,,,,,,,,,,,,,,,,,,,,26910000000,9302000000,0.346,,9302000000,,,,,,,,,,,,true,false,12,2021-04-01,2022-03-31,-1
2022-10-28,98280,2022-03-31,2,,,,,,,,,,,,,,,,,,,,,,,,,,,,,20.00,,,,8882908,55150,,false,false,12,2021-04-01,2022-03-31,-1
2022-10-28,98280,2023-03-31,2,,,,,,,,,,,,,,,,,,,,,,,,,,,,,5.00,,,,,,,false,false,12,2022-04-01,2023-03-31,0
2022-10-28,98280,2023-03-31,2,,,,,,,,,,,,,,,,,,,,,,,,,,,,,10.00,,,,,,,false,true,12,2022-04-01,2023-03-31,0
2022-10-28,98280,2023-03-31,2,,,,,,,,,,,,,,,,,,,,,,,,,,,,,,,,,8882908,55275,8827633,false,false,6,2022-04-01,2022-09-30,0
2022-10-28,98280,2022-03-31,2,,,,,,,,,,,,,,,,,,,,,,,,,,,,,,,,,,,8827816,false,false,6,2021-04-01,2021-09-30,-1
2023-01-27,98280,2023-03-31,3,40227000000,0.207,,,,,1287000000,3.086,1307000000,3.016,,1005000000,,113.90,,,,,,30047000000,10279000000,0.342,,10279000000,,,,,,,,,,,,true,false,9,2022-04-01,2022-12-31,0
2023-01-27,98280,2022-03-31,3,33316000000,,,,,,315000000,,325000000,,,1180000000,,133.76,,,,,,,,,,,,,,,,,,,,,,true,false,9,2021-04-01,2021-12-31,-1
2023-01-27,98280,2023-03-31,3,51210000000,0.148,,,,,1070000000,3.034,1070000000,3.350,,590000000,,66.83,,,,,,,,,,,,,,,,,,,,,,true,true,12,2022-04-01,2023-03-31,0
2023-01-27,98280,2022-03-31,3,,,,,,,,,,,,,,,,,,,,26910000000,9302000000,0.346,,9302000000,,,,,,,,,,,,true,false,12,2021-04-01,2022-03-31,-1
2023-01-27,98280,2022-03-31,3,,,,,,,,,,,,,,,,,,,,,,,,,,,,,20.00,,,,8882908,55150,,false,false,12,2021-04-01,2022-03-31,-1
2023-01-27,98280,2023-03-31,3,,,,,,,,,,,,,,,,,,,,,,,,,,,,,5.00,,,,,,,false,false,12,2022-04-01,2023-03-31,0
2023-01-27,98280,2023-03-31,3,,,,,,,,,,,,,,,,,,,,,,,,,,,,,10.00,,,,,,,false,true,12,2022-04-01,2023-03-31,0
2023-01-27,98280,2023-03-31,3,,,,,,,,,,,,,,,,,,,,,,,,,,,,,,,,,8882908,55380,8827655,false,false,9,2022-04-01,2022-12-31,0
2023-01-27,98280,2022-03-31,3,,,,,,,,,,,,,,,,,,,,,,,,,,,,,,,,,,,8827810,false,false,9,2021-04-01,2021-12-31,-1
2023-05-12,98280,2023-03-31,,54614000000,0.224,,,,,1736000000,5.548,1759000000,6.153,,1013000000,,114.78,,0.103,0.061,0.032,,30760000000,10300000000,0.335,1166.85,10300000000,4676000000,-2187000000,-1863000000,7688000000,,0.131,,,,,,true,false,12,2022-04-01,2023-03-31,0
2023-05-12,98280,2022-03-31,,44607000000,,,,,,265000000,,245000000,,,1301000000,,147.49,,0.150,0.010,0.006,,26910000000,9302000000,0.346,1053.75,9302000000,4026000000,-1850000000,-509000000,6995000000,,0.133,,,,,,true,false,12,2021-04-01,2022-03-31,-1
2023-05-12,98280,2024-03-31,,58200000000,0.066,,,,,1450000000,-0.165,1550000000,-0.119,,810000000,,91.76,,,,,,,,,,,,,,,,0.218,,,,,,true,true,12,2023-04-01,2024-03-31,1
2023-05-12,98280,2023-03-31,,49728000000,0.210,,,,,1475000000,7.035,1489000000,8.076,764000000,,-0.016,86.63,,,,,,27107000000,8780000000,0.324,994.68,8780000000,,,,,15.00,,,,8882908,55537,8827588,false,false,12,2022-04-01,2023-03-31,0
2023-05-12,98280,2022-03-31,,41082000000,,,,,,183000000,,164000000,,776000000,,,88.00,,,,,,25063000000,8148000000,0.325,923.06,8148000000,,,,,20.00,,,,8882908,55150,8827800,false,false,12,2021-04-01,2022-03-31,-1
2023-05-12,98280,2024-03-31,,53500000000,0.076,,,,,,,1450000000,-0.026,740000000,,-0.032,83.83,,,,,,,,,,,,,,,20.00,,,,,,,false,true,12,2023-04-01,2024-03-31,1
2023-07-28,98280,2024-03-31,1,15019000000,0.188,,,,,1048000000,0.946,1056000000,0.947,,640000000,,72.57,,,,,,29810000000,10998000000,0.369,,10998000000,,,,,,,,,,,,true,false,3,2023-04-01,2023-06-30,0
2023-07-28,98280,2023-03-31,1,12644000000,0.180,,,,,538000000,,542000000,,,576000000,,65.26,,,,,,,,,,,,,,,,,,,,,,true,false,3,2022-04-01,2022-06-30,-1
2023-07-28,98280,2024-03-31,1,58200000000,0.066,,,,,1450000000,-0.165,1550000000,-0.119,,810000000,,91.76,,,,,,,,,,,,,,,,,,,,,,true,true,12,2023-04-01,2024-03-31,0
2023-07-28,98280,2023-03-31,1,,,,,,,,,,,,,,,,,,,,30760000000,10300000000,0.335,,10300000000,,,,,,,,,,,,true,false,12,2022-04-01,2023-03-31,-1
2023-07-28,98280,2023-03-31,1,,,,,,,,,,,,,,,,,,,,,,,,,,,,,15.00,,,,8882908,55537,,false,false,12,2022-04-01,2023-03-31,-1
2023-07-28,98280,2024-03-31,1,,,,,,,,,,,,,,,,,,,,,,,,,,,,,20.00,,,,,,,false,true,12,2023-04-01,2024-03-31,0
2023-07-28,98280,2024-03-31,1,,,,,,,,,,,,,,,,,,,,,,,,,,,,,,,,,8882908,55569,8827342,false,false,3,2023-04-01,2023-06-30,0
2023-07-28,98280,2023-03-31,1,,,,,,,,,,,,,,,,,,,,,,,,,,,,,,,,,,,8827758,false,false,3,2022-04-01,2022-06-30,-1
,98280,2024-03-31,,,,,,,,,,,,,,,,,,,,,,,,,,,,,,5.00,,,,,,,false,true,12,2023-04-01,2024-03-31,0
,98280,2023-03-31,,,,,,,,,,,,,,,,,,,,,,,,,,,,,,15.00,,,,,,,false,false,12,2022-04-01,2023-03-31,-1
2023-10-31,98280,2024-03-31,2,30949000000,0.184,,,,,2406000000,1.428,2459000000,1.479,,1524000000,,172.69,,,,,,31232000000,11947000000,0.383,,11947000000,,,,,,,,,,,,true,false,6,2023-04-01,2023-09-30,0
2023-10-31,98280,2023-03-31,2,26132000000,0.204,,,,,990000000,5.699,992000000,5.366,,844000000,,95.70,,,,,,,,,,,,,,,,,,,,,,true,false,6,2022-04-01,2022-09-30,-1
2023-10-31,98280,2024-03-31,2,60448000000,0.107,,,,,3164000000,0.822,3283000000,0.866,,1846000000,,104.56,,,,,,,,,,,,,,,,,,,,,,true,true,12,2023-04-01,2024-03-31,0
2023-10-31,98280,2023-03-31,2,,,,,,,,,,,,,,,,,,,,30760000000,10300000000,0.335,,10300000000,,,,,,,,,,,,true,false,12,2022-04-01,2023-03-31,-1
2023-10-31,98280,2023-03-31,2,,,,,,,,,,,,,,,,,,,,,,,,,,,,,15.00,,,,8882908,55537,,false,false,12,2022-04-01,2023-03-31,-1
2023-10-31,98280,2024-03-31,2,,,,,,,,,,,,,,,,,,,,,,,,,,,,,20.00,,,,,,,false,false,12,2023-04-01,2024-03-31,0
2023-10-31,98280,2024-03-31,2,,,,,,,,,,,,,,,,,,,,,,,,,,,,,10.00,,,,,,,false,true,12,2023-04-01,2024-03-31,0
2023-10-31,98280,2024-03-31,2,,,,,,,,,,,,,,,,,,,,,,,,,,,,,,,,,8882908,54392,8827825,false,false,6,2023-04-01,2023-09-30,0
2023-10-31,98280,2023-03-31,2,,,,,,,,,,,,,,,,,,,,,,,,,,,,,,,,,,,8827633,false,false,6,2022-04-01,2022-09-30,-1
2023-10-31,98280,2024-03-31,,60448000000,0.039,,,,,3164000000,1.182,3283000000,1.118,,1846000000,,104.56,,,,,,,,,,,,,,,,,,,,,,true,true,12,2023-04-01,2024-03-31,0
2023-10-31,98280,2023-03-31,,54614000000,,,,,,1736000000,,1759000000,,,1013000000,,57.39,,,,,,,,,,,,,,,,,,,,,,true,false,12,2022-04-01,2023-03-31,-1
2023-10-31,98280,2024-03-31,,55284000000,0.033,,,,,,,3105000000,1.141,1779000000,,1.404,100.76,,,,,,,,,,,,,,,,,,,,,,false,true,12,2023-04-01,2024-03-31,0
2023-10-31,98280,2023-03-31,,49728000000,,,,,,,,1489000000,,764000000,,,43.32,,,,,,,,,,,,,,,,,,,,,,false,false,12,2022-04-01,2023-03-31,-1
2024-01-30,98280,2024-03-31,3,46130000000,0.147,,,,,3749000000,1.911,3839000000,1.937,,2450000000,,138.76,,,,,,32351000000,12593000000,0.389,,12593000000,,,,,,,,,,,,true,false,9,2023-04-01,2023-12-31,0
2024-01-30,98280,2023-03-31,3,40227000000,0.207,,,,,1287000000,3.086,1307000000,3.016,,1005000000,,56.95,,,,,,,,,,,,,,,,,,,,,,true,false,9,2022-04-01,2022-12-31,-1
2024-01-30,98280,2024-03-31,3,60770000000,0.113,,,,,4000000000,1.303,4130000000,1.347,,2460000000,,139.33,,,,,,,,,,,,,,,,,,,,,,true,true,12,2023-04-01,2024-03-31,0
2024-01-30,98280,2023-03-31,3,,,,,,,,,,,,,,,,,,,,30760000000,10300000000,0.335,,10300000000,,,,,,,,,,,,true,false,12,2022-04-01,2023-03-31,-1
2024-01-30,98280,2023-03-31,3,,,,,,,,,,,,,,,,,,,,,,,,,,,,,15.00,,,,17765816,111074,,false,false,12,2022-04-01,2023-03-31,-1
2024-01-30,98280,2024-03-31,3,,,,,,,,,,,,,,,,,,,,,,,,,,,,,20.00,,,,,,,false,false,12,2023-04-01,2024-03-31,0
2024-01-30,98280,2024-03-31,3,,,,,,,,,,,,,,,,,,,,,,,,,,,,,10.00,,,,,,,false,true,12,2023-04-01,2024-03-31,0
2024-01-30,98280,2024-03-31,3,,,,,,,,,,,,,,,,,,,,,,,,,,,,,,,,,17765816,108842,17656103,false,false,9,2023-04-01,2023-12-31,0
2024-01-30,98280,2023-03-31,3,,,,,,,,,,,,,,,,,,,,,,,,,,,,,,,,,,,17655313,false,false,9,2022-04-01,2022-12-31,-1
2024-01-30,98280,2024-03-31,,60770000000,0.005,,,,,4000000000,0.264,4130000000,0.258,,2460000000,,139.33,,,,,,,,,,,,,,,,,,,,,,true,true,12,2023-04-01,2024-03-31,0
2024-01-30,98280,2023-03-31,,54614000000,,,,,,1736000000,,1759000000,,,1013000000,,57.39,,,,,,,,,,,,,,,,,,,,,,true,false,12,2022-04-01,2023-03-31,-1
2024-01-30,98280,2024-03-31,,55550000000,0.005,,,,,,,3860000000,0.243,2320000000,,0.304,131.40,,,,,,,,,,,,,,,,,,,,,,false,true,12,2023-04-01,2024-03-31,0
2024-01-30,98280,2023-03-31,,49728000000,,,,,,,,1489000000,,764000000,,,43.32,,,,,,,,,,,,,,,,,,,,,,false,false,12,2022-04-01,2023-03-31,-1
2024-05-10,98280,2024-03-31,,61838000000,0.132,,,,,4917000000,1.832,5081000000,1.888,,3262000000,,184.76,,0.274,0.160,0.080,,32774000000,13536000000,0.413,766.66,13536000000,6216000000,-906000000,-2599000000,10547000000,,0.325,,,,,,true,false,12,2023-04-01,2024-03-31,0
2024-05-10,98280,2023-03-31,,54614000000,0.224,,,,,1736000000,5.548,1759000000,6.153,,1013000000,,57.39,,0.103,0.061,0.032,,30760000000,10300000000,0.335,583.42,10300000000,4676000000,-2187000000,-1863000000,7688000000,,0.131,,,,,,true,false,12,2022-04-01,2023-03-31,-1
2024-05-10,98280,2025-03-31,,64500000000,0.043,,,,,5000000000,0.017,5100000000,0.004,,3300000000,,186.90,,,,,,,,,,,,,,,,0.321,,,,,,true,true,12,2024-04-01,2025-03-31,1
2024-05-10,98280,2024-03-31,,56514000000,0.136,,,,,4620000000,2.131,4750000000,2.189,3085000000,,3.034,174.74,,,,,,28791000000,11605000000,0.403,657.28,11605000000,,,,,50.00,,,,17765816,108891,17656311,false,false,12,2023-04-01,2024-03-31,0
2024-05-10,98280,2023-03-31,,49728000000,0.210,,,,,1475000000,7.035,1489000000,8.076,764000000,,-0.016,43.32,,,,,,27107000000,8780000000,0.324,497.34,8780000000,,,,,15.00,,,,17765816,111074,17655176,false,false,12,2022-04-01,2023-03-31,-1
2024-05-10,98280,2025-03-31,,,,,,,,,,,,,,,,,,,,,,,,,,,,,,60.00,,,,,,,false,true,12,2024-04-01,2025-03-31,1
2024-07-30,98280,2025-03-31,1,16318000000,0.086,,,,,1813000000,0.730,1857000000,0.758,,1218000000,,68.99,,,,,,31431000000,14008000000,0.446,,14008000000,,,,,,,,,,,,true,false,3,2024-04-01,2024-06-30,0
2024-07-30,98280,2024-03-31,1,15019000000,0.188,,,,,1048000000,0.946,1056000000,0.947,,640000000,,36.28,,,,,,,,,,,,,,,,,,,,,,true,false,3,2023-04-01,2023-06-30,-1
2024-07-30,98280,2025-03-31,1,64500000000,0.043,,,,,5000000000,0.017,5100000000,0.004,,3300000000,,186.90,,,,,,,,,,,,,,,,,,,,,,true,true,12,2024-04-01,2025-03-31,0
2024-07-30,98280,2024-03-31,1,,,,,,,,,,,,,,,,,,,,32774000000,13536000000,0.413,,13536000000,,,,,,,,,,,,true,false,12,2023-04-01,2024-03-31,-1
2024-07-30,98280,2024-03-31,1,,,,,,,,,,,,,,,,,,,,,,,,,,,,,50.00,,,,17765816,108891,,false,false,12,2023-04-01,2024-03-31,-1
2024-07-30,98280,2025-03-31,1,,,,,,,,,,,,,,,,,,,,,,,,,,,,,60.00,,,,,,,false,true,12,2024-04-01,2025-03-31,0
2024-07-30,98280,2025-03-31,1,,,,,,,,,,,,,,,,,,,,,,,,,,,,,,,,,17765816,108971,17656881,false,false,3,2024-04-01,2024-06-30,0
2024-07-30,98280,2024-03-31,1,,,,,,,,,,,,,,,,,,,,,,,,,,,,,,,,,,,17654685,false,false,3,2023-04-01,2023-06-30,-1
2024-10-30,98280,2025-03-31,2,33796000000,0.092,,,,,3906000000,0.624,3975000000,0.616,,2572000000,,145.66,,,,,,32708000000,15103000000,0.462,,15103000000,,,,,,,,,,,,true,false,6,2024-04-01,2024-09-30,0
2024-10-30,98280,2024-03-31,2,30949000000,0.184,,,,,2406000000,1.428,2459000000,1.479,,1524000000,,86.34,,,,,,,,,,,,,,,,,,,,,,true,false,6,2023-04-01,2023-09-30,-1
2024-10-30,98280,2025-03-31,2,66800000000,0.080,,,,,6300000000,0.281,6400000000,0.260,,4100000000,,232.20,,,,,,,,,,,,,,,,,,,,,,true,true,12,2024-04-01,2025-03-31,0
2024-10-30,98280,2024-03-31,2,,,,,,,,,,,,,,,,,,,,32774000000,13536000000,0.413,,13536000000,,,,,,,,,,,,true,false,12,2023-04-01,2024-03-31,-1
2024-10-30,98280,2024-03-31,2,,,,,,,,,,,,,,,,,,,,,,,,,,,,,50.00,,,,17765816,108891,,false,false,12,2023-04-01,2024-03-31,-1
2024-10-30,98280,2025-03-31,2,,,,,,,,,,,,,,,,,,,,,,,,,,,,,30.00,,,,,,,false,false,12,2024-04-01,2025-03-31,0
2024-10-30,98280,2025-03-31,2,,,,,,,,,,,,,,,,,,,,,,,,,,,,,60.00,,,,,,,false,true,12,2024-04-01,2025-03-31,0
2024-10-30,98280,2025-03-31,2,,,,,,,,,,,,,,,,,,,,,,,,,,,,,,,,,17765816,107599,17657430,false,false,6,2024-04-01,2024-09-30,0
2024-10-30,98280,2024-03-31,2,,,,,,,,,,,,,,,,,,,,,,,,,,,,,,,,,,,17655651,false,false,6,2023-04-01,2023-09-30,-1
2025-01-30,98280,2025-03-31,3,50277000000,0.090,,,,,5463000000,0.457,5570000000,0.451,,3588000000,,203.23,,,,,,34472000000,15818000000,0.459,,15818000000,,,,,,,,,,,,true,false,9,2024-04-01,2024-12-31,0
2025-01-30,98280,2024-03-31,3,46130000000,0.147,,,,,3749000000,1.911,3839000000,1.937,,2450000000,,138.76,,,,,,,,,,,,,,,,,,,,,,true,false,9,2023-04-01,2023-12-31,-1
2025-01-30,98280,2025-03-31,3,66800000000,0.080,,,,,6300000000,0.281,6400000000,0.260,,4100000000,,232.20,,,,,,,,,,,,,,,,,,,,,,true,true,12,2024-04-01,2025-03-31,0
2025-01-30,98280,2024-03-31,3,,,,,,,,,,,,,,,,,,,,32774000000,13536000000,0.413,,13536000000,,,,,,,,,,,,true,false,12,2023-04-01,2024-03-31,-1
2025-01-30,98280,2024-03-31,3,,,,,,,,,,,,,,,,,,,,,,,,,,,,,50.00,,,,17765816,108891,,false,false,12,2023-04-01,2024-03-31,-1
2025-01-30,98280,2025-03-31,3,,,,,,,,,,,,,,,,,,,,,,,,,,,,,30.00,,,,,,,false,false,12,2024-04-01,2025-03-31,0
2025-01-30,98280,2025-03-31,3,,,,,,,,,,,,,,,,,,,,,,,,,,,,,60.00,,,,,,,false,true,12,2024-04-01,2025-03-31,0
2025-01-30,98280,2025-03-31,3,,,,,,,,,,,,,,,,,,,,,,,,,,,,,,,,,17765816,107621,17657686,false,false,9,2024-04-01,2024-12-31,0
2025-01-30,98280,2024-03-31,3,,,,,,,,,,,,,,,,,,,,,,,,,,,,,,,,,,,17656103,false,false,9,2023-04-01,2023-12-31,-1
,98280,2025-03-31,,,,,,,,,,,,,,,,,,,,,,,,,,,,,,70.00,,,,,,,false,true,12,2024-04-01,2025-03-31,0
,98280,2025-03-31,,,,,,,,,,,,,,,,,,,,,,,,,,,,,,30.00,,,,,,,false,false,12,2024-04-01,2025-03-31,0
,98280,2024-03-31,,,,,,,,,,,,,,,,,,,,,,,,,,,,,,50.00,,,,,,,false,false,12,2023-04-01,2024-03-31,-1
2025-05-09,98280,2025-03-31,,67472000000,0.091,,,,,6792000000,0.381,6941000000,0.366,,4960000000,,280.95,,0.324,0.205,0.101,,34814000000,17060000000,0.490,966.17,17060000000,6787000000,-1772000000,-3585000000,11952000000,,0.249,,,,,,true,false,12,2024-04-01,2025-03-31,0
2025-05-09,98280,2024-03-31,,61838000000,0.132,,,,,4917000000,1.832,5081000000,1.888,,3262000000,,184.76,,0.274,0.160,0.080,,32774000000,13536000000,0.413,766.66,13536000000,6216000000,-906000000,-2599000000,10547000000,,0.325,,,,,,true,false,12,2023-04-01,2024-03-31,-1
2025-05-09,98280,2026-03-31,,72300000000,0.072,,,,,7000000000,0.031,7200000000,0.037,,4800000000,,271.83,,,,,,,,,,,,,,,,0.258,,,,,,true,true,12,2025-04-01,2026-03-31,1
2025-05-09,98280,2025-03-31,,62129000000,0.099,,,,,6600000000,0.429,6722000000,0.415,4830000000,,0.566,273.56,,,,,,30562000000,15028000000,0.492,851.10,15028000000,,,,,70.00,,,,17765816,107621,17657812,false,false,12,2024-04-01,2025-03-31,0
2025-05-09,98280,2024-03-31,,56514000000,0.136,,,,,4620000000,2.131,4750000000,2.189,3085000000,,3.034,174.74,,,,,,28791000000,11605000000,0.403,657.28,11605000000,,,,,50.00,,,,17765816,108891,17656311,false,false,12,2023-04-01,2024-03-31,-1
2025-05-09,98280,2026-03-31,,,,,,,,,,,,,,,,,,,,,,,,,,,,,,70.00,,,,,,,false,true,12,2025-04-01,2026-03-31,1
