filing_date,code,fiscal_year_end,quarterly_period,net_sales,net_sales_change,revenue,revenue_change,operating_revenue,operating_revenue_change,operating_profit,operating_profit_change,ordinary_profit,ordinary_profit_change,net_income,net_income_of_parent,net_income_change,eps,diluted_eps,roe,roa,operating_profit_to_net_sales,operating_profit_to_revenue,total_assets,net_assets,equity_ratio,bps,owner_equity,operating_cash_flow,investing_cash_flow,financing_cash_flow,cash,dividend_per_share,payout_ratio,commemorative_dividend,extra_dividend,number_of_shares,number_of_treqsury_shares,avg_number_of_shares,is_consolidated,is_forecast,duration,period_start,period_end,period_pos
2015-05-08,98320,2015-03-31,,209454000000,-0.096,,,,,6403000000,-0.541,8250000000,-0.498,4609000000,,-0.529,52.83,,0.033,0.043,0.031,,186531000000,138553000000,0.742,1598.97,138337000000,11829000000,-2403000000,-12617000000,42218000000,,1.136,,,,,,true,false,12,2014-04-01,2015-03-31,0
2015-05-08,98320,2014-03-31,,231697000000,0.007,,,,,13944000000,0.094,16421000000,0.135,9786000000,,0.289,107.71,,0.068,0.081,0.060,,201481000000,144363000000,0.715,1608.36,143978000000,12072000000,1519000000,-11166000000,45384000000,,0.594,,,,,,true,false,12,2013-04-01,2014-03-31,-1
2015-05-08,98320,2016-03-31,,102800000000,0.049,,,,,2200000000,3.331,2800000000,1.073,,1300000000,,15.47,,,,,,,,,,,,,,,,,,,,,,true,true,6,2015-04-01,2015-09-30,1
2015-05-08,98320,2016-03-31,,221700000000,0.058,,,,,10000000000,0.562,11100000000,0.345,,6800000000,,80.94,,,,,,,,,,,,,,,,0.741,,,,,,true,true,12,2015-04-01,2016-03-31,1
2015-05-08,98320,2015-03-31,,166828000000,-0.092,,,,,8836000000,-0.337,11063000000,-0.258,3301000000,,-0.648,37.82,,,,,,173106000000,139408000000,0.805,1610.82,139408000000,,,,,60.00,,,,89950105,3433108,87259294,false,false,12,2014-04-01,2015-03-31,0
2015-05-08,98320,2014-03-31,,183758000000,-0.019,,,,,13330000000,-0.029,14911000000,-0.021,9370000000,,0.082,103.10,,,,,,187912000000,146441000000,0.779,1635.37,146441000000,,,,,64.00,,,,92950105,3431070,90860487,false,false,12,2013-04-01,2014-03-31,-1
2015-05-08,98320,2016-03-31,,,,,,,,,,,,,,,,,,,,,,,,,,,,,,60.00,,,,,,,false,true,12,2015-04-01,2016-03-31,1
2015-07-30,98320,2016-03-31,1,49095000000,0.013,,,,,968000000,,1323000000,2.291,,582000000,,6.75,,,,,,183030000000,134305000000,0.733,1569.59,134098000000,,,,,,,,,,,,true,false,3,2015-04-01,2015-06-30,0
2015-07-30,98320,2015-03-31,1,48467000000,-0.075,,,,,-185000000,,402000000,-0.835,,156000000,,1.76,,,,,,,,,,,,,,,,,,,,,,true,false,3,2014-04-01,2014-06-30,-1
2015-07-30,98320,2016-03-31,1,102800000000,0.049,,,,,2200000000,3.331,2800000000,1.073,,1300000000,,15.22,,,,,,,,,,,,,,,,,,,,,,true,true,6,2015-04-01,2015-09-30,0
2015-07-30,98320,2016-03-31,1,221700000000,0.058,,,,,10000000000,0.562,11100000000,0.345,,6800000000,,79.59,,,,,,,,,,,,,,,,,,,,,,true,true,12,2015-04-01,2016-03-31,0
2015-07-30,98320,2015-03-31,1,,,,,,,,,,,,,,,,,,,,186531000000,138553000000,0.742,1598.97,138337000000,,,,,,,,,,,,true,false,12,2014-04-01,2015-03-31,-1
2015-07-30,98320,2015-03-31,1,,,,,,,,,,,,,,,,,,,,,,,,,,,,,60.00,,,,89950105,3433108,,false,false,12,2014-04-01,2015-03-31,-1
2015-07-30,98320,2016-03-31,1,,,,,,,,,,,,,,,,,,,,,,,,,,,,,60.00,,,,,,,false,true,12,2015-04-01,2016-03-31,0
2015-07-30,98320,2016-03-31,1,,,,,,,,,,,,,,,,,,,,,,,,,,,,,,,,,86950105,1514473,86204537,false,false,3,2015-04-01,2015-06-30,0
2015-07-30,98320,2015-03-31,1,,,,,,,,,,,,,,,,,,,,,,,,,,,,,,,,,,,88813424,false,false,3,2014-04-01,2014-06-30,-1
2015-10-30,98320,2016-03-31,2,98695000000,0.007,,,,,2496000000,3.915,3128000000,1.316,,1623000000,,19.00,,,,,,178510000000,131633000000,0.736,1563.21,131332000000,,,,,,,,,,,,true,false,6,2015-04-01,2015-09-30,0
2015-10-30,98320,2015-03-31,2,98042000000,-0.055,,,,,507000000,-0.886,1350000000,-0.758,,421000000,,4.79,,,,,,,,,,,,,,,,,,,,,,true,false,6,2014-04-01,2014-09-30,-1
2015-10-30,98320,2016-03-31,2,217600000000,0.039,,,,,10000000000,0.562,11100000000,0.345,,6800000000,,80.94,,,,,,,,,,,,,,,,,,,,,,true,true,12,2015-04-01,2016-03-31,0
2015-10-30,98320,2015-03-31,2,,,,,,,,,,,,,,,,,,,,186531000000,138553000000,0.742,1598.97,138337000000,,,,,,,,,,,,true,false,12,2014-04-01,2015-03-31,-1
2015-10-30,98320,2015-03-31,2,,,,,,,,,,,,,,,,,,,,,,,,,,,,,60.00,,,,89950105,3433108,,false,false,12,2014-04-01,2015-03-31,-1
2015-10-30,98320,2016-03-31,2,,,,,,,,,,,,,,,,,,,,,,,,,,,,,30.00,,,,,,,false,false,12,2015-04-01,2016-03-31,0
2015-10-30,98320,2016-03-31,2,,,,,,,,,,,,,,,,,,,,,,,,,,,,,60.00,,,,,,,false,true,12,2015-04-01,2016-03-31,0
2015-10-30,98320,2016-03-31,2,,,,,,,,,,,,,,,,,,,,,,,,,,,,,,,,,86950105,2935059,85462162,false,false,6,2015-04-01,2015-09-30,0
2015-10-30,98320,2015-03-31,2,,,,,,,,,,,,,,,,,,,,,,,,,,,,,,,,,,,87992978,false,false,6,2014-04-01,2014-09-30,-1
2016-01-29,98320,2016-03-31,3,164883000000,-0.018,,,,,7507000000,0.116,8443000000,0.049,,5356000000,,63.04,,,,,,203814000000,132997000000,0.651,1579.43,132694000000,,,,,,,,,,,,true,false,9,2015-04-01,2015-12-31,0
2016-01-29,98320,2015-03-31,3,167940000000,-0.058,,,,,6727000000,-0.438,8051000000,-0.401,,4726000000,,54.02,,,,,,,,,,,,,,,,,,,,,,true,false,9,2014-04-01,2014-12-31,-1
2016-01-29,98320,2016-03-31,3,207800000000,-0.008,,,,,7000000000,0.093,8300000000,0.006,,4900000000,,58.32,,,,,,,,,,,,,,,,,,,,,,true,true,12,2015-04-01,2016-03-31,0
2016-01-29,98320,2015-03-31,3,,,,,,,,,,,,,,,,,,,,186531000000,138553000000,0.742,1598.97,138337000000,,,,,,,,,,,,true,false,12,2014-04-01,2015-03-31,-1
2016-01-29,98320,2015-03-31,3,,,,,,,,,,,,,,,,,,,,,,,,,,,,,60.00,,,,89950105,3433108,,false,false,12,2014-04-01,2015-03-31,-1
2016-01-29,98320,2016-03-31,3,,,,,,,,,,,,,,,,,,,,,,,,,,,,,30.00,,,,,,,false,false,12,2015-04-01,2016-03-31,0
2016-01-29,98320,2016-03-31,3,,,,,,,,,,,,,,,,,,,,,,,,,,,,,60.00,,,,,,,false,true,12,2015-04-01,2016-03-31,0
2016-01-29,98320,2016-03-31,3,,,,,,,,,,,,,,,,,,,,,,,,,,,,,,,,,86950105,2935806,84979716,false,false,9,2015-04-01,2015-12-31,0
2016-01-29,98320,2015-03-31,3,,,,,,,,,,,,,,,,,,,,,,,,,,,,,,,,,,,87501244,false,false,9,2014-04-01,2014-12-31,-1
2016-01-29,98320,2016-03-31,,207800000000,-0.045,,,,,7000000000,-0.300,8300000000,-0.252,,4900000000,,58.32,,,,,,,,,,,,,,,,,,,,,,true,true,12,2015-04-01,2016-03-31,0
2016-01-29,98320,2015-03-31,,209454000000,,,,,,6403000000,,8250000000,,,4609000000,,52.83,,,,,,,,,,,,,,,,,,,,,,true,false,12,2014-04-01,2015-03-31,-1
2016-05-10,98320,2016-03-31,,208142000000,-0.006,,,,,6701000000,0.046,7780000000,-0.057,,4371000000,,51.60,,0.032,0.042,0.032,,180454000000,131747000000,0.728,1564.86,131455000000,10564000000,-4984000000,-11154000000,36579000000,,1.163,,,,,,true,false,12,2015-04-01,2016-03-31,0
2016-05-10,98320,2015-03-31,,209454000000,-0.096,,,,,6403000000,-0.541,8250000000,-0.498,,4609000000,,52.83,,0.033,0.043,0.031,,186531000000,138553000000,0.742,1598.97,138337000000,11829000000,-2403000000,-12617000000,42218000000,,1.136,,,,,,true,false,12,2014-04-01,2015-03-31,-1
2016-05-10,98320,2017-03-31,,100600000000,0.019,,,,,2500000000,0.001,2900000000,-0.073,,1700000000,,20.24,,,,,,,,,,,,,,,,,,,,,,true,true,6,2016-04-01,2016-09-30,1
2016-05-10,98320,2017-03-31,,214900000000,0.032,,,,,8000000000,0.194,8900000000,0.144,,5800000000,,69.04,,,,,,,,,,,,,,,,0.869,,,,,,true,true,12,2016-04-01,2017-03-31,1
2016-05-10,98320,2016-03-31,,158288000000,-0.051,,,,,7074000000,-0.199,7565000000,-0.316,3973000000,,0.204,46.88,,,,,,165023000000,132286000000,0.802,1574.00,132286000000,,,,,60.00,,,,86950105,2945239,84731200,false,false,12,2015-04-01,2016-03-31,0
2016-05-10,98320,2015-03-31,,166828000000,-0.092,,,,,8836000000,-0.337,11063000000,-0.258,3301000000,,-0.648,37.82,,,,,,173106000000,139408000000,0.805,1610.82,139408000000,,,,,60.00,,,,89950105,3433108,87259294,false,false,12,2014-04-01,2015-03-31,-1
2016-05-10,98320,2017-03-31,,,,,,,,,,,,,,,,,,,,,,,,,,,,,,60.00,,,,,,,false,true,12,2016-04-01,2017-03-31,1
2016-07-29,98320,2017-03-31,1,47549000000,-0.031,,,,,180000000,-0.814,539000000,-0.592,,210000000,,2.50,,,,,,174272000000,128579000000,0.736,1527.19,128305000000,,,,,,,,,,,,true,false,3,2016-04-01,2016-06-30,0
2016-07-29,98320,2016-03-31,1,49095000000,0.013,,,,,968000000,,1323000000,2.291,,582000000,,6.75,,,,,,,,,,,,,,,,,,,,,,true,false,3,2015-04-01,2015-06-30,-1
2016-07-29,98320,2017-03-31,1,100600000000,0.019,,,,,2500000000,0.001,2900000000,-0.073,,1700000000,,20.23,,,,,,,,,,,,,,,,,,,,,,true,true,6,2016-04-01,2016-09-30,0
2016-07-29,98320,2017-03-31,1,214900000000,0.032,,,,,8000000000,0.194,8900000000,0.144,,5800000000,,69.04,,,,,,,,,,,,,,,,,,,,,,true,true,12,2016-04-01,2017-03-31,0
2016-07-29,98320,2016-03-31,1,,,,,,,,,,,,,,,,,,,,180454000000,131747000000,0.728,1564.86,131455000000,,,,,,,,,,,,true,false,12,2015-04-01,2016-03-31,-1
2016-07-29,98320,2016-03-31,1,,,,,,,,,,,,,,,,,,,,,,,,,,,,,60.00,,,,86950105,2945239,,false,false,12,2015-04-01,2016-03-31,-1
2016-07-29,98320,2017-03-31,1,,,,,,,,,,,,,,,,,,,,,,,,,,,,,60.00,,,,,,,false,true,12,2016-04-01,2017-03-31,0
2016-07-29,98320,2017-03-31,1,,,,,,,,,,,,,,,,,,,,,,,,,,,,,,,,,84050105,36342,84009321,false,false,3,2016-04-01,2016-06-30,0
2016-07-29,98320,2016-03-31,1,,,,,,,,,,,,,,,,,,,,,,,,,,,,,,,,,,,86204537,false,false,3,2015-04-01,2015-06-30,-1
2016-10-28,98320,2017-03-31,,94800000000,-0.058,,,,,1000000000,-0.600,1500000000,-0.483,,700000000,,8.33,,,,,,,,,,,,,,,,,,,,,,true,true,6,2016-04-01,2016-09-30,0
2016-10-28,98320,2016-03-31,,98695000000,,,,,,2496000000,,3128000000,,,1623000000,,19.00,,,,,,,,,,,,,,,,,,,,,,true,false,6,2015-04-01,2015-09-30,-1
2016-10-28,98320,2017-03-31,,206700000000,-0.038,,,,,5200000000,-0.350,6200000000,-0.303,,3700000000,,44.04,,,,,,,,,,,,,,,,,,,,,,true,true,12,2016-04-01,2017-03-31,0
2016-10-28,98320,2016-03-31,,208142000000,,,,,,6701000000,,7780000000,,,4371000000,,51.60,,,,,,,,,,,,,,,,,,,,,,true,false,12,2015-04-01,2016-03-31,-1
2016-10-31,98320,2017-03-31,2,94820000000,-0.039,,,,,988000000,-0.604,1563000000,-0.500,,714000000,,8.50,,,,,,173148000000,129172000000,0.745,1534.47,128915000000,,,,,,,,,,,,true,false,6,2016-04-01,2016-09-30,0
2016-10-31,98320,2016-03-31,2,98695000000,0.007,,,,,2496000000,3.915,3128000000,1.316,,1623000000,,19.00,,,,,,,,,,,,,,,,,,,,,,true,false,6,2015-04-01,2015-09-30,-1
2016-10-31,98320,2017-03-31,2,206700000000,-0.007,,,,,5200000000,-0.224,6200000000,-0.203,,3700000000,,44.04,,,,,,,,,,,,,,,,,,,,,,true,true,12,2016-04-01,2017-03-31,0
2016-10-31,98320,2016-03-31,2,,,,,,,,,,,,,,,,,,,,180454000000,131747000000,0.728,1564.86,131455000000,,,,,,,,,,,,true,false,12,2015-04-01,2016-03-31,-1
2016-10-31,98320,2016-03-31,2,,,,,,,,,,,,,,,,,,,,,,,,,,,,,60.00,,,,86950105,2945239,,false,false,12,2015-04-01,2016-03-31,-1
2016-10-31,98320,2017-03-31,2,,,,,,,,,,,,,,,,,,,,,,,,,,,,,30.00,,,,,,,false,false,12,2016-04-01,2017-03-31,0
2016-10-31,98320,2017-03-31,2,,,,,,,,,,,,,,,,,,,,,,,,,,,,,60.00,,,,,,,false,true,12,2016-04-01,2017-03-31,0
2016-10-31,98320,2017-03-31,2,,,,,,,,,,,,,,,,,,,,,,,,,,,,,,,,,84050105,36980,84010590,false,false,6,2016-04-01,2016-09-30,0
2016-10-31,98320,2016-03-31,2,,,,,,,,,,,,,,,,,,,,,,,,,,,,,,,,,,,85462162,false,false,6,2015-04-01,2015-09-30,-1
2017-01-31,98320,2017-03-31,3,160687000000,-0.025,,,,,6159000000,-0.180,7111000000,-0.158,,4650000000,,55.35,,,,,,203003000000,131391000000,0.646,1560.69,131117000000,,,,,,,,,,,,true,false,9,2016-04-01,2016-12-31,0
2017-01-31,98320,2016-03-31,3,164883000000,-0.018,,,,,7507000000,0.116,8443000000,0.049,,5356000000,,63.04,,,,,,,,,,,,,,,,,,,,,,true,false,9,2015-04-01,2015-12-31,-1
2017-01-31,98320,2017-03-31,3,206700000000,-0.007,,,,,5200000000,-0.224,6200000000,-0.203,,3700000000,,44.04,,,,,,,,,,,,,,,,,,,,,,true,true,12,2016-04-01,2017-03-31,0
2017-01-31,98320,2016-03-31,3,,,,,,,,,,,,,,,,,,,,180454000000,131747000000,0.728,1564.86,131455000000,,,,,,,,,,,,true,false,12,2015-04-01,2016-03-31,-1
2017-01-31,98320,2016-03-31,3,,,,,,,,,,,,,,,,,,,,,,,,,,,,,60.00,,,,86950105,2945239,,false,false,12,2015-04-01,2016-03-31,-1
2017-01-31,98320,2017-03-31,3,,,,,,,,,,,,,,,,,,,,,,,,,,,,,30.00,,,,,,,false,false,12,2016-04-01,2017-03-31,0
2017-01-31,98320,2017-03-31,3,,,,,,,,,,,,,,,,,,,,,,,,,,,,,60.00,,,,,,,false,true,12,2016-04-01,2017-03-31,0
2017-01-31,98320,2017-03-31,3,,,,,,,,,,,,,,,,,,,,,,,,,,,,,,,,,84050105,37764,84011053,false,false,9,2016-04-01,2016-12-31,0
2017-01-31,98320,2016-03-31,3,,,,,,,,,,,,,,,,,,,,,,,,,,,,,,,,,,,84979716,false,false,9,2015-04-01,2015-12-31,-1
2017-05-09,98320,2017-03-31,,204033000000,-0.020,,,,,5829000000,-0.130,7120000000,-0.085,,3015000000,,36.00,,0.023,0.040,0.029,,176708000000,127392000000,0.719,1540.12,127078000000,9488000000,-7147000000,-7457000000,31388000000,,1.667,,,,,,true,false,12,2016-04-01,2017-03-31,0
2017-05-09,98320,2016-03-31,,208142000000,-0.006,,,,,6701000000,0.046,7780000000,-0.057,,4371000000,,51.60,,0.032,0.042,0.032,,180454000000,131747000000,0.728,1564.86,131455000000,10564000000,-4984000000,-11154000000,36579000000,,1.163,,,,,,true,false,12,2015-04-01,2016-03-31,-1
2017-05-09,98320,2018-03-31,,205000000000,0.005,,,,,7000000000,0.201,7500000000,0.053,,5200000000,,63.02,,,,,,,,,,,,,,,,0.952,,,,,,true,true,12,2017-04-01,2018-03-31,1
2017-05-09,98320,2016-03-31,,,,,,,,,,,,,,,,,,,,,,,,,,,,,,60.00,,,,86950105,2945239,84731200,false,false,12,2015-04-01,2016-03-31,-1
2017-05-09,98320,2017-03-31,,,,,,,,,,,,,,,,,,,,,,,,,,,,,,60.00,,,,84050105,1538020,83773625,false,false,12,2016-04-01,2017-03-31,0
2017-05-09,98320,2018-03-31,,,,,,,,,,,,,,,,,,,,,,,,,,,,,,60.00,,,,,,,false,true,12,2017-04-01,2018-03-31,1
2017-07-28,98320,2018-03-31,1,49982000000,0.051,,,,,354000000,0.969,636000000,0.179,,300000000,,3.64,,,,,,172234000000,125199000000,0.725,1513.84,124909000000,,,,,,,,,,,,true,false,3,2017-04-01,2017-06-30,0
2017-07-28,98320,2017-03-31,1,47549000000,-0.031,,,,,180000000,-0.814,539000000,-0.592,,210000000,,2.50,,,,,,,,,,,,,,,,,,,,,,true,false,3,2016-04-01,2016-06-30,-1
2017-07-28,98320,2018-03-31,1,205000000000,0.005,,,,,7000000000,0.201,7500000000,0.053,,5200000000,,63.02,,,,,,,,,,,,,,,,,,,,,,true,true,12,2017-04-01,2018-03-31,0
2017-07-28,98320,2017-03-31,1,,,,,,,,,,,,,,,,,,,,176708000000,127392000000,0.719,1540.12,127078000000,,,,,,,,,,,,true,false,12,2016-04-01,2017-03-31,-1
2017-07-28,98320,2017-03-31,1,,,,,,,,,,,,,,,,,,,,,,,,,,,,,60.00,,,,84050105,1538020,,false,false,12,2016-04-01,2017-03-31,-1
2017-07-28,98320,2018-03-31,1,,,,,,,,,,,,,,,,,,,,,,,,,,,,,60.00,,,,,,,false,true,12,2017-04-01,2018-03-31,0
2017-07-28,98320,2018-03-31,1,,,,,,,,,,,,,,,,,,,,,,,,,,,,,,,,,84050105,1538424,82511962,false,false,3,2017-04-01,2017-06-30,0
2017-07-28,98320,2017-03-31,1,,,,,,,,,,,,,,,,,,,,,,,,,,,,,,,,,,,84009321,false,false,3,2016-04-01,2016-06-30,-1
2017-10-31,98320,2018-03-31,2,98105000000,0.035,,,,,1860000000,0.882,2451000000,0.568,,1317000000,,15.97,,,,,,186577000000,127158000000,0.679,1534.66,126626000000,,,,,,,,,,,,true,false,6,2017-04-01,2017-09-30,0
2017-10-31,98320,2017-03-31,2,94820000000,-0.039,,,,,988000000,-0.604,1563000000,-0.500,,714000000,,8.50,,,,,,,,,,,,,,,,,,,,,,true,false,6,2016-04-01,2016-09-30,-1
2017-10-31,98320,2018-03-31,2,205000000000,0.005,,,,,7000000000,0.201,7500000000,0.053,,5200000000,,63.02,,,,,,,,,,,,,,,,,,,,,,true,true,12,2017-04-01,2018-03-31,0
2017-10-31,98320,2017-03-31,2,,,,,,,,,,,,,,,,,,,,176708000000,127392000000,0.719,1540.12,127078000000,,,,,,,,,,,,true,false,12,2016-04-01,2017-03-31,-1
2017-10-31,98320,2017-03-31,2,,,,,,,,,,,,,,,,,,,,,,,,,,,,,60.00,,,,84050105,1538020,,false,false,12,2016-04-01,2017-03-31,-1
2017-10-31,98320,2018-03-31,2,,,,,,,,,,,,,,,,,,,,,,,,,,,,,30.00,,,,,,,false,false,12,2017-04-01,2018-03-31,0
2017-10-31,98320,2018-03-31,2,,,,,,,,,,,,,,,,,,,,,,,,,,,,,60.00,,,,,,,false,true,12,2017-04-01,2018-03-31,0
2017-10-31,98320,2018-03-31,2,,,,,,,,,,,,,,,,,,,,,,,,,,,,,,,,,84050105,1539123,82511622,false,false,6,2017-04-01,2017-09-30,0
2017-10-31,98320,2017-03-31,2,,,,,,,,,,,,,,,,,,,,,,,,,,,,,,,,,,,84010590,false,false,6,2016-04-01,2016-09-30,-1
2018-01-30,98320,2018-03-31,3,164609000000,0.024,,,,,7390000000,0.200,8450000000,0.188,,5296000000,,64.19,,,,,,207150000000,129064000000,0.620,1557.53,128512000000,,,,,,,,,,,,true,false,9,2017-04-01,2017-12-31,0
2018-01-30,98320,2017-03-31,3,160687000000,-0.025,,,,,6159000000,-0.180,7111000000,-0.158,,4650000000,,55.35,,,,,,,,,,,,,,,,,,,,,,true,false,9,2016-04-01,2016-12-31,-1
2018-01-30,98320,2018-03-31,3,205000000000,0.005,,,,,7000000000,0.201,7500000000,0.053,,5200000000,,63.02,,,,,,,,,,,,,,,,,,,,,,true,true,12,2017-04-01,2018-03-31,0
2018-01-30,98320,2017-03-31,3,,,,,,,,,,,,,,,,,,,,176708000000,127392000000,0.719,1540.12,127078000000,,,,,,,,,,,,true,false,12,2016-04-01,2017-03-31,-1
2018-01-30,98320,2017-03-31,3,,,,,,,,,,,,,,,,,,,,,,,,,,,,,60.00,,,,84050105,1538020,,false,false,12,2016-04-01,2017-03-31,-1
2018-01-30,98320,2018-03-31,3,,,,,,,,,,,,,,,,,,,,,,,,,,,,,30.00,,,,,,,false,false,12,2017-04-01,2018-03-31,0
2018-01-30,98320,2018-03-31,3,,,,,,,,,,,,,,,,,,,,,,,,,,,,,60.00,,,,,,,false,true,12,2017-04-01,2018-03-31,0
2018-01-30,98320,2018-03-31,3,,,,,,,,,,,,,,,,,,,,,,,,,,,,,,,,,84050105,1539825,82511334,false,false,9,2017-04-01,2017-12-31,0
2018-01-30,98320,2017-03-31,3,,,,,,,,,,,,,,,,,,,,,,,,,,,,,,,,,,,84011053,false,false,9,2016-04-01,2016-12-31,-1
2018-05-02,98320,2018-03-31,,211630000000,0.037,,,,,7284000000,0.250,8226000000,0.155,,5403000000,,65.49,,0.043,0.045,0.034,,187405000000,127352000000,0.677,1537.59,126866000000,16394000000,-2915000000,-5840000000,39050000000,,0.916,,,,,,true,false,12,2017-04-01,2018-03-31,0
2018-05-02,98320,2017-03-31,,204033000000,-0.020,,,,,5829000000,-0.130,7120000000,-0.085,,3015000000,,36.00,,0.023,0.040,0.029,,176708000000,127392000000,0.719,1540.12,127078000000,9488000000,-7147000000,-7457000000,31388000000,,1.667,,,,,,true,false,12,2016-04-01,2017-03-31,-1
2018-05-02,98320,2019-03-31,,215000000000,0.016,,,,,9000000000,0.236,10000000000,0.216,,6800000000,,82.41,,,,,,,,,,,,,,,,0.728,,,,,,true,true,12,2018-04-01,2019-03-31,1
2018-05-02,98320,2017-03-31,,,,,,,,,,,,,,,,,,,,,,,,,,,,,,60.00,,,,84050105,1538020,83773625,false,false,12,2016-04-01,2017-03-31,-1
2018-05-02,98320,2018-03-31,,,,,,,,,,,,,,,,,,,,,,,,,,,,,,60.00,,,,84050105,1540020,82511064,false,false,12,2017-04-01,2018-03-31,0
2018-05-02,98320,2019-03-31,,,,,,,,,,,,,,,,,,,,,,,,,,,,,,60.00,,,,,,,false,true,12,2018-04-01,2019-03-31,1
2018-07-31,98320,2019-03-31,1,49070000000,-0.022,,,,,285000000,-0.473,593000000,-0.066,,359000000,,4.35,,,,,,183055000000,125253000000,0.682,1512.44,124791000000,,,,,,,,,,,,true,false,3,2018-04-01,2018-06-30,0
2018-07-31,98320,2018-03-31,1,50169000000,0.052,,,,,542000000,0.625,636000000,0.179,,300000000,,3.64,,,,,,,,,,,,,,,,,,,,,,true,false,3,2017-04-01,2017-06-30,-1
2018-07-31,98320,2019-03-31,1,215000000000,0.013,,,,,9000000000,0.155,10000000000,0.216,,6800000000,,82.41,,,,,,,,,,,,,,,,,,,,,,true,true,12,2018-04-01,2019-03-31,0
2018-07-31,98320,2018-03-31,1,,,,,,,,,,,,,,,,,,,,187354000000,127352000000,0.677,1537.59,126866000000,,,,,,,,,,,,true,false,12,2017-04-01,2018-03-31,-1
2018-07-31,98320,2018-03-31,1,,,,,,,,,,,,,,,,,,,,,,,,,,,,,60.00,,,,84050105,1540020,,false,false,12,2017-04-01,2018-03-31,-1
2018-07-31,98320,2019-03-31,1,,,,,,,,,,,,,,,,,,,,,,,,,,,,,60.00,,,,,,,false,true,12,2018-04-01,2019-03-31,0
2018-07-31,98320,2019-03-31,1,,,,,,,,,,,,,,,,,,,,,,,,,,,,,,,,,84050105,1540032,82510026,false,false,3,2018-04-01,2018-06-30,0
2018-07-31,98320,2018-03-31,1,,,,,,,,,,,,,,,,,,,,,,,,,,,,,,,,,,,82511962,false,false,3,2017-04-01,2017-06-30,-1
2018-10-30,98320,2019-03-31,2,97536000000,-0.010,,,,,1508000000,-0.323,1849000000,-0.245,,595000000,,7.22,,,,,,182713000000,125771000000,0.686,1518.73,125309000000,,,,,,,,,,,,true,false,6,2018-04-01,2018-09-30,0
2018-10-30,98320,2018-03-31,2,98473000000,0.035,,,,,2227000000,0.720,2451000000,0.568,,1317000000,,15.97,,,,,,,,,,,,,,,,,,,,,,true,false,6,2017-04-01,2017-09-30,-1
2018-10-30,98320,2019-03-31,2,215000000000,0.013,,,,,9000000000,0.155,10000000000,0.216,,6800000000,,82.41,,,,,,,,,,,,,,,,,,,,,,true,true,12,2018-04-01,2019-03-31,0
2018-10-30,98320,2018-03-31,2,,,,,,,,,,,,,,,,,,,,187354000000,127352000000,0.677,1537.59,126866000000,,,,,,,,,,,,true,false,12,2017-04-01,2018-03-31,-1
2018-10-30,98320,2018-03-31,2,,,,,,,,,,,,,,,,,,,,,,,,,,,,,60.00,,,,84050105,1540020,,false,false,12,2017-04-01,2018-03-31,-1
2018-10-30,98320,2019-03-31,2,,,,,,,,,,,,,,,,,,,,,,,,,,,,,30.00,,,,,,,false,false,12,2018-04-01,2019-03-31,0
2018-10-30,98320,2019-03-31,2,,,,,,,,,,,,,,,,,,,,,,,,,,,,,60.00,,,,,,,false,true,12,2018-04-01,2019-03-31,0
2018-10-30,98320,2019-03-31,2,,,,,,,,,,,,,,,,,,,,,,,,,,,,,,,,,84050105,1540705,82509831,false,false,6,2018-04-01,2018-09-30,0
2018-10-30,98320,2018-03-31,2,,,,,,,,,,,,,,,,,,,,,,,,,,,,,,,,,,,82511622,false,false,6,2017-04-01,2017-09-30,-1
2019-01-31,98320,2019-03-31,3,165902000000,0.005,,,,,7142000000,-0.100,7931000000,-0.061,,4667000000,,56.56,,,,,,202101000000,126758000000,0.624,1528.91,126148000000,,,,,,,,,,,,true,false,9,2018-04-01,2018-12-31,0
2019-01-31,98320,2018-03-31,3,165157000000,0.025,,,,,7938000000,0.193,8450000000,0.188,,5296000000,,64.19,,,,,,,,,,,,,,,,,,,,,,true,false,9,2017-04-01,2017-12-31,-1
2019-01-31,98320,2019-03-31,3,215000000000,0.013,,,,,9000000000,0.155,10000000000,0.216,,6800000000,,82.42,,,,,,,,,,,,,,,,,,,,,,true,true,12,2018-04-01,2019-03-31,0
2019-01-31,98320,2018-03-31,3,,,,,,,,,,,,,,,,,,,,187354000000,127352000000,0.677,1537.59,126866000000,,,,,,,,,,,,true,false,12,2017-04-01,2018-03-31,-1
2019-01-31,98320,2018-03-31,3,,,,,,,,,,,,,,,,,,,,,,,,,,,,,60.00,,,,84050105,1540020,,false,false,12,2017-04-01,2018-03-31,-1
2019-01-31,98320,2019-03-31,3,,,,,,,,,,,,,,,,,,,,,,,,,,,,,30.00,,,,,,,false,false,12,2018-04-01,2019-03-31,0
2019-01-31,98320,2019-03-31,3,,,,,,,,,,,,,,,,,,,,,,,,,,,,,60.00,,,,,,,false,true,12,2018-04-01,2019-03-31,0
2019-01-31,98320,2019-03-31,3,,,,,,,,,,,,,,,,,,,,,,,,,,,,,,,,,84050105,1541395,82509631,false,false,9,2018-04-01,2018-12-31,0
2019-01-31,98320,2018-03-31,3,,,,,,,,,,,,,,,,,,,,,,,,,,,,,,,,,,,82511334,false,false,9,2017-04-01,2017-12-31,-1
2019-05-08,98320,2019-03-31,,213840000000,0.007,,,,,7478000000,-0.040,8203000000,-0.003,,5485000000,,66.58,,0.044,0.044,0.035,,181391000000,124187000000,0.681,1526.59,123582000000,4447000000,-3078000000,-9876000000,30531000000,,0.901,,,,,,true,false,12,2018-04-01,2019-03-31,0
2019-05-08,98320,2018-03-31,,212328000000,0.037,,,,,7789000000,0.199,8226000000,0.155,,5403000000,,65.49,,0.043,0.045,0.037,,187354000000,127352000000,0.677,1537.59,126866000000,16394000000,-2915000000,-5840000000,39050000000,,0.916,,,,,,true,false,12,2017-04-01,2018-03-31,-1
2019-05-08,98320,2020-03-31,,223000000000,0.043,,,,,8000000000,0.070,8700000000,0.061,,5800000000,,71.65,,,,,,,,,,,,,,,,0.837,,,,,,true,true,12,2019-04-01,2020-03-31,1
2019-05-08,98320,2018-03-31,,,,,,,,,,,,,,,,,,,,,,,,,,,,,,60.00,,,,84050105,1540020,82511064,false,false,12,2017-04-01,2018-03-31,-1
2019-05-08,98320,2019-03-31,,,,,,,,,,,,,,,,,,,,,,,,,,,,,,60.00,,,,84050105,3097001,82385019,false,false,12,2018-04-01,2019-03-31,0
2019-05-08,98320,2020-03-31,,,,,,,,,,,,,,,,,,,,,,,,,,,,,,60.00,,,,,,,false,true,12,2019-04-01,2020-03-31,1
2019-07-31,98320,2020-03-31,1,50519000000,0.030,,,,,1214000000,3.253,1358000000,1.287,,818000000,,10.22,,,,,,178386000000,120463000000,0.672,1501.41,119883000000,,,,,,,,,,,,true,false,3,2019-04-01,2019-06-30,0
2019-07-31,98320,2019-03-31,1,49070000000,-0.022,,,,,285000000,-0.473,593000000,-0.066,,359000000,,4.35,,,,,,,,,,,,,,,,,,,,,,true,false,3,2018-04-01,2018-06-30,-1
2019-07-31,98320,2020-03-31,1,223000000000,0.043,,,,,8000000000,0.070,8700000000,0.061,,5800000000,,72.64,,,,,,,,,,,,,,,,,,,,,,true,true,12,2019-04-01,2020-03-31,0
2019-07-31,98320,2019-03-31,1,,,,,,,,,,,,,,,,,,,,181391000000,124187000000,0.681,1526.59,123582000000,,,,,,,,,,,,true,false,12,2018-04-01,2019-03-31,-1
2019-07-31,98320,2019-03-31,1,,,,,,,,,,,,,,,,,,,,,,,,,,,,,60.00,,,,84050105,3097001,,false,false,12,2018-04-01,2019-03-31,-1
2019-07-31,98320,2020-03-31,1,,,,,,,,,,,,,,,,,,,,,,,,,,,,,60.00,,,,,,,false,true,12,2019-04-01,2020-03-31,0
2019-07-31,98320,2020-03-31,1,,,,,,,,,,,,,,,,,,,,,,,,,,,,,,,,,84050105,4202495,80120341,false,false,3,2019-04-01,2019-06-30,0
2019-07-31,98320,2019-03-31,1,,,,,,,,,,,,,,,,,,,,,,,,,,,,,,,,,,,82510026,false,false,3,2018-04-01,2018-06-30,-1
2019-10-30,98320,2020-03-31,2,111029000000,0.138,,,,,4447000000,1.948,4696000000,1.539,,2831000000,,35.40,,,,,,185073000000,122334000000,0.658,1524.70,121749000000,,,,,,,,,,,,true,false,6,2019-04-01,2019-09-30,0
2019-10-30,98320,2019-03-31,2,97536000000,-0.010,,,,,1508000000,-0.323,1849000000,-0.245,,595000000,,7.22,,,,,,,,,,,,,,,,,,,,,,true,false,6,2018-04-01,2018-09-30,-1
2019-10-30,98320,2020-03-31,2,223000000000,0.043,,,,,8000000000,0.070,8700000000,0.061,,5800000000,,72.63,,,,,,,,,,,,,,,,,,,,,,true,true,12,2019-04-01,2020-03-31,0
2019-10-30,98320,2019-03-31,2,,,,,,,,,,,,,,,,,,,,181391000000,124187000000,0.681,1526.59,123582000000,,,,,,,,,,,,true,false,12,2018-04-01,2019-03-31,-1
2019-10-30,98320,2019-03-31,2,,,,,,,,,,,,,,,,,,,,,,,,,,,,,60.00,,,,84050105,3097001,,false,false,12,2018-04-01,2019-03-31,-1
2019-10-30,98320,2020-03-31,2,,,,,,,,,,,,,,,,,,,,,,,,,,,,,30.00,,,,,,,false,false,12,2019-04-01,2020-03-31,0
2019-10-30,98320,2020-03-31,2,,,,,,,,,,,,,,,,,,,,,,,,,,,,,60.00,,,,,,,false,true,12,2019-04-01,2020-03-31,0
2019-10-30,98320,2020-03-31,2,,,,,,,,,,,,,,,,,,,,,,,,,,,,,,,,,84050105,4198275,79984823,false,false,6,2019-04-01,2019-09-30,0
2019-10-30,98320,2019-03-31,2,,,,,,,,,,,,,,,,,,,,,,,,,,,,,,,,,,,82509831,false,false,6,2018-04-01,2018-09-30,-1
2020-01-31,98320,2020-03-31,3,176639000000,0.065,,,,,8871000000,0.242,9475000000,0.195,,6237000000,,78.03,,,,,,199757000000,124088000000,0.617,1544.75,123349000000,,,,,,,,,,,,true,false,9,2019-04-01,2019-12-31,0
2020-01-31,98320,2019-03-31,3,165902000000,0.005,,,,,7142000000,-0.100,7931000000,-0.061,,4667000000,,56.56,,,,,,,,,,,,,,,,,,,,,,true,false,9,2018-04-01,2018-12-31,-1
2020-01-31,98320,2020-03-31,3,223000000000,0.043,,,,,8000000000,0.070,8700000000,0.061,,5800000000,,72.64,,,,,,,,,,,,,,,,,,,,,,true,true,12,2019-04-01,2020-03-31,0
2020-01-31,98320,2019-03-31,3,,,,,,,,,,,,,,,,,,,,181391000000,124187000000,0.681,1526.59,123582000000,,,,,,,,,,,,true,false,12,2018-04-01,2019-03-31,-1
2020-01-31,98320,2019-03-31,3,,,,,,,,,,,,,,,,,,,,,,,,,,,,,60.00,,,,84050105,3097001,,false,false,12,2018-04-01,2019-03-31,-1
2020-01-31,98320,2020-03-31,3,,,,,,,,,,,,,,,,,,,,,,,,,,,,,30.00,,,,,,,false,false,12,2019-04-01,2020-03-31,0
2020-01-31,98320,2020-03-31,3,,,,,,,,,,,,,,,,,,,,,,,,,,,,,60.00,,,,,,,false,true,12,2019-04-01,2020-03-31,0
2020-01-31,98320,2020-03-31,3,,,,,,,,,,,,,,,,,,,,,,,,,,,,,,,,,84050105,4198839,79940299,false,false,9,2019-04-01,2019-12-31,0
2020-01-31,98320,2019-03-31,3,,,,,,,,,,,,,,,,,,,,,,,,,,,,,,,,,,,82509631,false,false,9,2018-04-01,2018-12-31,-1
2020-05-19,98320,2020-03-31,,221400000000,-0.007,,,,,7500000000,-0.063,8000000000,-0.080,,3700000000,,46.29,,,,,,,,,,,,,,,,,,,,,,true,true,12,2019-04-01,2020-03-31,0
2020-05-19,98320,2019-03-31,,213840000000,,,,,,7478000000,,8203000000,,,5485000000,,66.58,,,,,,,,,,,,,,,,,,,,,,true,false,12,2018-04-01,2019-03-31,-1
2020-05-20,98320,2020-03-31,,221400000000,0.035,,,,,7585000000,0.014,8059000000,-0.017,,3764000000,,47.10,,0.031,0.046,0.034,,172799000000,119966000000,0.690,1493.43,119251000000,10603000000,-3370000000,-9684000000,28051000000,,1.274,,,,,,true,false,12,2019-04-01,2020-03-31,0
2020-05-20,98320,2019-03-31,,213840000000,0.007,,,,,7478000000,-0.040,8203000000,-0.003,,5485000000,,66.58,,0.044,0.044,0.035,,181391000000,124187000000,0.681,1526.59,123582000000,4447000000,-3078000000,-9876000000,30531000000,,0.901,,,,,,true,false,12,2018-04-01,2019-03-31,-1
2020-05-20,98320,2021-03-31,,223800000000,0.011,,,,,7600000000,0.002,8100000000,0.005,,5500000000,,68.88,,,,,,,,,,,,,,,,0.871,,,,,,true,true,12,2020-04-01,2021-03-31,1
2020-05-20,98320,2019-03-31,,,,,,,,,,,,,,,,,,,,,,,,,,,,,,60.00,,,,84050105,3097001,82385019,false,false,12,2018-04-01,2019-03-31,-1
2020-05-20,98320,2020-03-31,,,,,,,,,,,,,,,,,,,,,,,,,,,,,,60.00,,,,84050105,4199076,79918140,false,false,12,2019-04-01,2020-03-31,0
2020-05-20,98320,2021-03-31,,,,,,,,,,,,,,,,,,,,,,,,,,,,,,60.00,,,,,,,false,true,12,2020-04-01,2021-03-31,1
2020-07-31,98320,2021-03-31,1,45026000000,-0.109,,,,,460000000,-0.621,760000000,-0.440,,372000000,,4.66,,,,,,175925000000,118269000000,0.668,1471.77,117521000000,,,,,,,,,,,,true,false,3,2020-04-01,2020-06-30,0
2020-07-31,98320,2020-03-31,1,50519000000,0.030,,,,,1214000000,3.253,1358000000,1.287,,818000000,,10.22,,,,,,,,,,,,,,,,,,,,,,true,false,3,2019-04-01,2019-06-30,-1
2020-07-31,98320,2021-03-31,1,223800000000,0.011,,,,,7600000000,0.002,8100000000,0.005,,5500000000,,68.88,,,,,,,,,,,,,,,,,,,,,,true,true,12,2020-04-01,2021-03-31,0
2020-07-31,98320,2020-03-31,1,,,,,,,,,,,,,,,,,,,,172799000000,119966000000,0.690,1493.43,119251000000,,,,,,,,,,,,true,false,12,2019-04-01,2020-03-31,-1
2020-07-31,98320,2020-03-31,1,,,,,,,,,,,,,,,,,,,,,,,,,,,,,60.00,,,,84050105,4199076,,false,false,12,2019-04-01,2020-03-31,-1
2020-07-31,98320,2021-03-31,1,,,,,,,,,,,,,,,,,,,,,,,,,,,,,60.00,,,,,,,false,true,12,2020-04-01,2021-03-31,0
2020-07-31,98320,2021-03-31,1,,,,,,,,,,,,,,,,,,,,,,,,,,,,,,,,,84050105,4199411,79850916,false,false,3,2020-04-01,2020-06-30,0
2020-07-31,98320,2020-03-31,1,,,,,,,,,,,,,,,,,,,,,,,,,,,,,,,,,,,80120341,false,false,3,2019-04-01,2019-06-30,-1
2020-10-30,98320,2021-03-31,2,99714000000,-0.102,,,,,3583000000,-0.194,3899000000,-0.170,,2363000000,,29.60,,,,,,180505000000,120708000000,0.664,1501.42,119910000000,,,,,,,,,,,,true,false,6,2020-04-01,2020-09-30,0
2020-10-30,98320,2020-03-31,2,111029000000,0.138,,,,,4447000000,1.948,4696000000,1.539,,2831000000,,35.40,,,,,,,,,,,,,,,,,,,,,,true,false,6,2019-04-01,2019-09-30,-1
2020-10-30,98320,2021-03-31,2,223800000000,0.011,,,,,7600000000,0.002,8100000000,0.005,,5500000000,,68.87,,,,,,,,,,,,,,,,,,,,,,true,true,12,2020-04-01,2021-03-31,0
2020-10-30,98320,2020-03-31,2,,,,,,,,,,,,,,,,,,,,172799000000,119966000000,0.690,1493.43,119251000000,,,,,,,,,,,,true,false,12,2019-04-01,2020-03-31,-1
2020-10-30,98320,2020-03-31,2,,,,,,,,,,,,,,,,,,,,,,,,,,,,,60.00,,,,84050105,4199076,,false,false,12,2019-04-01,2020-03-31,-1
2020-10-30,98320,2021-03-31,2,,,,,,,,,,,,,,,,,,,,,,,,,,,,,30.00,,,,,,,false,false,12,2020-04-01,2021-03-31,0
2020-10-30,98320,2021-03-31,2,,,,,,,,,,,,,,,,,,,,,,,,,,,,,60.00,,,,,,,false,true,12,2020-04-01,2021-03-31,0
2020-10-30,98320,2021-03-31,2,,,,,,,,,,,,,,,,,,,,,,,,,,,,,,,,,84050105,4185755,79855642,false,false,6,2020-04-01,2020-09-30,0
2020-10-30,98320,2020-03-31,2,,,,,,,,,,,,,,,,,,,,,,,,,,,,,,,,,,,79984823,false,false,6,2019-04-01,2019-09-30,-1
2021-01-29,98320,2021-03-31,3,171434000000,-0.029,,,,,10467000000,0.180,11280000000,0.191,,7371000000,,92.31,,,,,,209809000000,123693000000,0.585,1538.04,122833000000,,,,,,,,,,,,true,false,9,2020-04-01,2020-12-31,0
2021-01-29,98320,2020-03-31,3,176639000000,0.065,,,,,8871000000,0.242,9475000000,0.195,,6237000000,,78.03,,,,,,,,,,,,,,,,,,,,,,true,false,9,2019-04-01,2019-12-31,-1
2021-01-29,98320,2021-03-31,3,223800000000,0.011,,,,,7600000000,0.002,8100000000,0.005,,5500000000,,68.87,,,,,,,,,,,,,,,,,,,,,,true,true,12,2020-04-01,2021-03-31,0
2021-01-29,98320,2020-03-31,3,,,,,,,,,,,,,,,,,,,,172799000000,119966000000,0.690,1493.43,119251000000,,,,,,,,,,,,true,false,12,2019-04-01,2020-03-31,-1
2021-01-29,98320,2020-03-31,3,,,,,,,,,,,,,,,,,,,,,,,,,,,,,60.00,,,,84050105,4199076,,false,false,12,2019-04-01,2020-03-31,-1
2021-01-29,98320,2021-03-31,3,,,,,,,,,,,,,,,,,,,,,,,,,,,,,30.00,,,,,,,false,false,12,2020-04-01,2021-03-31,0
2021-01-29,98320,2021-03-31,3,,,,,,,,,,,,,,,,,,,,,,,,,,,,,60.00,,,,,,,false,true,12,2020-04-01,2021-03-31,0
2021-01-29,98320,2021-03-31,3,,,,,,,,,,,,,,,,,,,,,,,,,,,,,,,,,84050105,4186572,79858526,false,false,9,2020-04-01,2020-12-31,0
2021-01-29,98320,2020-03-31,3,,,,,,,,,,,,,,,,,,,,,,,,,,,,,,,,,,,79940299,false,false,9,2019-04-01,2019-12-31,-1
2021-04-07,98320,2021-03-31,,216000000000,-0.035,,,,,9700000000,0.276,10200000000,0.259,,6300000000,,78.88,,,,,,,,,,,,,,,,,,,,,,true,true,12,2020-04-01,2021-03-31,0
2021-04-07,98320,2020-03-31,,221400000000,,,,,,7585000000,,8059000000,,,3764000000,,47.10,,,,,,,,,,,,,,,,,,,,,,true,false,12,2019-04-01,2020-03-31,-1
2021-05-10,98320,2021-03-31,,220449000000,-0.004,,,,,10577000000,0.394,11219000000,0.392,,7050000000,,88.28,,0.058,0.062,0.048,,187914000000,123833000000,0.656,1542.40,123180000000,17163000000,-6085000000,-309000000,38903000000,,0.680,,,,,,true,false,12,2020-04-01,2021-03-31,0
2021-05-10,98320,2020-03-31,,221400000000,0.035,,,,,7585000000,0.014,8059000000,-0.017,,3764000000,,47.10,,0.031,0.046,0.034,,172799000000,119966000000,0.690,1493.43,119251000000,10603000000,-3370000000,-9684000000,28051000000,,1.274,,,,,,true,false,12,2019-04-01,2020-03-31,-1
2021-05-10,98320,2022-03-31,,226500000000,0.027,,,,,9500000000,-0.102,10000000000,-0.109,,6700000000,,83.89,,,,,,,,,,,,,,,,0.715,,,,,,true,true,12,2021-04-01,2022-03-31,1
2021-05-10,98320,2020-03-31,,,,,,,,,,,,,,,,,,,,,,,,,,,,,,60.00,,,,84050105,4199076,79918140,false,false,12,2019-04-01,2020-03-31,-1
2021-05-10,98320,2021-03-31,,,,,,,,,,,,,,,,,,,,,,,,,,,,,,60.00,,,,84050105,4187061,79859708,false,false,12,2020-04-01,2021-03-31,0
2021-05-10,98320,2022-03-31,,,,,,,,,,,,,,,,,,,,,,,,,,,,,,60.00,,,,,,,false,true,12,2021-04-01,2022-03-31,1
2021-07-30,98320,2022-03-31,1,52283000000,,,,,,1517000000,,1708000000,,,1078000000,,13.50,,,,,,179797000000,122281000000,0.676,1524.29,121620000000,,,,,,,,,,,,true,false,3,2021-04-01,2021-06-30,0
2021-07-30,98320,2021-03-31,1,45026000000,-0.109,,,,,460000000,-0.621,760000000,-0.440,,372000000,,4.66,,,,,,,,,,,,,,,,,,,,,,true,false,3,2020-04-01,2020-06-30,-1
2021-07-30,98320,2022-03-31,1,226500000000,,,,,,9500000000,,10000000000,,,6700000000,,83.97,,,,,,,,,,,,,,,,,,,,,,true,true,12,2021-04-01,2022-03-31,0
2021-07-30,98320,2021-03-31,1,,,,,,,,,,,,,,,,,,,,187914000000,123833000000,0.656,1542.40,123180000000,,,,,,,,,,,,true,false,12,2020-04-01,2021-03-31,-1
2021-07-30,98320,2021-03-31,1,,,,,,,,,,,,,,,,,,,,,,,,,,,,,60.00,,,,84050105,4187061,,false,false,12,2020-04-01,2021-03-31,-1
2021-07-30,98320,2022-03-31,1,,,,,,,,,,,,,,,,,,,,,,,,,,,,,60.00,,,,,,,false,true,12,2021-04-01,2022-03-31,0
2021-07-30,98320,2022-03-31,1,,,,,,,,,,,,,,,,,,,,,,,,,,,,,,,,,82050105,2261532,79856786,false,false,3,2021-04-01,2021-06-30,0
2021-07-30,98320,2021-03-31,1,,,,,,,,,,,,,,,,,,,,,,,,,,,,,,,,,,,79850916,false,false,3,2020-04-01,2020-06-30,-1
2021-10-29,9832,2022-03-31,2,103551000000,,,,,,2914000000,,3083000000,,,1888000000,,23.82,,,,,,176589000000,120575000000,0.679,1538.73,119920000000,,,,,,,,,,,,true,false,6,2021-04-01,2021-09-30,0
2021-10-29,9832,2021-03-31,2,99714000000,-0.102,,,,,3583000000,-0.194,3899000000,-0.170,,2363000000,,29.60,,,,,,,,,,,,,,,,,,,,,,true,false,6,2020-04-01,2020-09-30,-1
2021-10-29,9832,2022-03-31,2,226500000000,,,,,,9500000000,,10000000000,,,6700000000,,85.97,,,,,,,,,,,,,,,,,,,,,,true,true,12,2021-04-01,2022-03-31,0
2021-10-29,9832,2021-03-31,2,,,,,,,,,,,,,,,,,,,,187914000000,123833000000,0.656,1542.40,123180000000,,,,,,,,,,,,true,false,12,2020-04-01,2021-03-31,-1
2021-10-29,9832,2021-03-31,2,,,,,,,,,,,,,,,,,,,,,,,,,,,,,60.00,,,,84050105,4187061,,false,false,12,2020-04-01,2021-03-31,-1
2021-10-29,9832,2022-03-31,2,,,,,,,,,,,,,,,,,,,,,,,,,,,,,30.00,,,,,,,false,false,12,2021-04-01,2022-03-31,0
2021-10-29,9832,2022-03-31,2,,,,,,,,,,,,,,,,,,,,,,,,,,,,,60.00,,,,,,,false,true,12,2021-04-01,2022-03-31,0
2021-10-29,9832,2022-03-31,2,,,,,,,,,,,,,,,,,,,,,,,,,,,,,,,,,82050105,4115391,79304110,false,false,6,2021-04-01,2021-09-30,0
2021-10-29,9832,2021-03-31,2,,,,,,,,,,,,,,,,,,,,,,,,,,,,,,,,,,,79855642,false,false,6,2020-04-01,2020-09-30,-1
2022-01-31,9832,2022-03-31,3,171937000000,,,,,,8804000000,,9443000000,,,6158000000,,78.11,,,,,,214993000000,122119000000,0.566,1560.11,121585000000,,,,,,,,,,,,true,false,9,2021-04-01,2021-12-31,0
2022-01-31,9832,2021-03-31,3,171434000000,-0.029,,,,,10467000000,0.180,11280000000,0.191,,7371000000,,92.31,,,,,,,,,,,,,,,,,,,,,,true,false,9,2020-04-01,2020-12-31,-1
2022-01-31,9832,2022-03-31,3,226500000000,,,,,,9500000000,,10000000000,,,6700000000,,85.97,,,,,,,,,,,,,,,,,,,,,,true,true,12,2021-04-01,2022-03-31,0
2022-01-31,9832,2021-03-31,3,,,,,,,,,,,,,,,,,,,,187914000000,123833000000,0.656,1542.40,123180000000,,,,,,,,,,,,true,false,12,2020-04-01,2021-03-31,-1
2022-01-31,9832,2021-03-31,3,,,,,,,,,,,,,,,,,,,,,,,,,,,,,60.00,,,,84050105,4187061,,false,false,12,2020-04-01,2021-03-31,-1
2022-01-31,9832,2022-03-31,3,,,,,,,,,,,,,,,,,,,,,,,,,,,,,30.00,,,,,,,false,false,12,2021-04-01,2022-03-31,0
2022-01-31,9832,2022-03-31,3,,,,,,,,,,,,,,,,,,,,,,,,,,,,,60.00,,,,,,,false,true,12,2021-04-01,2022-03-31,0
2022-01-31,9832,2022-03-31,3,,,,,,,,,,,,,,,,,,,,,,,,,,,,,,,,,82050105,4116262,78845919,false,false,9,2021-04-01,2021-12-31,0
2022-01-31,9832,2021-03-31,3,,,,,,,,,,,,,,,,,,,,,,,,,,,,,,,,,,,79858526,false,false,9,2020-04-01,2020-12-31,-1
2022-05-10,9832,2022-03-31,,228586000000,,,,,,11552000000,,11246000000,,,7010000000,,89.17,,0.057,0.059,0.051,,189910000000,122892000000,0.645,1572.48,122549000000,5712000000,-7710000000,-12300000000,24751000000,,0.673,,,,,,true,false,12,2021-04-01,2022-03-31,0
2022-05-10,9832,2021-03-31,,220449000000,-0.004,,,,,10577000000,0.394,11219000000,0.392,,7050000000,,88.28,,0.058,0.062,0.048,,187914000000,123833000000,0.656,1542.40,123180000000,17163000000,-6085000000,-309000000,38903000000,,0.680,,,,,,true,false,12,2020-04-01,2021-03-31,-1
2022-05-10,9832,2023-03-31,,230000000000,0.006,,,,,10000000000,-0.134,10300000000,-0.084,,6900000000,,88.54,,,,,,,,,,,,,,,,0.678,,,,,,true,true,12,2022-04-01,2023-03-31,1
2022-05-10,9832,2021-03-31,,,,,,,,,,,,,,,,,,,,,,,,,,,,,,60.00,,,,84050105,4187061,79859708,false,false,12,2020-04-01,2021-03-31,-1
2022-05-10,9832,2022-03-31,,,,,,,,,,,,,,,,,,,,,,,,,,,,,,60.00,,,,82050105,4116555,78620991,false,false,12,2021-04-01,2022-03-31,0
2022-05-10,9832,2023-03-31,,,,,,,,,,,,,,,,,,,,,,,,,,,,,,60.00,,,,,,,false,true,12,2022-04-01,2023-03-31,1
2022-07-29,9832,2023-03-31,1,52853000000,0.011,,,,,1564000000,0.031,1821000000,0.066,,1755000000,,22.52,,,,,,183372000000,123774000000,0.673,1583.55,123411000000,,,,,,,,,,,,true,false,3,2022-04-01,2022-06-30,0
2022-07-29,9832,2022-03-31,1,52283000000,,,,,,1517000000,,1708000000,,,1078000000,,13.50,,,,,,,,,,,,,,,,,,,,,,true,false,3,2021-04-01,2021-06-30,-1
2022-07-29,9832,2023-03-31,1,230000000000,0.006,,,,,10000000000,-0.134,10300000000,-0.084,,6900000000,,88.54,,,,,,,,,,,,,,,,,,,,,,true,true,12,2022-04-01,2023-03-31,0
2022-07-29,9832,2022-03-31,1,,,,,,,,,,,,,,,,,,,,189910000000,122892000000,0.645,1572.48,122549000000,,,,,,,,,,,,true,false,12,2021-04-01,2022-03-31,-1
2022-07-29,9832,2022-03-31,1,,,,,,,,,,,,,,,,,,,,,,,,,,,,,60.00,,,,82050105,4116555,,false,false,12,2021-04-01,2022-03-31,-1
2022-07-29,9832,2023-03-31,1,,,,,,,,,,,,,,,,,,,,,,,,,,,,,60.00,,,,,,,false,true,12,2022-04-01,2023-03-31,0
2022-07-29,9832,2023-03-31,1,,,,,,,,,,,,,,,,,,,,,,,,,,,,,,,,,82050105,4116868,77933409,false,false,3,2022-04-01,2022-06-30,0
2022-07-29,9832,2022-03-31,1,,,,,,,,,,,,,,,,,,,,,,,,,,,,,,,,,,,79856786,false,false,3,2021-04-01,2021-06-30,-1
2022-10-31,9832,2023-03-31,2,107096000000,0.034,,,,,3504000000,0.202,3715000000,0.205,,3149000000,,40.41,,,,,,183133000000,125248000000,0.682,1602.01,124875000000,,,,,,,,,,,,true,false,6,2022-04-01,2022-09-30,0
2022-10-31,9832,2022-03-31,2,103551000000,,,,,,2914000000,,3083000000,,,1888000000,,23.82,,,,,,,,,,,,,,,,,,,,,,true,false,6,2021-04-01,2021-09-30,-1
2022-10-31,9832,2023-03-31,2,230000000000,0.006,,,,,10000000000,-0.134,10300000000,-0.084,,6900000000,,88.52,,,,,,,,,,,,,,,,,,,,,,true,true,12,2022-04-01,2023-03-31,0
2022-10-31,9832,2022-03-31,2,,,,,,,,,,,,,,,,,,,,189910000000,122892000000,0.645,1572.48,122549000000,,,,,,,,,,,,true,false,12,2021-04-01,2022-03-31,-1
2022-10-31,9832,2022-03-31,2,,,,,,,,,,,,,,,,,,,,,,,,,,,,,60.00,,,,82050105,4116555,,false,false,12,2021-04-01,2022-03-31,-1
2022-10-31,9832,2023-03-31,2,,,,,,,,,,,,,,,,,,,,,,,,,,,,,30.00,,,,,,,false,false,12,2022-04-01,2023-03-31,0
2022-10-31,9832,2023-03-31,2,,,,,,,,,,,,,,,,,,,,,,,,,,,,,60.00,,,,,,,false,true,12,2022-04-01,2023-03-31,0
2022-10-31,9832,2023-03-31,2,,,,,,,,,,,,,,,,,,,,,,,,,,,,,,,,,82050105,4100743,77938995,false,false,6,2022-04-01,2022-09-30,0
2022-10-31,9832,2022-03-31,2,,,,,,,,,,,,,,,,,,,,,,,,,,,,,,,,,,,79304110,false,false,6,2021-04-01,2021-09-30,-1
2023-01-31,9832,2023-03-31,3,178141000000,0.036,,,,,9811000000,0.114,9869000000,0.045,,7038000000,,90.30,,,,,,221830000000,126849000000,0.570,1622.55,126475000000,,,,,,,,,,,,true,false,9,2022-04-01,2022-12-31,0
2023-01-31,9832,2022-03-31,3,171937000000,,,,,,8804000000,,9443000000,,,6158000000,,78.11,,,,,,,,,,,,,,,,,,,,,,true,false,9,2021-04-01,2021-12-31,-1
2023-01-31,9832,2023-03-31,3,230000000000,0.006,,,,,10000000000,-0.134,10300000000,-0.084,,6900000000,,88.52,,,,,,,,,,,,,,,,,,,,,,true,true,12,2022-04-01,2023-03-31,0
2023-01-31,9832,2022-03-31,3,,,,,,,,,,,,,,,,,,,,189910000000,122892000000,0.645,1572.48,122549000000,,,,,,,,,,,,true,false,12,2021-04-01,2022-03-31,-1
2023-01-31,9832,2022-03-31,3,,,,,,,,,,,,,,,,,,,,,,,,,,,,,60.00,,,,82050105,4116555,,false,false,12,2021-04-01,2022-03-31,-1
2023-01-31,9832,2023-03-31,3,,,,,,,,,,,,,,,,,,,,,,,,,,,,,30.00,,,,,,,false,false,12,2022-04-01,2023-03-31,0
2023-01-31,9832,2023-03-31,3,,,,,,,,,,,,,,,,,,,,,,,,,,,,,60.00,,,,,,,false,true,12,2022-04-01,2023-03-31,0
2023-01-31,9832,2023-03-31,3,,,,,,,,,,,,,,,,,,,,,,,,,,,,,,,,,82050105,4101695,77942416,false,false,9,2022-04-01,2022-12-31,0
2023-01-31,9832,2022-03-31,3,,,,,,,,,,,,,,,,,,,,,,,,,,,,,,,,,,,78845919,false,false,9,2021-04-01,2021-12-31,-1
2023-05-09,9832,2023-03-31,,236235000000,0.033,,,,,11722000000,0.015,11574000000,0.029,,7239000000,,92.87,,0.058,0.060,0.050,,194327000000,126963000000,0.652,1624.44,126622000000,10687000000,-7652000000,-3495000000,24503000000,,0.646,,,,,,true,false,12,2022-04-01,2023-03-31,0
2023-05-09,9832,2022-03-31,,228586000000,,,,,,11552000000,,11246000000,,,7010000000,,89.17,,0.057,0.059,0.051,,189910000000,122892000000,0.645,1572.48,122549000000,5712000000,-7710000000,-12300000000,24751000000,,0.673,,,,,,true,false,12,2021-04-01,2022-03-31,-1
2023-05-09,9832,2024-03-31,,243000000000,0.029,,,,,12300000000,0.049,12000000000,0.037,,7400000000,,94.93,,,,,,,,,,,,,,,,0.632,,,,,,true,true,12,2023-04-01,2024-03-31,1
2023-05-09,9832,2022-03-31,,,,,,,,,,,,,,,,,,,,,,,,,,,,,,60.00,,,,82050105,4116555,78620991,false,false,12,2021-04-01,2022-03-31,-1
2023-05-09,9832,2023-03-31,,,,,,,,,,,,,,,,,,,,,,,,,,,,,,60.00,,,,82050105,4102004,77943867,false,false,12,2022-04-01,2023-03-31,0
2023-05-09,9832,2024-03-31,,,,,,,,,,,,,,,,,,,,,,,,,,,,,,60.00,,,,,,,false,true,12,2023-04-01,2024-03-31,1
2023-07-31,9832,2024-03-31,1,57668000000,0.091,,,,,2031000000,0.298,2050000000,0.126,,1345000000,,17.26,,,,,,191004000000,126067000000,0.658,1612.91,125722000000,,,,,,,,,,,,true,false,3,2023-04-01,2023-06-30,0
2023-07-31,9832,2023-03-31,1,52853000000,0.011,,,,,1564000000,0.031,1821000000,0.066,,1755000000,,22.52,,,,,,,,,,,,,,,,,,,,,,true,false,3,2022-04-01,2022-06-30,-1
2023-07-31,9832,2024-03-31,1,234200000000,-0.009,,,,,11900000000,0.015,11600000000,0.002,,9900000000,,127.01,,,,,,,,,,,,,,,,,,,,,,true,true,12,2023-04-01,2024-03-31,0
2023-07-31,9832,2023-03-31,1,,,,,,,,,,,,,,,,,,,,194327000000,126963000000,0.652,1624.44,126622000000,,,,,,,,,,,,true,false,12,2022-04-01,2023-03-31,-1
2023-07-31,9832,2023-03-31,1,,,,,,,,,,,,,,,,,,,,,,,,,,,,,60.00,,,,82050105,4102004,,false,false,12,2022-04-01,2023-03-31,-1
2023-07-31,9832,2024-03-31,1,,,,,,,,,,,,,,,,,,,,,,,,,,,,,60.00,,,,,,,false,true,12,2023-04-01,2024-03-31,0
2023-07-31,9832,2024-03-31,1,,,,,,,,,,,,,,,,,,,,,,,,,,,,,,,,,82050105,4102276,77947985,false,false,3,2023-04-01,2023-06-30,0
2023-07-31,9832,2023-03-31,1,,,,,,,,,,,,,,,,,,,,,,,,,,,,,,,,,,,77933409,false,false,3,2022-04-01,2022-06-30,-1
2023-10-30,98320,2024-03-31,,234200000000,0.000,,,,,11900000000,0.000,11600000000,0.000,,9000000000,,115.44,,,,,,,,,,,,,,,,,,,,,,true,true,12,2023-04-01,2024-03-31,0
2023-10-30,98320,2023-03-31,,236235000000,,,,,,11722000000,,11574000000,,,7239000000,,92.87,,,,,,,,,,,,,,,,,,,,,,true,false,12,2022-04-01,2023-03-31,-1
2023-10-31,9832,2024-03-31,2,111880000000,0.045,,,,,3452000000,-0.015,3398000000,-0.085,,5139000000,,65.93,,,,,,197276000000,129783000000,0.656,1660.18,129429000000,,,,,,,,,,,,true,false,6,2023-04-01,2023-09-30,0
2023-10-31,9832,2023-03-31,2,107096000000,0.034,,,,,3504000000,0.202,3715000000,0.205,,3149000000,,40.41,,,,,,,,,,,,,,,,,,,,,,true,false,6,2022-04-01,2022-09-30,-1
2023-10-31,9832,2024-03-31,2,234200000000,-0.009,,,,,11900000000,0.015,11600000000,0.002,,9000000000,,115.44,,,,,,,,,,,,,,,,,,,,,,true,true,12,2023-04-01,2024-03-31,0
2023-10-31,9832,2023-03-31,2,,,,,,,,,,,,,,,,,,,,194327000000,126963000000,0.652,1624.44,126622000000,,,,,,,,,,,,true,false,12,2022-04-01,2023-03-31,-1
2023-10-31,9832,2023-03-31,2,,,,,,,,,,,,,,,,,,,,,,,,,,,,,60.00,,,,82050105,4102004,,false,false,12,2022-04-01,2023-03-31,-1
2023-10-31,9832,2024-03-31,2,,,,,,,,,,,,,,,,,,,,,,,,,,,,,30.00,,,,,,,false,false,12,2023-04-01,2024-03-31,0
2023-10-31,9832,2024-03-31,2,,,,,,,,,,,,,,,,,,,,,,,,,,,,,60.00,,,,,,,false,true,12,2023-04-01,2024-03-31,0
2023-10-31,9832,2024-03-31,2,,,,,,,,,,,,,,,,,,,,,,,,,,,,,,,,,82050105,4089016,77952668,false,false,6,2023-04-01,2023-09-30,0
2023-10-31,9832,2023-03-31,2,,,,,,,,,,,,,,,,,,,,,,,,,,,,,,,,,,,77938995,false,false,6,2022-04-01,2022-09-30,-1
2024-01-31,9832,2024-03-31,3,179637000000,0.008,,,,,8991000000,-0.084,9311000000,-0.057,,9106000000,,116.82,,,,,,217923000000,131261000000,0.601,1679.92,130966000000,,,,,,,,,,,,true,false,9,2023-04-01,2023-12-31,0
2024-01-31,9832,2023-03-31,3,178141000000,0.036,,,,,9811000000,0.114,9869000000,0.045,,7038000000,,90.30,,,,,,,,,,,,,,,,,,,,,,true,false,9,2022-04-01,2022-12-31,-1
2024-01-31,9832,2024-03-31,3,234200000000,-0.009,,,,,11900000000,0.015,11600000000,0.002,,9000000000,,115.44,,,,,,,,,,,,,,,,,,,,,,true,true,12,2023-04-01,2024-03-31,0
2024-01-31,9832,2023-03-31,3,,,,,,,,,,,,,,,,,,,,194327000000,126963000000,0.652,1624.44,126622000000,,,,,,,,,,,,true,false,12,2022-04-01,2023-03-31,-1
2024-01-31,9832,2023-03-31,3,,,,,,,,,,,,,,,,,,,,,,,,,,,,,60.00,,,,82050105,4102004,,false,false,12,2022-04-01,2023-03-31,-1
2024-01-31,9832,2024-03-31,3,,,,,,,,,,,,,,,,,,,,,,,,,,,,,30.00,,,,,,,false,false,12,2023-04-01,2024-03-31,0
2024-01-31,9832,2024-03-31,3,,,,,,,,,,,,,,,,,,,,,,,,,,,,,60.00,,,,,,,false,true,12,2023-04-01,2024-03-31,0
2024-01-31,9832,2024-03-31,3,,,,,,,,,,,,,,,,,,,,,,,,,,,,,,,,,82050105,4089829,77955443,false,false,9,2023-04-01,2023-12-31,0
2024-01-31,9832,2023-03-31,3,,,,,,,,,,,,,,,,,,,,,,,,,,,,,,,,,,,77942416,false,false,9,2022-04-01,2022-12-31,-1
2024-03-29,98320,2024-03-31,,227900000000,-0.027,,,,,6600000000,-0.445,6700000000,-0.422,,6400000000,,82.10,,,,,,,,,,,,,,,,,,,,,,true,true,12,2023-04-01,2024-03-31,0
2024-03-29,98320,2023-03-31,,236235000000,,,,,,11722000000,,11574000000,,,7239000000,,92.87,,,,,,,,,,,,,,,,,,,,,,true,false,12,2022-04-01,2023-03-31,-1
2024-05-10,9832,2024-03-31,,229856000000,-0.027,,,,,8010000000,-0.317,8093000000,-0.301,,6355000000,,81.52,,0.050,0.042,0.035,,194948000000,129152000000,0.661,1652.71,128845000000,14431000000,-449000000,-7413000000,31278000000,,0.859,,,,,,true,false,12,2023-04-01,2024-03-31,0
2024-05-10,9832,2023-03-31,,236235000000,0.033,,,,,11722000000,0.015,11574000000,0.029,,7239000000,,92.87,,0.058,0.060,0.050,,194327000000,126963000000,0.652,1624.44,126622000000,10687000000,-7652000000,-3495000000,24503000000,,0.646,,,,,,true,false,12,2022-04-01,2023-03-31,-1
2024-05-10,9832,2025-03-31,,240300000000,0.045,,,,,12000000000,0.498,12500000000,0.544,,7700000000,,98.77,,,,,,,,,,,,,,,,0.607,,,,,,true,true,12,2024-04-01,2025-03-31,1
2024-05-10,9832,2024-03-31,,155489000000,-0.021,,,,,3937000000,-0.491,4724000000,-0.504,1156000000,,-0.787,14.83,,,,,,163183000000,110983000000,0.680,1422.80,110983000000,,,,,70.00,,,,82050105,4090227,77956603,false,false,12,2023-04-01,2024-03-31,0
2024-05-10,9832,2023-03-31,,158807000000,0.018,,,,,7735000000,0.006,9529000000,0.054,5421000000,,-0.062,69.52,,,,,,160054000000,114447000000,0.715,1467.46,114447000000,,,,,60.00,,,,82050105,4102004,77943867,false,false,12,2022-04-01,2023-03-31,-1
2024-05-10,9832,2025-03-31,,,,,,,,,,,,,,,,,,,,,,,,,,,,,,60.00,,,,,,,false,true,12,2024-04-01,2025-03-31,1
2024-07-31,9832,2025-03-31,1,54011000000,-0.063,,,,,1057000000,-0.480,1356000000,-0.339,,730000000,,9.37,,,,,,191468000000,127059000000,0.663,1628.11,126905000000,,,,,,,,,,,,true,false,3,2024-04-01,2024-06-30,0
2024-07-31,9832,2024-03-31,1,57668000000,0.091,,,,,2031000000,0.298,2050000000,0.126,,1345000000,,17.26,,,,,,,,,,,,,,,,,,,,,,true,false,3,2023-04-01,2023-06-30,-1
2024-07-31,9832,2025-03-31,1,240300000000,0.045,,,,,12000000000,0.498,12500000000,0.544,,7700000000,,98.79,,,,,,,,,,,,,,,,,,,,,,true,true,12,2024-04-01,2025-03-31,0
2024-07-31,9832,2024-03-31,1,,,,,,,,,,,,,,,,,,,,194948000000,129152000000,0.661,1652.71,128845000000,,,,,,,,,,,,true,false,12,2023-04-01,2024-03-31,-1
2024-07-31,9832,2024-03-31,1,,,,,,,,,,,,,,,,,,,,,,,,,,,,,70.00,,,,82050105,4090227,,false,false,12,2023-04-01,2024-03-31,-1
2024-07-31,9832,2025-03-31,1,,,,,,,,,,,,,,,,,,,,,,,,,,,,,60.00,,,,,,,false,true,12,2024-04-01,2025-03-31,0
2024-07-31,9832,2025-03-31,1,,,,,,,,,,,,,,,,,,,,,,,,,,,,,,,,,82050105,4103679,77951720,false,false,3,2024-04-01,2024-06-30,0
2024-07-31,9832,2024-03-31,1,,,,,,,,,,,,,,,,,,,,,,,,,,,,,,,,,,,77947985,false,false,3,2023-04-01,2023-06-30,-1
2024-10-31,9832,2025-03-31,2,110299000000,-0.014,,,,,2510000000,-0.273,2706000000,-0.204,,1638000000,,20.98,,,,,,205799000000,128291000000,0.623,1634.66,128134000000,,,,,,,,,,,,true,false,6,2024-04-01,2024-09-30,0
2024-10-31,9832,2024-03-31,2,111880000000,0.045,,,,,3452000000,-0.015,3398000000,-0.085,,5139000000,,65.93,,,,,,,,,,,,,,,,,,,,,,true,false,6,2023-04-01,2023-09-30,-1
2024-10-31,9832,2025-03-31,2,240300000000,0.045,,,,,12000000000,0.498,12500000000,0.544,,7700000000,,98.23,,,,,,,,,,,,,,,,,,,,,,true,true,12,2024-04-01,2025-03-31,0
2024-10-31,9832,2024-03-31,2,,,,,,,,,,,,,,,,,,,,194948000000,129152000000,0.661,1652.71,128845000000,,,,,,,,,,,,true,false,12,2023-04-01,2024-03-31,-1
2024-10-31,9832,2024-03-31,2,,,,,,,,,,,,,,,,,,,,,,,,,,,,,70.00,,,,82050105,4090227,,false,false,12,2023-04-01,2024-03-31,-1
2024-10-31,9832,2025-03-31,2,,,,,,,,,,,,,,,,,,,,,,,,,,,,,30.00,,,,,,,false,false,12,2024-04-01,2025-03-31,0
2024-10-31,9832,2025-03-31,2,,,,,,,,,,,,,,,,,,,,,,,,,,,,,60.00,,,,,,,false,true,12,2024-04-01,2025-03-31,0
2024-10-31,9832,2025-03-31,2,,,,,,,,,,,,,,,,,,,,,,,,,,,,,,,,,82050105,3664200,78092729,false,false,6,2024-04-01,2024-09-30,0
2024-10-31,9832,2024-03-31,2,,,,,,,,,,,,,,,,,,,,,,,,,,,,,,,,,,,77952668,false,false,6,2023-04-01,2023-09-30,-1
2025-01-31,9832,2025-03-31,3,188216000000,0.048,,,,,9945000000,0.106,10769000000,0.157,,7639000000,,97.68,,,,,,246069000000,132013000000,0.536,1679.75,131849000000,,,,,,,,,,,,true,false,9,2024-04-01,2024-12-31,0
2025-01-31,9832,2024-03-31,3,179637000000,0.008,,,,,8991000000,-0.084,9311000000,-0.057,,9106000000,,116.82,,,,,,,,,,,,,,,,,,,,,,true,false,9,2023-04-01,2023-12-31,-1
2025-01-31,9832,2025-03-31,3,240300000000,0.045,,,,,12000000000,0.498,12500000000,0.544,,7700000000,,98.10,,,,,,,,,,,,,,,,,,,,,,true,true,12,2024-04-01,2025-03-31,0
2025-01-31,9832,2024-03-31,3,,,,,,,,,,,,,,,,,,,,194948000000,129152000000,0.661,1652.71,128845000000,,,,,,,,,,,,true,false,12,2023-04-01,2024-03-31,-1
2025-01-31,9832,2024-03-31,3,,,,,,,,,,,,,,,,,,,,,,,,,,,,,70.00,,,,82050105,4090227,,false,false,12,2023-04-01,2024-03-31,-1
2025-01-31,9832,2025-03-31,3,,,,,,,,,,,,,,,,,,,,,,,,,,,,,30.00,,,,,,,false,false,12,2024-04-01,2025-03-31,0
2025-01-31,9832,2025-03-31,3,,,,,,,,,,,,,,,,,,,,,,,,,,,,,60.00,,,,,,,false,true,12,2024-04-01,2025-03-31,0
2025-01-31,9832,2025-03-31,3,,,,,,,,,,,,,,,,,,,,,,,,,,,,,,,,,82050105,3557000,78207187,false,false,9,2024-04-01,2024-12-31,0
2025-01-31,9832,2024-03-31,3,,,,,,,,,,,,,,,,,,,,,,,,,,,,,,,,,,,77955443,false,false,9,2023-04-01,2023-12-31,-1
2025-05-09,9832,2025-03-31,,249525000000,0.086,,,,,12126000000,0.514,12516000000,0.546,,8132000000,,103.89,,0.062,0.059,0.049,,228170000000,131963000000,0.578,1679.29,131808000000,3944000000,-18020000000,13973000000,31181000000,,0.578,,,,,,true,false,12,2024-04-01,2025-03-31,0
2025-05-09,9832,2024-03-31,,229856000000,-0.027,,,,,8010000000,-0.317,8093000000,-0.301,,6355000000,,81.52,,0.050,0.042,0.035,,194948000000,129152000000,0.661,1652.71,128845000000,14431000000,-449000000,-7413000000,31278000000,,0.859,,,,,,true,false,12,2023-04-01,2024-03-31,-1
2025-05-09,9832,2026-03-31,,276000000000,0.106,,,,,13500000000,0.113,13500000000,0.079,,8200000000,,104.47,,,,,,,,,,,,,,,,0.574,,,,,,true,true,12,2025-04-01,2026-03-31,1
2025-05-09,9832,2025-03-31,,165218000000,0.063,,,,,9314000000,1.366,10054000000,1.128,6548000000,,4.663,83.64,,,,,,175995000000,112443000000,0.639,1432.57,112443000000,,,,,60.00,,,,82050105,3559799,78277131,false,false,12,2024-04-01,2025-03-31,0
2025-05-09,9832,2024-03-31,,155489000000,-0.021,,,,,3937000000,-0.491,4724000000,-0.504,1156000000,,-0.787,14.83,,,,,,163183000000,110983000000,0.680,1422.80,110983000000,,,,,70.00,,,,82050105,4090227,77956603,false,false,12,2023-04-01,2024-03-31,-1
2025-05-09,9832,2026-03-31,,,,,,,,,,,,,,,,,,,,,,,,,,,,,,60.00,,,,,,,false,true,12,2025-04-01,2026-03-31,1
2025-07-31,9832,2026-03-31,1,64223000000,0.189,,,,,2686000000,1.541,3049000000,1.249,,2000000000,,25.49,,,,,,223232000000,131798000000,0.589,1674.30,131413000000,,,,,,,,,,,,true,false,3,2025-04-01,2025-06-30,0
2025-07-31,9832,2025-03-31,1,54011000000,-0.063,,,,,1057000000,-0.480,1356000000,-0.339,,730000000,,9.37,,,,,,,,,,,,,,,,,,,,,,true,false,3,2024-04-01,2024-06-30,-1
2025-07-31,9832,2026-03-31,1,276000000000,0.106,,,,,13500000000,0.113,13500000000,0.079,,8200000000,,104.47,,,,,,,,,,,,,,,,,,,,,,true,true,12,2025-04-01,2026-03-31,0
2025-07-31,9832,2025-03-31,1,,,,,,,,,,,,,,,,,,,,228170000000,131963000000,0.578,1679.29,131808000000,,,,,,,,,,,,true,false,12,2024-04-01,2025-03-31,-1
2025-07-31,9832,2025-03-31,1,,,,,,,,,,,,,,,,,,,,,,,,,,,,,60.00,,,,82050105,3559799,,false,false,12,2024-04-01,2025-03-31,-1
2025-07-31,9832,2026-03-31,1,,,,,,,,,,,,,,,,,,,,,,,,,,,,,60.00,,,,,,,false,true,12,2025-04-01,2026-03-31,0
2025-07-31,9832,2026-03-31,1,,,,,,,,,,,,,,,,,,,,,,,,,,,,,,,,,82050105,3561549,78489136,false,false,3,2025-04-01,2025-06-30,0
2025-07-31,9832,2025-03-31,1,,,,,,,,,,,,,,,,,,,,,,,,,,,,,,,,,,,77951720,false,false,3,2024-04-01,2024-06-30,-1
