filing_date,code,fiscal_year_end,quarterly_period,net_sales,net_sales_change,revenue,revenue_change,operating_revenue,operating_revenue_change,operating_profit,operating_profit_change,ordinary_profit,ordinary_profit_change,net_income,net_income_of_parent,net_income_change,eps,diluted_eps,roe,roa,operating_profit_to_net_sales,operating_profit_to_revenue,total_assets,net_assets,equity_ratio,bps,owner_equity,operating_cash_flow,investing_cash_flow,financing_cash_flow,cash,dividend_per_share,payout_ratio,commemorative_dividend,extra_dividend,number_of_shares,number_of_treqsury_shares,avg_number_of_shares,is_consolidated,is_forecast,duration,period_start,period_end,period_pos
2015-05-08,98820,2015-03-31,,121788000000,0.009,,,,,7484000000,-0.153,8468000000,-0.146,5542000000,,-0.240,240.01,239.71,0.098,0.100,0.061,,85496000000,59362000000,0.694,2564.25,59315000000,4552000000,-3964000000,-4358000000,4083000000,,0.192,,,,,,true,false,12,2014-04-01,2015-03-31,0
2015-05-08,98820,2014-03-31,,120671000000,0.027,,,,,8831000000,0.248,9920000000,0.217,7296000000,,0.204,321.89,321.68,0.145,0.120,0.073,,83252000000,53378000000,0.641,2353.50,53355000000,8273000000,-1043000000,-7300000000,7284000000,,0.124,,,,,,true,false,12,2013-04-01,2014-03-31,-1
2015-05-08,98820,2016-03-31,,60000000000,0.089,,,,,2800000000,0.129,3300000000,0.136,,2400000000,,103.75,,,,,,,,,,,,,,,,,,,,,,true,true,6,2015-04-01,2015-09-30,1
2015-05-08,98820,2016-03-31,,130000000000,0.067,,,,,8000000000,0.069,9000000000,0.063,,5800000000,,250.74,,,,,,,,,,,,,,,,0.207,,,,,,true,true,12,2015-04-01,2016-03-31,1
2015-05-08,98820,2015-03-31,,95576000000,-0.038,,,,,7199000000,0.060,8046000000,0.060,5218000000,,-0.122,225.86,225.56,,,,,82053000000,54446000000,0.663,2350.49,54398000000,,,,,46.00,,,,24961573,1830000,23093455,false,false,12,2014-04-01,2015-03-31,0
2015-05-08,98820,2014-03-31,,99401000000,0.033,,,,,6791000000,0.060,7588000000,0.087,5941000000,,0.556,261.90,261.72,,,,,79818000000,48813000000,0.611,2151.01,48791000000,,,,,40.00,,,,24961573,2290663,22666779,false,false,12,2013-04-01,2014-03-31,-1
2015-05-08,98820,2016-03-31,,,,,,,,,,,,,,,,,,,,,,,,,,,,,,52.00,,,,,,,false,true,12,2015-04-01,2016-03-31,1
2015-07-31,98820,2016-03-31,1,27925000000,0.074,,,,,1599000000,0.540,2070000000,0.579,,1411000000,,61.02,60.93,,,,,80313000000,60391000000,0.751,2607.65,60318000000,,,,,,,,,,,,true,false,3,2015-04-01,2015-06-30,0
2015-07-31,98820,2015-03-31,1,26005000000,-0.016,,,,,1038000000,-0.076,1311000000,-0.087,,1038000000,,45.19,45.15,,,,,,,,,,,,,,,,,,,,,true,false,3,2014-04-01,2014-06-30,-1
2015-07-31,98820,2016-03-31,1,60000000000,0.089,,,,,2800000000,0.129,3300000000,0.136,,2400000000,,103.75,,,,,,,,,,,,,,,,,,,,,,true,true,6,2015-04-01,2015-09-30,0
2015-07-31,98820,2016-03-31,1,130000000000,0.067,,,,,8000000000,0.069,9000000000,0.063,,5800000000,,250.74,,,,,,,,,,,,,,,,,,,,,,true,true,12,2015-04-01,2016-03-31,0
2015-07-31,98820,2015-03-31,1,,,,,,,,,,,,,,,,,,,,85496000000,59362000000,0.694,2564.25,59315000000,,,,,,,,,,,,true,false,12,2014-04-01,2015-03-31,-1
2015-07-31,98820,2015-03-31,1,,,,,,,,,,,,,,,,,,,,,,,,,,,,,46.00,,,,24961573,1830000,,false,false,12,2014-04-01,2015-03-31,-1
2015-07-31,98820,2016-03-31,1,,,,,,,,,,,,,,,,,,,,,,,,,,,,,52.00,,,,,,,false,true,12,2015-04-01,2016-03-31,0
2015-07-31,98820,2016-03-31,1,,,,,,,,,,,,,,,,,,,,,,,,,,,,,,,,,24961573,1830097,23131541,false,false,3,2015-04-01,2015-06-30,0
2015-07-31,98820,2015-03-31,1,,,,,,,,,,,,,,,,,,,,,,,,,,,,,,,,,,,22978348,false,false,3,2014-04-01,2014-06-30,-1
2015-10-30,98820,2016-03-31,2,58354000000,0.059,,,,,3121000000,0.259,3748000000,0.291,,2555000000,,110.48,110.29,,,,,85719000000,61383000000,0.715,2650.56,61310000000,,,,,,,,,,,,true,false,6,2015-04-01,2015-09-30,0
2015-10-30,98820,2015-03-31,2,55082000000,0.029,,,,,2479000000,-0.161,2904000000,-0.160,,2156000000,,93.54,93.44,,,,,,,,,,,,,,,,,,,,,true,false,6,2014-04-01,2014-09-30,-1
2015-10-30,98820,2016-03-31,2,128354000000,0.054,,,,,8321000000,0.112,9448000000,0.116,,5955000000,,257.46,,,,,,,,,,,,,,,,,,,,,,true,true,12,2015-04-01,2016-03-31,0
2015-10-30,98820,2015-03-31,2,,,,,,,,,,,,,,,,,,,,85496000000,59362000000,0.694,2564.25,59315000000,,,,,,,,,,,,true,false,12,2014-04-01,2015-03-31,-1
2015-10-30,98820,2015-03-31,2,,,,,,,,,,,,,,,,,,,,,,,,,,,,,46.00,,,,24961573,1830000,,false,false,12,2014-04-01,2015-03-31,-1
2015-10-30,98820,2016-03-31,2,,,,,,,,,,,,,,,,,,,,,,,,,,,,,26.00,,,,,,,false,false,12,2015-04-01,2016-03-31,0
2015-10-30,98820,2016-03-31,2,,,,,,,,,,,,,,,,,,,,,,,,,,,,,52.00,,,,,,,false,true,12,2015-04-01,2016-03-31,0
2015-10-30,98820,2016-03-31,2,,,,,,,,,,,,,,,,,,,,,,,,,,,,,,,,,24961573,1830238,23131448,false,false,6,2015-04-01,2015-09-30,0
2015-10-30,98820,2015-03-31,2,,,,,,,,,,,,,,,,,,,,,,,,,,,,,,,,,,,23055178,false,false,6,2014-04-01,2014-09-30,-1
2016-01-29,98820,2016-03-31,3,98254000000,0.015,,,,,5387000000,-0.096,6326000000,-0.042,,4292000000,,185.60,185.27,,,,,88527000000,62527000000,0.706,2701.96,62454000000,,,,,,,,,,,,true,false,9,2015-04-01,2015-12-31,0
2016-01-29,98820,2015-03-31,3,96784000000,0.042,,,,,5956000000,-0.100,6606000000,-0.099,,4514000000,,195.61,195.37,,,,,,,,,,,,,,,,,,,,,true,false,9,2014-04-01,2014-12-31,-1
2016-01-29,98820,2016-03-31,3,128354000000,0.054,,,,,8321000000,0.112,9448000000,0.116,,5955000000,,257.46,,,,,,,,,,,,,,,,,,,,,,true,true,12,2015-04-01,2016-03-31,0
2016-01-29,98820,2015-03-31,3,,,,,,,,,,,,,,,,,,,,85496000000,59362000000,0.694,2564.25,59315000000,,,,,,,,,,,,true,false,12,2014-04-01,2015-03-31,-1
2016-01-29,98820,2015-03-31,3,,,,,,,,,,,,,,,,,,,,,,,,,,,,,46.00,,,,24961573,1830000,,false,false,12,2014-04-01,2015-03-31,-1
2016-01-29,98820,2016-03-31,3,,,,,,,,,,,,,,,,,,,,,,,,,,,,,26.00,,,,,,,false,false,12,2015-04-01,2016-03-31,0
2016-01-29,98820,2016-03-31,3,,,,,,,,,,,,,,,,,,,,,,,,,,,,,52.00,,,,,,,false,true,12,2015-04-01,2016-03-31,0
2016-01-29,98820,2016-03-31,3,,,,,,,,,,,,,,,,,,,,,,,,,,,,,,,,,24961573,1847075,23129409,false,false,9,2015-04-01,2015-12-31,0
2016-01-29,98820,2015-03-31,3,,,,,,,,,,,,,,,,,,,,,,,,,,,,,,,,,,,23080728,false,false,9,2014-04-01,2014-12-31,-1
,98820,2016-03-31,,,,,,,,,,,,,,,,,,,,,,,,,,,,,,54.00,,,,,,,false,true,12,2015-04-01,2016-03-31,0
,98820,2016-03-31,,,,,,,,,,,,,,,,,,,,,,,,,,,,,,26.00,,,,,,,false,false,12,2015-04-01,2016-03-31,0
,98820,2015-03-31,,,,,,,,,,,,,,,,,,,,,,,,,,,,,,46.00,,,,,,,false,false,12,2014-04-01,2015-03-31,-1
2016-05-10,98820,2016-03-31,,125961000000,0.034,,,,,7203000000,-0.038,8406000000,-0.007,,5612000000,,242.71,242.27,0.091,0.097,0.057,,87506000000,63556000000,0.726,2746.50,63483000000,5515000000,-3643000000,-3638000000,2316000000,,0.222,,,,,,true,false,12,2015-04-01,2016-03-31,0
2016-05-10,98820,2015-03-31,,121788000000,0.009,,,,,7484000000,-0.153,8468000000,-0.146,,5542000000,,240.01,239.71,0.098,0.100,0.061,,85496000000,59362000000,0.694,2564.25,59315000000,4552000000,-3964000000,-4358000000,4083000000,,0.192,,,,,,true,false,12,2014-04-01,2015-03-31,-1
2016-05-10,98820,2017-03-31,,61500000000,0.054,,,,,3300000000,0.057,3800000000,0.014,,2600000000,,112.48,,,,,,,,,,,,,,,,,,,,,,true,true,6,2016-04-01,2016-09-30,1
2016-05-10,98820,2017-03-31,,134000000000,0.064,,,,,8200000000,0.138,9200000000,0.094,,6200000000,,268.23,,,,,,,,,,,,,,,,0.224,,,,,,true,true,12,2016-04-01,2017-03-31,1
2016-05-10,98820,2016-03-31,,93937000000,-0.017,,,,,6741000000,-0.064,11256000000,0.399,8539000000,,0.636,368.97,368.30,,,,,83102000000,61670000000,0.741,2661.63,61598000000,,,,,54.00,,,,24961573,1847125,23125669,false,false,12,2015-04-01,2016-03-31,0
2016-05-10,98820,2015-03-31,,95576000000,-0.038,,,,,7199000000,0.060,8046000000,0.060,5218000000,,-0.122,225.86,225.56,,,,,82053000000,54446000000,0.663,2350.49,54398000000,,,,,46.00,,,,24961573,1830000,23093455,false,false,12,2014-04-01,2015-03-31,-1
2016-05-10,98820,2017-03-31,,,,,,,,,,,,,,,,,,,,,,,,,,,,,,60.00,,,,,,,false,true,12,2016-04-01,2017-03-31,1
2016-07-29,98820,2017-03-31,1,29176000000,0.045,,,,,938000000,-0.413,1225000000,-0.408,,833000000,,36.17,36.10,,,,,83147000000,63550000000,0.763,2752.73,63451000000,,,,,,,,,,,,true,false,3,2016-04-01,2016-06-30,0
2016-07-29,98820,2016-03-31,1,27925000000,0.074,,,,,1599000000,0.540,2070000000,0.579,,1411000000,,61.02,60.93,,,,,,,,,,,,,,,,,,,,,true,false,3,2015-04-01,2015-06-30,-1
2016-07-29,98820,2017-03-31,1,61500000000,0.054,,,,,3300000000,0.057,3800000000,0.014,,2600000000,,112.48,,,,,,,,,,,,,,,,,,,,,,true,true,6,2016-04-01,2016-09-30,0
2016-07-29,98820,2017-03-31,1,134000000000,0.064,,,,,8200000000,0.138,9200000000,0.094,,6200000000,,268.23,,,,,,,,,,,,,,,,,,,,,,true,true,12,2016-04-01,2017-03-31,0
2016-07-29,98820,2016-03-31,1,,,,,,,,,,,,,,,,,,,,87506000000,63556000000,0.726,2746.50,63483000000,,,,,,,,,,,,true,false,12,2015-04-01,2016-03-31,-1
2016-07-29,98820,2016-03-31,1,,,,,,,,,,,,,,,,,,,,,,,,,,,,,54.00,,,,24961573,1847125,,false,false,12,2015-04-01,2016-03-31,-1
2016-07-29,98820,2017-03-31,1,,,,,,,,,,,,,,,,,,,,,,,,,,,,,60.00,,,,,,,false,true,12,2016-04-01,2017-03-31,0
2016-07-29,98820,2017-03-31,1,,,,,,,,,,,,,,,,,,,,,,,,,,,,,,,,,24961573,1911086,23051121,false,false,3,2016-04-01,2016-06-30,0
2016-07-29,98820,2016-03-31,1,,,,,,,,,,,,,,,,,,,,,,,,,,,,,,,,,,,23131541,false,false,3,2015-04-01,2015-06-30,-1
2016-10-28,98820,2017-03-31,,59420000000,-0.034,,,,,1856000000,-0.437,2348000000,-0.382,,1608000000,,69.78,,,,,,,,,,,,,,,,,,,,,,true,true,6,2016-04-01,2016-09-30,0
2016-10-28,98820,2016-03-31,,58354000000,,,,,,3121000000,,3748000000,,,2555000000,,110.48,,,,,,,,,,,,,,,,,,,,,,true,false,6,2015-04-01,2015-09-30,-1
2016-10-28,98820,2017-03-31,,131920000000,-0.016,,,,,7418000000,-0.095,8410000000,-0.086,,5656000000,,245.25,,,,,,,,,,,,,,,,,,,,,,true,true,12,2016-04-01,2017-03-31,0
2016-10-28,98820,2016-03-31,,125961000000,,,,,,7203000000,,8406000000,,,5612000000,,242.71,,,,,,,,,,,,,,,,,,,,,,true,false,12,2015-04-01,2016-03-31,-1
2016-10-31,98820,2017-03-31,2,59420000000,0.018,,,,,1856000000,-0.405,2348000000,-0.374,,1608000000,,69.78,69.62,,,,,89003000000,64275000000,0.721,2784.23,64176000000,,,,,,,,,,,,true,false,6,2016-04-01,2016-09-30,0
2016-10-31,98820,2016-03-31,2,58354000000,0.059,,,,,3121000000,0.259,3748000000,0.291,,2555000000,,110.48,110.29,,,,,,,,,,,,,,,,,,,,,true,false,6,2015-04-01,2015-09-30,-1
2016-10-31,98820,2017-03-31,2,131920000000,0.047,,,,,7418000000,0.030,8410000000,0.000,,5656000000,,245.25,,,,,,,,,,,,,,,,,,,,,,true,true,12,2016-04-01,2017-03-31,0
2016-10-31,98820,2016-03-31,2,,,,,,,,,,,,,,,,,,,,87506000000,63556000000,0.726,2746.50,63483000000,,,,,,,,,,,,true,false,12,2015-04-01,2016-03-31,-1
2016-10-31,98820,2016-03-31,2,,,,,,,,,,,,,,,,,,,,,,,,,,,,,54.00,,,,24961573,1847125,,false,false,12,2015-04-01,2016-03-31,-1
2016-10-31,98820,2017-03-31,2,,,,,,,,,,,,,,,,,,,,,,,,,,,,,30.00,,,,,,,false,false,12,2016-04-01,2017-03-31,0
2016-10-31,98820,2017-03-31,2,,,,,,,,,,,,,,,,,,,,,,,,,,,,,60.00,,,,,,,false,true,12,2016-04-01,2017-03-31,0
2016-10-31,98820,2017-03-31,2,,,,,,,,,,,,,,,,,,,,,,,,,,,,,,,,,24961573,1911521,23050645,false,false,6,2016-04-01,2016-09-30,0
2016-10-31,98820,2016-03-31,2,,,,,,,,,,,,,,,,,,,,,,,,,,,,,,,,,,,23131448,false,false,6,2015-04-01,2015-09-30,-1
2017-01-31,98820,2017-03-31,3,101571000000,0.034,,,,,5514000000,0.024,6320000000,-0.001,,4279000000,,185.67,185.22,,,,,91920000000,66428000000,0.722,2877.62,66329000000,,,,,,,,,,,,true,false,9,2016-04-01,2016-12-31,0
2017-01-31,98820,2016-03-31,3,98254000000,0.015,,,,,5387000000,-0.096,6326000000,-0.042,,4292000000,,185.60,185.27,,,,,,,,,,,,,,,,,,,,,true,false,9,2015-04-01,2015-12-31,-1
2017-01-31,98820,2017-03-31,3,131920000000,0.047,,,,,7418000000,0.030,8410000000,0.000,,5656000000,,245.25,,,,,,,,,,,,,,,,,,,,,,true,true,12,2016-04-01,2017-03-31,0
2017-01-31,98820,2016-03-31,3,,,,,,,,,,,,,,,,,,,,87506000000,63556000000,0.726,2746.50,63483000000,,,,,,,,,,,,true,false,12,2015-04-01,2016-03-31,-1
2017-01-31,98820,2016-03-31,3,,,,,,,,,,,,,,,,,,,,,,,,,,,,,54.00,,,,24961573,1847125,,false,false,12,2015-04-01,2016-03-31,-1
2017-01-31,98820,2017-03-31,3,,,,,,,,,,,,,,,,,,,,,,,,,,,,,30.00,,,,,,,false,false,12,2016-04-01,2017-03-31,0
2017-01-31,98820,2017-03-31,3,,,,,,,,,,,,,,,,,,,,,,,,,,,,,60.00,,,,,,,false,true,12,2016-04-01,2017-03-31,0
2017-01-31,98820,2017-03-31,3,,,,,,,,,,,,,,,,,,,,,,,,,,,,,,,,,24961573,1911589,23050440,false,false,9,2016-04-01,2016-12-31,0
2017-01-31,98820,2016-03-31,3,,,,,,,,,,,,,,,,,,,,,,,,,,,,,,,,,,,23129409,false,false,9,2015-04-01,2015-12-31,-1
2017-05-09,98820,2017-03-31,,129817000000,0.031,,,,,6939000000,-0.037,8099000000,-0.036,,5580000000,,242.08,241.49,0.085,0.090,0.053,,93485000000,67824000000,0.724,2938.21,67725000000,7567000000,-4301000000,-1963000000,3619000000,,0.248,,,,,,true,false,12,2016-04-01,2017-03-31,0
2017-05-09,98820,2016-03-31,,125961000000,0.034,,,,,7203000000,-0.038,8406000000,-0.007,,5612000000,,242.71,242.27,0.091,0.097,0.057,,87506000000,63556000000,0.726,2746.50,63483000000,5515000000,-3643000000,-3638000000,2316000000,,0.222,,,,,,true,false,12,2015-04-01,2016-03-31,-1
2017-05-09,98820,2018-03-31,,61500000000,0.035,,,,,1900000000,0.023,2400000000,0.022,,1650000000,,71.58,,,,,,,,,,,,,,,,,,,,,,true,true,6,2017-04-01,2017-09-30,1
2017-05-09,98820,2018-03-31,,135000000000,0.040,,,,,7500000000,0.081,8500000000,0.049,,5700000000,,247.29,,,,,,,,,,,,,,,,0.267,,,,,,true,true,12,2017-04-01,2018-03-31,1
2017-05-09,98820,2017-03-31,,95732000000,0.019,,,,,7034000000,0.043,7976000000,-0.291,5262000000,,-0.384,228.06,227.51,,,,,88760000000,65514000000,0.737,2836.53,65416000000,,,,,60.00,,,,24961573,1911774,23050300,false,false,12,2016-04-01,2017-03-31,0
2017-05-09,98820,2016-03-31,,93937000000,-0.017,,,,,6741000000,-0.064,11256000000,0.399,8539000000,,0.636,368.97,368.30,,,,,83102000000,61670000000,0.741,2661.63,61598000000,,,,,54.00,,,,24961573,1847125,23125669,false,false,12,2015-04-01,2016-03-31,-1
2017-05-09,98820,2018-03-31,,,,,,,,,,,,,,,,,,,,,,,,,,,,,,66.00,,,,,,,false,true,12,2017-04-01,2018-03-31,1
2017-07-31,98820,2018-03-31,1,31807000000,0.090,,,,,1929000000,1.056,2210000000,0.803,,1214000000,,52.69,52.54,,,,,88175000000,68339000000,0.774,2959.51,68215000000,,,,,,,,,,,,true,false,3,2017-04-01,2017-06-30,0
2017-07-31,98820,2017-03-31,1,29176000000,0.045,,,,,938000000,-0.413,1225000000,-0.408,,833000000,,36.17,36.10,,,,,,,,,,,,,,,,,,,,,true,false,3,2016-04-01,2016-06-30,-1
2017-07-31,98820,2018-03-31,1,61500000000,0.035,,,,,1900000000,0.023,2400000000,0.022,,1650000000,,71.58,,,,,,,,,,,,,,,,,,,,,,true,true,6,2017-04-01,2017-09-30,0
2017-07-31,98820,2018-03-31,1,135000000000,0.040,,,,,7500000000,0.081,8500000000,0.049,,5700000000,,247.29,,,,,,,,,,,,,,,,,,,,,,true,true,12,2017-04-01,2018-03-31,0
2017-07-31,98820,2017-03-31,1,,,,,,,,,,,,,,,,,,,,93485000000,67824000000,0.724,2938.21,67725000000,,,,,,,,,,,,true,false,12,2016-04-01,2017-03-31,-1
2017-07-31,98820,2017-03-31,1,,,,,,,,,,,,,,,,,,,,,,,,,,,,,60.00,,,,24961573,1911774,,false,false,12,2016-04-01,2017-03-31,-1
2017-07-31,98820,2018-03-31,1,,,,,,,,,,,,,,,,,,,,,,,,,,,,,66.00,,,,,,,false,true,12,2017-04-01,2018-03-31,0
2017-07-31,98820,2018-03-31,1,,,,,,,,,,,,,,,,,,,,,,,,,,,,,,,,,24961573,1911853,23049773,false,false,3,2017-04-01,2017-06-30,0
2017-07-31,98820,2017-03-31,1,,,,,,,,,,,,,,,,,,,,,,,,,,,,,,,,,,,23051121,false,false,3,2016-04-01,2016-06-30,-1
2017-10-30,98820,2018-03-31,,63643000000,0.035,,,,,3160000000,0.663,3668000000,0.528,,2242000000,,97.29,,,,,,,,,,,,,,,,,,,,,,true,true,6,2017-04-01,2017-09-30,0
2017-10-30,98820,2017-03-31,,59420000000,,,,,,1856000000,,2348000000,,,1608000000,,69.78,,,,,,,,,,,,,,,,,,,,,,true,false,6,2016-04-01,2016-09-30,-1
2017-10-30,98820,2018-03-31,,137143000000,0.016,,,,,8760000000,0.168,9768000000,0.149,,6292000000,,273.00,,,,,,,,,,,,,,,,,,,,,,true,true,12,2017-04-01,2018-03-31,0
2017-10-30,98820,2017-03-31,,129817000000,,,,,,6939000000,,8099000000,,,5580000000,,242.08,,,,,,,,,,,,,,,,,,,,,,true,false,12,2016-04-01,2017-03-31,-1
2017-10-31,98820,2018-03-31,2,63643000000,0.071,,,,,3160000000,0.702,3668000000,0.562,,2242000000,,97.29,97.01,,,,,94237000000,69378000000,0.735,3004.60,69255000000,,,,,,,,,,,,true,false,6,2017-04-01,2017-09-30,0
2017-10-31,98820,2017-03-31,2,59420000000,0.018,,,,,1856000000,-0.405,2348000000,-0.374,,1608000000,,69.78,69.62,,,,,,,,,,,,,,,,,,,,,true,false,6,2016-04-01,2016-09-30,-1
2017-10-31,98820,2018-03-31,2,137143000000,0.056,,,,,8760000000,0.262,9768000000,0.206,,6292000000,,273.00,,,,,,,,,,,,,,,,,,,,,,true,true,12,2017-04-01,2018-03-31,0
2017-10-31,98820,2017-03-31,2,,,,,,,,,,,,,,,,,,,,93485000000,67824000000,0.724,2938.21,67725000000,,,,,,,,,,,,true,false,12,2016-04-01,2017-03-31,-1
2017-10-31,98820,2017-03-31,2,,,,,,,,,,,,,,,,,,,,,,,,,,,,,60.00,,,,24961573,1911774,,false,false,12,2016-04-01,2017-03-31,-1
2017-10-31,98820,2018-03-31,2,,,,,,,,,,,,,,,,,,,,,,,,,,,,,33.00,,,,,,,false,false,12,2017-04-01,2018-03-31,0
2017-10-31,98820,2018-03-31,2,,,,,,,,,,,,,,,,,,,,,,,,,,,,,66.00,,,,,,,false,true,12,2017-04-01,2018-03-31,0
2017-10-31,98820,2018-03-31,2,,,,,,,,,,,,,,,,,,,,,,,,,,,,,,,,,24961573,1911853,23049747,false,false,6,2017-04-01,2017-09-30,0
2017-10-31,98820,2017-03-31,2,,,,,,,,,,,,,,,,,,,,,,,,,,,,,,,,,,,23050645,false,false,6,2016-04-01,2016-09-30,-1
2018-01-31,98820,2018-03-31,3,107623000000,0.060,,,,,7739000000,0.404,8622000000,0.364,,5578000000,,242.02,241.30,,,,,96126000000,72212000000,0.750,3127.45,72086000000,,,,,,,,,,,,true,false,9,2017-04-01,2017-12-31,0
2018-01-31,98820,2017-03-31,3,101571000000,0.034,,,,,5514000000,0.024,6320000000,-0.001,,4279000000,,185.67,185.22,,,,,,,,,,,,,,,,,,,,,true,false,9,2016-04-01,2016-12-31,-1
2018-01-31,98820,2018-03-31,3,137143000000,0.056,,,,,8760000000,0.262,9768000000,0.206,,6292000000,,273.00,,,,,,,,,,,,,,,,,,,,,,true,true,12,2017-04-01,2018-03-31,0
2018-01-31,98820,2017-03-31,3,,,,,,,,,,,,,,,,,,,,93485000000,67824000000,0.724,2938.21,67725000000,,,,,,,,,,,,true,false,12,2016-04-01,2017-03-31,-1
2018-01-31,98820,2017-03-31,3,,,,,,,,,,,,,,,,,,,,,,,,,,,,,60.00,,,,24961573,1911774,,false,false,12,2016-04-01,2017-03-31,-1
2018-01-31,98820,2018-03-31,3,,,,,,,,,,,,,,,,,,,,,,,,,,,,,33.00,,,,,,,false,false,12,2017-04-01,2018-03-31,0
2018-01-31,98820,2018-03-31,3,,,,,,,,,,,,,,,,,,,,,,,,,,,,,66.00,,,,,,,false,true,12,2017-04-01,2018-03-31,0
2018-01-31,98820,2018-03-31,3,,,,,,,,,,,,,,,,,,,,,,,,,,,,,,,,,24961573,1911915,23049731,false,false,9,2017-04-01,2017-12-31,0
2018-01-31,98820,2017-03-31,3,,,,,,,,,,,,,,,,,,,,,,,,,,,,,,,,,,,23050440,false,false,9,2016-04-01,2016-12-31,-1
2018-05-09,98820,2018-03-31,,137865000000,0.062,,,,,9561000000,0.378,10689000000,0.320,,6839000000,,296.70,295.82,0.097,0.110,0.069,,100286000000,73363000000,0.730,3177.19,73240000000,9696000000,-4471000000,-1454000000,7389000000,,0.222,,,,,,true,false,12,2017-04-01,2018-03-31,0
2018-05-09,98820,2017-03-31,,129817000000,0.031,,,,,6939000000,-0.037,8099000000,-0.036,,5580000000,,242.08,241.49,0.085,0.090,0.053,,93485000000,67824000000,0.724,2938.21,67725000000,7567000000,-4301000000,-1963000000,3619000000,,0.248,,,,,,true,false,12,2016-04-01,2017-03-31,-1
2018-05-09,98820,2019-03-31,,65000000000,0.021,,,,,3200000000,0.013,3800000000,0.036,,2800000000,,121.46,,,,,,,,,,,,,,,,,,,,,,true,true,6,2018-04-01,2018-09-30,1
2018-05-09,98820,2019-03-31,,143000000000,0.037,,,,,9700000000,0.015,10800000000,0.010,,7300000000,,316.68,,,,,,,,,,,,,,,,0.227,,,,,,true,true,12,2018-04-01,2019-03-31,1
2018-05-09,98820,2018-03-31,,97297000000,0.016,,,,,7535000000,0.071,8450000000,0.059,5471000000,,0.040,237.24,236.53,,,,,93692000000,69644000000,0.742,3014.41,69525000000,,,,,66.00,,,,24961573,1909610,23050097,false,false,12,2017-04-01,2018-03-31,0
2018-05-09,98820,2017-03-31,,95732000000,0.019,,,,,7034000000,0.043,7976000000,-0.291,5262000000,,-0.384,228.06,227.51,,,,,88760000000,65514000000,0.737,2836.53,65416000000,,,,,60.00,,,,24961573,1911774,23050300,false,false,12,2016-04-01,2017-03-31,-1
2018-05-09,98820,2019-03-31,,,,,,,,,,,,,,,,,,,,,,,,,,,,,,72.00,,,,,,,false,true,12,2018-04-01,2019-03-31,1
2018-07-31,98820,2019-03-31,1,31396000000,-0.013,,,,,1399000000,-0.275,1815000000,-0.178,,1308000000,,56.76,56.58,,,,,94925000000,73865000000,0.777,3197.90,73717000000,,,,,,,,,,,,true,false,3,2018-04-01,2018-06-30,0
2018-07-31,98820,2018-03-31,1,31807000000,0.090,,,,,1929000000,1.056,2210000000,0.803,,1214000000,,52.69,52.54,,,,,,,,,,,,,,,,,,,,,true,false,3,2017-04-01,2017-06-30,-1
2018-07-31,98820,2019-03-31,1,65000000000,0.021,,,,,3200000000,0.013,3800000000,0.036,,2800000000,,121.46,,,,,,,,,,,,,,,,,,,,,,true,true,6,2018-04-01,2018-09-30,0
2018-07-31,98820,2019-03-31,1,143000000000,0.037,,,,,9700000000,0.015,10800000000,0.010,,7300000000,,316.68,,,,,,,,,,,,,,,,,,,,,,true,true,12,2018-04-01,2019-03-31,0
2018-07-31,98820,2018-03-31,1,,,,,,,,,,,,,,,,,,,,100286000000,73363000000,0.730,3177.19,73240000000,,,,,,,,,,,,true,false,12,2017-04-01,2018-03-31,-1
2018-07-31,98820,2018-03-31,1,,,,,,,,,,,,,,,,,,,,,,,,,,,,,66.00,,,,24961573,1909610,,false,false,12,2017-04-01,2018-03-31,-1
2018-07-31,98820,2019-03-31,1,,,,,,,,,,,,,,,,,,,,,,,,,,,,,72.00,,,,,,,false,true,12,2018-04-01,2019-03-31,0
2018-07-31,98820,2019-03-31,1,,,,,,,,,,,,,,,,,,,,,,,,,,,,,,,,,24961573,1909630,23051953,false,false,3,2018-04-01,2018-06-30,0
2018-07-31,98820,2018-03-31,1,,,,,,,,,,,,,,,,,,,,,,,,,,,,,,,,,,,23049773,false,false,3,2017-04-01,2017-06-30,-1
2018-10-31,98820,2019-03-31,2,63916000000,0.004,,,,,2952000000,-0.066,3666000000,-0.001,,2525000000,,109.57,109.21,,,,,102849000000,75080000000,0.729,3250.62,74934000000,,,,,,,,,,,,true,false,6,2018-04-01,2018-09-30,0
2018-10-31,98820,2018-03-31,2,63643000000,0.071,,,,,3160000000,0.702,3668000000,0.562,,2242000000,,97.29,97.01,,,,,,,,,,,,,,,,,,,,,true,false,6,2017-04-01,2017-09-30,-1
2018-10-31,98820,2019-03-31,2,141916000000,0.029,,,,,9452000000,-0.011,10666000000,-0.002,,7025000000,,304.77,,,,,,,,,,,,,,,,,,,,,,true,true,12,2018-04-01,2019-03-31,0
2018-10-31,98820,2018-03-31,2,,,,,,,,,,,,,,,,,,,,100286000000,73363000000,0.730,3177.19,73240000000,,,,,,,,,,,,true,false,12,2017-04-01,2018-03-31,-1
2018-10-31,98820,2018-03-31,2,,,,,,,,,,,,,,,,,,,,,,,,,,,,,66.00,,,,24961573,1909610,,false,false,12,2017-04-01,2018-03-31,-1
2018-10-31,98820,2019-03-31,2,,,,,,,,,,,,,,,,,,,,,,,,,,,,,36.00,,,,,,,false,false,12,2018-04-01,2019-03-31,0
2018-10-31,98820,2019-03-31,2,,,,,,,,,,,,,,,,,,,,,,,,,,,,,72.00,,,,,,,false,true,12,2018-04-01,2019-03-31,0
2018-10-31,98820,2019-03-31,2,,,,,,,,,,,,,,,,,,,,,,,,,,,,,,,,,24961573,1909089,23052104,false,false,6,2018-04-01,2018-09-30,0
2018-10-31,98820,2018-03-31,2,,,,,,,,,,,,,,,,,,,,,,,,,,,,,,,,,,,23049747,false,false,6,2017-04-01,2017-09-30,-1
2019-01-31,98820,2019-03-31,3,109257000000,0.015,,,,,8068000000,0.042,9060000000,0.051,,6165000000,,267.45,266.56,,,,,101768000000,77779000000,0.763,3367.43,77627000000,,,,,,,,,,,,true,false,9,2018-04-01,2018-12-31,0
2019-01-31,98820,2018-03-31,3,107623000000,0.060,,,,,7739000000,0.404,8622000000,0.364,,5578000000,,242.02,241.30,,,,,,,,,,,,,,,,,,,,,true,false,9,2017-04-01,2017-12-31,-1
2019-01-31,98820,2019-03-31,3,141916000000,0.029,,,,,9452000000,-0.011,10666000000,-0.002,,7025000000,,304.77,,,,,,,,,,,,,,,,,,,,,,true,true,12,2018-04-01,2019-03-31,0
2019-01-31,98820,2018-03-31,3,,,,,,,,,,,,,,,,,,,,100286000000,73363000000,0.730,3177.19,73240000000,,,,,,,,,,,,true,false,12,2017-04-01,2018-03-31,-1
2019-01-31,98820,2018-03-31,3,,,,,,,,,,,,,,,,,,,,,,,,,,,,,66.00,,,,24961573,1909610,,false,false,12,2017-04-01,2018-03-31,-1
2019-01-31,98820,2019-03-31,3,,,,,,,,,,,,,,,,,,,,,,,,,,,,,36.00,,,,,,,false,false,12,2018-04-01,2019-03-31,0
2019-01-31,98820,2019-03-31,3,,,,,,,,,,,,,,,,,,,,,,,,,,,,,72.00,,,,,,,false,true,12,2018-04-01,2019-03-31,0
2019-01-31,98820,2019-03-31,3,,,,,,,,,,,,,,,,,,,,,,,,,,,,,,,,,24961573,1909121,23052220,false,false,9,2018-04-01,2018-12-31,0
2019-01-31,98820,2018-03-31,3,,,,,,,,,,,,,,,,,,,,,,,,,,,,,,,,,,,23049731,false,false,9,2017-04-01,2017-12-31,-1
2019-05-09,98820,2019-03-31,,139200000000,0.010,,,,,9583000000,0.002,10986000000,0.028,,7329000000,,158.96,158.43,0.096,0.107,0.069,,105320000000,78940000000,0.748,1708.79,78791000000,10575000000,-3266000000,-1719000000,12979000000,,0.226,,,,,,true,false,12,2018-04-01,2019-03-31,0
2019-05-09,98820,2018-03-31,,137865000000,0.062,,,,,9561000000,0.378,10689000000,0.320,,6839000000,,148.35,147.91,0.097,0.110,0.069,,100286000000,73363000000,0.730,1588.60,73240000000,9696000000,-4471000000,-1454000000,7389000000,,0.222,,,,,,true,false,12,2017-04-01,2018-03-31,-1
2019-05-09,98820,2020-03-31,,67000000000,0.048,,,,,3800000000,0.287,4400000000,0.200,,3300000000,,71.57,,,,,,,,,,,,,,,,,,,,,,true,true,6,2019-04-01,2019-09-30,1
2019-05-09,98820,2020-03-31,,143000000000,0.027,,,,,10500000000,0.096,11400000000,0.038,,7600000000,,164.82,,,,,,,,,,,,,,,,0.243,,,,,,true,true,12,2019-04-01,2020-03-31,1
2019-05-09,98820,2019-03-31,,96834000000,-0.005,,,,,8070000000,0.071,9033000000,0.069,5928000000,,0.084,128.52,128.10,,,,,97009000000,73808000000,0.759,1596.83,73669000000,,,,,72.00,,,,49923146,3813333,46105790,false,false,12,2018-04-01,2019-03-31,0
2019-05-09,98820,2018-03-31,,97297000000,0.016,,,,,7535000000,0.071,8450000000,0.059,5471000000,,0.040,118.62,118.26,,,,,93692000000,69644000000,0.742,1507.20,69525000000,,,,,66.00,,,,49923146,3819221,46100193,false,false,12,2017-04-01,2018-03-31,-1
2019-05-09,98820,2020-03-31,,,,,,,,,,,,,,,,,,,,,,,,,,,,,,40.00,,,,,,,false,true,12,2019-04-01,2020-03-31,1
2019-07-31,98820,2020-03-31,1,32880000000,0.047,,,,,2144000000,0.532,2422000000,0.334,,1671000000,,36.25,36.12,,,,,101180000000,79773000000,0.787,1726.43,79605000000,,,,,,,,,,,,true,false,3,2019-04-01,2019-06-30,0
2019-07-31,98820,2019-03-31,1,31396000000,-0.013,,,,,1399000000,-0.275,1815000000,-0.178,,1308000000,,28.38,28.29,,,,,,,,,,,,,,,,,,,,,true,false,3,2018-04-01,2018-06-30,-1
2019-07-31,98820,2020-03-31,1,67000000000,0.048,,,,,3800000000,0.287,4400000000,0.200,,3300000000,,71.57,,,,,,,,,,,,,,,,,,,,,,true,true,6,2019-04-01,2019-09-30,0
2019-07-31,98820,2020-03-31,1,143000000000,0.027,,,,,10500000000,0.096,11400000000,0.038,,7600000000,,164.82,,,,,,,,,,,,,,,,,,,,,,true,true,12,2019-04-01,2020-03-31,0
2019-07-31,98820,2019-03-31,1,,,,,,,,,,,,,,,,,,,,105320000000,78940000000,0.748,1708.79,78791000000,,,,,,,,,,,,true,false,12,2018-04-01,2019-03-31,-1
2019-07-31,98820,2019-03-31,1,,,,,,,,,,,,,,,,,,,,,,,,,,,,,72.00,,,,49923146,3813333,,false,false,12,2018-04-01,2019-03-31,-1
2019-07-31,98820,2020-03-31,1,,,,,,,,,,,,,,,,,,,,,,,,,,,,,40.00,,,,,,,false,true,12,2019-04-01,2020-03-31,0
2019-07-31,98820,2020-03-31,1,,,,,,,,,,,,,,,,,,,,,,,,,,,,,,,,,49923146,3813333,46109813,false,false,3,2019-04-01,2019-06-30,0
2019-07-31,98820,2019-03-31,1,,,,,,,,,,,,,,,,,,,,,,,,,,,,,,,,,,,46103905,false,false,3,2018-04-01,2018-06-30,-1
2019-10-30,98820,2020-03-31,,71530000000,0.068,,,,,5702000000,0.501,6159000000,0.400,,4236000000,,91.87,,,,,,,,,,,,,,,,,,,,,,true,true,6,2019-04-01,2019-09-30,0
2019-10-30,98820,2019-03-31,,63916000000,,,,,,2952000000,,3666000000,,,2525000000,,54.78,,,,,,,,,,,,,,,,,,,,,,true,false,6,2018-04-01,2018-09-30,-1
2019-10-30,98820,2020-03-31,,144630000000,0.011,,,,,11000000000,0.048,11900000000,0.044,,7900000000,,171.33,,,,,,,,,,,,,,,,,,,,,,true,true,12,2019-04-01,2020-03-31,0
2019-10-30,98820,2019-03-31,,139200000000,,,,,,9583000000,,10986000000,,,7329000000,,158.96,,,,,,,,,,,,,,,,,,,,,,true,false,12,2018-04-01,2019-03-31,-1
2019-10-31,98820,2020-03-31,2,71530000000,0.119,,,,,5702000000,0.932,6159000000,0.680,,4236000000,,91.87,91.53,,,,,114026000000,82366000000,0.721,1782.66,82198000000,,,,,,,,,,,,true,false,6,2019-04-01,2019-09-30,0
2019-10-31,98820,2019-03-31,2,63916000000,0.004,,,,,2952000000,-0.066,3666000000,-0.001,,2525000000,,54.78,54.60,,,,,,,,,,,,,,,,,,,,,true,false,6,2018-04-01,2018-09-30,-1
2019-10-31,98820,2020-03-31,2,144630000000,0.039,,,,,11000000000,0.148,11900000000,0.083,,7900000000,,171.33,,,,,,,,,,,,,,,,,,,,,,true,true,12,2019-04-01,2020-03-31,0
2019-10-31,98820,2019-03-31,2,,,,,,,,,,,,,,,,,,,,105320000000,78940000000,0.748,1708.79,78791000000,,,,,,,,,,,,true,false,12,2018-04-01,2019-03-31,-1
2019-10-31,98820,2019-03-31,2,,,,,,,,,,,,,,,,,,,,,,,,,,,,,72.00,,,,49923146,3813333,,false,false,12,2018-04-01,2019-03-31,-1
2019-10-31,98820,2020-03-31,2,,,,,,,,,,,,,,,,,,,,,,,,,,,,,20.00,,,,,,,false,false,12,2019-04-01,2020-03-31,0
2019-10-31,98820,2020-03-31,2,,,,,,,,,,,,,,,,,,,,,,,,,,,,,40.00,,,,,,,false,true,12,2019-04-01,2020-03-31,0
2019-10-31,98820,2020-03-31,2,,,,,,,,,,,,,,,,,,,,,,,,,,,,,,,,,49923146,3813413,46109783,false,false,6,2019-04-01,2019-09-30,0
2019-10-31,98820,2019-03-31,2,,,,,,,,,,,,,,,,,,,,,,,,,,,,,,,,,,,46104207,false,false,6,2018-04-01,2018-09-30,-1
2020-01-31,98820,2020-03-31,3,112361000000,0.028,,,,,9669000000,0.198,10447000000,0.153,,7130000000,,154.65,154.07,,,,,108769000000,84408000000,0.774,1826.91,84238000000,,,,,,,,,,,,true,false,9,2019-04-01,2019-12-31,0
2020-01-31,98820,2019-03-31,3,109257000000,0.015,,,,,8068000000,0.042,9060000000,0.051,,6165000000,,133.73,133.28,,,,,,,,,,,,,,,,,,,,,true,false,9,2018-04-01,2018-12-31,-1
2020-01-31,98820,2020-03-31,3,144630000000,0.039,,,,,11000000000,0.148,11900000000,0.083,,7900000000,,171.33,,,,,,,,,,,,,,,,,,,,,,true,true,12,2019-04-01,2020-03-31,0
2020-01-31,98820,2019-03-31,3,,,,,,,,,,,,,,,,,,,,105320000000,78940000000,0.748,1708.79,78791000000,,,,,,,,,,,,true,false,12,2018-04-01,2019-03-31,-1
2020-01-31,98820,2019-03-31,3,,,,,,,,,,,,,,,,,,,,,,,,,,,,,72.00,,,,49923146,3813333,,false,false,12,2018-04-01,2019-03-31,-1
2020-01-31,98820,2020-03-31,3,,,,,,,,,,,,,,,,,,,,,,,,,,,,,20.00,,,,,,,false,false,12,2019-04-01,2020-03-31,0
2020-01-31,98820,2020-03-31,3,,,,,,,,,,,,,,,,,,,,,,,,,,,,,46.00,,,,,,,false,true,12,2019-04-01,2020-03-31,0
2020-01-31,98820,2020-03-31,3,,,,,,,,,,,,,,,,,,,,,,,,,,,,,,,,,49923146,3813477,46109760,false,false,9,2019-04-01,2019-12-31,0
2020-01-31,98820,2019-03-31,3,,,,,,,,,,,,,,,,,,,,,,,,,,,,,,,,,,,46104440,false,false,9,2018-04-01,2018-12-31,-1
,98820,2020-03-31,,,,,,,,,,,,,,,,,,,,,,,,,,,,,,46.00,,,,,,,false,true,12,2019-04-01,2020-03-31,0
,98820,2020-03-31,,,,,,,,,,,,,,,,,,,,,,,,,,,,,,20.00,,,,,,,false,false,12,2019-04-01,2020-03-31,0
,98820,2019-03-31,,,,,,,,,,,,,,,,,,,,,,,,,,,,,,72.00,,,,,,,false,false,12,2018-04-01,2019-03-31,-1
2020-05-08,98820,2020-03-31,,141031000000,0.013,,,,,10093000000,0.053,11095000000,0.010,,7334000000,,159.06,158.46,0.090,0.103,0.072,,109560000000,84420000000,0.769,1827.10,84256000000,7726000000,-10777000000,-1753000000,8174000000,,0.289,,,,,,true,false,12,2019-04-01,2020-03-31,0
2020-05-08,98820,2019-03-31,,139200000000,0.010,,,,,9583000000,0.002,10986000000,0.028,,7329000000,,158.96,158.43,0.096,0.107,0.069,,105320000000,78940000000,0.748,1708.79,78791000000,10575000000,-3266000000,-1719000000,12979000000,,0.226,,,,,,true,false,12,2018-04-01,2019-03-31,-1
2020-05-08,98820,2021-03-31,,61000000000,-0.147,,,,,2900000000,-0.491,3300000000,-0.464,,2300000000,,49.88,,,,,,,,,,,,,,,,,,,,,,true,true,6,2020-04-01,2020-09-30,1
2020-05-08,98820,2021-03-31,,142000000000,0.007,,,,,10300000000,0.020,11200000000,0.009,,7400000000,,160.47,,,,,,,,,,,,,,,,0.324,,,,,,true,true,12,2020-04-01,2021-03-31,1
2020-05-08,98820,2020-03-31,,98799000000,0.020,,,,,8792000000,0.090,9693000000,0.073,6306000000,,0.064,136.69,136.18,,,,,100616000000,78264000000,0.776,1692.79,78104000000,,,,,46.00,,,,49923146,3808477,46110320,false,false,12,2019-04-01,2020-03-31,0
2020-05-08,98820,2019-03-31,,96834000000,-0.005,,,,,8070000000,0.071,9033000000,0.069,5928000000,,0.084,128.52,128.10,,,,,97009000000,73808000000,0.759,1596.83,73669000000,,,,,72.00,,,,49923146,3813333,46105790,false,false,12,2018-04-01,2019-03-31,-1
2020-05-08,98820,2021-03-31,,,,,,,,,,,,,,,,,,,,,,,,,,,,,,52.00,,,,,,,false,true,12,2020-04-01,2021-03-31,1
2020-07-31,98820,2021-03-31,1,31133000000,-0.053,,,,,1798000000,-0.161,2067000000,-0.147,,1369000000,,29.69,29.57,,,,,106145000000,84763000000,0.797,1834.02,84574000000,,,,,,,,,,,,true,false,3,2020-04-01,2020-06-30,0
2020-07-31,98820,2020-03-31,1,32880000000,0.047,,,,,2144000000,0.532,2422000000,0.334,,1671000000,,36.25,36.12,,,,,,,,,,,,,,,,,,,,,true,false,3,2019-04-01,2019-06-30,-1
2020-07-31,98820,2021-03-31,1,61000000000,-0.147,,,,,2900000000,-0.491,3300000000,-0.464,,2300000000,,49.88,,,,,,,,,,,,,,,,,,,,,,true,true,6,2020-04-01,2020-09-30,0
2020-07-31,98820,2021-03-31,1,142000000000,0.007,,,,,10300000000,0.020,11200000000,0.009,,7400000000,,160.47,,,,,,,,,,,,,,,,,,,,,,true,true,12,2020-04-01,2021-03-31,0
2020-07-31,98820,2020-03-31,1,,,,,,,,,,,,,,,,,,,,109560000000,84420000000,0.769,1827.10,84256000000,,,,,,,,,,,,true,false,12,2019-04-01,2020-03-31,-1
2020-07-31,98820,2020-03-31,1,,,,,,,,,,,,,,,,,,,,,,,,,,,,,46.00,,,,49923146,3808477,,false,false,12,2019-04-01,2020-03-31,-1
2020-07-31,98820,2021-03-31,1,,,,,,,,,,,,,,,,,,,,,,,,,,,,,52.00,,,,,,,false,true,12,2020-04-01,2021-03-31,0
2020-07-31,98820,2021-03-31,1,,,,,,,,,,,,,,,,,,,,,,,,,,,,,,,,,49923146,3808567,46114633,false,false,3,2020-04-01,2020-06-30,0
2020-07-31,98820,2020-03-31,1,,,,,,,,,,,,,,,,,,,,,,,,,,,,,,,,,,,46109813,false,false,3,2019-04-01,2019-06-30,-1
2020-10-30,98820,2021-03-31,,67613000000,0.108,,,,,4574000000,0.577,4981000000,0.510,,3347000000,,72.58,,,,,,,,,,,,,,,,,,,,,,true,true,6,2020-04-01,2020-09-30,0
2020-10-30,98820,2020-03-31,,71530000000,,,,,,5702000000,,6159000000,,,4236000000,,91.87,,,,,,,,,,,,,,,,,,,,,,true,false,6,2019-04-01,2019-09-30,-1
2020-11-02,98820,2021-03-31,2,67613000000,-0.055,,,,,4574000000,-0.198,4981000000,-0.191,,3347000000,,72.58,72.28,,,,,115116000000,86876000000,0.753,1879.16,86688000000,,,,,,,,,,,,true,false,6,2020-04-01,2020-09-30,0
2020-11-02,98820,2020-03-31,2,71530000000,0.119,,,,,5702000000,0.932,6159000000,0.680,,4236000000,,91.87,91.53,,,,,,,,,,,,,,,,,,,,,true,false,6,2019-04-01,2019-09-30,-1
2020-11-02,98820,2021-03-31,2,142000000000,0.007,,,,,10300000000,0.020,11200000000,0.009,,7400000000,,160.47,,,,,,,,,,,,,,,,,,,,,,true,true,12,2020-04-01,2021-03-31,0
2020-11-02,98820,2020-03-31,2,,,,,,,,,,,,,,,,,,,,109560000000,84420000000,0.769,1827.10,84256000000,,,,,,,,,,,,true,false,12,2019-04-01,2020-03-31,-1
2020-11-02,98820,2020-03-31,2,,,,,,,,,,,,,,,,,,,,,,,,,,,,,46.00,,,,49923146,3808477,,false,false,12,2019-04-01,2020-03-31,-1
2020-11-02,98820,2021-03-31,2,,,,,,,,,,,,,,,,,,,,,,,,,,,,,26.00,,,,,,,false,false,12,2020-04-01,2021-03-31,0
2020-11-02,98820,2021-03-31,2,,,,,,,,,,,,,,,,,,,,,,,,,,,,,52.00,,,,,,,false,true,12,2020-04-01,2021-03-31,0
2020-11-02,98820,2021-03-31,2,,,,,,,,,,,,,,,,,,,,,,,,,,,,,,,,,49923146,3791567,46120273,false,false,6,2020-04-01,2020-09-30,0
2020-11-02,98820,2020-03-31,2,,,,,,,,,,,,,,,,,,,,,,,,,,,,,,,,,,,46109783,false,false,6,2019-04-01,2019-09-30,-1
2021-01-28,98820,2021-03-31,,144500000000,0.018,,,,,12000000000,0.165,13000000000,0.161,,8400000000,,182.11,,,,,,,,,,,,,,,,,,,,,,true,true,12,2020-04-01,2021-03-31,0
2021-01-28,98820,2020-03-31,,141031000000,,,,,,10093000000,,11095000000,,,7334000000,,159.06,,,,,,,,,,,,,,,,,,,,,,true,false,12,2019-04-01,2020-03-31,-1
2021-01-28,98820,2021-03-31,,,,,,,,,,,,,,,,,,,,,,,,,,,,,,54.00,,,,,,,false,true,12,2020-04-01,2021-03-31,0
2021-01-28,98820,2021-03-31,,,,,,,,,,,,,,,,,,,,,,,,,,,,,,26.00,,,,,,,false,false,12,2020-04-01,2021-03-31,0
2021-01-28,98820,2020-03-31,,,,,,,,,,,,,,,,,,,,,,,,,,,,,,46.00,,,,,,,false,false,12,2019-04-01,2020-03-31,-1
2021-01-29,98820,2021-03-31,3,115211000000,0.025,,,,,11123000000,0.150,11971000000,0.146,,8111000000,,175.86,175.13,,,,,117091000000,90441000000,0.771,1956.37,90250000000,,,,,,,,,,,,true,false,9,2020-04-01,2020-12-31,0
2021-01-29,98820,2020-03-31,3,112361000000,0.028,,,,,9669000000,0.198,10447000000,0.153,,7130000000,,154.65,154.07,,,,,,,,,,,,,,,,,,,,,true,false,9,2019-04-01,2019-12-31,-1
2021-01-29,98820,2021-03-31,3,144500000000,0.025,,,,,12000000000,0.189,13000000000,0.172,,8400000000,,182.11,,,,,,,,,,,,,,,,,,,,,,true,true,12,2020-04-01,2021-03-31,0
2021-01-29,98820,2020-03-31,3,,,,,,,,,,,,,,,,,,,,109560000000,84420000000,0.769,1827.10,84256000000,,,,,,,,,,,,true,false,12,2019-04-01,2020-03-31,-1
2021-01-29,98820,2020-03-31,3,,,,,,,,,,,,,,,,,,,,,,,,,,,,,46.00,,,,49923146,3808477,,false,false,12,2019-04-01,2020-03-31,-1
2021-01-29,98820,2021-03-31,3,,,,,,,,,,,,,,,,,,,,,,,,,,,,,26.00,,,,,,,false,false,12,2020-04-01,2021-03-31,0
2021-01-29,98820,2021-03-31,3,,,,,,,,,,,,,,,,,,,,,,,,,,,,,54.00,,,,,,,false,true,12,2020-04-01,2021-03-31,0
2021-01-29,98820,2021-03-31,3,,,,,,,,,,,,,,,,,,,,,,,,,,,,,,,,,49923146,3791597,46124036,false,false,9,2020-04-01,2020-12-31,0
2021-01-29,98820,2020-03-31,3,,,,,,,,,,,,,,,,,,,,,,,,,,,,,,,,,,,46109760,false,false,9,2019-04-01,2019-12-31,-1
2021-05-10,98820,2021-03-31,,146994000000,0.042,,,,,12978000000,0.286,14031000000,0.265,,8546000000,,185.28,184.50,0.097,0.123,0.088,,118980000000,91386000000,0.767,1976.74,91199000000,19352000000,-11101000000,-2396000000,14029000000,,0.291,,,,,,true,false,12,2020-04-01,2021-03-31,0
2021-05-10,98820,2020-03-31,,141031000000,0.013,,,,,10093000000,0.053,11095000000,0.010,,7334000000,,159.06,158.46,0.090,0.103,0.072,,109560000000,84420000000,0.769,1827.10,84256000000,7726000000,-10777000000,-1753000000,8174000000,,0.289,,,,,,true,false,12,2019-04-01,2020-03-31,-1
2021-05-10,98820,2022-03-31,,68000000000,0.006,,,,,4800000000,0.049,5200000000,0.044,,3400000000,,73.69,,,,,,,,,,,,,,,,,,,,,,true,true,6,2021-04-01,2021-09-30,1
2021-05-10,98820,2022-03-31,,150000000000,0.020,,,,,13500000000,0.040,14500000000,0.033,,9500000000,,205.91,,,,,,,,,,,,,,,,0.282,,,,,,true,true,12,2021-04-01,2022-03-31,1
2021-05-10,98820,2021-03-31,,95291000000,-0.036,,,,,9995000000,0.137,11124000000,0.148,7289000000,,0.156,157.94,157.28,,,,,109941000000,83885000000,0.761,1813.32,83704000000,,,,,54.00,,,,49923146,3786697,46126641,false,false,12,2020-04-01,2021-03-31,0
2021-05-10,98820,2020-03-31,,98799000000,0.020,,,,,8792000000,0.090,9693000000,0.073,6306000000,,0.064,136.69,136.18,,,,,100616000000,78264000000,0.776,1692.79,78104000000,,,,,46.00,,,,49923146,3808477,46110320,false,false,12,2019-04-01,2020-03-31,-1
2021-05-10,98820,2022-03-31,,,,,,,,,,,,,,,,,,,,,,,,,,,,,,58.00,,,,,,,false,true,12,2021-04-01,2022-03-31,1
2021-08-03,98820,2022-03-31,1,33383000000,0.072,,,,,2512000000,0.397,2747000000,0.329,,1852000000,,40.15,39.98,,,,,114798000000,91816000000,0.798,1986.11,91632000000,,,,,,,,,,,,true,false,3,2021-04-01,2021-06-30,0
2021-08-03,98820,2021-03-31,1,31133000000,-0.053,,,,,1798000000,-0.161,2067000000,-0.147,,1369000000,,29.69,29.57,,,,,,,,,,,,,,,,,,,,,true,false,3,2020-04-01,2020-06-30,-1
2021-08-03,98820,2022-03-31,1,68000000000,0.006,,,,,4800000000,0.049,5200000000,0.044,,3400000000,,73.69,,,,,,,,,,,,,,,,,,,,,,true,true,6,2021-04-01,2021-09-30,0
2021-08-03,98820,2022-03-31,1,150000000000,0.020,,,,,13500000000,0.040,14500000000,0.033,,9500000000,,205.91,,,,,,,,,,,,,,,,,,,,,,true,true,12,2021-04-01,2022-03-31,0
2021-08-03,98820,2021-03-31,1,,,,,,,,,,,,,,,,,,,,118980000000,91386000000,0.767,1976.74,91199000000,,,,,,,,,,,,true,false,12,2020-04-01,2021-03-31,-1
2021-08-03,98820,2021-03-31,1,,,,,,,,,,,,,,,,,,,,,,,,,,,,,54.00,,,,49923146,3786697,,false,false,12,2020-04-01,2021-03-31,-1
2021-08-03,98820,2022-03-31,1,,,,,,,,,,,,,,,,,,,,,,,,,,,,,58.00,,,,,,,false,true,12,2021-04-01,2022-03-31,0
2021-08-03,98820,2022-03-31,1,,,,,,,,,,,,,,,,,,,,,,,,,,,,,,,,,49923146,3786697,46136449,false,false,3,2021-04-01,2021-06-30,0
2021-08-03,98820,2021-03-31,1,,,,,,,,,,,,,,,,,,,,,,,,,,,,,,,,,,,46114633,false,false,3,2020-04-01,2020-06-30,-1
2021-10-29,98820,2022-03-31,2,66298000000,-0.019,,,,,4318000000,-0.056,4690000000,-0.058,,3190000000,,69.15,68.86,,,,,122789000000,93242000000,0.758,2016.51,93059000000,,,,,,,,,,,,true,false,6,2021-04-01,2021-09-30,0
2021-10-29,98820,2021-03-31,2,67613000000,-0.055,,,,,4574000000,-0.198,4981000000,-0.191,,3347000000,,72.58,72.28,,,,,,,,,,,,,,,,,,,,,true,false,6,2020-04-01,2020-09-30,-1
2021-10-29,98820,2022-03-31,2,150000000000,0.020,,,,,13500000000,0.040,14500000000,0.033,,9500000000,,205.91,,,,,,,,,,,,,,,,,,,,,,true,true,12,2021-04-01,2022-03-31,0
2021-10-29,98820,2021-03-31,2,,,,,,,,,,,,,,,,,,,,118980000000,91386000000,0.767,1976.74,91199000000,,,,,,,,,,,,true,false,12,2020-04-01,2021-03-31,-1
2021-10-29,98820,2021-03-31,2,,,,,,,,,,,,,,,,,,,,,,,,,,,,,54.00,,,,49923146,3786697,,false,false,12,2020-04-01,2021-03-31,-1
2021-10-29,98820,2022-03-31,2,,,,,,,,,,,,,,,,,,,,,,,,,,,,,29.00,,,,,,,false,false,12,2021-04-01,2022-03-31,0
2021-10-29,98820,2022-03-31,2,,,,,,,,,,,,,,,,,,,,,,,,,,,,,58.00,,,,,,,false,true,12,2021-04-01,2022-03-31,0
2021-10-29,98820,2022-03-31,2,,,,,,,,,,,,,,,,,,,,,,,,,,,,,,,,,49923146,3774503,46140503,false,false,6,2021-04-01,2021-09-30,0
2021-10-29,98820,2021-03-31,2,,,,,,,,,,,,,,,,,,,,,,,,,,,,,,,,,,,46120273,false,false,6,2020-04-01,2020-09-30,-1
2022-01-31,98820,2022-03-31,3,113256000000,-0.017,,,,,11060000000,-0.006,11803000000,-0.014,,8051000000,,174.48,173.75,,,,,125219000000,96629000000,0.770,2089.87,96444000000,,,,,,,,,,,,true,false,9,2021-04-01,2021-12-31,0
2022-01-31,98820,2021-03-31,3,115211000000,0.025,,,,,11123000000,0.150,11971000000,0.146,,8111000000,,175.86,175.13,,,,,,,,,,,,,,,,,,,,,true,false,9,2020-04-01,2020-12-31,-1
2022-01-31,98820,2022-03-31,3,150000000000,0.020,,,,,13500000000,0.040,14500000000,0.033,,9500000000,,205.91,,,,,,,,,,,,,,,,,,,,,,true,true,12,2021-04-01,2022-03-31,0
2022-01-31,98820,2021-03-31,3,,,,,,,,,,,,,,,,,,,,118980000000,91386000000,0.767,1976.74,91199000000,,,,,,,,,,,,true,false,12,2020-04-01,2021-03-31,-1
2022-01-31,98820,2021-03-31,3,,,,,,,,,,,,,,,,,,,,,,,,,,,,,54.00,,,,49923146,3786697,,false,false,12,2020-04-01,2021-03-31,-1
2022-01-31,98820,2022-03-31,3,,,,,,,,,,,,,,,,,,,,,,,,,,,,,29.00,,,,,,,false,false,12,2021-04-01,2022-03-31,0
2022-01-31,98820,2022-03-31,3,,,,,,,,,,,,,,,,,,,,,,,,,,,,,58.00,,,,,,,false,true,12,2021-04-01,2022-03-31,0
2022-01-31,98820,2022-03-31,3,,,,,,,,,,,,,,,,,,,,,,,,,,,,,,,,,49923146,3774503,46143217,false,false,9,2021-04-01,2021-12-31,0
2022-01-31,98820,2021-03-31,3,,,,,,,,,,,,,,,,,,,,,,,,,,,,,,,,,,,46124036,false,false,9,2020-04-01,2020-12-31,-1
2022-05-10,98820,2022-03-31,,148038000000,0.007,,,,,14090000000,0.086,15014000000,0.070,,9659000000,,209.32,208.45,0.102,0.122,0.095,,126418000000,98298000000,0.776,2125.62,98117000000,9732000000,-9668000000,-3169000000,10902000000,,0.277,,,,,,true,false,12,2021-04-01,2022-03-31,0
2022-05-10,98820,2021-03-31,,146994000000,0.042,,,,,12978000000,0.286,14031000000,0.265,,8546000000,,185.28,184.50,0.097,0.123,0.088,,118980000000,91386000000,0.767,1976.74,91199000000,19352000000,-11101000000,-2396000000,14029000000,,0.291,,,,,,true,false,12,2020-04-01,2021-03-31,-1
2022-05-10,98820,2023-03-31,,68000000000,0.026,,,,,4500000000,0.042,4900000000,0.045,,3300000000,,71.49,,,,,,,,,,,,,,,,,,,,,,true,true,6,2022-04-01,2022-09-30,1
2022-05-10,98820,2023-03-31,,152000000000,0.027,,,,,14500000000,0.029,15500000000,0.032,,9800000000,,212.31,,,,,,,,,,,,,,,,0.292,,,,,,true,true,12,2022-04-01,2023-03-31,1
2022-05-10,98820,2022-03-31,,95604000000,0.003,,,,,10222000000,0.023,11234000000,0.010,7314000000,,0.003,158.43,157.76,,,,,117296000000,88567000000,0.754,1914.09,88391000000,,,,,58.00,,,,49923146,3763780,46146528,false,false,12,2021-04-01,2022-03-31,0
2022-05-10,98820,2021-03-31,,95291000000,-0.036,,,,,9995000000,0.137,11124000000,0.148,7289000000,,0.156,157.94,157.28,,,,,109941000000,83885000000,0.761,1813.32,83704000000,,,,,54.00,,,,49923146,3786697,46126641,false,false,12,2020-04-01,2021-03-31,-1
2022-05-10,98820,2023-03-31,,,,,,,,,,,,,,,,,,,,,,,,,,,,,,62.00,,,,,,,false,true,12,2022-04-01,2023-03-31,1
2022-07-29,98820,2023-03-31,1,33319000000,-0.002,,,,,3396000000,0.352,3712000000,0.351,,2577000000,,55.85,55.62,,,,,124717000000,99502000000,0.796,2151.71,99321000000,,,,,,,,,,,,true,false,3,2022-04-01,2022-06-30,0
2022-07-29,98820,2022-03-31,1,33383000000,0.072,,,,,2512000000,0.397,2747000000,0.329,,1852000000,,40.15,39.98,,,,,,,,,,,,,,,,,,,,,true,false,3,2021-04-01,2021-06-30,-1
2022-07-29,98820,2023-03-31,1,68000000000,0.026,,,,,4500000000,0.042,4900000000,0.045,,3300000000,,71.49,,,,,,,,,,,,,,,,,,,,,,true,true,6,2022-04-01,2022-09-30,0
2022-07-29,98820,2023-03-31,1,152000000000,0.027,,,,,14500000000,0.029,15500000000,0.032,,9800000000,,212.31,,,,,,,,,,,,,,,,,,,,,,true,true,12,2022-04-01,2023-03-31,0
2022-07-29,98820,2022-03-31,1,,,,,,,,,,,,,,,,,,,,126418000000,98298000000,0.776,2125.62,98117000000,,,,,,,,,,,,true,false,12,2021-04-01,2022-03-31,-1
2022-07-29,98820,2022-03-31,1,,,,,,,,,,,,,,,,,,,,,,,,,,,,,58.00,,,,49923146,3763780,,false,false,12,2021-04-01,2022-03-31,-1
2022-07-29,98820,2023-03-31,1,,,,,,,,,,,,,,,,,,,,,,,,,,,,,62.00,,,,,,,false,true,12,2022-04-01,2023-03-31,0
2022-07-29,98820,2023-03-31,1,,,,,,,,,,,,,,,,,,,,,,,,,,,,,,,,,49923146,3763780,46159366,false,false,3,2022-04-01,2022-06-30,0
2022-07-29,98820,2022-03-31,1,,,,,,,,,,,,,,,,,,,,,,,,,,,,,,,,,,,46136449,false,false,3,2021-04-01,2021-06-30,-1
2022-10-31,98820,2023-03-31,2,66392000000,0.001,,,,,5849000000,0.354,6262000000,0.335,,4216000000,,91.33,90.96,,,,,128727000000,101132000000,0.784,2185.85,100951000000,,,,,,,,,,,,true,false,6,2022-04-01,2022-09-30,0
2022-10-31,98820,2022-03-31,2,66298000000,-0.019,,,,,4318000000,-0.056,4690000000,-0.058,,3190000000,,69.15,68.86,,,,,,,,,,,,,,,,,,,,,true,false,6,2021-04-01,2021-09-30,-1
2022-10-31,98820,2023-03-31,2,152000000000,0.027,,,,,14500000000,0.029,15500000000,0.032,,9800000000,,212.31,,,,,,,,,,,,,,,,,,,,,,true,true,12,2022-04-01,2023-03-31,0
2022-10-31,98820,2022-03-31,2,,,,,,,,,,,,,,,,,,,,126418000000,98298000000,0.776,2125.62,98117000000,,,,,,,,,,,,true,false,12,2021-04-01,2022-03-31,-1
2022-10-31,98820,2022-03-31,2,,,,,,,,,,,,,,,,,,,,,,,,,,,,,58.00,,,,49923146,3763780,,false,false,12,2021-04-01,2022-03-31,-1
2022-10-31,98820,2023-03-31,2,,,,,,,,,,,,,,,,,,,,,,,,,,,,,31.00,,,,,,,false,false,12,2022-04-01,2023-03-31,0
2022-10-31,98820,2023-03-31,2,,,,,,,,,,,,,,,,,,,,,,,,,,,,,62.00,,,,,,,false,true,12,2022-04-01,2023-03-31,0
2022-10-31,98820,2023-03-31,2,,,,,,,,,,,,,,,,,,,,,,,,,,,,,,,,,49923146,3739146,46167467,false,false,6,2022-04-01,2022-09-30,0
2022-10-31,98820,2022-03-31,2,,,,,,,,,,,,,,,,,,,,,,,,,,,,,,,,,,,46140503,false,false,6,2021-04-01,2021-09-30,-1
2023-01-31,98820,2023-03-31,3,112816000000,-0.004,,,,,12901000000,0.166,13720000000,0.162,,9316000000,,201.77,200.95,,,,,133489000000,105213000000,0.787,2274.17,105030000000,,,,,,,,,,,,true,false,9,2022-04-01,2022-12-31,0
2023-01-31,98820,2022-03-31,3,113256000000,-0.017,,,,,11060000000,-0.006,11803000000,-0.014,,8051000000,,174.48,173.75,,,,,,,,,,,,,,,,,,,,,true,false,9,2021-04-01,2021-12-31,-1
2023-01-31,98820,2023-03-31,3,152000000000,0.027,,,,,14500000000,0.029,15500000000,0.032,,9800000000,,212.31,,,,,,,,,,,,,,,,,,,,,,true,true,12,2022-04-01,2023-03-31,0
2023-01-31,98820,2022-03-31,3,,,,,,,,,,,,,,,,,,,,126418000000,98298000000,0.776,2125.62,98117000000,,,,,,,,,,,,true,false,12,2021-04-01,2022-03-31,-1
2023-01-31,98820,2022-03-31,3,,,,,,,,,,,,,,,,,,,,,,,,,,,,,58.00,,,,49923146,3763780,,false,false,12,2021-04-01,2022-03-31,-1
2023-01-31,98820,2023-03-31,3,,,,,,,,,,,,,,,,,,,,,,,,,,,,,31.00,,,,,,,false,false,12,2022-04-01,2023-03-31,0
2023-01-31,98820,2023-03-31,3,,,,,,,,,,,,,,,,,,,,,,,,,,,,,62.00,,,,,,,false,true,12,2022-04-01,2023-03-31,0
2023-01-31,98820,2023-03-31,3,,,,,,,,,,,,,,,,,,,,,,,,,,,,,,,,,49923146,3739146,46172978,false,false,9,2022-04-01,2022-12-31,0
2023-01-31,98820,2022-03-31,3,,,,,,,,,,,,,,,,,,,,,,,,,,,,,,,,,,,46143217,false,false,9,2021-04-01,2021-12-31,-1
2023-05-09,98820,2023-03-31,,147157000000,-0.006,,,,,15250000000,0.082,16305000000,0.086,,10665000000,,230.96,230.03,0.104,0.124,0.104,,136442000000,106710000000,0.781,2306.50,106532000000,13570000000,-13420000000,-2802000000,8251000000,,0.268,,,,,,true,false,12,2022-04-01,2023-03-31,0
2023-05-09,98820,2022-03-31,,148038000000,0.007,,,,,14090000000,0.086,15014000000,0.070,,9659000000,,209.32,208.45,0.102,0.122,0.095,,126418000000,98298000000,0.776,2125.62,98117000000,9732000000,-9668000000,-3169000000,10902000000,,0.277,,,,,,true,false,12,2021-04-01,2022-03-31,-1
2023-05-09,98820,2024-03-31,,68000000000,0.024,,,,,6000000000,0.026,6400000000,0.022,,4300000000,,93.10,,,,,,,,,,,,,,,,,,,,,,true,true,6,2023-04-01,2023-09-30,1
2023-05-09,98820,2024-03-31,,150000000000,0.019,,,,,15500000000,0.016,16500000000,0.011,,10700000000,,231.66,,,,,,,,,,,,,,,,0.285,,,,,,true,true,12,2023-04-01,2024-03-31,1
2023-05-09,98820,2023-03-31,,96506000000,0.009,,,,,11403000000,0.115,12461000000,0.109,8615000000,,0.178,186.52,185.77,,,,,125265000000,94918000000,0.756,2050.91,94747000000,,,,,62.00,,,,49923146,3735146,46176401,false,false,12,2022-04-01,2023-03-31,0
2023-05-09,98820,2022-03-31,,95604000000,0.003,,,,,10222000000,0.023,11234000000,0.010,7314000000,,0.003,158.43,157.76,,,,,117296000000,88567000000,0.754,1914.09,88391000000,,,,,58.00,,,,49923146,3763780,46146528,false,false,12,2021-04-01,2022-03-31,-1
2023-05-09,98820,2024-03-31,,,,,,,,,,,,,,,,,,,,,,,,,,,,,,66.00,,,,,,,false,true,12,2023-04-01,2024-03-31,1
2023-07-31,98820,2024-03-31,1,34303000000,0.030,,,,,3268000000,-0.038,3568000000,-0.039,,2413000000,,52.25,52.04,,,,,134947000000,108354000000,0.802,2342.24,108183000000,,,,,,,,,,,,true,false,3,2023-04-01,2023-06-30,0
2023-07-31,98820,2023-03-31,1,33319000000,-0.002,,,,,3396000000,0.352,3712000000,0.351,,2577000000,,55.85,55.62,,,,,,,,,,,,,,,,,,,,,true,false,3,2022-04-01,2022-06-30,-1
2023-07-31,98820,2024-03-31,1,68000000000,0.024,,,,,6000000000,0.026,6400000000,0.022,,4300000000,,93.10,,,,,,,,,,,,,,,,,,,,,,true,true,6,2023-04-01,2023-09-30,0
2023-07-31,98820,2024-03-31,1,150000000000,0.019,,,,,15500000000,0.016,16500000000,0.012,,10700000000,,231.66,,,,,,,,,,,,,,,,,,,,,,true,true,12,2023-04-01,2024-03-31,0
2023-07-31,98820,2023-03-31,1,,,,,,,,,,,,,,,,,,,,136442000000,106710000000,0.781,2306.50,106532000000,,,,,,,,,,,,true,false,12,2022-04-01,2023-03-31,-1
2023-07-31,98820,2023-03-31,1,,,,,,,,,,,,,,,,,,,,,,,,,,,,,62.00,,,,49923146,3735146,,false,false,12,2022-04-01,2023-03-31,-1
2023-07-31,98820,2024-03-31,1,,,,,,,,,,,,,,,,,,,,,,,,,,,,,66.00,,,,,,,false,true,12,2023-04-01,2024-03-31,0
2023-07-31,98820,2024-03-31,1,,,,,,,,,,,,,,,,,,,,,,,,,,,,,,,,,49923146,3735146,46188000,false,false,3,2023-04-01,2023-06-30,0
2023-07-31,98820,2023-03-31,1,,,,,,,,,,,,,,,,,,,,,,,,,,,,,,,,,,,46159366,false,false,3,2022-04-01,2022-06-30,-1
2023-10-31,98820,2024-03-31,2,66975000000,0.009,,,,,5235000000,-0.105,6012000000,-0.040,,4067000000,,88.04,87.69,,,,,139762000000,110682000000,0.791,2391.57,110519000000,,,,,,,,,,,,true,false,6,2023-04-01,2023-09-30,0
2023-10-31,98820,2023-03-31,2,66392000000,0.001,,,,,5849000000,0.354,6262000000,0.335,,4216000000,,91.33,90.96,,,,,,,,,,,,,,,,,,,,,true,false,6,2022-04-01,2022-09-30,-1
2023-10-31,98820,2024-03-31,2,150000000000,0.019,,,,,15500000000,0.016,16500000000,0.012,,10700000000,,231.66,,,,,,,,,,,,,,,,,,,,,,true,true,12,2023-04-01,2024-03-31,0
2023-10-31,98820,2023-03-31,2,,,,,,,,,,,,,,,,,,,,136442000000,106710000000,0.781,2306.50,106532000000,,,,,,,,,,,,true,false,12,2022-04-01,2023-03-31,-1
2023-10-31,98820,2023-03-31,2,,,,,,,,,,,,,,,,,,,,,,,,,,,,,62.00,,,,49923146,3735146,,false,false,12,2022-04-01,2023-03-31,-1
2023-10-31,98820,2024-03-31,2,,,,,,,,,,,,,,,,,,,,,,,,,,,,,33.00,,,,,,,false,false,12,2023-04-01,2024-03-31,0
2023-10-31,98820,2024-03-31,2,,,,,,,,,,,,,,,,,,,,,,,,,,,,,66.00,,,,,,,false,true,12,2023-04-01,2024-03-31,0
2023-10-31,98820,2024-03-31,2,,,,,,,,,,,,,,,,,,,,,,,,,,,,,,,,,49923146,3711034,46196023,false,false,6,2023-04-01,2023-09-30,0
2023-10-31,98820,2023-03-31,2,,,,,,,,,,,,,,,,,,,,,,,,,,,,,,,,,,,46167467,false,false,6,2022-04-01,2022-09-30,-1
2024-01-31,98820,2024-03-31,3,113554000000,0.007,,,,,11966000000,-0.072,13190000000,-0.039,,8976000000,,194.30,193.55,,,,,142855000000,113916000000,0.796,2461.55,113752000000,,,,,,,,,,,,true,false,9,2023-04-01,2023-12-31,0
2024-01-31,98820,2023-03-31,3,112816000000,-0.004,,,,,12901000000,0.166,13720000000,0.162,,9316000000,,201.77,200.95,,,,,,,,,,,,,,,,,,,,,true,false,9,2022-04-01,2022-12-31,-1
2024-01-31,98820,2024-03-31,3,150000000000,0.019,,,,,15500000000,0.016,16500000000,0.012,,10700000000,,231.66,,,,,,,,,,,,,,,,,,,,,,true,true,12,2023-04-01,2024-03-31,0
2024-01-31,98820,2023-03-31,3,,,,,,,,,,,,,,,,,,,,136442000000,106710000000,0.781,2306.50,106532000000,,,,,,,,,,,,true,false,12,2022-04-01,2023-03-31,-1
2024-01-31,98820,2023-03-31,3,,,,,,,,,,,,,,,,,,,,,,,,,,,,,62.00,,,,49923146,3735146,,false,false,12,2022-04-01,2023-03-31,-1
2024-01-31,98820,2024-03-31,3,,,,,,,,,,,,,,,,,,,,,,,,,,,,,33.00,,,,,,,false,false,12,2023-04-01,2024-03-31,0
2024-01-31,98820,2024-03-31,3,,,,,,,,,,,,,,,,,,,,,,,,,,,,,66.00,,,,,,,false,true,12,2023-04-01,2024-03-31,0
2024-01-31,98820,2024-03-31,3,,,,,,,,,,,,,,,,,,,,,,,,,,,,,,,,,49923146,3711132,46201364,false,false,9,2023-04-01,2023-12-31,0
2024-01-31,98820,2023-03-31,3,,,,,,,,,,,,,,,,,,,,,,,,,,,,,,,,,,,46172978,false,false,9,2022-04-01,2022-12-31,-1
2024-05-10,98820,2024-03-31,,146641000000,-0.004,,,,,14475000000,-0.051,15964000000,-0.021,,10259000000,,222.03,221.18,0.092,0.114,0.099,,144030000000,116522000000,0.808,2517.11,116366000000,11483000000,-11308000000,-3588000000,4838000000,,0.297,,,,,,true,false,12,2023-04-01,2024-03-31,0
2024-05-10,98820,2023-03-31,,147157000000,-0.006,,,,,15250000000,0.082,16305000000,0.086,,10665000000,,230.96,230.03,0.104,0.124,0.104,,136442000000,106710000000,0.781,2306.50,106532000000,13570000000,-13420000000,-2802000000,8251000000,,0.268,,,,,,true,false,12,2022-04-01,2023-03-31,-1
2024-05-10,98820,2025-03-31,,68000000000,0.015,,,,,5500000000,0.050,6100000000,0.015,,4200000000,,90.85,,,,,,,,,,,,,,,,,,,,,,true,true,6,2024-04-01,2024-09-30,1
2024-05-10,98820,2025-03-31,,150000000000,0.023,,,,,15000000000,0.036,16400000000,0.027,,10500000000,,227.12,,,,,,,,,,,,,,,,0.308,,,,,,true,true,12,2024-04-01,2025-03-31,1
2024-05-10,98820,2024-03-31,,95504000000,-0.010,,,,,10609000000,-0.070,12005000000,-0.037,8116000000,,-0.058,175.62,174.94,,,,,130545000000,102508000000,0.784,2213.99,102353000000,,,,,66.00,,,,49923146,3692777,46206437,false,false,12,2023-04-01,2024-03-31,0
2024-05-10,98820,2023-03-31,,96506000000,0.009,,,,,11403000000,0.115,12461000000,0.109,8615000000,,0.178,186.52,185.77,,,,,125265000000,94918000000,0.756,2050.91,94747000000,,,,,62.00,,,,49923146,3735146,46176401,false,false,12,2022-04-01,2023-03-31,-1
2024-05-10,98820,2025-03-31,,,,,,,,,,,,,,,,,,,,,,,,,,,,,,70.00,,,,,,,false,true,12,2024-04-01,2025-03-31,1
2024-07-31,98820,2025-03-31,1,34672000000,0.011,,,,,3117000000,-0.046,3463000000,-0.030,,2256000000,,48.81,48.63,,,,,141130000000,117475000000,0.831,2537.72,117319000000,,,,,,,,,,,,true,false,3,2024-04-01,2024-06-30,0
2024-07-31,98820,2024-03-31,1,34303000000,0.030,,,,,3268000000,-0.038,3568000000,-0.039,,2413000000,,52.25,52.04,,,,,,,,,,,,,,,,,,,,,true,false,3,2023-04-01,2023-06-30,-1
2024-07-31,98820,2025-03-31,1,68000000000,0.015,,,,,5500000000,0.050,6100000000,0.015,,4200000000,,90.85,,,,,,,,,,,,,,,,,,,,,,true,true,6,2024-04-01,2024-09-30,0
2024-07-31,98820,2025-03-31,1,150000000000,0.023,,,,,15000000000,0.036,16400000000,0.027,,10500000000,,227.12,,,,,,,,,,,,,,,,,,,,,,true,true,12,2024-04-01,2025-03-31,0
2024-07-31,98820,2024-03-31,1,,,,,,,,,,,,,,,,,,,,144030000000,116522000000,0.808,2517.11,116366000000,,,,,,,,,,,,true,false,12,2023-04-01,2024-03-31,-1
2024-07-31,98820,2024-03-31,1,,,,,,,,,,,,,,,,,,,,,,,,,,,,,66.00,,,,49923146,3692777,,false,false,12,2023-04-01,2024-03-31,-1
2024-07-31,98820,2025-03-31,1,,,,,,,,,,,,,,,,,,,,,,,,,,,,,70.00,,,,,,,false,true,12,2024-04-01,2025-03-31,0
2024-07-31,98820,2025-03-31,1,,,,,,,,,,,,,,,,,,,,,,,,,,,,,,,,,49923146,3692822,46230324,false,false,3,2024-04-01,2024-06-30,0
2024-07-31,98820,2024-03-31,1,,,,,,,,,,,,,,,,,,,,,,,,,,,,,,,,,,,46188000,false,false,3,2023-04-01,2023-06-30,-1
2024-10-31,98820,2025-03-31,2,69291000000,0.035,,,,,5353000000,0.023,5920000000,-0.015,,3969000000,,85.86,85.55,,,,,162537000000,118608000000,0.729,2561.11,118452000000,,,,,,,,,,,,true,false,6,2024-04-01,2024-09-30,0
2024-10-31,98820,2024-03-31,2,66975000000,0.009,,,,,5235000000,-0.105,6012000000,-0.040,,4067000000,,88.04,87.69,,,,,,,,,,,,,,,,,,,,,true,false,6,2023-04-01,2023-09-30,-1
2024-10-31,98820,2025-03-31,2,150000000000,0.023,,,,,15000000000,0.036,16400000000,0.027,,10500000000,,227.12,,,,,,,,,,,,,,,,,,,,,,true,true,12,2024-04-01,2025-03-31,0
2024-10-31,98820,2024-03-31,2,,,,,,,,,,,,,,,,,,,,144030000000,116522000000,0.808,2517.11,116366000000,,,,,,,,,,,,true,false,12,2023-04-01,2024-03-31,-1
2024-10-31,98820,2024-03-31,2,,,,,,,,,,,,,,,,,,,,,,,,,,,,,66.00,,,,49923146,3692777,,false,false,12,2023-04-01,2024-03-31,-1
2024-10-31,98820,2025-03-31,2,,,,,,,,,,,,,,,,,,,,,,,,,,,,,35.00,,,,,,,false,false,12,2024-04-01,2025-03-31,0
2024-10-31,98820,2025-03-31,2,,,,,,,,,,,,,,,,,,,,,,,,,,,,,70.00,,,,,,,false,true,12,2024-04-01,2025-03-31,0
2024-10-31,98820,2025-03-31,2,,,,,,,,,,,,,,,,,,,,,,,,,,,,,,,,,49923146,3672642,46237048,false,false,6,2024-04-01,2024-09-30,0
2024-10-31,98820,2024-03-31,2,,,,,,,,,,,,,,,,,,,,,,,,,,,,,,,,,,,46196023,false,false,6,2023-04-01,2023-09-30,-1
2025-01-31,98820,2025-03-31,3,119149000000,0.049,,,,,13119000000,0.096,14202000000,0.077,,9727000000,,211.68,210.92,,,,,168096000000,120155000000,0.714,2678.13,119998000000,,,,,,,,,,,,true,false,9,2024-04-01,2024-12-31,0
2025-01-31,98820,2024-03-31,3,113554000000,0.007,,,,,11966000000,-0.072,13190000000,-0.039,,8976000000,,194.30,193.55,,,,,,,,,,,,,,,,,,,,,true,false,9,2023-04-01,2023-12-31,-1
2025-01-31,98820,2025-03-31,3,150000000000,0.023,,,,,15000000000,0.036,16400000000,0.027,,10500000000,,227.12,,,,,,,,,,,,,,,,,,,,,,true,true,12,2024-04-01,2025-03-31,0
2025-01-31,98820,2024-03-31,3,,,,,,,,,,,,,,,,,,,,144030000000,116522000000,0.808,2517.11,116366000000,,,,,,,,,,,,true,false,12,2023-04-01,2024-03-31,-1
2025-01-31,98820,2024-03-31,3,,,,,,,,,,,,,,,,,,,,,,,,,,,,,66.00,,,,49923146,3692777,,false,false,12,2023-04-01,2024-03-31,-1
2025-01-31,98820,2025-03-31,3,,,,,,,,,,,,,,,,,,,,,,,,,,,,,35.00,,,,,,,false,false,12,2024-04-01,2025-03-31,0
2025-01-31,98820,2025-03-31,3,,,,,,,,,,,,,,,,,,,,,,,,,,,,,70.00,,,,,,,false,true,12,2024-04-01,2025-03-31,0
2025-01-31,98820,2025-03-31,3,,,,,,,,,,,,,,,,,,,,,,,,,,,,,,,,,49923146,5116242,45956011,false,false,9,2024-04-01,2024-12-31,0
2025-01-31,98820,2024-03-31,3,,,,,,,,,,,,,,,,,,,,,,,,,,,,,,,,,,,46201364,false,false,9,2023-04-01,2023-12-31,-1
2025-05-09,98820,2025-03-31,,154066000000,0.051,,,,,15450000000,0.067,16838000000,0.055,,11260000000,,123.55,123.11,0.095,0.102,0.100,,185535000000,120594000000,0.649,1358.58,120446000000,16277000000,-16735000000,26855000000,31235000000,,0.405,,,,,,true,false,12,2024-04-01,2025-03-31,0
2025-05-09,98820,2024-03-31,,146641000000,-0.004,,,,,14475000000,-0.051,15964000000,-0.021,,10259000000,,111.01,110.59,0.092,0.114,0.099,,144030000000,116522000000,0.808,1258.55,116366000000,11483000000,-11308000000,-3588000000,4838000000,,0.297,,,,,,true,false,12,2023-04-01,2024-03-31,-1
2025-05-09,98820,2026-03-31,,77000000000,0.111,,,,,5500000000,0.027,6100000000,0.030,,4000000000,,45.12,,,,,,,,,,,,,,,,,,,,,,true,true,6,2025-04-01,2025-09-30,1
2025-05-09,98820,2026-03-31,,170000000000,0.103,,,,,15900000000,0.029,17200000000,0.021,,11400000000,,128.59,,,,,,,,,,,,,,,,0.451,,,,,,true,true,12,2025-04-01,2026-03-31,1
2025-05-09,98820,2025-03-31,,100137000000,0.049,,,,,12478000000,0.176,13670000000,0.139,9594000000,,0.182,105.28,104.90,,,,,171773000000,104912000000,0.610,1181.70,104764000000,,,,,100.00,,,,95987092,7331082,91141055,false,false,12,2024-04-01,2025-03-31,0
2025-05-09,98820,2024-03-31,,95504000000,-0.010,,,,,10609000000,-0.070,12005000000,-0.037,8116000000,,-0.058,87.81,87.47,,,,,130545000000,102508000000,0.784,1106.99,102353000000,,,,,66.00,,,,99846292,7385554,92412872,false,false,12,2023-04-01,2024-03-31,-1
2025-05-09,98820,2026-03-31,,,,,,,,,,,,,,,,,,,,,,,,,,,,,,58.00,,,,,,,false,true,12,2025-04-01,2026-03-31,1
2025-07-31,98820,2026-03-31,1,40288000000,0.162,,,,,3504000000,0.124,3870000000,0.118,,2677000000,,30.33,30.23,,,,,180180000000,119132000000,0.660,1353.58,118983000000,,,,,,,,,,,,true,false,3,2025-04-01,2025-06-30,0
2025-07-31,98820,2025-03-31,1,34672000000,0.011,,,,,3117000000,-0.046,3463000000,-0.030,,2256000000,,24.40,24.32,,,,,,,,,,,,,,,,,,,,,true,false,3,2024-04-01,2024-06-30,-1
2025-07-31,98820,2026-03-31,1,77000000000,0.111,,,,,5500000000,0.027,6100000000,0.030,,4000000000,,45.12,,,,,,,,,,,,,,,,,,,,,,true,true,6,2025-04-01,2025-09-30,0
2025-07-31,98820,2026-03-31,1,170000000000,0.103,,,,,15900000000,0.029,17200000000,0.021,,11400000000,,128.59,,,,,,,,,,,,,,,,,,,,,,true,true,12,2025-04-01,2026-03-31,0
2025-07-31,98820,2025-03-31,1,,,,,,,,,,,,,,,,,,,,185535000000,120594000000,0.649,1358.58,120446000000,,,,,,,,,,,,true,false,12,2024-04-01,2025-03-31,-1
2025-07-31,98820,2025-03-31,1,,,,,,,,,,,,,,,,,,,,,,,,,,,,,100.00,,,,95987092,7331082,,false,false,12,2024-04-01,2025-03-31,-1
2025-07-31,98820,2026-03-31,1,,,,,,,,,,,,,,,,,,,,,,,,,,,,,58.00,,,,,,,false,true,12,2025-04-01,2026-03-31,0
2025-07-31,98820,2026-03-31,1,,,,,,,,,,,,,,,,,,,,,,,,,,,,,,,,,89157092,1253812,88275013,false,false,3,2025-04-01,2025-06-30,0
2025-07-31,98820,2025-03-31,1,,,,,,,,,,,,,,,,,,,,,,,,,,,,,,,,,,,92460648,false,false,3,2024-04-01,2024-06-30,-1
