filing_date,code,fiscal_year_end,quarterly_period,net_sales,net_sales_change,revenue,revenue_change,operating_revenue,operating_revenue_change,operating_profit,operating_profit_change,ordinary_profit,ordinary_profit_change,net_income,net_income_of_parent,net_income_change,eps,diluted_eps,roe,roa,operating_profit_to_net_sales,operating_profit_to_revenue,total_assets,net_assets,equity_ratio,bps,owner_equity,operating_cash_flow,investing_cash_flow,financing_cash_flow,cash,dividend_per_share,payout_ratio,commemorative_dividend,extra_dividend,number_of_shares,number_of_treqsury_shares,avg_number_of_shares,is_consolidated,is_forecast,duration,period_start,period_end,period_pos
2015-07-30,98890,2016-03-31,1,21966000000,0.056,,,,,416000000,2.102,436000000,0.994,,220000000,,12.99,,,,,,41679000000,14506000000,0.321,,13398000000,,,,,,,,,,,,true,false,3,2015-04-01,2015-06-30,0
2015-07-30,98890,2015-03-31,1,20804000000,-0.010,,,,,134000000,1.095,218000000,0.901,,89000000,,5.29,,,,,,,,,,,,,,,,,,,,,,true,false,3,2014-04-01,2014-06-30,-1
2015-07-30,98890,2016-03-31,1,45000000000,0.015,,,,,700000000,0.200,730000000,0.090,,380000000,,22.33,,,,,,,,,,,,,,,,,,,,,,true,true,6,2015-04-01,2015-09-30,0
2015-07-30,98890,2016-03-31,1,93000000000,0.011,,,,,1800000000,0.104,1850000000,0.095,,1000000000,,58.77,,,,,,,,,,,,,,,,,,,,,,true,true,12,2015-04-01,2016-03-31,0
2015-07-30,98890,2015-03-31,1,,,,,,,,,,,,,,,,,,,,44614000000,14330000000,0.296,,13217000000,,,,,,,,,,,,true,false,12,2014-04-01,2015-03-31,-1
2015-07-30,98890,2015-03-31,1,,,,,,,,,,,,,,,,,,,,,,,,,,,,,25.00,,,,17711543,696862,,false,false,12,2014-04-01,2015-03-31,-1
2015-07-30,98890,2016-03-31,1,,,,,,,,,,,,,,,,,,,,,,,,,,,,,25.00,,,,,,,false,true,12,2015-04-01,2016-03-31,0
2015-07-30,98890,2016-03-31,1,,,,,,,,,,,,,,,,,,,,,,,,,,,,,,,,,17711543,696902,17014651,false,false,3,2015-04-01,2015-06-30,0
2015-07-30,98890,2015-03-31,1,,,,,,,,,,,,,,,,,,,,,,,,,,,,,,,,,,,17014925,false,false,3,2014-04-01,2014-06-30,-1
2015-10-29,98890,2016-03-31,2,44187000000,-0.003,,,,,906000000,0.553,870000000,0.300,,50000000,,2.97,,,,,,38343000000,14198000000,0.341,,13080000000,,,,,,,,,,,,true,false,6,2015-04-01,2015-09-30,0
2015-10-29,98890,2015-03-31,2,44314000000,0.034,,,,,583000000,3.660,669000000,3.165,,305000000,,17.96,,,,,,,,,,,,,,,,,,,,,,true,false,6,2014-04-01,2014-09-30,-1
2015-10-29,98890,2016-03-31,2,90000000000,-0.021,,,,,1800000000,0.104,1750000000,0.036,,700000000,,41.14,,,,,,,,,,,,,,,,,,,,,,true,true,12,2015-04-01,2016-03-31,0
2015-10-29,98890,2015-03-31,2,,,,,,,,,,,,,,,,,,,,44614000000,14330000000,0.296,,13217000000,,,,,,,,,,,,true,false,12,2014-04-01,2015-03-31,-1
2015-10-29,98890,2015-03-31,2,,,,,,,,,,,,,,,,,,,,,,,,,,,,,25.00,,,,17711543,696862,,false,false,12,2014-04-01,2015-03-31,-1
2015-10-29,98890,2016-03-31,2,,,,,,,,,,,,,,,,,,,,,,,,,,,,,12.50,,,,,,,false,false,12,2015-04-01,2016-03-31,0
2015-10-29,98890,2016-03-31,2,,,,,,,,,,,,,,,,,,,,,,,,,,,,,25.00,,,,,,,false,true,12,2015-04-01,2016-03-31,0
2015-10-29,98890,2016-03-31,2,,,,,,,,,,,,,,,,,,,,,,,,,,,,,,,,,17711543,697034,17014592,false,false,6,2015-04-01,2015-09-30,0
2015-10-29,98890,2015-03-31,2,,,,,,,,,,,,,,,,,,,,,,,,,,,,,,,,,,,17014861,false,false,6,2014-04-01,2014-09-30,-1
2016-01-28,98890,2016-03-31,3,64632000000,-0.041,,,,,1213000000,0.010,1127000000,-0.105,,263000000,,15.50,,,,,,38036000000,13698000000,0.347,,13207000000,,,,,,,,,,,,true,false,9,2015-04-01,2015-12-31,0
2016-01-28,98890,2015-03-31,3,67364000000,0.010,,,,,1201000000,2.290,1259000000,1.783,,589000000,,34.62,,,,,,,,,,,,,,,,,,,,,,true,false,9,2014-04-01,2014-12-31,-1
2016-01-28,98890,2016-03-31,3,90000000000,-0.021,,,,,1800000000,0.104,1750000000,0.036,,700000000,,41.14,,,,,,,,,,,,,,,,,,,,,,true,true,12,2015-04-01,2016-03-31,0
2016-01-28,98890,2015-03-31,3,,,,,,,,,,,,,,,,,,,,44614000000,14330000000,0.296,,13217000000,,,,,,,,,,,,true,false,12,2014-04-01,2015-03-31,-1
2016-01-28,98890,2015-03-31,3,,,,,,,,,,,,,,,,,,,,,,,,,,,,,25.00,,,,17711543,696862,,false,false,12,2014-04-01,2015-03-31,-1
2016-01-28,98890,2016-03-31,3,,,,,,,,,,,,,,,,,,,,,,,,,,,,,12.50,,,,,,,false,false,12,2015-04-01,2016-03-31,0
2016-01-28,98890,2016-03-31,3,,,,,,,,,,,,,,,,,,,,,,,,,,,,,25.00,,,,,,,false,true,12,2015-04-01,2016-03-31,0
2016-01-28,98890,2016-03-31,3,,,,,,,,,,,,,,,,,,,,,,,,,,,,,,,,,17711543,697046,17014561,false,false,9,2015-04-01,2015-12-31,0
2016-01-28,98890,2015-03-31,3,,,,,,,,,,,,,,,,,,,,,,,,,,,,,,,,,,,17014823,false,false,9,2014-04-01,2014-12-31,-1
2016-04-28,98890,2016-03-31,,86129000000,-0.063,,,,,1729000000,0.061,1682000000,-0.004,,436000000,,25.63,,0.033,0.041,0.020,,37841000000,13676000000,0.351,779.99,13271000000,1221000000,399000000,-2469000000,6112000000,,0.975,,,,,,true,false,12,2015-04-01,2016-03-31,0
2016-04-28,98890,2015-03-31,,91966000000,-0.018,,,,,1631000000,0.929,1689000000,0.745,,324000000,,19.06,,0.025,0.038,0.018,,44614000000,14330000000,0.296,776.83,13217000000,3488000000,-920000000,-1141000000,6973000000,,1.312,,,,,,true,false,12,2014-04-01,2015-03-31,-1
2016-04-28,98890,2017-03-31,,41000000000,-0.072,,,,,850000000,-0.062,880000000,0.011,,500000000,,29.39,,,,,,,,,,,,,,,,,,,,,,true,true,6,2016-04-01,2016-09-30,1
2016-04-28,98890,2017-03-31,,82000000000,-0.048,,,,,1800000000,0.041,1850000000,0.099,,1050000000,,61.71,,,,,,,,,,,,,,,,0.405,,,,,,true,true,12,2016-04-01,2017-03-31,1
2016-04-28,98890,2016-03-31,,1448000000,0.037,,,,,375000000,0.323,378000000,0.346,376000000,,,22.14,,,,,,20690000000,11659000000,0.564,685.25,11659000000,,,,,25.00,,,,17711543,697136,17014525,false,false,12,2015-04-01,2016-03-31,0
2016-04-28,98890,2015-03-31,,1396000000,0.066,,,,,283000000,-0.184,281000000,-0.188,-97000000,,,-5.71,,,,,,21400000000,11790000000,0.551,692.98,11790000000,,,,,25.00,,,,17711543,696862,17014794,false,false,12,2014-04-01,2015-03-31,-1
2016-04-28,98890,2017-03-31,,,,,,,,,,,,,,,,,,,,,,,,,,,,,,25.00,,,,,,,false,true,12,2016-04-01,2017-03-31,1
2016-04-28,98890,2016-03-31,,86129000000,-0.063,,,,,1729000000,0.061,1682000000,-0.004,,436000000,,25.63,,0.034,0.041,0.020,,38072000000,13151000000,0.335,749.17,12746000000,1221000000,399000000,-2469000000,6112000000,,0.975,,,,,,true,false,12,2015-04-01,2016-03-31,0
2016-04-28,98890,2015-03-31,,91966000000,-0.018,,,,,1631000000,0.929,1689000000,0.745,,324000000,,19.06,,0.025,0.038,0.018,,44614000000,14330000000,0.296,776.83,13217000000,3488000000,-920000000,-1141000000,6973000000,,1.312,,,,,,true,false,12,2014-04-01,2015-03-31,-1
2016-04-28,98890,2017-03-31,,41000000000,-0.072,,,,,850000000,-0.062,880000000,0.011,,500000000,,29.39,,,,,,,,,,,,,,,,,,,,,,true,true,6,2016-04-01,2016-09-30,1
2016-04-28,98890,2017-03-31,,82000000000,-0.048,,,,,1800000000,0.041,1850000000,0.099,,1050000000,,61.71,,,,,,,,,,,,,,,,0.405,,,,,,true,true,12,2016-04-01,2017-03-31,1
2016-04-28,98890,2016-03-31,,1448000000,0.037,,,,,375000000,0.323,378000000,0.346,376000000,,,22.14,,,,,,20711000000,11659000000,0.563,685.25,11659000000,,,,,25.00,,,,17711543,697136,17014525,false,false,12,2015-04-01,2016-03-31,0
2016-04-28,98890,2015-03-31,,1396000000,0.066,,,,,283000000,-0.184,281000000,-0.188,-97000000,,,-5.71,,,,,,21400000000,11790000000,0.551,692.98,11790000000,,,,,25.00,,,,17711543,696862,17014794,false,false,12,2014-04-01,2015-03-31,-1
2016-04-28,98890,2017-03-31,,,,,,,,,,,,,,,,,,,,,,,,,,,,,,25.00,,,,,,,false,true,12,2016-04-01,2017-03-31,1
2016-07-28,98890,2017-03-31,1,20648000000,-0.060,,,,,338000000,-0.187,368000000,-0.157,,222000000,,13.08,,,,,,37523000000,13075000000,0.338,,12691000000,,,,,,,,,,,,true,false,3,2016-04-01,2016-06-30,0
2016-07-28,98890,2016-03-31,1,21966000000,0.056,,,,,416000000,2.102,436000000,0.994,,220000000,,12.99,,,,,,,,,,,,,,,,,,,,,,true,false,3,2015-04-01,2015-06-30,-1
2016-07-28,98890,2017-03-31,1,41000000000,-0.072,,,,,850000000,-0.062,880000000,0.011,,500000000,,29.39,,,,,,,,,,,,,,,,,,,,,,true,true,6,2016-04-01,2016-09-30,0
2016-07-28,98890,2017-03-31,1,82000000000,-0.048,,,,,1800000000,0.041,1850000000,0.099,,1050000000,,61.71,,,,,,,,,,,,,,,,,,,,,,true,true,12,2016-04-01,2017-03-31,0
2016-07-28,98890,2016-03-31,1,,,,,,,,,,,,,,,,,,,,38072000000,13151000000,0.335,,12746000000,,,,,,,,,,,,true,false,12,2015-04-01,2016-03-31,-1
2016-07-28,98890,2016-03-31,1,,,,,,,,,,,,,,,,,,,,,,,,,,,,,25.00,,,,17711543,697136,,false,false,12,2015-04-01,2016-03-31,-1
2016-07-28,98890,2017-03-31,1,,,,,,,,,,,,,,,,,,,,,,,,,,,,,25.00,,,,,,,false,true,12,2016-04-01,2017-03-31,0
2016-07-28,98890,2017-03-31,1,,,,,,,,,,,,,,,,,,,,,,,,,,,,,,,,,17711543,697148,17014404,false,false,3,2016-04-01,2016-06-30,0
2016-07-28,98890,2016-03-31,1,,,,,,,,,,,,,,,,,,,,,,,,,,,,,,,,,,,17014651,false,false,3,2015-04-01,2015-06-30,-1
2016-10-27,98890,2017-03-31,2,41106000000,-0.070,,,,,959000000,0.059,970000000,0.115,,632000000,,37.30,,,,,,36877000000,13408000000,0.353,,13003000000,,,,,,,,,,,,true,false,6,2016-04-01,2016-09-30,0
2016-10-27,98890,2016-03-31,2,44187000000,-0.003,,,,,906000000,0.553,870000000,0.300,,50000000,,2.97,,,,,,,,,,,,,,,,,,,,,,true,false,6,2015-04-01,2015-09-30,-1
2016-10-27,98890,2017-03-31,2,82000000000,-0.048,,,,,1800000000,0.041,1850000000,0.099,,1050000000,,61.92,,,,,,,,,,,,,,,,,,,,,,true,true,12,2016-04-01,2017-03-31,0
2016-10-27,98890,2016-03-31,2,,,,,,,,,,,,,,,,,,,,38072000000,13151000000,0.335,,12746000000,,,,,,,,,,,,true,false,12,2015-04-01,2016-03-31,-1
2016-10-27,98890,2016-03-31,2,,,,,,,,,,,,,,,,,,,,,,,,,,,,,25.00,,,,17711543,697136,,false,false,12,2015-04-01,2016-03-31,-1
2016-10-27,98890,2017-03-31,2,,,,,,,,,,,,,,,,,,,,,,,,,,,,,12.50,,,,,,,false,false,12,2016-04-01,2017-03-31,0
2016-10-27,98890,2017-03-31,2,,,,,,,,,,,,,,,,,,,,,,,,,,,,,25.00,,,,,,,false,true,12,2016-04-01,2017-03-31,0
2016-10-27,98890,2017-03-31,2,,,,,,,,,,,,,,,,,,,,,,,,,,,,,,,,,17711543,874748,16957140,false,false,6,2016-04-01,2016-09-30,0
2016-10-27,98890,2016-03-31,2,,,,,,,,,,,,,,,,,,,,,,,,,,,,,,,,,,,17014592,false,false,6,2015-04-01,2015-09-30,-1
2017-01-30,98890,2017-03-31,3,61893000000,-0.042,,,,,1503000000,0.240,1541000000,0.367,,990000000,,58.55,,,,,,38548000000,13742000000,0.346,,13337000000,,,,,,,,,,,,true,false,9,2016-04-01,2016-12-31,0
2017-01-30,98890,2016-03-31,3,64632000000,-0.041,,,,,1213000000,0.010,1127000000,-0.105,,263000000,,15.50,,,,,,,,,,,,,,,,,,,,,,true,false,9,2015-04-01,2015-12-31,-1
2017-01-30,98890,2017-03-31,3,82000000000,-0.048,,,,,1800000000,0.041,1850000000,0.099,,1050000000,,62.07,,,,,,,,,,,,,,,,,,,,,,true,true,12,2016-04-01,2017-03-31,0
2017-01-30,98890,2016-03-31,3,,,,,,,,,,,,,,,,,,,,38072000000,13151000000,0.335,,12746000000,,,,,,,,,,,,true,false,12,2015-04-01,2016-03-31,-1
2017-01-30,98890,2016-03-31,3,,,,,,,,,,,,,,,,,,,,,,,,,,,,,25.00,,,,17711543,697136,,false,false,12,2015-04-01,2016-03-31,-1
2017-01-30,98890,2017-03-31,3,,,,,,,,,,,,,,,,,,,,,,,,,,,,,12.50,,,,,,,false,false,12,2016-04-01,2017-03-31,0
2017-01-30,98890,2017-03-31,3,,,,,,,,,,,,,,,,,,,,,,,,,,,,,25.00,,,,,,,false,true,12,2016-04-01,2017-03-31,0
2017-01-30,98890,2017-03-31,3,,,,,,,,,,,,,,,,,,,,,,,,,,,,,,,,,17711543,874748,16916879,false,false,9,2016-04-01,2016-12-31,0
2017-01-30,98890,2016-03-31,3,,,,,,,,,,,,,,,,,,,,,,,,,,,,,,,,,,,17014561,false,false,9,2015-04-01,2015-12-31,-1
2017-05-09,98890,2017-03-31,,83272000000,-0.033,,,,,1855000000,0.073,1932000000,0.148,,1269000000,,75.11,,0.096,0.050,0.022,,38485000000,13865000000,0.358,817.48,13763000000,2593000000,-395000000,-1190000000,7115000000,,0.359,,,,,,true,false,12,2016-04-01,2017-03-31,0
2017-05-09,98890,2016-03-31,,86129000000,-0.063,,,,,1729000000,0.061,1682000000,-0.004,,436000000,,25.63,,0.034,0.041,0.020,,38072000000,13151000000,0.335,749.17,12746000000,1221000000,399000000,-2469000000,6112000000,,0.975,,,,,,true,false,12,2015-04-01,2016-03-31,-1
2017-05-09,98890,2018-03-31,,34000000000,-0.173,,,,,800000000,-0.166,830000000,-0.144,,550000000,,32.67,,,,,,,,,,,,,,,,,,,,,,true,true,6,2017-04-01,2017-09-30,1
2017-05-09,98890,2018-03-31,,63000000000,-0.243,,,,,1900000000,0.024,1950000000,0.009,,1250000000,,74.24,,,,,,,,,,,,,,,,0.377,,,,,,true,true,12,2017-04-01,2018-03-31,1
2017-05-09,98890,2017-03-31,,1620000000,0.119,,,,,547000000,0.459,538000000,0.422,431000000,,0.144,25.51,,,,,,20659000000,11664000000,0.565,692.79,11664000000,,,,,27.00,,,,17711543,874748,16897133,false,false,12,2016-04-01,2017-03-31,0
2017-05-09,98890,2016-03-31,,1448000000,0.037,,,,,375000000,0.323,378000000,0.346,376000000,,,22.14,,,,,,20711000000,11659000000,0.563,685.25,11659000000,,,,,25.00,,,,17711543,697136,17014525,false,false,12,2015-04-01,2016-03-31,-1
2017-05-09,98890,2018-03-31,,,,,,,,,,,,,,,,,,,,,,,,,,,,,,28.00,,,,,,,false,true,12,2017-04-01,2018-03-31,1
2017-05-09,98890,2017-03-31,,83272000000,-0.033,,,,,1855000000,0.073,1932000000,0.148,,1269000000,,75.11,,0.096,0.051,0.022,,38350000000,13865000000,0.359,817.48,13763000000,2593000000,-395000000,-1190000000,7115000000,,0.359,,,,,,true,false,12,2016-04-01,2017-03-31,0
2017-05-09,98890,2016-03-31,,86129000000,-0.063,,,,,1729000000,0.061,1682000000,-0.004,,436000000,,25.63,,0.034,0.041,0.020,,38072000000,13151000000,0.335,749.17,12746000000,1221000000,399000000,-2469000000,6112000000,,0.975,,,,,,true,false,12,2015-04-01,2016-03-31,-1
2017-05-09,98890,2018-03-31,,34000000000,-0.173,,,,,800000000,-0.166,830000000,-0.144,,550000000,,32.67,,,,,,,,,,,,,,,,,,,,,,true,true,6,2017-04-01,2017-09-30,1
2017-05-09,98890,2018-03-31,,63000000000,-0.243,,,,,1900000000,0.024,1950000000,0.009,,1250000000,,74.24,,,,,,,,,,,,,,,,0.377,,,,,,true,true,12,2017-04-01,2018-03-31,1
2017-05-09,98890,2017-03-31,,1620000000,0.119,,,,,547000000,0.459,538000000,0.422,431000000,,0.144,25.51,,,,,,20659000000,11664000000,0.565,692.79,11664000000,,,,,27.00,,,,17711543,874748,16897133,false,false,12,2016-04-01,2017-03-31,0
2017-05-09,98890,2016-03-31,,1448000000,0.037,,,,,375000000,0.323,378000000,0.346,376000000,,,22.14,,,,,,20711000000,11659000000,0.563,685.25,11659000000,,,,,25.00,,,,17711543,697136,17014525,false,false,12,2015-04-01,2016-03-31,-1
2017-05-09,98890,2018-03-31,,,,,,,,,,,,,,,,,,,,,,,,,,,,,,28.00,,,,,,,false,true,12,2017-04-01,2018-03-31,1
2017-07-27,98890,2018-03-31,1,20249000000,-0.019,,,,,484000000,0.430,531000000,0.444,,303000000,,18.07,,,,,,31852000000,13902000000,0.435,,13856000000,,,,,,,,,,,,true,false,3,2017-04-01,2017-06-30,0
2017-07-27,98890,2017-03-31,1,20648000000,-0.060,,,,,338000000,-0.187,368000000,-0.157,,222000000,,13.08,,,,,,,,,,,,,,,,,,,,,,true,false,3,2016-04-01,2016-06-30,-1
2017-07-27,98890,2018-03-31,1,34000000000,-0.173,,,,,800000000,-0.166,830000000,-0.144,,550000000,,32.76,,,,,,,,,,,,,,,,,,,,,,true,true,6,2017-04-01,2017-09-30,0
2017-07-27,98890,2018-03-31,1,63000000000,-0.243,,,,,1900000000,0.024,1950000000,0.009,,1250000000,,74.46,,,,,,,,,,,,,,,,,,,,,,true,true,12,2017-04-01,2018-03-31,0
2017-07-27,98890,2017-03-31,1,,,,,,,,,,,,,,,,,,,,38350000000,13865000000,0.359,,13763000000,,,,,,,,,,,,true,false,12,2016-04-01,2017-03-31,-1
2017-07-27,98890,2017-03-31,1,,,,,,,,,,,,,,,,,,,,,,,,,,,,,27.00,,,,17711543,874748,,false,false,12,2016-04-01,2017-03-31,-1
2017-07-27,98890,2018-03-31,1,,,,,,,,,,,,,,,,,,,,,,,,,,,,,28.00,,,,,,,false,true,12,2017-04-01,2018-03-31,0
2017-07-27,98890,2018-03-31,1,,,,,,,,,,,,,,,,,,,,,,,,,,,,,,,,,17711543,1020148,16787263,false,false,3,2017-04-01,2017-06-30,0
2017-07-27,98890,2017-03-31,1,,,,,,,,,,,,,,,,,,,,,,,,,,,,,,,,,,,17014404,false,false,3,2016-04-01,2016-06-30,-1
2017-10-26,98890,2018-03-31,2,34386000000,-0.163,,,,,1051000000,0.095,1082000000,0.116,,660000000,,39.39,,,,,,31556000000,14512000000,0.458,,14467000000,,,,,,,,,,,,true,false,6,2017-04-01,2017-09-30,0
2017-10-26,98890,2017-03-31,2,41106000000,-0.070,,,,,959000000,0.059,970000000,0.115,,632000000,,37.30,,,,,,,,,,,,,,,,,,,,,,true,false,6,2016-04-01,2016-09-30,-1
2017-10-26,98890,2018-03-31,2,63000000000,-0.243,,,,,1900000000,0.024,1950000000,0.009,,1250000000,,74.59,,,,,,,,,,,,,,,,,,,,,,true,true,12,2017-04-01,2018-03-31,0
2017-10-26,98890,2017-03-31,2,,,,,,,,,,,,,,,,,,,,38350000000,13865000000,0.359,,13763000000,,,,,,,,,,,,true,false,12,2016-04-01,2017-03-31,-1
2017-10-26,98890,2017-03-31,2,,,,,,,,,,,,,,,,,,,,,,,,,,,,,27.00,,,,17711543,874748,,false,false,12,2016-04-01,2017-03-31,-1
2017-10-26,98890,2018-03-31,2,,,,,,,,,,,,,,,,,,,,,,,,,,,,,14.00,,,,,,,false,false,12,2017-04-01,2018-03-31,0
2017-10-26,98890,2018-03-31,2,,,,,,,,,,,,,,,,,,,,,,,,,,,,,28.00,,,,,,,false,true,12,2017-04-01,2018-03-31,0
2017-10-26,98890,2018-03-31,2,,,,,,,,,,,,,,,,,,,,,,,,,,,,,,,,,17773743,1020342,16757740,false,false,6,2017-04-01,2017-09-30,0
2017-10-26,98890,2017-03-31,2,,,,,,,,,,,,,,,,,,,,,,,,,,,,,,,,,,,16957140,false,false,6,2016-04-01,2016-09-30,-1
2018-01-31,98890,2018-03-31,3,48387000000,-0.218,,,,,1568000000,0.043,1588000000,0.030,,1011000000,,60.39,,,,,,30911000000,14743000000,0.476,,14727000000,,,,,,,,,,,,true,false,9,2017-04-01,2017-12-31,0
2018-01-31,98890,2017-03-31,3,61893000000,-0.042,,,,,1503000000,0.240,1541000000,0.367,,990000000,,58.55,,,,,,,,,,,,,,,,,,,,,,true,false,9,2016-04-01,2016-12-31,-1
2018-01-31,98890,2018-03-31,3,63000000000,-0.243,,,,,1900000000,0.024,1950000000,0.009,,1250000000,,74.60,,,,,,,,,,,,,,,,,,,,,,true,true,12,2017-04-01,2018-03-31,0
2018-01-31,98890,2017-03-31,3,,,,,,,,,,,,,,,,,,,,38350000000,13865000000,0.359,,13763000000,,,,,,,,,,,,true,false,12,2016-04-01,2017-03-31,-1
2018-01-31,98890,2017-03-31,3,,,,,,,,,,,,,,,,,,,,,,,,,,,,,27.00,,,,17711543,874748,,false,false,12,2016-04-01,2017-03-31,-1
2018-01-31,98890,2018-03-31,3,,,,,,,,,,,,,,,,,,,,,,,,,,,,,14.00,,,,,,,false,false,12,2017-04-01,2018-03-31,0
2018-01-31,98890,2018-03-31,3,,,,,,,,,,,,,,,,,,,,,,,,,,,,,28.00,,,,,,,false,true,12,2017-04-01,2018-03-31,0
2018-01-31,98890,2018-03-31,3,,,,,,,,,,,,,,,,,,,,,,,,,,,,,,,,,17773743,1020391,16756287,false,false,9,2017-04-01,2017-12-31,0
2018-01-31,98890,2017-03-31,3,,,,,,,,,,,,,,,,,,,,,,,,,,,,,,,,,,,16916879,false,false,9,2016-04-01,2016-12-31,-1
2018-04-27,98890,2018-03-31,,63107000000,-0.242,,,,,2060000000,0.111,2034000000,0.053,,1186000000,,70.83,,0.083,0.059,0.033,,30956000000,14884000000,0.480,887.47,14868000000,-647000000,96000000,484000000,7042000000,,0.452,,,,,,true,false,12,2017-04-01,2018-03-31,0
2018-04-27,98890,2017-03-31,,83272000000,-0.033,,,,,1855000000,0.073,1932000000,0.148,,1269000000,,75.11,,0.096,0.051,0.022,,38350000000,13865000000,0.359,817.48,13763000000,2593000000,-395000000,-1190000000,7115000000,,0.359,,,,,,true,false,12,2016-04-01,2017-03-31,-1
2018-04-27,98890,2019-03-31,,28500000000,-0.171,,,,,1000000000,-0.049,1020000000,-0.058,,620000000,,37.01,,,,,,,,,,,,,,,,,,,,,,true,true,6,2018-04-01,2018-09-30,1
2018-04-27,98890,2019-03-31,,57300000000,-0.092,,,,,2100000000,0.019,2150000000,0.057,,1300000000,,77.60,,,,,,,,,,,,,,,,0.464,,,,,,true,true,12,2018-04-01,2019-03-31,1
2018-04-27,98890,2018-03-31,,1914000000,0.182,,,,,704000000,0.288,714000000,0.327,1178000000,,1.735,70.35,,,,,,19740000000,12535000000,0.635,748.23,12535000000,,,,,32.00,,,,17773743,1020411,16755559,false,false,12,2017-04-01,2018-03-31,0
2018-04-27,98890,2017-03-31,,1620000000,0.119,,,,,547000000,0.459,538000000,0.422,431000000,,0.144,25.51,,,,,,20659000000,11664000000,0.565,692.79,11664000000,,,,,27.00,,,,17711543,874748,16897133,false,false,12,2016-04-01,2017-03-31,-1
2018-04-27,98890,2019-03-31,,,,,,,,,,,,,,,,,,,,,,,,,,,,,,36.00,,,,,,,false,true,12,2018-04-01,2019-03-31,1
2018-04-27,98890,2018-03-31,,63107000000,-0.242,,,,,2060000000,0.111,2034000000,0.053,,1186000000,,70.83,,0.083,0.059,0.033,,30956000000,14884000000,0.480,887.47,14868000000,-647000000,96000000,484000000,7042000000,,0.452,,,,,,true,false,12,2017-04-01,2018-03-31,0
2018-04-27,98890,2017-03-31,,83272000000,-0.033,,,,,1855000000,0.073,1932000000,0.148,,1269000000,,75.11,,0.096,0.051,0.022,,38350000000,13865000000,0.359,817.48,13763000000,2593000000,-395000000,-1190000000,7115000000,,0.359,,,,,,true,false,12,2016-04-01,2017-03-31,-1
2018-04-27,98890,2019-03-31,,28500000000,-0.171,,,,,1000000000,-0.049,1020000000,-0.058,,620000000,,37.01,,,,,,,,,,,,,,,,,,,,,,true,true,6,2018-04-01,2018-09-30,1
2018-04-27,98890,2019-03-31,,57300000000,-0.092,,,,,2100000000,0.019,2150000000,0.057,,1300000000,,77.60,,,,,,,,,,,,,,,,0.464,,,,,,true,true,12,2018-04-01,2019-03-31,1
2018-04-27,98890,2018-03-31,,1914000000,0.182,,,,,704000000,0.288,714000000,0.327,1174000000,,1.725,70.11,,,,,,19740000000,12535000000,0.635,748.23,12535000000,,,,,32.00,,,,17773743,1020411,16755559,false,false,12,2017-04-01,2018-03-31,0
2018-04-27,98890,2017-03-31,,1620000000,0.119,,,,,547000000,0.459,538000000,0.422,431000000,,0.144,25.51,,,,,,20659000000,11664000000,0.565,692.79,11664000000,,,,,27.00,,,,17711543,874748,16897133,false,false,12,2016-04-01,2017-03-31,-1
2018-04-27,98890,2019-03-31,,,,,,,,,,,,,,,,,,,,,,,,,,,,,,36.00,,,,,,,false,true,12,2018-04-01,2019-03-31,1
2018-07-27,98890,2019-03-31,1,13961000000,-0.311,,,,,668000000,0.379,738000000,0.389,,532000000,,31.79,,,,,,30815000000,15313000000,0.496,,15296000000,,,,,,,,,,,,true,false,3,2018-04-01,2018-06-30,0
2018-07-27,98890,2018-03-31,1,20249000000,-0.019,,,,,484000000,0.430,531000000,0.444,,303000000,,18.07,,,,,,,,,,,,,,,,,,,,,,true,false,3,2017-04-01,2017-06-30,-1
2018-07-27,98890,2019-03-31,1,28500000000,-0.171,,,,,1000000000,-0.049,1020000000,-0.058,,620000000,,37.01,,,,,,,,,,,,,,,,,,,,,,true,true,6,2018-04-01,2018-09-30,0
2018-07-27,98890,2019-03-31,1,57300000000,-0.092,,,,,2100000000,0.019,2150000000,0.057,,1300000000,,77.61,,,,,,,,,,,,,,,,,,,,,,true,true,12,2018-04-01,2019-03-31,0
2018-07-27,98890,2018-03-31,1,,,,,,,,,,,,,,,,,,,,30899000000,14884000000,0.481,,14868000000,,,,,,,,,,,,true,false,12,2017-04-01,2018-03-31,-1
2018-07-27,98890,2018-03-31,1,,,,,,,,,,,,,,,,,,,,,,,,,,,,,32.00,,,,17773743,1020411,,false,false,12,2017-04-01,2018-03-31,-1
2018-07-27,98890,2019-03-31,1,,,,,,,,,,,,,,,,,,,,,,,,,,,,,36.00,,,,,,,false,true,12,2018-04-01,2019-03-31,0
2018-07-27,98890,2019-03-31,1,,,,,,,,,,,,,,,,,,,,,,,,,,,,,,,,,17773743,1024792,16750456,false,false,3,2018-04-01,2018-06-30,0
2018-07-27,98890,2018-03-31,1,,,,,,,,,,,,,,,,,,,,,,,,,,,,,,,,,,,16787263,false,false,3,2017-04-01,2017-06-30,-1
2018-10-25,98890,2019-03-31,2,28303000000,-0.177,,,,,1355000000,0.290,1441000000,0.331,,1000000000,,59.66,,,,,,32186000000,16051000000,0.498,,16034000000,,,,,,,,,,,,true,false,6,2018-04-01,2018-09-30,0
2018-10-25,98890,2018-03-31,2,34386000000,-0.163,,,,,1051000000,0.095,1082000000,0.116,,660000000,,39.39,,,,,,,,,,,,,,,,,,,,,,true,false,6,2017-04-01,2017-09-30,-1
2018-10-25,98890,2019-03-31,2,57300000000,-0.092,,,,,2455000000,0.191,2530000000,0.243,,1570000000,,93.65,,,,,,,,,,,,,,,,,,,,,,true,true,12,2018-04-01,2019-03-31,0
2018-10-25,98890,2018-03-31,2,,,,,,,,,,,,,,,,,,,,30899000000,14884000000,0.481,,14868000000,,,,,,,,,,,,true,false,12,2017-04-01,2018-03-31,-1
2018-10-25,98890,2018-03-31,2,,,,,,,,,,,,,,,,,,,,,,,,,,,,,32.00,,,,17773743,1020411,,false,false,12,2017-04-01,2018-03-31,-1
2018-10-25,98890,2019-03-31,2,,,,,,,,,,,,,,,,,,,,,,,,,,,,,18.00,,,,,,,false,false,12,2018-04-01,2019-03-31,0
2018-10-25,98890,2019-03-31,2,,,,,,,,,,,,,,,,,,,,,,,,,,,,,36.00,,,,,,,false,true,12,2018-04-01,2019-03-31,0
2018-10-25,98890,2019-03-31,2,,,,,,,,,,,,,,,,,,,,,,,,,,,,,,,,,17773743,972247,16765212,false,false,6,2018-04-01,2018-09-30,0
2018-10-25,98890,2018-03-31,2,,,,,,,,,,,,,,,,,,,,,,,,,,,,,,,,,,,16757740,false,false,6,2017-04-01,2017-09-30,-1
2019-01-31,98890,2019-03-31,3,42829000000,-0.115,,,,,2005000000,0.278,2129000000,0.341,,1459000000,,86.99,,,,,,31287000000,15804000000,0.505,,15785000000,,,,,,,,,,,,true,false,9,2018-04-01,2018-12-31,0
2019-01-31,98890,2018-03-31,3,48387000000,-0.218,,,,,1568000000,0.043,1588000000,0.030,,1011000000,,60.39,,,,,,,,,,,,,,,,,,,,,,true,false,9,2017-04-01,2017-12-31,-1
2019-01-31,98890,2019-03-31,3,57300000000,-0.092,,,,,2455000000,0.191,2530000000,0.243,,1570000000,,93.58,,,,,,,,,,,,,,,,,,,,,,true,true,12,2018-04-01,2019-03-31,0
2019-01-31,98890,2018-03-31,3,,,,,,,,,,,,,,,,,,,,30899000000,14884000000,0.481,,14868000000,,,,,,,,,,,,true,false,12,2017-04-01,2018-03-31,-1
2019-01-31,98890,2018-03-31,3,,,,,,,,,,,,,,,,,,,,,,,,,,,,,32.00,,,,17773743,1020411,,false,false,12,2017-04-01,2018-03-31,-1
2019-01-31,98890,2019-03-31,3,,,,,,,,,,,,,,,,,,,,,,,,,,,,,18.00,,,,,,,false,false,12,2018-04-01,2019-03-31,0
2019-01-31,98890,2019-03-31,3,,,,,,,,,,,,,,,,,,,,,,,,,,,,,36.00,,,,,,,false,true,12,2018-04-01,2019-03-31,0
2019-01-31,98890,2019-03-31,3,,,,,,,,,,,,,,,,,,,,,,,,,,,,,,,,,17773743,972363,16777335,false,false,9,2018-04-01,2018-12-31,0
2019-01-31,98890,2018-03-31,3,,,,,,,,,,,,,,,,,,,,,,,,,,,,,,,,,,,16756287,false,false,9,2017-04-01,2017-12-31,-1
2019-04-26,98890,2019-03-31,,58899000000,-0.067,,,,,2631000000,0.277,2738000000,0.346,,1782000000,,106.44,,0.116,0.085,0.045,,33600000000,15753000000,0.468,953.63,15734000000,1837000000,-178000000,-1194000000,7496000000,,0.432,,,,,,true,false,12,2018-04-01,2019-03-31,0
2019-04-26,98890,2018-03-31,,63107000000,-0.242,,,,,2060000000,0.111,2034000000,0.053,,1186000000,,70.83,,0.083,0.059,0.033,,30899000000,14884000000,0.481,887.47,14868000000,-647000000,96000000,484000000,7042000000,,0.452,,,,,,true,false,12,2017-04-01,2018-03-31,-1
2019-04-26,98890,2020-03-31,,29250000000,0.033,,,,,1200000000,-0.114,1250000000,-0.132,,790000000,,47.88,,,,,,,,,,,,,,,,,,,,,,true,true,6,2019-04-01,2019-09-30,1
2019-04-26,98890,2020-03-31,,58500000000,-0.007,,,,,2400000000,-0.088,2450000000,-0.105,,1550000000,,93.94,,,,,,,,,,,,,,,,0.447,,,,,,true,true,12,2019-04-01,2020-03-31,1
2019-04-26,98890,2019-03-31,,2554000000,0.334,,,,,1284000000,0.822,1273000000,0.782,1182000000,,0.006,70.60,,,,,,20297000000,12726000000,0.627,771.30,12726000000,,,,,46.00,,,,17773743,1273935,16743950,false,false,12,2018-04-01,2019-03-31,0
2019-04-26,98890,2018-03-31,,1914000000,0.182,,,,,704000000,0.288,714000000,0.327,1174000000,,1.725,70.11,,,,,,19740000000,12535000000,0.635,748.23,12535000000,,,,,32.00,,,,17773743,1020411,16755559,false,false,12,2017-04-01,2018-03-31,-1
2019-04-26,98890,2020-03-31,,,,,,,,,,,,,,,,,,,,,,,,,,,,,,42.00,,,,,,,false,true,12,2019-04-01,2020-03-31,1
2019-07-30,98890,2020-03-31,1,16279000000,0.166,,,,,929000000,0.391,984000000,0.333,,643000000,,39.02,,,,,,33394000000,15815000000,0.473,,15795000000,,,,,,,,,,,,true,false,3,2019-04-01,2019-06-30,0
2019-07-30,98890,2019-03-31,1,13961000000,-0.311,,,,,668000000,0.379,738000000,0.389,,532000000,,31.79,,,,,,,,,,,,,,,,,,,,,,true,false,3,2018-04-01,2018-06-30,-1
2019-07-30,98890,2020-03-31,1,32750000000,0.157,,,,,1700000000,0.255,1750000000,0.215,,1120000000,,67.91,,,,,,,,,,,,,,,,,,,,,,true,true,6,2019-04-01,2019-09-30,0
2019-07-30,98890,2020-03-31,1,62000000000,0.053,,,,,2900000000,0.102,2950000000,0.077,,1850000000,,112.18,,,,,,,,,,,,,,,,,,,,,,true,true,12,2019-04-01,2020-03-31,0
2019-07-30,98890,2019-03-31,1,,,,,,,,,,,,,,,,,,,,33600000000,15753000000,0.468,,15734000000,,,,,,,,,,,,true,false,12,2018-04-01,2019-03-31,-1
2019-07-30,98890,2019-03-31,1,,,,,,,,,,,,,,,,,,,,,,,,,,,,,46.00,,,,17773743,1273935,,false,false,12,2018-04-01,2019-03-31,-1
2019-07-30,98890,2020-03-31,1,,,,,,,,,,,,,,,,,,,,,,,,,,,,,42.00,,,,,,,false,true,12,2019-04-01,2020-03-31,0
2019-07-30,98890,2020-03-31,1,,,,,,,,,,,,,,,,,,,,,,,,,,,,,,,,,17773743,1282306,16491651,false,false,3,2019-04-01,2019-06-30,0
2019-07-30,98890,2019-03-31,1,,,,,,,,,,,,,,,,,,,,,,,,,,,,,,,,,,,16750456,false,false,3,2018-04-01,2018-06-30,-1
2019-10-29,98890,2020-03-31,2,34613000000,0.223,,,,,2037000000,0.503,2127000000,0.476,,1377000000,,83.46,,,,,,35208000000,16593000000,0.471,,16573000000,,,,,,,,,,,,true,false,6,2019-04-01,2019-09-30,0
2019-10-29,98890,2019-03-31,2,28303000000,-0.177,,,,,1355000000,0.290,1441000000,0.331,,1000000000,,59.66,,,,,,,,,,,,,,,,,,,,,,true,false,6,2018-04-01,2018-09-30,-1
2019-10-29,98890,2020-03-31,2,62000000000,0.053,,,,,2900000000,0.102,2950000000,0.077,,1850000000,,112.10,,,,,,,,,,,,,,,,,,,,,,true,true,12,2019-04-01,2020-03-31,0
2019-10-29,98890,2019-03-31,2,,,,,,,,,,,,,,,,,,,,33600000000,15753000000,0.468,,15734000000,,,,,,,,,,,,true,false,12,2018-04-01,2019-03-31,-1
2019-10-29,98890,2019-03-31,2,,,,,,,,,,,,,,,,,,,,,,,,,,,,,46.00,,,,17773743,1273935,,false,false,12,2018-04-01,2019-03-31,-1
2019-10-29,98890,2020-03-31,2,,,,,,,,,,,,,,,,,,,,,,,,,,,,,25.00,,,,,,,false,false,12,2019-04-01,2020-03-31,0
2019-10-29,98890,2020-03-31,2,,,,,,,,,,,,,,,,,,,,,,,,,,,,,50.00,,,,,,,false,true,12,2019-04-01,2020-03-31,0
2019-10-29,98890,2020-03-31,2,,,,,,,,,,,,,,,,,,,,,,,,,,,,,,,,,17773743,1244857,16502795,false,false,6,2019-04-01,2019-09-30,0
2019-10-29,98890,2019-03-31,2,,,,,,,,,,,,,,,,,,,,,,,,,,,,,,,,,,,16765212,false,false,6,2018-04-01,2018-09-30,-1
2020-01-30,98890,2020-03-31,3,50947000000,0.190,,,,,3032000000,0.512,3195000000,0.501,,2106000000,,128.58,,,,,,33236000000,16150000000,0.485,,16130000000,,,,,,,,,,,,true,false,9,2019-04-01,2019-12-31,0
2020-01-30,98890,2019-03-31,3,42829000000,-0.115,,,,,2005000000,0.278,2129000000,0.341,,1459000000,,86.99,,,,,,,,,,,,,,,,,,,,,,true,false,9,2018-04-01,2018-12-31,-1
2020-01-30,98890,2020-03-31,3,65000000000,0.104,,,,,3300000000,0.254,3450000000,0.260,,1950000000,,119.03,,,,,,,,,,,,,,,,,,,,,,true,true,12,2019-04-01,2020-03-31,0
2020-01-30,98890,2019-03-31,3,,,,,,,,,,,,,,,,,,,,33600000000,15753000000,0.468,,15734000000,,,,,,,,,,,,true,false,12,2018-04-01,2019-03-31,-1
2020-01-30,98890,2019-03-31,3,,,,,,,,,,,,,,,,,,,,,,,,,,,,,46.00,,,,17773743,1273935,,false,false,12,2018-04-01,2019-03-31,-1
2020-01-30,98890,2020-03-31,3,,,,,,,,,,,,,,,,,,,,,,,,,,,,,25.00,,,,,,,false,false,12,2019-04-01,2020-03-31,0
2020-01-30,98890,2020-03-31,3,,,,,,,,,,,,,,,,,,,,,,,,,,,,,50.00,,,,,,,false,true,12,2019-04-01,2020-03-31,0
2020-01-30,98890,2020-03-31,3,,,,,,,,,,,,,,,,,,,,,,,,,,,,,,,,,17773743,1765348,16382159,false,false,9,2019-04-01,2019-12-31,0
2020-01-30,98890,2019-03-31,3,,,,,,,,,,,,,,,,,,,,,,,,,,,,,,,,,,,16777335,false,false,9,2018-04-01,2018-12-31,-1
2020-05-12,98890,2020-03-31,,65618000000,0.114,,,,,3461000000,0.316,3606000000,0.317,,1951000000,,119.80,,0.124,0.102,0.053,,37097000000,15750000000,0.424,982.62,15730000000,3216000000,98000000,-1368000000,9444000000,,0.417,,,,,,true,false,12,2019-04-01,2020-03-31,0
2020-05-12,98890,2019-03-31,,58899000000,-0.067,,,,,2631000000,0.277,2738000000,0.346,,1782000000,,106.44,,0.116,0.085,0.045,,33600000000,15753000000,0.468,953.63,15734000000,1837000000,-178000000,-1194000000,7496000000,,0.432,,,,,,true,false,12,2018-04-01,2019-03-31,-1
2020-05-12,98890,2021-03-31,,26000000000,-0.249,,,,,800000000,-0.607,830000000,-0.610,,550000000,,34.36,,,,,,,,,,,,,,,,,,,,,,true,true,6,2020-04-01,2020-09-30,1
2020-05-12,98890,2021-03-31,,55000000000,-0.162,,,,,1700000000,-0.509,1750000000,-0.515,,1150000000,,71.84,,,,,,,,,,,,,,,,0.445,,,,,,true,true,12,2020-04-01,2021-03-31,1
2020-05-12,98890,2020-03-31,,2360000000,-0.076,,,,,994000000,-0.226,1044000000,-0.180,722000000,,-0.388,44.38,,,,,,21479000000,11526000000,0.537,720.06,11526000000,,,,,50.00,,,,17773743,1765445,16289214,false,false,12,2019-04-01,2020-03-31,0
2020-05-12,98890,2019-03-31,,2554000000,0.334,,,,,1284000000,0.822,1273000000,0.782,1182000000,,0.006,70.60,,,,,,20297000000,12726000000,0.627,771.30,12726000000,,,,,46.00,,,,17773743,1273935,16743950,false,false,12,2018-04-01,2019-03-31,-1
2020-05-12,98890,2021-03-31,,,,,,,,,,,,,,,,,,,,,,,,,,,,,,32.00,,,,,,,false,true,12,2020-04-01,2021-03-31,1
2020-07-31,98890,2021-03-31,1,15180000000,-0.067,,,,,775000000,-0.166,822000000,-0.165,,637000000,,39.84,,,,,,34820000000,16470000000,0.472,,16449000000,,,,,,,,,,,,true,false,3,2020-04-01,2020-06-30,0
2020-07-31,98890,2020-03-31,1,16279000000,0.166,,,,,929000000,0.391,984000000,0.333,,643000000,,39.02,,,,,,,,,,,,,,,,,,,,,,true,false,3,2019-04-01,2019-06-30,-1
2020-07-31,98890,2021-03-31,1,29000000000,-0.162,,,,,1300000000,-0.362,1330000000,-0.375,,950000000,,59.36,,,,,,,,,,,,,,,,,,,,,,true,true,6,2020-04-01,2020-09-30,0
2020-07-31,98890,2021-03-31,1,56500000000,-0.139,,,,,2200000000,-0.364,2250000000,-0.376,,1500000000,,93.73,,,,,,,,,,,,,,,,,,,,,,true,true,12,2020-04-01,2021-03-31,0
2020-07-31,98890,2020-03-31,1,,,,,,,,,,,,,,,,,,,,37097000000,15750000000,0.424,,15730000000,,,,,,,,,,,,true,false,12,2019-04-01,2020-03-31,-1
2020-07-31,98890,2020-03-31,1,,,,,,,,,,,,,,,,,,,,,,,,,,,,,50.00,,,,17773743,1765445,,false,false,12,2019-04-01,2020-03-31,-1
2020-07-31,98890,2021-03-31,1,,,,,,,,,,,,,,,,,,,,,,,,,,,,,42.00,,,,,,,false,true,12,2020-04-01,2021-03-31,0
2020-07-31,98890,2021-03-31,1,,,,,,,,,,,,,,,,,,,,,,,,,,,,,,,,,17773743,1771967,16003533,false,false,3,2020-04-01,2020-06-30,0
2020-07-31,98890,2020-03-31,1,,,,,,,,,,,,,,,,,,,,,,,,,,,,,,,,,,,16491651,false,false,3,2019-04-01,2019-06-30,-1
2020-10-29,98890,2021-03-31,2,30155000000,-0.129,,,,,1561000000,-0.234,1608000000,-0.244,,1065000000,,66.46,,,,,,36221000000,17107000000,0.472,,17085000000,,,,,,,,,,,,true,false,6,2020-04-01,2020-09-30,0
2020-10-29,98890,2020-03-31,2,34613000000,0.223,,,,,2037000000,0.503,2127000000,0.476,,1377000000,,83.46,,,,,,,,,,,,,,,,,,,,,,true,false,6,2019-04-01,2019-09-30,-1
2020-10-29,98890,2021-03-31,2,58000000000,-0.116,,,,,2700000000,-0.220,2750000000,-0.237,,1750000000,,109.16,,,,,,,,,,,,,,,,,,,,,,true,true,12,2020-04-01,2021-03-31,0
2020-10-29,98890,2020-03-31,2,,,,,,,,,,,,,,,,,,,,37097000000,15750000000,0.424,,15730000000,,,,,,,,,,,,true,false,12,2019-04-01,2020-03-31,-1
2020-10-29,98890,2020-03-31,2,,,,,,,,,,,,,,,,,,,,,,,,,,,,,50.00,,,,17773743,1765445,,false,false,12,2019-04-01,2020-03-31,-1
2020-10-29,98890,2021-03-31,2,,,,,,,,,,,,,,,,,,,,,,,,,,,,,26.00,,,,,,,false,false,12,2020-04-01,2021-03-31,0
2020-10-29,98890,2021-03-31,2,,,,,,,,,,,,,,,,,,,,,,,,,,,,,50.00,,,,,,,false,true,12,2020-04-01,2021-03-31,0
2020-10-29,98890,2021-03-31,2,,,,,,,,,,,,,,,,,,,,,,,,,,,,,,,,,17773743,1664067,16030951,false,false,6,2020-04-01,2020-09-30,0
2020-10-29,98890,2020-03-31,2,,,,,,,,,,,,,,,,,,,,,,,,,,,,,,,,,,,16502795,false,false,6,2019-04-01,2019-09-30,-1
2020-10-29,98890,2021-03-31,2,30155000000,-0.129,,,,,1561000000,-0.234,1608000000,-0.244,,1065000000,,66.46,,,,,,36221000000,17107000000,0.472,,17085000000,,,,,,,,,,,,true,false,6,2020-04-01,2020-09-30,0
2020-10-29,98890,2020-03-31,2,34613000000,0.223,,,,,2037000000,0.503,2127000000,0.476,,1377000000,,83.46,,,,,,,,,,,,,,,,,,,,,,true,false,6,2019-04-01,2019-09-30,-1
2020-10-29,98890,2021-03-31,2,58000000000,-0.116,,,,,2700000000,-0.220,2750000000,-0.237,,1750000000,,109.16,,,,,,,,,,,,,,,,,,,,,,true,true,12,2020-04-01,2021-03-31,0
2020-10-29,98890,2020-03-31,2,,,,,,,,,,,,,,,,,,,,37097000000,15750000000,0.424,,15730000000,,,,,,,,,,,,true,false,12,2019-04-01,2020-03-31,-1
2020-10-29,98890,2020-03-31,2,,,,,,,,,,,,,,,,,,,,,,,,,,,,,50.00,,,,17773743,1765445,,false,false,12,2019-04-01,2020-03-31,-1
2020-10-29,98890,2021-03-31,2,,,,,,,,,,,,,,,,,,,,,,,,,,,,,26.00,,,,,,,false,false,12,2020-04-01,2021-03-31,0
2020-10-29,98890,2021-03-31,2,,,,,,,,,,,,,,,,,,,,,,,,,,,,,50.00,,,,,,,false,true,12,2020-04-01,2021-03-31,0
2020-10-29,98890,2021-03-31,2,,,,,,,,,,,,,,,,,,,,,,,,,,,,,,,,,17773743,1664067,16030951,false,false,6,2020-04-01,2020-09-30,0
2020-10-29,98890,2020-03-31,2,,,,,,,,,,,,,,,,,,,,,,,,,,,,,,,,,,,16502795,false,false,6,2019-04-01,2019-09-30,-1
2021-01-29,98890,2021-03-31,3,44938000000,-0.118,,,,,2239000000,-0.261,2331000000,-0.270,,1530000000,,95.31,,,,,,35141000000,17199000000,0.489,,17175000000,,,,,,,,,,,,true,false,9,2020-04-01,2020-12-31,0
2021-01-29,98890,2020-03-31,3,50947000000,0.190,,,,,3032000000,0.512,3195000000,0.501,,2106000000,,128.58,,,,,,,,,,,,,,,,,,,,,,true,false,9,2019-04-01,2019-12-31,-1
2021-01-29,98890,2021-03-31,3,58000000000,-0.116,,,,,2700000000,-0.220,2750000000,-0.237,,1750000000,,109.16,,,,,,,,,,,,,,,,,,,,,,true,true,12,2020-04-01,2021-03-31,0
2021-01-29,98890,2020-03-31,3,,,,,,,,,,,,,,,,,,,,37097000000,15750000000,0.424,,15730000000,,,,,,,,,,,,true,false,12,2019-04-01,2020-03-31,-1
2021-01-29,98890,2020-03-31,3,,,,,,,,,,,,,,,,,,,,,,,,,,,,,50.00,,,,17773743,1765445,,false,false,12,2019-04-01,2020-03-31,-1
2021-01-29,98890,2021-03-31,3,,,,,,,,,,,,,,,,,,,,,,,,,,,,,26.00,,,,,,,false,false,12,2020-04-01,2021-03-31,0
2021-01-29,98890,2021-03-31,3,,,,,,,,,,,,,,,,,,,,,,,,,,,,,50.00,,,,,,,false,true,12,2020-04-01,2021-03-31,0
2021-01-29,98890,2021-03-31,3,,,,,,,,,,,,,,,,,,,,,,,,,,,,,,,,,17773743,1664067,16057288,false,false,9,2020-04-01,2020-12-31,0
2021-01-29,98890,2020-03-31,3,,,,,,,,,,,,,,,,,,,,,,,,,,,,,,,,,,,16382159,false,false,9,2019-04-01,2019-12-31,-1
2021-05-11,98890,2021-03-31,,60042000000,-0.085,,,,,2603000000,-0.248,2726000000,-0.244,,1931000000,,120.20,,0.116,0.076,0.043,,34747000000,17607000000,0.506,1091.84,17584000000,2553000000,-197000000,-1044000000,10753000000,,0.416,,,,,,true,false,12,2020-04-01,2021-03-31,0
2021-05-11,98890,2020-03-31,,65618000000,0.114,,,,,3461000000,0.316,3606000000,0.317,,1951000000,,119.80,,0.124,0.102,0.053,,37097000000,15750000000,0.424,982.62,15730000000,3216000000,98000000,-1368000000,9444000000,,0.417,,,,,,true,false,12,2019-04-01,2020-03-31,-1
2021-05-11,98890,2022-03-31,,28500000000,-0.055,,,,,1350000000,-0.060,1370000000,-0.077,,930000000,,57.75,,,,,,,,,,,,,,,,,,,,,,true,true,6,2021-04-01,2021-09-30,1
2021-05-11,98890,2022-03-31,,58500000000,-0.026,,,,,2800000000,0.075,2850000000,0.045,,1900000000,,117.98,,,,,,,,,,,,,,,,0.441,,,,,,true,true,12,2021-04-01,2022-03-31,1
2021-05-11,98890,2021-03-31,,2529000000,0.071,,,,,1177000000,0.184,1185000000,0.135,1106000000,,0.531,68.88,,,,,,22394000000,12179000000,0.544,756.23,12179000000,,,,,50.00,,,,17773743,1668742,16070176,false,false,12,2020-04-01,2021-03-31,0
2021-05-11,98890,2020-03-31,,2360000000,-0.076,,,,,994000000,-0.226,1044000000,-0.180,722000000,,-0.388,44.38,,,,,,21479000000,11526000000,0.537,720.06,11526000000,,,,,50.00,,,,17773743,1765445,16289214,false,false,12,2019-04-01,2020-03-31,-1
2021-05-11,98890,2022-03-31,,,,,,,,,,,,,,,,,,,,,,,,,,,,,,52.00,,,,,,,false,true,12,2021-04-01,2022-03-31,1
2020-07-31,98890,2021-03-31,1,15180000000,-0.067,,,,,690000000,-0.257,737000000,-0.250,,579000000,,36.19,,,,,,34845000000,16411000000,0.470,,16390000000,,,,,,,,,,,,true,false,3,2020-04-01,2020-06-30,0
2020-07-31,98890,2020-03-31,1,16279000000,0.166,,,,,929000000,0.391,984000000,0.333,,643000000,,39.02,,,,,,,,,,,,,,,,,,,,,,true,false,3,2019-04-01,2019-06-30,-1
2020-07-31,98890,2021-03-31,1,29000000000,-0.162,,,,,1300000000,-0.362,1330000000,-0.375,,950000000,,59.36,,,,,,,,,,,,,,,,,,,,,,true,true,6,2020-04-01,2020-09-30,0
2020-07-31,98890,2021-03-31,1,56500000000,-0.139,,,,,2200000000,-0.364,2250000000,-0.376,,1500000000,,93.73,,,,,,,,,,,,,,,,,,,,,,true,true,12,2020-04-01,2021-03-31,0
2020-07-31,98890,2020-03-31,1,,,,,,,,,,,,,,,,,,,,37097000000,15750000000,0.424,,15730000000,,,,,,,,,,,,true,false,12,2019-04-01,2020-03-31,-1
2020-07-31,98890,2020-03-31,1,,,,,,,,,,,,,,,,,,,,,,,,,,,,,50.00,,,,17773743,1765445,,false,false,12,2019-04-01,2020-03-31,-1
2020-07-31,98890,2021-03-31,1,,,,,,,,,,,,,,,,,,,,,,,,,,,,,42.00,,,,,,,false,true,12,2020-04-01,2021-03-31,0
2020-07-31,98890,2021-03-31,1,,,,,,,,,,,,,,,,,,,,,,,,,,,,,,,,,17773743,1771967,16003533,false,false,3,2020-04-01,2020-06-30,0
2020-07-31,98890,2020-03-31,1,,,,,,,,,,,,,,,,,,,,,,,,,,,,,,,,,,,16491651,false,false,3,2019-04-01,2019-06-30,-1
2020-10-29,98890,2021-03-31,2,30155000000,-0.129,,,,,1436000000,-0.295,1483000000,-0.303,,979000000,,61.07,,,,,,36259000000,17021000000,0.469,,16998000000,,,,,,,,,,,,true,false,6,2020-04-01,2020-09-30,0
2020-10-29,98890,2020-03-31,2,34613000000,0.223,,,,,2037000000,0.503,2127000000,0.476,,1377000000,,83.46,,,,,,,,,,,,,,,,,,,,,,true,false,6,2019-04-01,2019-09-30,-1
2020-10-29,98890,2021-03-31,2,58000000000,-0.116,,,,,2700000000,-0.220,2750000000,-0.237,,1750000000,,109.16,,,,,,,,,,,,,,,,,,,,,,true,true,12,2020-04-01,2021-03-31,0
2020-10-29,98890,2020-03-31,2,,,,,,,,,,,,,,,,,,,,37097000000,15750000000,0.424,,15730000000,,,,,,,,,,,,true,false,12,2019-04-01,2020-03-31,-1
2020-10-29,98890,2020-03-31,2,,,,,,,,,,,,,,,,,,,,,,,,,,,,,50.00,,,,17773743,1765445,,false,false,12,2019-04-01,2020-03-31,-1
2020-10-29,98890,2021-03-31,2,,,,,,,,,,,,,,,,,,,,,,,,,,,,,26.00,,,,,,,false,false,12,2020-04-01,2021-03-31,0
2020-10-29,98890,2021-03-31,2,,,,,,,,,,,,,,,,,,,,,,,,,,,,,50.00,,,,,,,false,true,12,2020-04-01,2021-03-31,0
2020-10-29,98890,2021-03-31,2,,,,,,,,,,,,,,,,,,,,,,,,,,,,,,,,,17773743,1664067,16030951,false,false,6,2020-04-01,2020-09-30,0
2020-10-29,98890,2020-03-31,2,,,,,,,,,,,,,,,,,,,,,,,,,,,,,,,,,,,16502795,false,false,6,2019-04-01,2019-09-30,-1
2021-01-29,98890,2021-03-31,3,44938000000,-0.118,,,,,2065000000,-0.319,2156000000,-0.325,,1409000000,,87.77,,,,,,35194000000,17078000000,0.485,,17054000000,,,,,,,,,,,,true,false,9,2020-04-01,2020-12-31,0
2021-01-29,98890,2020-03-31,3,50947000000,0.190,,,,,3032000000,0.512,3195000000,0.501,,2106000000,,128.58,,,,,,,,,,,,,,,,,,,,,,true,false,9,2019-04-01,2019-12-31,-1
2021-01-29,98890,2021-03-31,3,58000000000,-0.116,,,,,2700000000,-0.220,2750000000,-0.237,,1750000000,,109.16,,,,,,,,,,,,,,,,,,,,,,true,true,12,2020-04-01,2021-03-31,0
2021-01-29,98890,2020-03-31,3,,,,,,,,,,,,,,,,,,,,37097000000,15750000000,0.424,,15730000000,,,,,,,,,,,,true,false,12,2019-04-01,2020-03-31,-1
2021-01-29,98890,2020-03-31,3,,,,,,,,,,,,,,,,,,,,,,,,,,,,,50.00,,,,17773743,1765445,,false,false,12,2019-04-01,2020-03-31,-1
2021-01-29,98890,2021-03-31,3,,,,,,,,,,,,,,,,,,,,,,,,,,,,,26.00,,,,,,,false,false,12,2020-04-01,2021-03-31,0
2021-01-29,98890,2021-03-31,3,,,,,,,,,,,,,,,,,,,,,,,,,,,,,50.00,,,,,,,false,true,12,2020-04-01,2021-03-31,0
2021-01-29,98890,2021-03-31,3,,,,,,,,,,,,,,,,,,,,,,,,,,,,,,,,,17773743,1664067,16057288,false,false,9,2020-04-01,2020-12-31,0
2021-01-29,98890,2020-03-31,3,,,,,,,,,,,,,,,,,,,,,,,,,,,,,,,,,,,16382159,false,false,9,2019-04-01,2019-12-31,-1
2021-07-28,98890,2022-03-31,1,13687000000,-0.098,,,,,807000000,0.169,855000000,0.160,,583000000,,36.21,,,,,,32982000000,17749000000,0.537,,17726000000,,,,,,,,,,,,true,false,3,2021-04-01,2021-06-30,0
2021-07-28,98890,2021-03-31,1,15180000000,-0.067,,,,,690000000,-0.257,737000000,-0.250,,579000000,,36.19,,,,,,,,,,,,,,,,,,,,,,true,false,3,2020-04-01,2020-06-30,-1
2021-07-28,98890,2022-03-31,1,28500000000,-0.055,,,,,1350000000,-0.060,1370000000,-0.077,,930000000,,57.75,,,,,,,,,,,,,,,,,,,,,,true,true,6,2021-04-01,2021-09-30,0
2021-07-28,98890,2022-03-31,1,58500000000,-0.026,,,,,2800000000,0.075,2850000000,0.045,,1900000000,,117.98,,,,,,,,,,,,,,,,,,,,,,true,true,12,2021-04-01,2022-03-31,0
2021-07-28,98890,2021-03-31,1,,,,,,,,,,,,,,,,,,,,34747000000,17607000000,0.506,,17584000000,,,,,,,,,,,,true,false,12,2020-04-01,2021-03-31,-1
2021-07-28,98890,2021-03-31,1,,,,,,,,,,,,,,,,,,,,,,,,,,,,,50.00,,,,17773743,1668742,,false,false,12,2020-04-01,2021-03-31,-1
2021-07-28,98890,2022-03-31,1,,,,,,,,,,,,,,,,,,,,,,,,,,,,,52.00,,,,,,,false,true,12,2021-04-01,2022-03-31,0
2021-07-28,98890,2022-03-31,1,,,,,,,,,,,,,,,,,,,,,,,,,,,,,,,,,17773743,1677154,16103799,false,false,3,2021-04-01,2021-06-30,0
2021-07-28,98890,2021-03-31,1,,,,,,,,,,,,,,,,,,,,,,,,,,,,,,,,,,,16003533,false,false,3,2020-04-01,2020-06-30,-1
2021-10-27,9889,2022-03-31,2,27571000000,-0.086,,,,,1668000000,0.161,1778000000,0.199,,1256000000,,77.87,,,,,,33857000000,18628000000,0.550,,18605000000,,,,,,,,,,,,true,false,6,2021-04-01,2021-09-30,0
2021-10-27,9889,2021-03-31,2,30155000000,-0.129,,,,,1436000000,-0.295,1483000000,-0.303,,979000000,,61.07,,,,,,,,,,,,,,,,,,,,,,true,false,6,2020-04-01,2020-09-30,-1
2021-10-27,9889,2022-03-31,2,58500000000,-0.026,,,,,2800000000,0.075,2850000000,0.045,,1900000000,,117.72,,,,,,,,,,,,,,,,,,,,,,true,true,12,2021-04-01,2022-03-31,0
2021-10-27,9889,2021-03-31,2,,,,,,,,,,,,,,,,,,,,34747000000,17607000000,0.506,,17584000000,,,,,,,,,,,,true,false,12,2020-04-01,2021-03-31,-1
2021-10-27,9889,2021-03-31,2,,,,,,,,,,,,,,,,,,,,,,,,,,,,,50.00,,,,17773743,1668742,,false,false,12,2020-04-01,2021-03-31,-1
2021-10-27,9889,2022-03-31,2,,,,,,,,,,,,,,,,,,,,,,,,,,,,,26.00,,,,,,,false,false,12,2021-04-01,2022-03-31,0
2021-10-27,9889,2022-03-31,2,,,,,,,,,,,,,,,,,,,,,,,,,,,,,52.00,,,,,,,false,true,12,2021-04-01,2022-03-31,0
2021-10-27,9889,2022-03-31,2,,,,,,,,,,,,,,,,,,,,,,,,,,,,,,,,,17773743,1551784,16139792,false,false,6,2021-04-01,2021-09-30,0
2021-10-27,9889,2021-03-31,2,,,,,,,,,,,,,,,,,,,,,,,,,,,,,,,,,,,16030951,false,false,6,2020-04-01,2020-09-30,-1
2022-01-31,9889,2022-03-31,3,41281000000,-0.081,,,,,2396000000,0.160,2526000000,0.172,,1753000000,,108.80,,,,,,32993000000,17818000000,0.540,,17818000000,,,,,,,,,,,,true,false,9,2021-04-01,2021-12-31,0
2022-01-31,9889,2021-03-31,3,44938000000,-0.118,,,,,2065000000,-0.319,2156000000,-0.325,,1409000000,,87.77,,,,,,,,,,,,,,,,,,,,,,true,false,9,2020-04-01,2020-12-31,-1
2022-01-31,9889,2022-03-31,3,55000000000,-0.084,,,,,3000000000,0.152,3100000000,0.137,,2050000000,,127.21,,,,,,,,,,,,,,,,,,,,,,true,true,12,2021-04-01,2022-03-31,0
2022-01-31,9889,2021-03-31,3,,,,,,,,,,,,,,,,,,,,34747000000,17607000000,0.506,,17584000000,,,,,,,,,,,,true,false,12,2020-04-01,2021-03-31,-1
2022-01-31,9889,2021-03-31,3,,,,,,,,,,,,,,,,,,,,,,,,,,,,,50.00,,,,17773743,1668742,,false,false,12,2020-04-01,2021-03-31,-1
2022-01-31,9889,2022-03-31,3,,,,,,,,,,,,,,,,,,,,,,,,,,,,,26.00,,,,,,,false,false,12,2021-04-01,2022-03-31,0
2022-01-31,9889,2022-03-31,3,,,,,,,,,,,,,,,,,,,,,,,,,,,,,52.00,,,,,,,false,true,12,2021-04-01,2022-03-31,0
2022-01-31,9889,2022-03-31,3,,,,,,,,,,,,,,,,,,,,,,,,,,,,,,,,,17773743,1983464,16114901,false,false,9,2021-04-01,2021-12-31,0
2022-01-31,9889,2021-03-31,3,,,,,,,,,,,,,,,,,,,,,,,,,,,,,,,,,,,16057288,false,false,9,2020-04-01,2020-12-31,-1
2022-05-11,9889,2022-03-31,,55934000000,-0.068,,,,,3083000000,0.184,3227000000,0.184,,2245000000,,140.26,,0.126,0.095,0.055,,33259000000,18016000000,0.542,1150.47,18016000000,3562000000,-67000000,-2137000000,12111000000,,0.414,,,,,,true,false,12,2021-04-01,2022-03-31,0
2022-05-11,9889,2021-03-31,,60042000000,-0.085,,,,,2603000000,-0.248,2726000000,-0.244,,1931000000,,120.20,,0.116,0.076,0.043,,34747000000,17607000000,0.506,1091.84,17584000000,2553000000,-197000000,-1044000000,10753000000,,0.416,,,,,,true,false,12,2020-04-01,2021-03-31,-1
2022-05-11,9889,2023-03-31,,27850000000,0.010,,,,,1840000000,0.103,1930000000,0.085,,1350000000,,86.21,,,,,,,,,,,,,,,,,,,,,,true,true,6,2022-04-01,2022-09-30,1
2022-05-11,9889,2023-03-31,,56500000000,0.010,,,,,3300000000,0.070,3400000000,0.053,,2350000000,,150.06,,,,,,,,,,,,,,,,0.413,,,,,,true,true,12,2022-04-01,2023-03-31,1
2022-05-11,9889,2022-03-31,,2595000000,0.026,,,,,1442000000,0.225,1524000000,0.286,1436000000,,0.297,89.72,,,,,,25256000000,11861000000,0.470,757.42,11861000000,,,,,58.00,,,,17773743,2113664,16007921,false,false,12,2021-04-01,2022-03-31,0
2022-05-11,9889,2021-03-31,,2529000000,0.071,,,,,1177000000,0.184,1185000000,0.135,1106000000,,0.531,68.88,,,,,,22394000000,12179000000,0.544,756.23,12179000000,,,,,50.00,,,,17773743,1668742,16070176,false,false,12,2020-04-01,2021-03-31,-1
2022-05-11,9889,2023-03-31,,,,,,,,,,,,,,,,,,,,,,,,,,,,,,62.00,,,,,,,false,true,12,2022-04-01,2023-03-31,1
2022-07-28,9889,2023-03-31,1,13874000000,0.014,,,,,1005000000,0.245,1055000000,0.233,,724000000,,46.35,,,,,,31296000000,18173000000,0.581,,18173000000,,,,,,,,,,,,true,false,3,2022-04-01,2022-06-30,0
2022-07-28,9889,2022-03-31,1,13687000000,-0.098,,,,,807000000,0.169,855000000,0.160,,583000000,,36.21,,,,,,,,,,,,,,,,,,,,,,true,false,3,2021-04-01,2021-06-30,-1
2022-07-28,9889,2023-03-31,1,27850000000,0.010,,,,,1840000000,0.103,1930000000,0.085,,1350000000,,86.32,,,,,,,,,,,,,,,,,,,,,,true,true,6,2022-04-01,2022-09-30,0
2022-07-28,9889,2023-03-31,1,56500000000,0.010,,,,,3300000000,0.070,3400000000,0.053,,2350000000,,150.26,,,,,,,,,,,,,,,,,,,,,,true,true,12,2022-04-01,2023-03-31,0
2022-07-28,9889,2022-03-31,1,,,,,,,,,,,,,,,,,,,,33259000000,18016000000,0.542,,18016000000,,,,,,,,,,,,true,false,12,2021-04-01,2022-03-31,-1
2022-07-28,9889,2022-03-31,1,,,,,,,,,,,,,,,,,,,,,,,,,,,,,58.00,,,,17773743,2113664,,false,false,12,2021-04-01,2022-03-31,-1
2022-07-28,9889,2023-03-31,1,,,,,,,,,,,,,,,,,,,,,,,,,,,,,62.00,,,,,,,false,true,12,2022-04-01,2023-03-31,0
2022-07-28,9889,2023-03-31,1,,,,,,,,,,,,,,,,,,,,,,,,,,,,,,,,,17773743,2135595,15639084,false,false,3,2022-04-01,2022-06-30,0
2022-07-28,9889,2022-03-31,1,,,,,,,,,,,,,,,,,,,,,,,,,,,,,,,,,,,16103799,false,false,3,2021-04-01,2021-06-30,-1
2022-10-31,9889,2023-03-31,2,28889000000,0.048,,,,,2048000000,0.228,2171000000,0.221,,1505000000,,96.07,,,,,,33290000000,19116000000,0.574,,19116000000,,,,,,,,,,,,true,false,6,2022-04-01,2022-09-30,0
2022-10-31,9889,2022-03-31,2,27571000000,-0.086,,,,,1668000000,0.161,1778000000,0.199,,1256000000,,77.87,,,,,,,,,,,,,,,,,,,,,,true,false,6,2021-04-01,2021-09-30,-1
2022-10-31,9889,2023-03-31,2,56500000000,0.010,,,,,3600000000,0.167,3700000000,0.146,,2550000000,,162.69,,,,,,,,,,,,,,,,,,,,,,true,true,12,2022-04-01,2023-03-31,0
2022-10-31,9889,2022-03-31,2,,,,,,,,,,,,,,,,,,,,33259000000,18016000000,0.542,,18016000000,,,,,,,,,,,,true,false,12,2021-04-01,2022-03-31,-1
2022-10-31,9889,2022-03-31,2,,,,,,,,,,,,,,,,,,,,,,,,,,,,,58.00,,,,17773743,2113664,,false,false,12,2021-04-01,2022-03-31,-1
2022-10-31,9889,2023-03-31,2,,,,,,,,,,,,,,,,,,,,,,,,,,,,,31.00,,,,,,,false,false,12,2022-04-01,2023-03-31,0
2022-10-31,9889,2023-03-31,2,,,,,,,,,,,,,,,,,,,,,,,,,,,,,68.00,,,,,,,false,true,12,2022-04-01,2023-03-31,0
2022-10-31,9889,2023-03-31,2,,,,,,,,,,,,,,,,,,,,,,,,,,,,,,,,,17773743,2026777,15673676,false,false,6,2022-04-01,2022-09-30,0
2022-10-31,9889,2022-03-31,2,,,,,,,,,,,,,,,,,,,,,,,,,,,,,,,,,,,16139792,false,false,6,2021-04-01,2021-09-30,-1
2023-01-31,9889,2023-03-31,3,42935000000,0.040,,,,,2960000000,0.235,3078000000,0.218,,2117000000,,134.88,,,,,,33423000000,19281000000,0.577,,19281000000,,,,,,,,,,,,true,false,9,2022-04-01,2022-12-31,0
2023-01-31,9889,2022-03-31,3,41281000000,-0.081,,,,,2396000000,0.160,2526000000,0.172,,1753000000,,108.80,,,,,,,,,,,,,,,,,,,,,,true,false,9,2021-04-01,2021-12-31,-1
2023-01-31,9889,2023-03-31,3,56500000000,0.010,,,,,3600000000,0.167,3700000000,0.146,,2550000000,,162.44,,,,,,,,,,,,,,,,,,,,,,true,true,12,2022-04-01,2023-03-31,0
2023-01-31,9889,2022-03-31,3,,,,,,,,,,,,,,,,,,,,33259000000,18016000000,0.542,,18016000000,,,,,,,,,,,,true,false,12,2021-04-01,2022-03-31,-1
2023-01-31,9889,2022-03-31,3,,,,,,,,,,,,,,,,,,,,,,,,,,,,,58.00,,,,17773743,2113664,,false,false,12,2021-04-01,2022-03-31,-1
2023-01-31,9889,2023-03-31,3,,,,,,,,,,,,,,,,,,,,,,,,,,,,,31.00,,,,,,,false,false,12,2022-04-01,2023-03-31,0
2023-01-31,9889,2023-03-31,3,,,,,,,,,,,,,,,,,,,,,,,,,,,,,68.00,,,,,,,false,true,12,2022-04-01,2023-03-31,0
2023-01-31,9889,2023-03-31,3,,,,,,,,,,,,,,,,,,,,,,,,,,,,,,,,,17773743,2026777,15698195,false,false,9,2022-04-01,2022-12-31,0
2023-01-31,9889,2022-03-31,3,,,,,,,,,,,,,,,,,,,,,,,,,,,,,,,,,,,16114901,false,false,9,2021-04-01,2021-12-31,-1
2023-05-10,9889,2023-03-31,,58144000000,0.040,,,,,3764000000,0.221,3847000000,0.192,,2679000000,,170.55,,0.141,0.111,0.065,,35950000000,19882000000,0.553,1262.77,19882000000,910000000,-964000000,-1390000000,10654000000,,0.422,,,,,,true,false,12,2022-04-01,2023-03-31,0
2023-05-10,9889,2022-03-31,,55934000000,-0.068,,,,,3083000000,0.184,3227000000,0.184,,2245000000,,140.26,,0.126,0.095,0.055,,33259000000,18016000000,0.542,1150.47,18016000000,3562000000,-67000000,-2137000000,12111000000,,0.414,,,,,,true,false,12,2021-04-01,2022-03-31,-1
2023-05-10,9889,2024-03-31,,29500000000,0.021,,,,,2000000000,-0.024,2050000000,-0.056,,1400000000,,88.92,,,,,,,,,,,,,,,,,,,,,,true,true,6,2023-04-01,2023-09-30,1
2023-05-10,9889,2024-03-31,,59000000000,0.015,,,,,4000000000,0.062,4100000000,0.066,,2850000000,,181.01,,,,,,,,,,,,,,,,0.442,,,,,,true,true,12,2023-04-01,2024-03-31,1
2023-05-10,9889,2023-03-31,,2767000000,0.066,,,,,1494000000,0.036,1569000000,0.029,1387000000,,-0.034,88.33,,,,,,24355000000,12455000000,0.511,791.09,12455000000,,,,,72.00,,,,17773743,2028872,15709716,false,false,12,2022-04-01,2023-03-31,0
2023-05-10,9889,2022-03-31,,2595000000,0.026,,,,,1442000000,0.225,1524000000,0.286,1436000000,,0.297,89.72,,,,,,25256000000,11861000000,0.470,757.42,11861000000,,,,,58.00,,,,17773743,2113664,16007921,false,false,12,2021-04-01,2022-03-31,-1
2023-05-10,9889,2024-03-31,,,,,,,,,,,,,,,,,,,,,,,,,,,,,,80.00,,,,,,,false,true,12,2023-04-01,2024-03-31,1
2023-07-28,9889,2024-03-31,1,16359000000,0.179,,,,,1139000000,0.133,1231000000,0.167,,850000000,,54.04,,,,,,34880000000,20176000000,0.578,,20176000000,,,,,,,,,,,,true,false,3,2023-04-01,2023-06-30,0
2023-07-28,9889,2023-03-31,1,13874000000,0.014,,,,,1005000000,0.245,1055000000,0.233,,724000000,,46.35,,,,,,,,,,,,,,,,,,,,,,true,false,3,2022-04-01,2022-06-30,-1
2023-07-28,9889,2024-03-31,1,29500000000,0.021,,,,,2000000000,-0.024,2050000000,-0.056,,1400000000,,88.96,,,,,,,,,,,,,,,,,,,,,,true,true,6,2023-04-01,2023-09-30,0
2023-07-28,9889,2024-03-31,1,59000000000,0.015,,,,,4000000000,0.062,4100000000,0.066,,2850000000,,181.10,,,,,,,,,,,,,,,,,,,,,,true,true,12,2023-04-01,2024-03-31,0
2023-07-28,9889,2023-03-31,1,,,,,,,,,,,,,,,,,,,,35950000000,19882000000,0.553,,19882000000,,,,,,,,,,,,true,false,12,2022-04-01,2023-03-31,-1
2023-07-28,9889,2023-03-31,1,,,,,,,,,,,,,,,,,,,,,,,,,,,,,72.00,,,,17773743,2028872,,false,false,12,2022-04-01,2023-03-31,-1
2023-07-28,9889,2024-03-31,1,,,,,,,,,,,,,,,,,,,,,,,,,,,,,80.00,,,,,,,false,true,12,2023-04-01,2024-03-31,0
2023-07-28,9889,2024-03-31,1,,,,,,,,,,,,,,,,,,,,,,,,,,,,,,,,,17773743,2041213,15736936,false,false,3,2023-04-01,2023-06-30,0
2023-07-28,9889,2023-03-31,1,,,,,,,,,,,,,,,,,,,,,,,,,,,,,,,,,,,15639084,false,false,3,2022-04-01,2022-06-30,-1
2023-10-30,9889,2024-03-31,2,32971000000,0.141,,,,,2282000000,0.114,2386000000,0.099,,1693000000,,107.50,,,,,,37576000000,21030000000,0.560,,21030000000,,,,,,,,,,,,true,false,6,2023-04-01,2023-09-30,0
2023-10-30,9889,2023-03-31,2,28889000000,0.048,,,,,2048000000,0.228,2171000000,0.221,,1505000000,,96.07,,,,,,,,,,,,,,,,,,,,,,true,false,6,2022-04-01,2022-09-30,-1
2023-10-30,9889,2024-03-31,2,63800000000,0.097,,,,,4500000000,0.195,4600000000,0.196,,3230000000,,204.98,,,,,,,,,,,,,,,,,,,,,,true,true,12,2023-04-01,2024-03-31,0
2023-10-30,9889,2023-03-31,2,,,,,,,,,,,,,,,,,,,,35950000000,19882000000,0.553,,19882000000,,,,,,,,,,,,true,false,12,2022-04-01,2023-03-31,-1
2023-10-30,9889,2023-03-31,2,,,,,,,,,,,,,,,,,,,,,,,,,,,,,72.00,,,,17773743,2028872,,false,false,12,2022-04-01,2023-03-31,-1
2023-10-30,9889,2024-03-31,2,,,,,,,,,,,,,,,,,,,,,,,,,,,,,40.00,,,,,,,false,false,12,2023-04-01,2024-03-31,0
2023-10-30,9889,2024-03-31,2,,,,,,,,,,,,,,,,,,,,,,,,,,,,,94.00,,,,,,,false,true,12,2023-04-01,2024-03-31,0
2023-10-30,9889,2024-03-31,2,,,,,,,,,,,,,,,,,,,,,,,,,,,,,,,,,17773743,2045833,15757860,false,false,6,2023-04-01,2023-09-30,0
2023-10-30,9889,2023-03-31,2,,,,,,,,,,,,,,,,,,,,,,,,,,,,,,,,,,,15673676,false,false,6,2022-04-01,2022-09-30,-1
2024-01-30,9889,2024-03-31,3,49280000000,0.148,,,,,3461000000,0.169,3576000000,0.162,,2496000000,,158.84,,,,,,36459000000,20732000000,0.569,,20732000000,,,,,,,,,,,,true,false,9,2023-04-01,2023-12-31,0
2024-01-30,9889,2023-03-31,3,42935000000,0.040,,,,,2960000000,0.235,3078000000,0.218,,2117000000,,134.88,,,,,,,,,,,,,,,,,,,,,,true,false,9,2022-04-01,2022-12-31,-1
2024-01-30,9889,2024-03-31,3,63800000000,0.097,,,,,4500000000,0.195,4600000000,0.196,,3230000000,,205.47,,,,,,,,,,,,,,,,,,,,,,true,true,12,2023-04-01,2024-03-31,0
2024-01-30,9889,2023-03-31,3,,,,,,,,,,,,,,,,,,,,35950000000,19882000000,0.553,,19882000000,,,,,,,,,,,,true,false,12,2022-04-01,2023-03-31,-1
2024-01-30,9889,2023-03-31,3,,,,,,,,,,,,,,,,,,,,,,,,,,,,,72.00,,,,17773743,2028872,,false,false,12,2022-04-01,2023-03-31,-1
2024-01-30,9889,2024-03-31,3,,,,,,,,,,,,,,,,,,,,,,,,,,,,,40.00,,,,,,,false,false,12,2023-04-01,2024-03-31,0
2024-01-30,9889,2024-03-31,3,,,,,,,,,,,,,,,,,,,,,,,,,,,,,94.00,,,,,,,false,true,12,2023-04-01,2024-03-31,0
2024-01-30,9889,2024-03-31,3,,,,,,,,,,,,,,,,,,,,,,,,,,,,,,,,,17773743,2208481,15719747,false,false,9,2023-04-01,2023-12-31,0
2024-01-30,9889,2023-03-31,3,,,,,,,,,,,,,,,,,,,,,,,,,,,,,,,,,,,15698195,false,false,9,2022-04-01,2022-12-31,-1
2024-05-09,9889,2024-03-31,,65194000000,0.121,,,,,4422000000,0.175,4549000000,0.182,,3187000000,,203.43,,0.155,0.124,0.068,,37207000000,21178000000,0.569,1367.43,21178000000,1235000000,393000000,-2418000000,9902000000,,0.462,,,,,,true,false,12,2023-04-01,2024-03-31,0
2024-05-09,9889,2023-03-31,,58144000000,0.040,,,,,3764000000,0.221,3847000000,0.192,,2679000000,,170.55,,0.141,0.111,0.065,,35950000000,19882000000,0.553,1262.77,19882000000,910000000,-964000000,-1390000000,10654000000,,0.422,,,,,,true,false,12,2022-04-01,2023-03-31,-1
2024-05-09,9889,2025-03-31,,33250000000,0.008,,,,,2550000000,0.117,2600000000,0.090,,1790000000,,115.58,,,,,,,,,,,,,,,,,,,,,,true,true,6,2024-04-01,2024-09-30,1
2024-05-09,9889,2025-03-31,,66500000000,0.019,,,,,5100000000,0.131,5200000000,0.121,,3590000000,,231.80,,,,,,,,,,,,,,,,0.457,,,,,,true,true,12,2024-04-01,2025-03-31,1
2024-05-09,9889,2024-03-31,,6390000000,1.309,,,,,4881000000,2.267,4923000000,2.137,4931000000,,2.554,314.75,,,,,,23985000000,15510000000,0.647,1001.48,15510000000,,,,,94.00,,,,17773743,2286168,15667678,false,false,12,2023-04-01,2024-03-31,0
2024-05-09,9889,2023-03-31,,2767000000,0.066,,,,,1494000000,0.036,1569000000,0.029,1387000000,,-0.034,88.33,,,,,,24355000000,12455000000,0.511,791.09,12455000000,,,,,72.00,,,,17773743,2028872,15709716,false,false,12,2022-04-01,2023-03-31,-1
2024-05-09,9889,2025-03-31,,,,,,,,,,,,,,,,,,,,,,,,,,,,,,106.00,,,,,,,false,true,12,2024-04-01,2025-03-31,1
2024-05-09,9889,2024-03-31,,65194000000,0.121,,,,,4422000000,0.175,4549000000,0.182,,3187000000,,203.43,,0.155,0.124,0.068,,37207000000,21178000000,0.569,1367.43,21178000000,1235000000,393000000,-2418000000,9902000000,,0.462,,,,,,true,false,12,2023-04-01,2024-03-31,0
2024-05-09,9889,2023-03-31,,58144000000,0.040,,,,,3764000000,0.221,3847000000,0.192,,2679000000,,170.55,,0.141,0.111,0.065,,35950000000,19882000000,0.553,1262.77,19882000000,910000000,-964000000,-1390000000,10654000000,,0.422,,,,,,true,false,12,2022-04-01,2023-03-31,-1
2024-05-09,9889,2025-03-31,,33250000000,0.008,,,,,2550000000,0.117,2600000000,0.090,,1790000000,,115.58,,,,,,,,,,,,,,,,,,,,,,true,true,6,2024-04-01,2024-09-30,1
2024-05-09,9889,2025-03-31,,66500000000,0.020,,,,,5100000000,0.153,5200000000,0.143,,3590000000,,231.80,,,,,,,,,,,,,,,,0.457,,,,,,true,true,12,2024-04-01,2025-03-31,1
2024-05-09,9889,2024-03-31,,6390000000,1.309,,,,,4881000000,2.267,4923000000,2.137,4931000000,,2.554,314.75,,,,,,23985000000,15510000000,0.647,1001.48,15510000000,,,,,94.00,,,,17773743,2286168,15667678,false,false,12,2023-04-01,2024-03-31,0
2024-05-09,9889,2023-03-31,,2767000000,0.066,,,,,1494000000,0.036,1569000000,0.029,1387000000,,-0.034,88.33,,,,,,24355000000,12455000000,0.511,791.09,12455000000,,,,,72.00,,,,17773743,2028872,15709716,false,false,12,2022-04-01,2023-03-31,-1
2024-05-09,9889,2025-03-31,,,,,,,,,,,,,,,,,,,,,,,,,,,,,,106.00,,,,,,,false,true,12,2024-04-01,2025-03-31,1
2024-07-31,9889,2025-03-31,1,18118000000,0.107,,,,,1536000000,0.349,1658000000,0.347,,1120000000,,72.34,,,,,,36910000000,21511000000,0.583,,21511000000,,,,,,,,,,,,true,false,3,2024-04-01,2024-06-30,0
2024-07-31,9889,2024-03-31,1,16359000000,0.179,,,,,1139000000,0.133,1231000000,0.167,,850000000,,54.04,,,,,,,,,,,,,,,,,,,,,,true,false,3,2023-04-01,2023-06-30,-1
2024-07-31,9889,2025-03-31,1,33250000000,0.008,,,,,2550000000,0.117,2600000000,0.090,,1790000000,,115.61,,,,,,,,,,,,,,,,,,,,,,true,true,6,2024-04-01,2024-09-30,0
2024-07-31,9889,2025-03-31,1,66500000000,0.020,,,,,5100000000,0.153,5200000000,0.143,,3590000000,,231.86,,,,,,,,,,,,,,,,,,,,,,true,true,12,2024-04-01,2025-03-31,0
2024-07-31,9889,2024-03-31,1,,,,,,,,,,,,,,,,,,,,37207000000,21178000000,0.569,,21178000000,,,,,,,,,,,,true,false,12,2023-04-01,2024-03-31,-1
2024-07-31,9889,2024-03-31,1,,,,,,,,,,,,,,,,,,,,,,,,,,,,,94.00,,,,17773743,2286168,,false,false,12,2023-04-01,2024-03-31,-1
2024-07-31,9889,2025-03-31,1,,,,,,,,,,,,,,,,,,,,,,,,,,,,,106.00,,,,,,,false,true,12,2024-04-01,2025-03-31,0
2024-07-31,9889,2025-03-31,1,,,,,,,,,,,,,,,,,,,,,,,,,,,,,,,,,17773743,2286168,15483403,false,false,3,2024-04-01,2024-06-30,0
2024-07-31,9889,2024-03-31,1,,,,,,,,,,,,,,,,,,,,,,,,,,,,,,,,,,,15736936,false,false,3,2023-04-01,2023-06-30,-1
2024-10-31,9889,2025-03-31,2,35822000000,0.086,,,,,3062000000,0.342,3201000000,0.342,,2219000000,,143.19,,,,,,39223000000,22771000000,0.581,,22771000000,,,,,,,,,,,,true,false,6,2024-04-01,2024-09-30,0
2024-10-31,9889,2024-03-31,2,32971000000,0.141,,,,,2282000000,0.114,2386000000,0.099,,1693000000,,107.50,,,,,,,,,,,,,,,,,,,,,,true,false,6,2023-04-01,2023-09-30,-1
2024-10-31,9889,2025-03-31,2,66500000000,0.020,,,,,5800000000,0.311,5900000000,0.297,,4100000000,,264.53,,,,,,,,,,,,,,,,,,,,,,true,true,12,2024-04-01,2025-03-31,0
2024-10-31,9889,2024-03-31,2,,,,,,,,,,,,,,,,,,,,37207000000,21178000000,0.569,,21178000000,,,,,,,,,,,,true,false,12,2023-04-01,2024-03-31,-1
2024-10-31,9889,2024-03-31,2,,,,,,,,,,,,,,,,,,,,,,,,,,,,,94.00,,,,17773743,2286168,,false,false,12,2023-04-01,2024-03-31,-1
2024-10-31,9889,2025-03-31,2,,,,,,,,,,,,,,,,,,,,,,,,,,,,,53.00,,,,,,,false,false,12,2024-04-01,2025-03-31,0
2024-10-31,9889,2025-03-31,2,,,,,,,,,,,,,,,,,,,,,,,,,,,,,124.00,,,,,,,false,true,12,2024-04-01,2025-03-31,0
2024-10-31,9889,2025-03-31,2,,,,,,,,,,,,,,,,,,,,,,,,,,,,,,,,,17773743,2242530,15498907,false,false,6,2024-04-01,2024-09-30,0
2024-10-31,9889,2024-03-31,2,,,,,,,,,,,,,,,,,,,,,,,,,,,,,,,,,,,15757860,false,false,6,2023-04-01,2023-09-30,-1
2024-10-31,9889,2025-03-31,2,35822000000,0.086,,,,,3182000000,0.395,3321000000,0.392,,2307000000,,148.86,,,,,,39325000000,22859000000,0.581,,22859000000,,,,,,,,,,,,true,false,6,2024-04-01,2024-09-30,0
2024-10-31,9889,2024-03-31,2,32971000000,0.141,,,,,2282000000,0.114,2386000000,0.099,,1693000000,,107.50,,,,,,,,,,,,,,,,,,,,,,true,false,6,2023-04-01,2023-09-30,-1
2024-10-31,9889,2025-03-31,2,66500000000,0.020,,,,,5800000000,0.311,5900000000,0.297,,4100000000,,264.53,,,,,,,,,,,,,,,,,,,,,,true,true,12,2024-04-01,2025-03-31,0
2024-10-31,9889,2024-03-31,2,,,,,,,,,,,,,,,,,,,,37207000000,21178000000,0.569,,21178000000,,,,,,,,,,,,true,false,12,2023-04-01,2024-03-31,-1
2024-10-31,9889,2024-03-31,2,,,,,,,,,,,,,,,,,,,,,,,,,,,,,94.00,,,,17773743,2286168,,false,false,12,2023-04-01,2024-03-31,-1
2024-10-31,9889,2025-03-31,2,,,,,,,,,,,,,,,,,,,,,,,,,,,,,53.00,,,,,,,false,false,12,2024-04-01,2025-03-31,0
2024-10-31,9889,2025-03-31,2,,,,,,,,,,,,,,,,,,,,,,,,,,,,,124.00,,,,,,,false,true,12,2024-04-01,2025-03-31,0
2024-10-31,9889,2025-03-31,2,,,,,,,,,,,,,,,,,,,,,,,,,,,,,,,,,17773743,2242530,15498907,false,false,6,2024-04-01,2024-09-30,0
2024-10-31,9889,2024-03-31,2,,,,,,,,,,,,,,,,,,,,,,,,,,,,,,,,,,,15757860,false,false,6,2023-04-01,2023-09-30,-1
2025-01-30,9889,2025-03-31,3,52393000000,0.063,,,,,4706000000,0.360,4887000000,0.366,,3373000000,,217.51,,,,,,38785000000,23184000000,0.598,,23184000000,,,,,,,,,,,,true,false,9,2024-04-01,2024-12-31,0
2025-01-30,9889,2024-03-31,3,49280000000,0.148,,,,,3461000000,0.169,3576000000,0.162,,2496000000,,158.84,,,,,,,,,,,,,,,,,,,,,,true,false,9,2023-04-01,2023-12-31,-1
2025-01-30,9889,2025-03-31,3,66500000000,0.020,,,,,5800000000,0.311,5900000000,0.297,,4100000000,,264.36,,,,,,,,,,,,,,,,,,,,,,true,true,12,2024-04-01,2025-03-31,0
2025-01-30,9889,2024-03-31,3,,,,,,,,,,,,,,,,,,,,37207000000,21178000000,0.569,,21178000000,,,,,,,,,,,,true,false,12,2023-04-01,2024-03-31,-1
2025-01-30,9889,2024-03-31,3,,,,,,,,,,,,,,,,,,,,,,,,,,,,,94.00,,,,17773743,2286168,,false,false,12,2023-04-01,2024-03-31,-1
2025-01-30,9889,2025-03-31,3,,,,,,,,,,,,,,,,,,,,,,,,,,,,,53.00,,,,,,,false,false,12,2024-04-01,2025-03-31,0
2025-01-30,9889,2025-03-31,3,,,,,,,,,,,,,,,,,,,,,,,,,,,,,124.00,,,,,,,false,true,12,2024-04-01,2025-03-31,0
2025-01-30,9889,2025-03-31,3,,,,,,,,,,,,,,,,,,,,,,,,,,,,,,,,,17773743,2244127,15509286,false,false,9,2024-04-01,2024-12-31,0
2025-01-30,9889,2024-03-31,3,,,,,,,,,,,,,,,,,,,,,,,,,,,,,,,,,,,15719747,false,false,9,2023-04-01,2023-12-31,-1
2025-05-12,9889,2025-03-31,,69868000000,0.072,,,,,6155000000,0.392,6314000000,0.388,,4603000000,,74.19,,0.203,0.155,0.088,,44466000000,24182000000,0.544,389.14,24182000000,6639000000,361000000,886000000,17784000000,,0.452,,,,,,true,false,12,2024-04-01,2025-03-31,0
2025-05-12,9889,2024-03-31,,65194000000,0.121,,,,,4422000000,0.175,4549000000,0.182,,3187000000,,50.86,,0.155,0.124,0.068,,37207000000,21178000000,0.569,341.86,21178000000,1235000000,393000000,-2418000000,9902000000,,0.462,,,,,,true,false,12,2023-04-01,2024-03-31,-1
2025-05-12,9889,2026-03-31,,35750000000,-0.002,,,,,3400000000,0.068,3450000000,0.039,,2400000000,,38.62,,,,,,,,,,,,,,,,,,,,,,true,true,6,2025-04-01,2025-09-30,1
2025-05-12,9889,2026-03-31,,71500000000,0.023,,,,,6800000000,0.105,6900000000,0.093,,4800000000,,77.24,,,,,,,,,,,,,,,,0.453,,,,,,true,true,12,2025-04-01,2026-03-31,1
2025-05-12,9889,2025-03-31,,6248000000,-0.022,,,,,4844000000,-0.008,4937000000,0.003,4987000000,,0.011,80.36,,,,,,30956000000,18916000000,0.611,304.41,18916000000,,,,,134.00,,,,71094972,8952988,62057502,false,false,12,2024-04-01,2025-03-31,0
2025-05-12,9889,2024-03-31,,6390000000,1.309,,,,,4881000000,2.267,4923000000,2.137,4931000000,,2.554,78.69,,,,,,23985000000,15510000000,0.647,250.37,15510000000,,,,,94.00,,,,71094972,9144672,62670712,false,false,12,2023-04-01,2024-03-31,-1
2025-05-12,9889,2026-03-31,,,,,,,,,,,,,,,,,,,,,,,,,,,,,,35.00,,,,,,,false,true,12,2025-04-01,2026-03-31,1
