filing_date,code,fiscal_year_end,quarterly_period,net_sales,net_sales_change,revenue,revenue_change,operating_revenue,operating_revenue_change,operating_profit,operating_profit_change,ordinary_profit,ordinary_profit_change,net_income,net_income_of_parent,net_income_change,eps,diluted_eps,roe,roa,operating_profit_to_net_sales,operating_profit_to_revenue,total_assets,net_assets,equity_ratio,bps,owner_equity,operating_cash_flow,investing_cash_flow,financing_cash_flow,cash,dividend_per_share,payout_ratio,commemorative_dividend,extra_dividend,number_of_shares,number_of_treqsury_shares,avg_number_of_shares,is_consolidated,is_forecast,duration,period_start,period_end,period_pos
2015-05-12,99280,2015-03-31,,22383000000,0.014,,,,,2524000000,0.056,2587000000,0.068,1757000000,,0.265,55.76,52.58,0.137,0.132,0.113,,19671000000,13346000000,0.678,411.46,13329000000,2707000000,-1024000000,-586000000,5679000000,,0.269,,,,,,true,false,12,2014-04-01,2015-03-31,0
2015-05-12,99280,2014-03-31,,22077000000,0.055,,,,,2390000000,0.051,2422000000,0.060,1389000000,,0.169,45.29,42.65,0.127,0.137,0.108,,19384000000,12385000000,0.636,402.29,12337000000,3179000000,-399000000,-1253000000,4582000000,,0.331,,,,,,true,false,12,2013-04-01,2014-03-31,-1
2015-05-12,99280,2016-03-31,,11680000000,0.037,,,,,1340000000,0.028,1360000000,0.015,,820000000,,26.01,,,,,,,,,,,,,,,,,,,,,,true,true,6,2015-04-01,2015-09-30,1
2015-05-12,99280,2016-03-31,,23600000000,0.054,,,,,3000000000,0.188,3000000000,0.160,,1810000000,,57.42,,,,,,,,,,,,,,,,0.261,,,,,,true,true,12,2015-04-01,2016-03-31,1
2015-05-12,99280,2015-03-31,,21147000000,0.019,,,,,2331000000,0.081,2419000000,0.096,1649000000,,0.315,52.31,49.33,,,,,18837000000,12719000000,0.674,392.08,12701000000,,,,,15.00,,,,34806286,2410403,31522871,false,false,12,2014-04-01,2015-03-31,0
2015-05-12,99280,2014-03-31,,20748000000,0.048,,,,,2157000000,0.051,2208000000,0.069,1253000000,,0.194,40.89,38.50,,,,,18676000000,11867000000,0.633,385.39,11819000000,,,,,15.00,,,,34806286,4137269,30669795,false,false,12,2013-04-01,2014-03-31,-1
2015-05-12,99280,2016-03-31,,10910000000,0.018,,,,,,,1290000000,0.023,790000000,,0.024,25.06,,,,,,,,,,,,,,,,,,,,,,false,true,6,2015-04-01,2015-09-30,1
2015-05-12,99280,2016-03-31,,22000000000,0.040,,,,,,,2810000000,0.162,1710000000,,0.037,54.25,,,,,,,,,,,,,,,15.00,,,,,,,false,true,12,2015-04-01,2016-03-31,1
2015-07-31,99280,2016-03-31,1,5888000000,0.047,,,,,686000000,0.152,698000000,0.128,,422000000,,13.16,12.55,,,,,18464000000,12513000000,0.677,395.20,12497000000,,,,,,,,,,,,true,false,3,2015-04-01,2015-06-30,0
2015-07-31,99280,2015-03-31,1,5622000000,0.080,,,,,596000000,0.157,619000000,0.140,,369000000,,12.03,11.28,,,,,,,,,,,,,,,,,,,,,true,false,3,2014-04-01,2014-06-30,-1
2015-07-31,99280,2016-03-31,1,11680000000,0.037,,,,,1340000000,0.028,1360000000,0.015,,820000000,,26.01,,,,,,,,,,,,,,,,,,,,,,true,true,6,2015-04-01,2015-09-30,0
2015-07-31,99280,2016-03-31,1,23600000000,0.054,,,,,3000000000,0.188,3000000000,0.160,,1810000000,,57.42,,,,,,,,,,,,,,,,,,,,,,true,true,12,2015-04-01,2016-03-31,0
2015-07-31,99280,2015-03-31,1,,,,,,,,,,,,,,,,,,,,19671000000,13346000000,0.678,411.46,13329000000,,,,,,,,,,,,true,false,12,2014-04-01,2015-03-31,-1
2015-07-31,99280,2015-03-31,1,,,,,,,,,,,,,,,,,,,,,,,,,,,,,15.00,,,,34806286,2410403,,false,false,12,2014-04-01,2015-03-31,-1
2015-07-31,99280,2016-03-31,1,,,,,,,,,,,,,,,,,,,,,,,,,,,,,15.00,,,,,,,false,true,12,2015-04-01,2016-03-31,0
2015-07-31,99280,2016-03-31,1,,,,,,,,,,,,,,,,,,,,,,,,,,,,,,,,,34806286,3183403,32103351,false,false,3,2015-04-01,2015-06-30,0
2015-07-31,99280,2015-03-31,1,,,,,,,,,,,,,,,,,,,,,,,,,,,,,,,,,,,30673517,false,false,3,2014-04-01,2014-06-30,-1
2015-10-30,99280,2016-03-31,2,11833000000,0.051,,,,,1433000000,0.100,1452000000,0.085,,837000000,,26.25,25.03,,,,,18586000000,12980000000,0.698,408.87,12965000000,,,,,,,,,,,,true,false,6,2015-04-01,2015-09-30,0
2015-10-30,99280,2015-03-31,2,11263000000,0.061,,,,,1302000000,0.126,1339000000,0.134,,813000000,,26.23,24.60,,,,,,,,,,,,,,,,,,,,,true,false,6,2014-04-01,2014-09-30,-1
2015-10-30,99280,2016-03-31,2,23600000000,0.054,,,,,3000000000,0.188,3000000000,0.160,,1810000000,,57.42,,,,,,,,,,,,,,,,,,,,,,true,true,12,2015-04-01,2016-03-31,0
2015-10-30,99280,2015-03-31,2,,,,,,,,,,,,,,,,,,,,19671000000,13346000000,0.678,411.46,13329000000,,,,,,,,,,,,true,false,12,2014-04-01,2015-03-31,-1
2015-10-30,99280,2015-03-31,2,,,,,,,,,,,,,,,,,,,,,,,,,,,,,15.00,,,,34806286,2410403,,false,false,12,2014-04-01,2015-03-31,-1
2015-10-30,99280,2016-03-31,2,,,,,,,,,,,,,,,,,,,,,,,,,,,,,0.00,,,,,,,false,false,12,2015-04-01,2016-03-31,0
2015-10-30,99280,2016-03-31,2,,,,,,,,,,,,,,,,,,,,,,,,,,,,,15.00,,,,,,,false,true,12,2015-04-01,2016-03-31,0
2015-10-30,99280,2016-03-31,2,,,,,,,,,,,,,,,,,,,,,,,,,,,,,,,,,34806286,3094903,31886370,false,false,6,2015-04-01,2015-09-30,0
2015-10-30,99280,2015-03-31,2,,,,,,,,,,,,,,,,,,,,,,,,,,,,,,,,,,,31012920,false,false,6,2014-04-01,2014-09-30,-1
2016-02-03,99280,2016-03-31,3,17831000000,0.065,,,,,2249000000,0.280,2277000000,0.251,,1362000000,,42.80,40.82,,,,,19621000000,13741000000,0.695,429.80,13637000000,,,,,,,,,,,,true,false,9,2015-04-01,2015-12-31,0
2016-02-03,99280,2015-03-31,3,16740000000,0.048,,,,,1758000000,0.151,1820000000,0.165,,1243000000,,39.73,37.37,,,,,,,,,,,,,,,,,,,,,true,false,9,2014-04-01,2014-12-31,-1
2016-02-03,99280,2016-03-31,3,23600000000,0.054,,,,,3000000000,0.188,3000000000,0.160,,1810000000,,57.42,,,,,,,,,,,,,,,,,,,,,,true,true,12,2015-04-01,2016-03-31,0
2016-02-03,99280,2015-03-31,3,,,,,,,,,,,,,,,,,,,,19671000000,13346000000,0.678,411.46,13329000000,,,,,,,,,,,,true,false,12,2014-04-01,2015-03-31,-1
2016-02-03,99280,2015-03-31,3,,,,,,,,,,,,,,,,,,,,,,,,,,,,,15.00,,,,34806286,2410403,,false,false,12,2014-04-01,2015-03-31,-1
2016-02-03,99280,2016-03-31,3,,,,,,,,,,,,,,,,,,,,,,,,,,,,,0.00,,,,,,,false,false,12,2015-04-01,2016-03-31,0
2016-02-03,99280,2016-03-31,3,,,,,,,,,,,,,,,,,,,,,,,,,,,,,17.00,,,,,,,false,true,12,2015-04-01,2016-03-31,0
2016-02-03,99280,2016-03-31,3,,,,,,,,,,,,,,,,,,,,,,,,,,,,,,,,,34806286,3075903,31831269,false,false,9,2015-04-01,2015-12-31,0
2016-02-03,99280,2015-03-31,3,,,,,,,,,,,,,,,,,,,,,,,,,,,,,,,,,,,31313084,false,false,9,2014-04-01,2014-12-31,-1
,99280,2016-03-31,,,,,,,,,,,,,,,,,,,,,,,,,,,,,,17.00,,,,,,,false,true,12,2015-04-01,2016-03-31,0
,99280,2016-03-31,,,,,,,,,,,,,,,,,,,,,,,,,,,,,,0.00,,,,,,,false,false,12,2015-04-01,2016-03-31,0
,99280,2015-03-31,,,,,,,,,,,,,,,,,,,,,,,,,,,,,,15.00,,,,,,,false,false,12,2014-04-01,2015-03-31,-1
2016-05-13,99280,2016-03-31,,23636000000,0.056,,,,,3039000000,0.204,3068000000,0.186,,1906000000,,60.00,57.25,0.140,0.155,0.129,,19882000000,14059000000,0.702,443.22,13962000000,2139000000,-711000000,-1683000000,5423000000,,0.283,,,,,,true,false,12,2015-04-01,2016-03-31,0
2016-05-13,99280,2015-03-31,,22383000000,0.014,,,,,2524000000,0.056,2587000000,0.068,,1757000000,,55.76,52.58,0.137,0.132,0.113,,19671000000,13346000000,0.678,411.46,13329000000,2707000000,-1024000000,-586000000,5679000000,,0.269,,,,,,true,false,12,2014-04-01,2015-03-31,-1
2016-05-13,99280,2017-03-31,,12800000000,0.082,,,,,1930000000,0.346,1990000000,0.370,,1210000000,,38.41,,,,,,,,,,,,,,,,,,,,,,true,true,6,2016-04-01,2016-09-30,1
2016-05-13,99280,2017-03-31,,26000000000,0.100,,,,,3930000000,0.293,4000000000,0.304,,2450000000,,77.77,,,,,,,,,,,,,,,,0.257,,,,,,true,true,12,2016-04-01,2017-03-31,1
2016-05-13,99280,2016-03-31,,22321000000,0.056,,,,,2925000000,0.255,2998000000,0.240,1900000000,,0.153,59.83,57.08,,,,,18964000000,13342000000,0.703,423.17,13330000000,,,,,17.00,,,,34806286,3304743,31773418,false,false,12,2015-04-01,2016-03-31,0
2016-05-13,99280,2015-03-31,,21147000000,0.019,,,,,2331000000,0.081,2419000000,0.096,1649000000,,0.315,52.31,49.33,,,,,18837000000,12719000000,0.674,392.08,12701000000,,,,,15.00,,,,34806286,2410403,31522871,false,false,12,2014-04-01,2015-03-31,-1
2016-05-13,99280,2017-03-31,,11500000000,0.027,,,,,,,1684000000,0.184,1054000000,,0.249,33.46,,,,,,,,,,,,,,,,,,,,,,false,true,6,2016-04-01,2016-09-30,1
2016-05-13,99280,2017-03-31,,23100000000,0.035,,,,,,,3450000000,0.150,2160000000,,0.136,68.57,,,,,,,,,,,,,,,20.00,,,,,,,false,true,12,2016-04-01,2017-03-31,1
2016-07-29,99280,2017-03-31,1,6491000000,0.102,,,,,1047000000,0.526,1052000000,0.507,,683000000,,21.68,20.70,,,,,19809000000,13887000000,0.696,437.18,13794000000,,,,,,,,,,,,true,false,3,2016-04-01,2016-06-30,0
2016-07-29,99280,2016-03-31,1,5888000000,0.047,,,,,686000000,0.152,698000000,0.128,,422000000,,13.16,12.55,,,,,,,,,,,,,,,,,,,,,true,false,3,2015-04-01,2015-06-30,-1
2016-07-29,99280,2017-03-31,1,12800000000,0.082,,,,,1930000000,0.346,1990000000,0.370,,1210000000,,38.41,,,,,,,,,,,,,,,,,,,,,,true,true,6,2016-04-01,2016-09-30,0
2016-07-29,99280,2017-03-31,1,26000000000,0.100,,,,,3930000000,0.293,4000000000,0.304,,2450000000,,77.77,,,,,,,,,,,,,,,,,,,,,,true,true,12,2016-04-01,2017-03-31,0
2016-07-29,99280,2016-03-31,1,,,,,,,,,,,,,,,,,,,,19882000000,14059000000,0.702,443.22,13962000000,,,,,,,,,,,,true,false,12,2015-04-01,2016-03-31,-1
2016-07-29,99280,2016-03-31,1,,,,,,,,,,,,,,,,,,,,,,,,,,,,,17.00,,,,34806286,3304743,,false,false,12,2015-04-01,2016-03-31,-1
2016-07-29,99280,2017-03-31,1,,,,,,,,,,,,,,,,,,,,,,,,,,,,,20.00,,,,,,,false,true,12,2016-04-01,2017-03-31,0
2016-07-29,99280,2017-03-31,1,,,,,,,,,,,,,,,,,,,,,,,,,,,,,,,,,34806286,3253793,31528496,false,false,3,2016-04-01,2016-06-30,0
2016-07-29,99280,2016-03-31,1,,,,,,,,,,,,,,,,,,,,,,,,,,,,,,,,,,,32103351,false,false,3,2015-04-01,2015-06-30,-1
2016-10-31,99280,2017-03-31,2,13080000000,0.105,,,,,2091000000,0.459,2103000000,0.448,,1352000000,,42.93,41.02,,,,,20829000000,14298000000,0.683,452.71,14236000000,,,,,,,,,,,,true,false,6,2016-04-01,2016-09-30,0
2016-10-31,99280,2016-03-31,2,11833000000,0.051,,,,,1433000000,0.100,1452000000,0.085,,837000000,,26.25,25.03,,,,,,,,,,,,,,,,,,,,,true,false,6,2015-04-01,2015-09-30,-1
2016-10-31,99280,2017-03-31,2,26000000000,0.100,,,,,3930000000,0.293,4000000000,0.304,,2450000000,,78.19,,,,,,,,,,,,,,,,,,,,,,true,true,12,2016-04-01,2017-03-31,0
2016-10-31,99280,2016-03-31,2,,,,,,,,,,,,,,,,,,,,19882000000,14059000000,0.702,443.22,13962000000,,,,,,,,,,,,true,false,12,2015-04-01,2016-03-31,-1
2016-10-31,99280,2016-03-31,2,,,,,,,,,,,,,,,,,,,,,,,,,,,,,17.00,,,,34806286,3304743,,false,false,12,2015-04-01,2016-03-31,-1
2016-10-31,99280,2017-03-31,2,,,,,,,,,,,,,,,,,,,,,,,,,,,,,0.00,,,,,,,false,false,12,2016-04-01,2017-03-31,0
2016-10-31,99280,2017-03-31,2,,,,,,,,,,,,,,,,,,,,,,,,,,,,,20.00,,,,,,,false,true,12,2016-04-01,2017-03-31,0
2016-10-31,99280,2017-03-31,2,,,,,,,,,,,,,,,,,,,,,,,,,,,,,,,,,34806286,3360157,31506231,false,false,6,2016-04-01,2016-09-30,0
2016-10-31,99280,2016-03-31,2,,,,,,,,,,,,,,,,,,,,,,,,,,,,,,,,,,,31886370,false,false,6,2015-04-01,2015-09-30,-1
2017-02-03,99280,2017-03-31,3,19663000000,0.103,,,,,3189000000,0.418,3195000000,0.403,,2078000000,,66.15,63.23,,,,,20923000000,14216000000,0.677,455.52,14160000000,,,,,,,,,,,,true,false,9,2016-04-01,2016-12-31,0
2017-02-03,99280,2016-03-31,3,17831000000,0.065,,,,,2249000000,0.280,2277000000,0.251,,1362000000,,42.80,40.82,,,,,,,,,,,,,,,,,,,,,true,false,9,2015-04-01,2015-12-31,-1
2017-02-03,99280,2017-03-31,3,26000000000,0.100,,,,,3930000000,0.293,4000000000,0.304,,2450000000,,78.19,,,,,,,,,,,,,,,,,,,,,,true,true,12,2016-04-01,2017-03-31,0
2017-02-03,99280,2016-03-31,3,,,,,,,,,,,,,,,,,,,,19882000000,14059000000,0.702,443.22,13962000000,,,,,,,,,,,,true,false,12,2015-04-01,2016-03-31,-1
2017-02-03,99280,2016-03-31,3,,,,,,,,,,,,,,,,,,,,,,,,,,,,,17.00,,,,34806286,3304743,,false,false,12,2015-04-01,2016-03-31,-1
2017-02-03,99280,2017-03-31,3,,,,,,,,,,,,,,,,,,,,,,,,,,,,,0.00,,,,,,,false,false,12,2016-04-01,2017-03-31,0
2017-02-03,99280,2017-03-31,3,,,,,,,,,,,,,,,,,,,,,,,,,,,,,25.00,,,,,,,false,true,12,2016-04-01,2017-03-31,0
2017-02-03,99280,2017-03-31,3,,,,,,,,,,,,,,,,,,,,,,,,,,,,,,,,,34806286,3720157,31422977,false,false,9,2016-04-01,2016-12-31,0
2017-02-03,99280,2016-03-31,3,,,,,,,,,,,,,,,,,,,,,,,,,,,,,,,,,,,31831269,false,false,9,2015-04-01,2015-12-31,-1
2017-05-12,99280,2017-03-31,,26225000000,0.110,,,,,4103000000,0.350,4010000000,0.307,,2616000000,,83.46,79.82,0.182,0.192,0.156,,21823000000,14864000000,0.679,474.72,14807000000,3819000000,-1589000000,-1418000000,6235000000,,0.300,,,,,,true,false,12,2016-04-01,2017-03-31,0
2017-05-12,99280,2016-03-31,,23636000000,0.056,,,,,3039000000,0.204,3068000000,0.186,,1906000000,,60.00,57.25,0.140,0.155,0.129,,19882000000,14059000000,0.702,443.22,13962000000,2139000000,-711000000,-1683000000,5423000000,,0.283,,,,,,true,false,12,2015-04-01,2016-03-31,-1
2017-05-12,99280,2018-03-31,,13500000000,0.032,,,,,2200000000,0.052,2200000000,0.046,,1430000000,,45.84,,,,,,,,,,,,,,,,,,,,,,true,true,6,2017-04-01,2017-09-30,1
2017-05-12,99280,2018-03-31,,27300000000,0.041,,,,,4400000000,0.072,4400000000,0.097,,2860000000,,91.69,,,,,,,,,,,,,,,,0.273,,,,,,true,true,12,2017-04-01,2018-03-31,1
2017-05-12,99280,2017-03-31,,23880000000,0.070,,,,,3812000000,0.303,3839000000,0.280,2441000000,,0.285,77.89,74.49,,,,,20564000000,14010000000,0.681,448.92,14003000000,,,,,25.00,,,,34806286,3613741,31348608,false,false,12,2016-04-01,2017-03-31,0
2017-05-12,99280,2016-03-31,,22321000000,0.056,,,,,2925000000,0.255,2998000000,0.240,1900000000,,0.153,59.83,57.08,,,,,18964000000,13342000000,0.703,423.17,13330000000,,,,,17.00,,,,34806286,3304743,31773418,false,false,12,2015-04-01,2016-03-31,-1
2017-05-12,99280,2018-03-31,,12190000000,0.015,,,,,,,2130000000,0.045,1420000000,,0.045,45.52,,,,,,,,,,,,,,,,,,,,,,false,true,6,2017-04-01,2017-09-30,1
2017-05-12,99280,2018-03-31,,24300000000,0.018,,,,,,,4000000000,0.042,2660000000,,0.089,85.28,,,,,,,,,,,,,,,25.00,,,,,,,false,true,12,2017-04-01,2018-03-31,1
2017-07-31,99280,2018-03-31,1,6992000000,0.077,,,,,1304000000,0.245,1280000000,0.216,,740000000,,23.71,22.77,,,,,23056000000,15047000000,0.651,479.74,15005000000,,,,,,,,,,,,true,false,3,2017-04-01,2017-06-30,0
2017-07-31,99280,2017-03-31,1,6491000000,0.102,,,,,1047000000,0.526,1052000000,0.507,,683000000,,21.68,20.70,,,,,,,,,,,,,,,,,,,,,true,false,3,2016-04-01,2016-06-30,-1
2017-07-31,99280,2018-03-31,1,13500000000,0.032,,,,,2200000000,0.052,2200000000,0.046,,1430000000,,45.84,,,,,,,,,,,,,,,,,,,,,,true,true,6,2017-04-01,2017-09-30,0
2017-07-31,99280,2018-03-31,1,27300000000,0.041,,,,,4400000000,0.072,4400000000,0.097,,2860000000,,91.69,,,,,,,,,,,,,,,,,,,,,,true,true,12,2017-04-01,2018-03-31,0
2017-07-31,99280,2017-03-31,1,,,,,,,,,,,,,,,,,,,,21823000000,14864000000,0.679,474.72,14807000000,,,,,,,,,,,,true,false,12,2016-04-01,2017-03-31,-1
2017-07-31,99280,2017-03-31,1,,,,,,,,,,,,,,,,,,,,,,,,,,,,,25.00,,,,34806286,3613741,,false,false,12,2016-04-01,2017-03-31,-1
2017-07-31,99280,2018-03-31,1,,,,,,,,,,,,,,,,,,,,,,,,,,,,,25.00,,,,,,,false,true,12,2017-04-01,2018-03-31,0
2017-07-31,99280,2018-03-31,1,,,,,,,,,,,,,,,,,,,,,,,,,,,,,,,,,34806286,3526762,31225087,false,false,3,2017-04-01,2017-06-30,0
2017-07-31,99280,2017-03-31,1,,,,,,,,,,,,,,,,,,,,,,,,,,,,,,,,,,,31528496,false,false,3,2016-04-01,2016-06-30,-1
2017-10-31,99280,2018-03-31,2,13885000000,0.062,,,,,2685000000,0.284,2643000000,0.257,,1657000000,,52.98,51.04,,,,,22478000000,15201000000,0.675,485.80,15174000000,,,,,,,,,,,,true,false,6,2017-04-01,2017-09-30,0
2017-10-31,99280,2017-03-31,2,13080000000,0.105,,,,,2091000000,0.459,2103000000,0.448,,1352000000,,42.93,41.02,,,,,,,,,,,,,,,,,,,,,true,false,6,2016-04-01,2016-09-30,-1
2017-10-31,99280,2018-03-31,2,27300000000,0.041,,,,,4400000000,0.072,4400000000,0.097,,2860000000,,91.45,,,,,,,,,,,,,,,,,,,,,,true,true,12,2017-04-01,2018-03-31,0
2017-10-31,99280,2017-03-31,2,,,,,,,,,,,,,,,,,,,,21823000000,14864000000,0.679,474.72,14807000000,,,,,,,,,,,,true,false,12,2016-04-01,2017-03-31,-1
2017-10-31,99280,2017-03-31,2,,,,,,,,,,,,,,,,,,,,,,,,,,,,,25.00,,,,34806286,3613741,,false,false,12,2016-04-01,2017-03-31,-1
2017-10-31,99280,2018-03-31,2,,,,,,,,,,,,,,,,,,,,,,,,,,,,,0.00,,,,,,,false,false,12,2017-04-01,2018-03-31,0
2017-10-31,99280,2018-03-31,2,,,,,,,,,,,,,,,,,,,,,,,,,,,,,25.00,,,,,,,false,true,12,2017-04-01,2018-03-31,0
2017-10-31,99280,2018-03-31,2,,,,,,,,,,,,,,,,,,,,,,,,,,,,,,,,,34806286,3569762,31275611,false,false,6,2017-04-01,2017-09-30,0
2017-10-31,99280,2017-03-31,2,,,,,,,,,,,,,,,,,,,,,,,,,,,,,,,,,,,31506231,false,false,6,2016-04-01,2016-09-30,-1
2018-02-02,99280,2018-03-31,3,21108000000,0.073,,,,,3919000000,0.229,3876000000,0.213,,2451000000,,78.42,75.73,,,,,24325000000,16272000000,0.668,520.17,16248000000,,,,,,,,,,,,true,false,9,2017-04-01,2017-12-31,0
2018-02-02,99280,2017-03-31,3,19663000000,0.103,,,,,3189000000,0.418,3195000000,0.403,,2078000000,,66.15,63.23,,,,,,,,,,,,,,,,,,,,,true,false,9,2016-04-01,2016-12-31,-1
2018-02-02,99280,2018-03-31,3,27300000000,0.041,,,,,4400000000,0.072,4400000000,0.097,,2860000000,,91.48,,,,,,,,,,,,,,,,,,,,,,true,true,12,2017-04-01,2018-03-31,0
2018-02-02,99280,2017-03-31,3,,,,,,,,,,,,,,,,,,,,21823000000,14864000000,0.679,474.72,14807000000,,,,,,,,,,,,true,false,12,2016-04-01,2017-03-31,-1
2018-02-02,99280,2017-03-31,3,,,,,,,,,,,,,,,,,,,,,,,,,,,,,25.00,,,,34806286,3613741,,false,false,12,2016-04-01,2017-03-31,-1
2018-02-02,99280,2018-03-31,3,,,,,,,,,,,,,,,,,,,,,,,,,,,,,0.00,,,,,,,false,false,12,2017-04-01,2018-03-31,0
2018-02-02,99280,2018-03-31,3,,,,,,,,,,,,,,,,,,,,,,,,,,,,,27.00,,,,,,,false,true,12,2017-04-01,2018-03-31,0
2018-02-02,99280,2018-03-31,3,,,,,,,,,,,,,,,,,,,,,,,,,,,,,,,,,34806286,3569887,31262522,false,false,9,2017-04-01,2017-12-31,0
2018-02-02,99280,2017-03-31,3,,,,,,,,,,,,,,,,,,,,,,,,,,,,,,,,,,,31422977,false,false,9,2016-04-01,2016-12-31,-1
2018-05-11,99280,2018-03-31,,27582000000,0.052,,,,,4485000000,0.093,4426000000,0.104,,2877000000,,92.05,88.98,0.185,0.190,0.163,,24840000000,16277000000,0.655,520.87,16269000000,3392000000,-3255000000,-83000000,6290000000,,0.293,,,,,,true,false,12,2017-04-01,2018-03-31,0
2018-05-11,99280,2017-03-31,,26225000000,0.110,,,,,4103000000,0.350,4010000000,0.307,,2616000000,,83.46,79.82,0.182,0.192,0.156,,21823000000,14864000000,0.679,474.72,14807000000,3819000000,-1589000000,-1418000000,6235000000,,0.300,,,,,,true,false,12,2016-04-01,2017-03-31,-1
2018-05-11,99280,2019-03-31,,15350000000,0.105,,,,,2740000000,0.020,2710000000,0.025,,1780000000,,56.98,,,,,,,,,,,,,,,,,,,,,,true,true,6,2018-04-01,2018-09-30,1
2018-05-11,99280,2019-03-31,,30600000000,0.109,,,,,5050000000,0.126,5000000000,0.130,,3290000000,,105.33,,,,,,,,,,,,,,,,0.285,,,,,,true,true,12,2018-04-01,2019-03-31,1
2018-05-11,99280,2018-03-31,,25035000000,0.048,,,,,4324000000,0.134,4504000000,0.173,2775000000,,0.137,88.80,85.85,,,,,23567000000,15351000000,0.651,491.46,15351000000,,,,,27.00,,,,34806286,3569966,31256074,false,false,12,2017-04-01,2018-03-31,0
2018-05-11,99280,2017-03-31,,23880000000,0.070,,,,,3812000000,0.303,3839000000,0.280,2441000000,,0.285,77.89,74.49,,,,,20564000000,14010000000,0.681,448.92,14003000000,,,,,25.00,,,,34806286,3613741,31348608,false,false,12,2016-04-01,2017-03-31,-1
2018-05-11,99280,2019-03-31,,13440000000,0.063,,,,,,,2670000000,0.018,1790000000,,0.058,57.31,,,,,,,,,,,,,,,,,,,,,,false,true,6,2018-04-01,2018-09-30,1
2018-05-11,99280,2019-03-31,,26510000000,0.059,,,,,,,4810000000,0.068,3220000000,,0.160,103.09,,,,,,,,,,,,,,,30.00,,,,,,,false,true,12,2018-04-01,2019-03-31,1
2018-07-31,99280,2019-03-31,1,7729000000,0.105,,,,,1426000000,0.093,1475000000,0.153,,926000000,,29.66,28.78,,,,,28208000000,16210000000,0.574,518.07,16182000000,,,,,,,,,,,,true,false,3,2018-04-01,2018-06-30,0
2018-07-31,99280,2018-03-31,1,6992000000,0.077,,,,,1304000000,0.245,1280000000,0.216,,740000000,,23.71,22.77,,,,,,,,,,,,,,,,,,,,,true,false,3,2017-04-01,2017-06-30,-1
2018-07-31,99280,2019-03-31,1,15350000000,0.105,,,,,2740000000,0.020,2710000000,0.025,,1780000000,,56.98,,,,,,,,,,,,,,,,,,,,,,true,true,6,2018-04-01,2018-09-30,0
2018-07-31,99280,2019-03-31,1,30600000000,0.109,,,,,5050000000,0.126,5000000000,0.130,,3290000000,,105.33,,,,,,,,,,,,,,,,,,,,,,true,true,12,2018-04-01,2019-03-31,0
2018-07-31,99280,2018-03-31,1,,,,,,,,,,,,,,,,,,,,24566000000,16277000000,0.662,520.87,16269000000,,,,,,,,,,,,true,false,12,2017-04-01,2018-03-31,-1
2018-07-31,99280,2018-03-31,1,,,,,,,,,,,,,,,,,,,,,,,,,,,,,27.00,,,,34806286,3569966,,false,false,12,2017-04-01,2018-03-31,-1
2018-07-31,99280,2019-03-31,1,,,,,,,,,,,,,,,,,,,,,,,,,,,,,30.00,,,,,,,false,true,12,2018-04-01,2019-03-31,0
2018-07-31,99280,2019-03-31,1,,,,,,,,,,,,,,,,,,,,,,,,,,,,,,,,,34806286,3569966,31236320,false,false,3,2018-04-01,2018-06-30,0
2018-07-31,99280,2018-03-31,1,,,,,,,,,,,,,,,,,,,,,,,,,,,,,,,,,,,31225087,false,false,3,2017-04-01,2017-06-30,-1
2018-10-31,99280,2019-03-31,2,15530000000,0.118,,,,,2965000000,0.104,3016000000,0.141,,1944000000,,62.25,60.41,,,,,28131000000,17273000000,0.613,552.06,17244000000,,,,,,,,,,,,true,false,6,2018-04-01,2018-09-30,0
2018-10-31,99280,2018-03-31,2,13885000000,0.062,,,,,2685000000,0.284,2643000000,0.257,,1657000000,,52.98,51.04,,,,,,,,,,,,,,,,,,,,,true,false,6,2017-04-01,2017-09-30,-1
2018-10-31,99280,2019-03-31,2,30600000000,0.109,,,,,5050000000,0.126,5000000000,0.130,,3290000000,,105.33,,,,,,,,,,,,,,,,,,,,,,true,true,12,2018-04-01,2019-03-31,0
2018-10-31,99280,2018-03-31,2,,,,,,,,,,,,,,,,,,,,24566000000,16277000000,0.662,520.87,16269000000,,,,,,,,,,,,true,false,12,2017-04-01,2018-03-31,-1
2018-10-31,99280,2018-03-31,2,,,,,,,,,,,,,,,,,,,,,,,,,,,,,27.00,,,,34806286,3569966,,false,false,12,2017-04-01,2018-03-31,-1
2018-10-31,99280,2019-03-31,2,,,,,,,,,,,,,,,,,,,,,,,,,,,,,0.00,,,,,,,false,false,12,2018-04-01,2019-03-31,0
2018-10-31,99280,2019-03-31,2,,,,,,,,,,,,,,,,,,,,,,,,,,,,,30.00,,,,,,,false,true,12,2018-04-01,2019-03-31,0
2018-10-31,99280,2019-03-31,2,,,,,,,,,,,,,,,,,,,,,,,,,,,,,,,,,34806286,3569966,31236320,false,false,6,2018-04-01,2018-09-30,0
2018-10-31,99280,2018-03-31,2,,,,,,,,,,,,,,,,,,,,,,,,,,,,,,,,,,,31275611,false,false,6,2017-04-01,2017-09-30,-1
2019-02-05,99280,2019-03-31,3,23821000000,0.129,,,,,4395000000,0.121,4274000000,0.103,,2776000000,,88.99,85.69,,,,,36922000000,16994000000,0.459,549.48,16963000000,,,,,,,,,,,,true,false,9,2018-04-01,2018-12-31,0
2019-02-05,99280,2018-03-31,3,21108000000,0.073,,,,,3919000000,0.229,3876000000,0.213,,2451000000,,78.42,75.73,,,,,,,,,,,,,,,,,,,,,true,false,9,2017-04-01,2017-12-31,-1
2019-02-05,99280,2019-03-31,3,30600000000,0.109,,,,,5050000000,0.126,5000000000,0.130,,3290000000,,105.72,,,,,,,,,,,,,,,,,,,,,,true,true,12,2018-04-01,2019-03-31,0
2019-02-05,99280,2018-03-31,3,,,,,,,,,,,,,,,,,,,,24566000000,16277000000,0.662,520.87,16269000000,,,,,,,,,,,,true,false,12,2017-04-01,2018-03-31,-1
2019-02-05,99280,2018-03-31,3,,,,,,,,,,,,,,,,,,,,,,,,,,,,,27.00,,,,34806286,3569966,,false,false,12,2017-04-01,2018-03-31,-1
2019-02-05,99280,2019-03-31,3,,,,,,,,,,,,,,,,,,,,,,,,,,,,,0.00,,,,,,,false,false,12,2018-04-01,2019-03-31,0
2019-02-05,99280,2019-03-31,3,,,,,,,,,,,,,,,,,,,,,,,,,,,,,30.00,,,,,,,false,true,12,2018-04-01,2019-03-31,0
2019-02-05,99280,2019-03-31,3,,,,,,,,,,,,,,,,,,,,,,,,,,,,,,,,,34806286,3933468,31199309,false,false,9,2018-04-01,2018-12-31,0
2019-02-05,99280,2018-03-31,3,,,,,,,,,,,,,,,,,,,,,,,,,,,,,,,,,,,31262522,false,false,9,2017-04-01,2017-12-31,-1
,99280,2019-03-31,,,,,,,,,,,,,,,,,,,,,,,,,,,,,,34.00,,,,,,,false,true,12,2018-04-01,2019-03-31,0
,99280,2019-03-31,,,,,,,,,,,,,,,,,,,,,,,,,,,,,,0.00,,,,,,,false,false,12,2018-04-01,2019-03-31,0
,99280,2018-03-31,,,,,,,,,,,,,,,,,,,,,,,,,,,,,,27.00,,,,,,,false,false,12,2017-04-01,2018-03-31,-1
2019-05-10,99280,2019-03-31,,31317000000,0.135,,,,,5167000000,0.152,5056000000,0.142,,3730000000,,119.89,112.52,0.217,0.161,0.165,,38211000000,18058000000,0.472,584.51,18045000000,4105000000,-3311000000,8956000000,16041000000,,0.284,,,,,,true,false,12,2018-04-01,2019-03-31,0
2019-05-10,99280,2018-03-31,,27582000000,0.052,,,,,4485000000,0.093,4426000000,0.104,,2877000000,,92.05,88.98,0.185,0.192,0.163,,24566000000,16277000000,0.662,520.87,16269000000,3392000000,-3255000000,-83000000,6290000000,,0.293,,,,,,true,false,12,2017-04-01,2018-03-31,-1
2019-05-10,99280,2020-03-31,,17140000000,0.104,,,,,3210000000,0.082,3220000000,0.068,,2120000000,,68.67,,,,,,,,,,,,,,,,,,,,,,true,true,6,2019-04-01,2019-09-30,1
2019-05-10,99280,2020-03-31,,34000000000,0.086,,,,,6200000000,0.200,6200000000,0.226,,4040000000,,130.86,,,,,,,,,,,,,,,,0.290,,,,,,true,true,12,2019-04-01,2020-03-31,1
2019-05-10,99280,2019-03-31,,28046000000,0.120,,,,,5005000000,0.157,5141000000,0.142,3548000000,,0.278,114.02,107.03,,,,,36536000000,16960000000,0.464,549.36,16960000000,,,,,34.00,,,,34806286,3933510,31118800,false,false,12,2018-04-01,2019-03-31,0
2019-05-10,99280,2018-03-31,,25035000000,0.048,,,,,4324000000,0.134,4504000000,0.173,2775000000,,0.137,88.80,85.85,,,,,23291000000,15351000000,0.659,491.46,15351000000,,,,,27.00,,,,34806286,3569966,31256074,false,false,12,2017-04-01,2018-03-31,-1
2019-05-10,99280,2020-03-31,,15140000000,0.077,,,,,,,3080000000,0.012,2070000000,,0.031,67.05,,,,,,,,,,,,,,,,,,,,,,false,true,6,2019-04-01,2019-09-30,1
2019-05-10,99280,2020-03-31,,30000000000,0.070,,,,,,,6000000000,0.167,4020000000,,0.133,130.21,,,,,,,,,,,,,,,38.00,,,,,,,false,true,12,2019-04-01,2020-03-31,1
2019-07-31,99280,2020-03-31,1,8588000000,0.111,,,,,1473000000,0.033,1524000000,0.033,,1006000000,,32.59,28.35,,,,,38876000000,18282000000,0.470,591.89,18273000000,,,,,,,,,,,,true,false,3,2019-04-01,2019-06-30,0
2019-07-31,99280,2019-03-31,1,7729000000,0.105,,,,,1426000000,0.093,1475000000,0.153,,926000000,,29.66,28.78,,,,,,,,,,,,,,,,,,,,,true,false,3,2018-04-01,2018-06-30,-1
2019-07-31,99280,2020-03-31,1,17140000000,0.104,,,,,3210000000,0.082,3220000000,0.068,,2120000000,,68.67,,,,,,,,,,,,,,,,,,,,,,true,true,6,2019-04-01,2019-09-30,0
2019-07-31,99280,2020-03-31,1,34000000000,0.086,,,,,6200000000,0.200,6200000000,0.226,,4040000000,,130.86,,,,,,,,,,,,,,,,,,,,,,true,true,12,2019-04-01,2020-03-31,0
2019-07-31,99280,2019-03-31,1,,,,,,,,,,,,,,,,,,,,38211000000,18058000000,0.472,584.51,18045000000,,,,,,,,,,,,true,false,12,2018-04-01,2019-03-31,-1
2019-07-31,99280,2019-03-31,1,,,,,,,,,,,,,,,,,,,,,,,,,,,,,34.00,,,,34806286,3933510,,false,false,12,2018-04-01,2019-03-31,-1
2019-07-31,99280,2020-03-31,1,,,,,,,,,,,,,,,,,,,,,,,,,,,,,38.00,,,,,,,false,true,12,2019-04-01,2020-03-31,0
2019-07-31,99280,2020-03-31,1,,,,,,,,,,,,,,,,,,,,,,,,,,,,,,,,,34806286,3933557,30872763,false,false,3,2019-04-01,2019-06-30,0
2019-07-31,99280,2019-03-31,1,,,,,,,,,,,,,,,,,,,,,,,,,,,,,,,,,,,31236320,false,false,3,2018-04-01,2018-06-30,-1
2019-10-24,99280,2020-03-31,,18820000000,0.098,,,,,3870000000,0.206,3920000000,0.217,,2600000000,,84.22,,,,,,,,,,,,,,,,,,,,,,true,true,6,2019-04-01,2019-09-30,0
2019-10-24,99280,2019-03-31,,15530000000,,,,,,2965000000,,3016000000,,,1944000000,,62.25,,,,,,,,,,,,,,,,,,,,,,true,false,6,2018-04-01,2018-09-30,-1
2019-10-24,99280,2020-03-31,,16980000000,0.122,,,,,,,3740000000,0.214,2520000000,,0.217,81.63,,,,,,,,,,,,,,,,,,,,,,false,true,6,2019-04-01,2019-09-30,0
2019-10-24,99280,2019-03-31,,14062000000,,,,,,,,3043000000,,2008000000,,,64.29,,,,,,,,,,,,,,,,,,,,,,false,false,6,2018-04-01,2018-09-30,-1
2019-10-31,99280,2020-03-31,2,18825000000,0.212,,,,,3876000000,0.307,3928000000,0.302,,2607000000,,84.45,73.50,,,,,39146000000,19591000000,0.500,634.38,19584000000,,,,,,,,,,,,true,false,6,2019-04-01,2019-09-30,0
2019-10-31,99280,2019-03-31,2,15530000000,0.118,,,,,2965000000,0.104,3016000000,0.141,,1944000000,,62.25,60.41,,,,,,,,,,,,,,,,,,,,,true,false,6,2018-04-01,2018-09-30,-1
2019-10-31,99280,2020-03-31,2,34000000000,0.086,,,,,6200000000,0.200,6200000000,0.226,,4040000000,,130.86,,,,,,,,,,,,,,,,,,,,,,true,true,12,2019-04-01,2020-03-31,0
2019-10-31,99280,2019-03-31,2,,,,,,,,,,,,,,,,,,,,38211000000,18058000000,0.472,584.51,18045000000,,,,,,,,,,,,true,false,12,2018-04-01,2019-03-31,-1
2019-10-31,99280,2019-03-31,2,,,,,,,,,,,,,,,,,,,,,,,,,,,,,34.00,,,,34806286,3933510,,false,false,12,2018-04-01,2019-03-31,-1
2019-10-31,99280,2020-03-31,2,,,,,,,,,,,,,,,,,,,,,,,,,,,,,0.00,,,,,,,false,false,12,2019-04-01,2020-03-31,0
2019-10-31,99280,2020-03-31,2,,,,,,,,,,,,,,,,,,,,,,,,,,,,,38.00,,,,,,,false,true,12,2019-04-01,2020-03-31,0
2019-10-31,99280,2020-03-31,2,,,,,,,,,,,,,,,,,,,,,,,,,,,,,,,,,34806286,3933557,30872746,false,false,6,2019-04-01,2019-09-30,0
2019-10-31,99280,2019-03-31,2,,,,,,,,,,,,,,,,,,,,,,,,,,,,,,,,,,,31236320,false,false,6,2018-04-01,2018-09-30,-1
2020-02-05,99280,2020-03-31,3,27282000000,0.145,,,,,5151000000,0.172,5227000000,0.223,,3490000000,,113.06,98.39,,,,,40203000000,20532000000,0.511,664.89,20527000000,,,,,,,,,,,,true,false,9,2019-04-01,2019-12-31,0
2020-02-05,99280,2019-03-31,3,23821000000,0.129,,,,,4395000000,0.121,4274000000,0.103,,2776000000,,88.99,85.69,,,,,,,,,,,,,,,,,,,,,true,false,9,2018-04-01,2018-12-31,-1
2020-02-05,99280,2020-03-31,3,34000000000,0.086,,,,,6200000000,0.200,6200000000,0.226,,4040000000,,130.86,,,,,,,,,,,,,,,,,,,,,,true,true,12,2019-04-01,2020-03-31,0
2020-02-05,99280,2019-03-31,3,,,,,,,,,,,,,,,,,,,,38211000000,18058000000,0.472,584.51,18045000000,,,,,,,,,,,,true,false,12,2018-04-01,2019-03-31,-1
2020-02-05,99280,2019-03-31,3,,,,,,,,,,,,,,,,,,,,,,,,,,,,,34.00,,,,34806286,3933510,,false,false,12,2018-04-01,2019-03-31,-1
2020-02-05,99280,2020-03-31,3,,,,,,,,,,,,,,,,,,,,,,,,,,,,,0.00,,,,,,,false,false,12,2019-04-01,2020-03-31,0
2020-02-05,99280,2020-03-31,3,,,,,,,,,,,,,,,,,,,,,,,,,,,,,38.00,,,,,,,false,true,12,2019-04-01,2020-03-31,0
2020-02-05,99280,2020-03-31,3,,,,,,,,,,,,,,,,,,,,,,,,,,,,,,,,,34806286,3933557,30872741,false,false,9,2019-04-01,2019-12-31,0
2020-02-05,99280,2019-03-31,3,,,,,,,,,,,,,,,,,,,,,,,,,,,,,,,,,,,31199309,false,false,9,2018-04-01,2018-12-31,-1
2020-05-13,99280,2020-03-31,,35501000000,0.134,,,,,5227000000,0.012,5311000000,0.050,,1839000000,,59.59,51.69,0.099,0.139,0.147,,38348000000,19029000000,0.496,615.97,19018000000,5343000000,-1998000000,-1636000000,17749000000,,0.638,,,,,,true,false,12,2019-04-01,2020-03-31,0
2020-05-13,99280,2019-03-31,,31317000000,0.135,,,,,5167000000,0.152,5056000000,0.142,,3730000000,,119.89,112.52,0.217,0.161,0.165,,38211000000,18058000000,0.472,584.51,18045000000,4105000000,-3311000000,8956000000,16041000000,,0.284,,,,,,true,false,12,2018-04-01,2019-03-31,-1
2020-05-13,99280,2021-03-31,,36000000000,0.014,,,,,3580000000,-0.315,3600000000,-0.322,,2340000000,,75.79,,,,,,,,,,,,,,,,0.501,,,,,,true,true,12,2020-04-01,2021-03-31,1
2020-05-13,99280,2020-03-31,,31898000000,0.137,,,,,4767000000,-0.048,4917000000,-0.044,1563000000,,-0.559,50.65,43.96,,,,,36374000000,17661000000,0.486,572.01,17661000000,,,,,38.00,,,,34806286,3930557,30873426,false,false,12,2019-04-01,2020-03-31,0
2020-05-13,99280,2019-03-31,,28046000000,0.120,,,,,5005000000,0.157,5141000000,0.142,3548000000,,0.278,114.02,107.03,,,,,36536000000,16960000000,0.464,549.36,16960000000,,,,,34.00,,,,34806286,3933510,31118800,false,false,12,2018-04-01,2019-03-31,-1
2020-05-13,99280,2021-03-31,,29700000000,-0.069,,,,,,,3300000000,-0.329,2220000000,,0.420,71.90,,,,,,,,,,,,,,,38.00,,,,,,,false,true,12,2020-04-01,2021-03-31,1
2020-05-13,99280,2020-03-31,,35501000000,0.044,,,,,5227000000,-0.157,5311000000,-0.143,1839000000,,-0.545,59.59,,,,,,,,,,,,,,,,,,,,,,true,true,12,2019-04-01,2020-03-31,0
2020-05-13,99280,2019-03-31,,31317000000,,,,,,5167000000,,5056000000,,3730000000,,,119.89,,,,,,,,,,,,,,,,,,,,,,true,false,12,2018-04-01,2019-03-31,-1
2020-05-13,99280,2020-03-31,,31898000000,0.063,,,,,,,4917000000,-0.180,1563000000,,-0.611,50.65,,,,,,,,,,,,,,,,,,,,,,false,true,12,2019-04-01,2020-03-31,0
2020-05-13,99280,2019-03-31,,28046000000,,,,,,,,5141000000,,3548000000,,,114.02,,,,,,,,,,,,,,,,,,,,,,false,false,12,2018-04-01,2019-03-31,-1
2020-07-31,99280,2021-03-31,1,7932000000,-0.076,,,,,992000000,-0.326,993000000,-0.348,,584000000,,18.93,16.45,,,,,38157000000,18897000000,0.495,610.47,18887000000,,,,,,,,,,,,true,false,3,2020-04-01,2020-06-30,0
2020-07-31,99280,2020-03-31,1,8588000000,0.111,,,,,1473000000,0.033,1524000000,0.033,,1006000000,,32.59,28.35,,,,,,,,,,,,,,,,,,,,,true,false,3,2019-04-01,2019-06-30,-1
2020-07-31,99280,2021-03-31,1,36000000000,0.014,,,,,3580000000,-0.315,3600000000,-0.322,,2340000000,,75.67,,,,,,,,,,,,,,,,,,,,,,true,true,12,2020-04-01,2021-03-31,0
2020-07-31,99280,2020-03-31,1,,,,,,,,,,,,,,,,,,,,38348000000,19029000000,0.496,615.97,19018000000,,,,,,,,,,,,true,false,12,2019-04-01,2020-03-31,-1
2020-07-31,99280,2020-03-31,1,,,,,,,,,,,,,,,,,,,,,,,,,,,,,38.00,,,,34806286,3930557,,false,false,12,2019-04-01,2020-03-31,-1
2020-07-31,99280,2021-03-31,1,,,,,,,,,,,,,,,,,,,,,,,,,,,,,38.00,,,,,,,false,true,12,2020-04-01,2021-03-31,0
2020-07-31,99280,2021-03-31,1,,,,,,,,,,,,,,,,,,,,,,,,,,,,,,,,,34806286,3866557,30876433,false,false,3,2020-04-01,2020-06-30,0
2020-07-31,99280,2020-03-31,1,,,,,,,,,,,,,,,,,,,,,,,,,,,,,,,,,,,30872763,false,false,3,2019-04-01,2019-06-30,-1
2020-10-30,99280,2021-03-31,2,16522000000,-0.122,,,,,2489000000,-0.358,2503000000,-0.363,,1359000000,,44.03,38.32,,,,,42304000000,20151000000,0.476,655.88,20142000000,,,,,,,,,,,,true,false,6,2020-04-01,2020-09-30,0
2020-10-30,99280,2020-03-31,2,18825000000,0.212,,,,,3876000000,0.307,3928000000,0.302,,2607000000,,84.45,73.50,,,,,,,,,,,,,,,,,,,,,true,false,6,2019-04-01,2019-09-30,-1
2020-10-30,99280,2021-03-31,2,33500000000,-0.056,,,,,4400000000,-0.158,4350000000,-0.181,,2570000000,,83.45,,,,,,,,,,,,,,,,,,,,,,true,true,12,2020-04-01,2021-03-31,0
2020-10-30,99280,2020-03-31,2,,,,,,,,,,,,,,,,,,,,38348000000,19029000000,0.496,615.97,19018000000,,,,,,,,,,,,true,false,12,2019-04-01,2020-03-31,-1
2020-10-30,99280,2020-03-31,2,,,,,,,,,,,,,,,,,,,,,,,,,,,,,38.00,,,,34806286,3930557,,false,false,12,2019-04-01,2020-03-31,-1
2020-10-30,99280,2021-03-31,2,,,,,,,,,,,,,,,,,,,,,,,,,,,,,0.00,,,,,,,false,false,12,2020-04-01,2021-03-31,0
2020-10-30,99280,2021-03-31,2,,,,,,,,,,,,,,,,,,,,,,,,,,,,,38.00,,,,,,,false,true,12,2020-04-01,2021-03-31,0
2020-10-30,99280,2021-03-31,2,,,,,,,,,,,,,,,,,,,,,,,,,,,,,,,,,34806286,4096057,30883664,false,false,6,2020-04-01,2020-09-30,0
2020-10-30,99280,2020-03-31,2,,,,,,,,,,,,,,,,,,,,,,,,,,,,,,,,,,,30872746,false,false,6,2019-04-01,2019-09-30,-1
2020-10-30,99280,2021-03-31,,33500000000,-0.069,,,,,4400000000,0.229,4350000000,0.208,2570000000,,0.098,83.45,,,,,,,,,,,,,,,,,,,,,,true,true,12,2020-04-01,2021-03-31,0
2020-10-30,99280,2020-03-31,,35501000000,,,,,,5227000000,,5311000000,,1839000000,,,59.59,,,,,,,,,,,,,,,,,,,,,,true,false,12,2019-04-01,2020-03-31,-1
2020-10-30,99280,2021-03-31,,29700000000,,,,,,,,4650000000,0.409,2930000000,,0.320,95.14,,,,,,,,,,,,,,,,,,,,,,false,true,12,2020-04-01,2021-03-31,0
2020-10-30,99280,2020-03-31,,31898000000,,,,,,,,4917000000,,1563000000,,,50.65,,,,,,,,,,,,,,,,,,,,,,false,false,12,2019-04-01,2020-03-31,-1
2021-02-04,99280,2021-03-31,3,24961000000,-0.085,,,,,3605000000,-0.300,3602000000,-0.311,,1984000000,,64.53,56.15,,,,,42682000000,20518000000,0.470,659.29,20068000000,,,,,,,,,,,,true,false,9,2020-04-01,2020-12-31,0
2021-02-04,99280,2020-03-31,3,27282000000,0.145,,,,,5151000000,0.172,5227000000,0.223,,3490000000,,113.06,98.39,,,,,,,,,,,,,,,,,,,,,true,false,9,2019-04-01,2019-12-31,-1
2021-02-04,99280,2021-03-31,3,33500000000,-0.056,,,,,4400000000,-0.158,4350000000,-0.181,,2570000000,,83.78,,,,,,,,,,,,,,,,,,,,,,true,true,12,2020-04-01,2021-03-31,0
2021-02-04,99280,2020-03-31,3,,,,,,,,,,,,,,,,,,,,38348000000,19029000000,0.496,615.97,19018000000,,,,,,,,,,,,true,false,12,2019-04-01,2020-03-31,-1
2021-02-04,99280,2020-03-31,3,,,,,,,,,,,,,,,,,,,,,,,,,,,,,38.00,,,,34806286,3930557,,false,false,12,2019-04-01,2020-03-31,-1
2021-02-04,99280,2021-03-31,3,,,,,,,,,,,,,,,,,,,,,,,,,,,,,0.00,,,,,,,false,false,12,2020-04-01,2021-03-31,0
2021-02-04,99280,2021-03-31,3,,,,,,,,,,,,,,,,,,,,,,,,,,,,,38.00,,,,,,,false,true,12,2020-04-01,2021-03-31,0
2021-02-04,99280,2021-03-31,3,,,,,,,,,,,,,,,,,,,,,,,,,,,,,,,,,34806286,4366557,30751124,false,false,9,2020-04-01,2020-12-31,0
2021-02-04,99280,2020-03-31,3,,,,,,,,,,,,,,,,,,,,,,,,,,,,,,,,,,,30872741,false,false,9,2019-04-01,2019-12-31,-1
2021-05-13,99280,2021-03-31,,34066000000,-0.040,,,,,4526000000,-0.134,4511000000,-0.151,,2654000000,,86.53,75.27,0.136,0.111,0.133,,42958000000,20430000000,0.465,655.66,19958000000,3977000000,-4303000000,201000000,17624000000,,0.439,,,,,,true,false,12,2020-04-01,2021-03-31,0
2021-05-13,99280,2020-03-31,,35501000000,0.134,,,,,5227000000,0.012,5311000000,0.050,,1839000000,,59.59,51.69,0.099,0.139,0.147,,38348000000,19029000000,0.496,615.97,19018000000,5699000000,-2354000000,-1636000000,17749000000,,0.638,,,,,,true,false,12,2019-04-01,2020-03-31,-1
2021-05-13,99280,2022-03-31,,18200000000,,,,,,1830000000,,1770000000,,,1010000000,,33.18,,,,,,,,,,,,,,,,,,,,,,true,true,6,2021-04-01,2021-09-30,1
2021-05-13,99280,2022-03-31,,37400000000,,,,,,4030000000,,4000000000,,,2380000000,,78.19,,,,,,,,,,,,,,,,0.486,,,,,,true,true,12,2021-04-01,2022-03-31,1
2021-05-13,99280,2021-03-31,,29933000000,-0.062,,,,,4781000000,0.003,4874000000,-0.009,3010000000,,0.925,98.14,85.40,,,,,40045000000,18958000000,0.473,622.82,18958000000,,,,,38.00,,,,34806286,4366557,30674342,false,false,12,2020-04-01,2021-03-31,0
2021-05-13,99280,2020-03-31,,31898000000,0.137,,,,,4767000000,-0.048,4917000000,-0.044,1563000000,,-0.559,50.65,43.96,,,,,36374000000,17661000000,0.486,572.01,17661000000,,,,,38.00,,,,34806286,3930557,30873426,false,false,12,2019-04-01,2020-03-31,-1
2021-05-13,99280,2022-03-31,,15180000000,,,,,,,,1950000000,,1300000000,,,42.71,,,,,,,,,,,,,,,,,,,,,,false,true,6,2021-04-01,2021-09-30,1
2021-05-13,99280,2022-03-31,,30500000000,,,,,,,,4000000000,,2670000000,,,87.71,,,,,,,,,,,,,,,38.00,,,,,,,false,true,12,2021-04-01,2022-03-31,1
2021-07-13,99280,2022-03-31,,18200000000,,,,,,1830000000,,1770000000,,2440000000,,1.416,80.16,,,,,,,,,,,,,,,,,,,,,,true,true,6,2021-04-01,2021-09-30,0
2021-07-13,99280,2021-03-31,,16522000000,,,,,,2489000000,,2503000000,,1359000000,,,44.03,,,,,,,,,,,,,,,,,,,,,,true,false,6,2020-04-01,2020-09-30,-1
2021-07-13,99280,2022-03-31,,37400000000,,,,,,4030000000,,4000000000,,3810000000,,0.601,125.17,,,,,,,,,,,,,,,,,,,,,,true,true,12,2021-04-01,2022-03-31,0
2021-07-13,99280,2021-03-31,,34066000000,,,,,,4526000000,,4511000000,,2654000000,,,86.53,,,,,,,,,,,,,,,,,,,,,,true,false,12,2020-04-01,2021-03-31,-1
2021-07-13,99280,2022-03-31,,15180000000,,,,,,,,1950000000,,2330000000,,0.792,76.54,,,,,,,,,,,,,,,,,,,,,,false,true,6,2021-04-01,2021-09-30,0
2021-07-13,99280,2022-03-31,,30500000000,,,,,,,,4000000000,,3700000000,,0.386,121.55,,,,,,,,,,,,,,,,,,,,,,false,true,12,2021-04-01,2022-03-31,0
2021-07-13,99280,2021-03-31,,29933000000,,,,,,,,4874000000,,3010000000,,,98.14,,,,,,,,,,,,,,,,,,,,,,false,false,12,2020-04-01,2021-03-31,-1
2021-07-30,99280,2022-03-31,1,8747000000,0.103,,,,,939000000,-0.053,931000000,-0.062,,576000000,,18.95,16.46,,,,,42168000000,20040000000,0.466,646.10,19667000000,,,,,,,,,,,,true,false,3,2021-04-01,2021-06-30,0
2021-07-30,99280,2021-03-31,1,7932000000,-0.076,,,,,992000000,-0.326,993000000,-0.348,,584000000,,18.93,16.45,,,,,,,,,,,,,,,,,,,,,true,false,3,2020-04-01,2020-06-30,-1
2021-07-30,99280,2022-03-31,1,18200000000,0.102,,,,,1830000000,-0.265,1770000000,-0.293,,2440000000,,80.16,,,,,,,,,,,,,,,,,,,,,,true,true,6,2021-04-01,2021-09-30,0
2021-07-30,99280,2022-03-31,1,37400000000,0.098,,,,,4030000000,-0.110,4000000000,-0.113,,3810000000,,125.17,,,,,,,,,,,,,,,,,,,,,,true,true,12,2021-04-01,2022-03-31,0
2021-07-30,99280,2021-03-31,1,,,,,,,,,,,,,,,,,,,,42958000000,20430000000,0.465,655.66,19958000000,,,,,,,,,,,,true,false,12,2020-04-01,2021-03-31,-1
2021-07-30,99280,2021-03-31,1,,,,,,,,,,,,,,,,,,,,,,,,,,,,,38.00,,,,34806286,4366557,,false,false,12,2020-04-01,2021-03-31,-1
2021-07-30,99280,2022-03-31,1,,,,,,,,,,,,,,,,,,,,,,,,,,,,,38.00,,,,,,,false,true,12,2021-04-01,2022-03-31,0
2021-07-30,99280,2022-03-31,1,,,,,,,,,,,,,,,,,,,,,,,,,,,,,,,,,34806286,4366557,30439729,false,false,3,2021-04-01,2021-06-30,0
2021-07-30,99280,2021-03-31,1,,,,,,,,,,,,,,,,,,,,,,,,,,,,,,,,,,,30876433,false,false,3,2020-04-01,2020-06-30,-1
2021-10-29,9928,2022-03-31,2,17781000000,0.076,,,,,2362000000,-0.051,2373000000,-0.052,,3027000000,,99.55,86.65,,,,,41453000000,21837000000,0.518,709.77,21458000000,,,,,,,,,,,,true,false,6,2021-04-01,2021-09-30,0
2021-10-29,9928,2021-03-31,2,16522000000,-0.122,,,,,2489000000,-0.358,2503000000,-0.363,,1359000000,,44.03,38.32,,,,,,,,,,,,,,,,,,,,,true,false,6,2020-04-01,2020-09-30,-1
2021-10-29,9928,2022-03-31,2,37400000000,0.098,,,,,4030000000,-0.110,4000000000,-0.113,,3810000000,,125.65,,,,,,,,,,,,,,,,,,,,,,true,true,12,2021-04-01,2022-03-31,0
2021-10-29,9928,2021-03-31,2,,,,,,,,,,,,,,,,,,,,42958000000,20430000000,0.465,655.66,19958000000,,,,,,,,,,,,true,false,12,2020-04-01,2021-03-31,-1
2021-10-29,9928,2021-03-31,2,,,,,,,,,,,,,,,,,,,,,,,,,,,,,38.00,,,,34806286,4366557,,false,false,12,2020-04-01,2021-03-31,-1
2021-10-29,9928,2022-03-31,2,,,,,,,,,,,,,,,,,,,,,,,,,,,,,0.00,,,,,,,false,false,12,2021-04-01,2022-03-31,0
2021-10-29,9928,2022-03-31,2,,,,,,,,,,,,,,,,,,,,,,,,,,,,,38.00,,,,,,,false,true,12,2021-04-01,2022-03-31,0
2021-10-29,9928,2022-03-31,2,,,,,,,,,,,,,,,,,,,,,,,,,,,,,,,,,34806286,4573865,30413336,false,false,6,2021-04-01,2021-09-30,0
2021-10-29,9928,2021-03-31,2,,,,,,,,,,,,,,,,,,,,,,,,,,,,,,,,,,,30883664,false,false,6,2020-04-01,2020-09-30,-1
2022-02-04,9928,2022-03-31,3,27267000000,0.092,,,,,3795000000,0.053,3809000000,0.057,,3915000000,,129.38,112.52,,,,,42384000000,22233000000,0.515,731.53,21842000000,,,,,,,,,,,,true,false,9,2021-04-01,2021-12-31,0
2022-02-04,9928,2021-03-31,3,24961000000,-0.085,,,,,3605000000,-0.300,3602000000,-0.311,,1984000000,,64.53,56.15,,,,,,,,,,,,,,,,,,,,,true,false,9,2020-04-01,2020-12-31,-1
2022-02-04,9928,2022-03-31,3,36500000000,0.071,,,,,4600000000,0.016,4600000000,0.020,,4330000000,,143.55,,,,,,,,,,,,,,,,,,,,,,true,true,12,2021-04-01,2022-03-31,0
2022-02-04,9928,2021-03-31,3,,,,,,,,,,,,,,,,,,,,42958000000,20430000000,0.465,655.66,19958000000,,,,,,,,,,,,true,false,12,2020-04-01,2021-03-31,-1
2022-02-04,9928,2021-03-31,3,,,,,,,,,,,,,,,,,,,,,,,,,,,,,38.00,,,,34806286,4366557,,false,false,12,2020-04-01,2021-03-31,-1
2022-02-04,9928,2022-03-31,3,,,,,,,,,,,,,,,,,,,,,,,,,,,,,0.00,,,,,,,false,false,12,2021-04-01,2022-03-31,0
2022-02-04,9928,2022-03-31,3,,,,,,,,,,,,,,,,,,,,,,,,,,,,,45.00,,,,,,,false,true,12,2021-04-01,2022-03-31,0
2022-02-04,9928,2022-03-31,3,,,,,,,,,,,,,,,,,,,,,,,,,,,,,,,,,34806286,4947905,30263197,false,false,9,2021-04-01,2021-12-31,0
2022-02-04,9928,2021-03-31,3,,,,,,,,,,,,,,,,,,,,,,,,,,,,,,,,,,,30751124,false,false,9,2020-04-01,2020-12-31,-1
2022-02-04,99280,2022-03-31,,36500000000,-0.024,,,,,4600000000,0.141,4600000000,0.150,,4330000000,,143.55,,,,,,,,,,,,,,,,,,,,,,true,true,12,2021-04-01,2022-03-31,0
2022-02-04,99280,2021-03-31,,34066000000,,,,,,4526000000,,4511000000,,,2654000000,,86.53,,,,,,,,,,,,,,,,,,,,,,true,false,12,2020-04-01,2021-03-31,-1
2022-02-04,99280,2022-03-31,,31000000000,0.016,,,,,,,5000000000,0.250,4380000000,,0.184,145.21,,,,,,,,,,,,,,,45.00,,,,,,,false,true,12,2021-04-01,2022-03-31,0
2022-02-04,99280,2021-03-31,,29933000000,,,,,,,,4874000000,,3010000000,,,98.14,,,,,,,,,,,,,,,38.00,,,,,,,false,false,12,2020-04-01,2021-03-31,-1
2022-02-04,99280,2022-03-31,,,,,,,,,,,,,,,,,,,,,,,,,,,,,,0.00,,,,,,,false,false,12,2021-04-01,2022-03-31,0
2022-05-13,9928,2022-03-31,,36597000000,0.074,,,,,4789000000,0.058,4771000000,0.058,,4517000000,,149.78,130.13,0.214,0.110,0.131,,43487000000,22630000000,0.510,743.26,22192000000,6202000000,-1488000000,-5690000000,16648000000,,0.300,,,,,,true,false,12,2021-04-01,2022-03-31,0
2022-05-13,9928,2021-03-31,,34066000000,-0.040,,,,,4526000000,-0.134,4511000000,-0.151,,2654000000,,86.53,75.27,0.136,0.111,0.133,,42958000000,20430000000,0.465,655.66,19958000000,3977000000,-4303000000,201000000,17624000000,,0.439,,,,,,true,false,12,2020-04-01,2021-03-31,-1
2022-05-13,9928,2023-03-31,,18850000000,0.060,,,,,2370000000,0.003,2380000000,0.003,,1520000000,,50.91,,,,,,,,,,,,,,,,,,,,,,true,true,6,2022-04-01,2022-09-30,1
2022-05-13,9928,2023-03-31,,38800000000,0.060,,,,,4800000000,0.002,4800000000,0.006,,2900000000,,97.13,,,,,,,,,,,,,,,,0.412,,,,,,true,true,12,2022-04-01,2023-03-31,1
2022-05-13,9928,2022-03-31,,31233000000,0.043,,,,,4960000000,0.037,5049000000,0.036,4484000000,,0.490,148.67,129.21,,,,,40380000000,21193000000,0.525,709.81,21193000000,,,,,45.00,,,,34806286,4947950,30163375,false,false,12,2021-04-01,2022-03-31,0
2022-05-13,9928,2021-03-31,,29933000000,-0.062,,,,,4781000000,0.003,4874000000,-0.009,3010000000,,0.925,98.14,85.40,,,,,40045000000,18958000000,0.473,622.82,18958000000,,,,,38.00,,,,34806286,4366557,30674342,false,false,12,2020-04-01,2021-03-31,-1
2022-05-13,9928,2023-03-31,,16050000000,0.043,,,,,,,2670000000,0.020,1790000000,,-0.365,59.95,,,,,,,,,,,,,,,,,,,,,,false,true,6,2022-04-01,2022-09-30,1
2022-05-13,9928,2023-03-31,,32150000000,0.029,,,,,,,5080000000,0.006,3410000000,,-0.240,114.21,,,,,,,,,,,,,,,40.00,,,,,,,false,true,12,2022-04-01,2023-03-31,1
2022-07-29,9928,2023-03-31,1,9716000000,0.111,,,,,1503000000,0.600,1533000000,0.646,,965000000,,32.33,28.02,,,,,42131000000,22120000000,0.515,726.06,21678000000,,,,,,,,,,,,true,false,3,2022-04-01,2022-06-30,0
2022-07-29,9928,2022-03-31,1,8747000000,0.103,,,,,939000000,-0.053,931000000,-0.062,,576000000,,18.95,16.46,,,,,,,,,,,,,,,,,,,,,true,false,3,2021-04-01,2021-06-30,-1
2022-07-29,9928,2023-03-31,1,18850000000,0.060,,,,,2370000000,0.003,2380000000,0.003,,1520000000,,50.91,,,,,,,,,,,,,,,,,,,,,,true,true,6,2022-04-01,2022-09-30,0
2022-07-29,9928,2023-03-31,1,38800000000,0.060,,,,,4800000000,0.002,4800000000,0.006,,2900000000,,97.13,,,,,,,,,,,,,,,,,,,,,,true,true,12,2022-04-01,2023-03-31,0
2022-07-29,9928,2022-03-31,1,,,,,,,,,,,,,,,,,,,,43487000000,22630000000,0.510,743.26,22192000000,,,,,,,,,,,,true,false,12,2021-04-01,2022-03-31,-1
2022-07-29,9928,2022-03-31,1,,,,,,,,,,,,,,,,,,,,,,,,,,,,,45.00,,,,34806286,4947950,,false,false,12,2021-04-01,2022-03-31,-1
2022-07-29,9928,2023-03-31,1,,,,,,,,,,,,,,,,,,,,,,,,,,,,,40.00,,,,,,,false,true,12,2022-04-01,2023-03-31,0
2022-07-29,9928,2023-03-31,1,,,,,,,,,,,,,,,,,,,,,,,,,,,,,,,,,34806286,4947950,29858336,false,false,3,2022-04-01,2022-06-30,0
2022-07-29,9928,2022-03-31,1,,,,,,,,,,,,,,,,,,,,,,,,,,,,,,,,,,,30439729,false,false,3,2021-04-01,2021-06-30,-1
2022-10-31,9928,2023-03-31,2,19881000000,0.118,,,,,3102000000,0.313,2827000000,0.191,,1935000000,,64.81,56.16,,,,,42925000000,22652000000,0.517,743.61,22202000000,,,,,,,,,,,,true,false,6,2022-04-01,2022-09-30,0
2022-10-31,9928,2022-03-31,2,17781000000,0.076,,,,,2362000000,-0.051,2373000000,-0.052,,3027000000,,99.55,86.65,,,,,,,,,,,,,,,,,,,,,true,false,6,2021-04-01,2021-09-30,-1
2022-10-31,9928,2023-03-31,2,40800000000,0.115,,,,,5800000000,0.211,5600000000,0.174,,3600000000,,120.57,,,,,,,,,,,,,,,,,,,,,,true,true,12,2022-04-01,2023-03-31,0
2022-10-31,9928,2022-03-31,2,,,,,,,,,,,,,,,,,,,,43487000000,22630000000,0.510,743.26,22192000000,,,,,,,,,,,,true,false,12,2021-04-01,2022-03-31,-1
2022-10-31,9928,2022-03-31,2,,,,,,,,,,,,,,,,,,,,,,,,,,,,,45.00,,,,34806286,4947950,,false,false,12,2021-04-01,2022-03-31,-1
2022-10-31,9928,2023-03-31,2,,,,,,,,,,,,,,,,,,,,,,,,,,,,,0.00,,,,,,,false,false,12,2022-04-01,2023-03-31,0
2022-10-31,9928,2023-03-31,2,,,,,,,,,,,,,,,,,,,,,,,,,,,,,40.00,,,,,,,false,true,12,2022-04-01,2023-03-31,0
2022-10-31,9928,2023-03-31,2,,,,,,,,,,,,,,,,,,,,,,,,,,,,,,,,,34806286,4947950,29858336,false,false,6,2022-04-01,2022-09-30,0
2022-10-31,9928,2022-03-31,2,,,,,,,,,,,,,,,,,,,,,,,,,,,,,,,,,,,30413336,false,false,6,2021-04-01,2021-09-30,-1
2023-02-03,9928,2023-03-31,3,31016000000,0.137,,,,,5383000000,0.418,5114000000,0.342,,3675000000,,123.09,106.71,,,,,44792000000,24691000000,0.541,811.90,24242000000,,,,,,,,,,,,true,false,9,2022-04-01,2022-12-31,0
2023-02-03,9928,2022-03-31,3,27267000000,0.092,,,,,3795000000,0.053,3809000000,0.057,,3915000000,,129.38,112.52,,,,,,,,,,,,,,,,,,,,,true,false,9,2021-04-01,2021-12-31,-1
2023-02-03,9928,2023-03-31,3,40800000000,0.115,,,,,5800000000,0.211,5600000000,0.174,,3600000000,,120.57,,,,,,,,,,,,,,,,,,,,,,true,true,12,2022-04-01,2023-03-31,0
2023-02-03,9928,2022-03-31,3,,,,,,,,,,,,,,,,,,,,43487000000,22630000000,0.510,743.26,22192000000,,,,,,,,,,,,true,false,12,2021-04-01,2022-03-31,-1
2023-02-03,9928,2022-03-31,3,,,,,,,,,,,,,,,,,,,,,,,,,,,,,45.00,,,,34806286,4947950,,false,false,12,2021-04-01,2022-03-31,-1
2023-02-03,9928,2023-03-31,3,,,,,,,,,,,,,,,,,,,,,,,,,,,,,0.00,,,,,,,false,false,12,2022-04-01,2023-03-31,0
2023-02-03,9928,2023-03-31,3,,,,,,,,,,,,,,,,,,,,,,,,,,,,,45.00,,,,,,,false,true,12,2022-04-01,2023-03-31,0
2023-02-03,9928,2023-03-31,3,,,,,,,,,,,,,,,,,,,,,,,,,,,,,,,,,34806286,4947950,29858336,false,false,9,2022-04-01,2022-12-31,0
2023-02-03,9928,2022-03-31,3,,,,,,,,,,,,,,,,,,,,,,,,,,,,,,,,,,,30263197,false,false,9,2021-04-01,2021-12-31,-1
2023-05-12,9928,2023-03-31,,41461000000,0.133,,,,,6084000000,0.270,5839000000,0.224,,3767000000,,126.18,109.33,0.162,0.131,0.147,,45793000000,24775000000,0.530,813.13,24278000000,7157000000,-2856000000,-1778000000,19171000000,,0.357,,,,,,true,false,12,2022-04-01,2023-03-31,0
2023-05-12,9928,2022-03-31,,36597000000,0.074,,,,,4789000000,0.058,4771000000,0.058,,4517000000,,149.78,130.13,0.214,0.110,0.131,,43487000000,22630000000,0.510,743.26,22192000000,6202000000,-1488000000,-5690000000,16648000000,,0.300,,,,,,true,false,12,2021-04-01,2022-03-31,-1
2023-05-12,9928,2024-03-31,,20500000000,0.031,,,,,2900000000,-0.065,2940000000,0.040,,1990000000,,66.65,,,,,,,,,,,,,,,,,,,,,,true,true,6,2023-04-01,2023-09-30,1
2023-05-12,9928,2024-03-31,,41600000000,0.003,,,,,6100000000,0.003,6200000000,0.062,,4100000000,,137.32,,,,,,,,,,,,,,,,0.328,,,,,,true,true,12,2023-04-01,2024-03-31,1
2023-05-12,9928,2023-03-31,,35952000000,0.151,,,,,6306000000,0.272,6385000000,0.265,3506000000,,-0.218,117.42,101.75,,,,,42566000000,23055000000,0.542,772.16,23055000000,,,,,45.00,,,,34806286,4947980,29858332,false,false,12,2022-04-01,2023-03-31,0
2023-05-12,9928,2022-03-31,,31233000000,0.043,,,,,4960000000,0.037,5049000000,0.036,4484000000,,0.490,148.67,129.21,,,,,40380000000,21193000000,0.525,709.81,21193000000,,,,,45.00,,,,34806286,4947950,30163375,false,false,12,2021-04-01,2022-03-31,-1
2023-05-12,9928,2024-03-31,,17600000000,0.019,,,,,,,3000000000,-0.116,2020000000,,-0.014,67.65,,,,,,,,,,,,,,,,,,,,,,false,true,6,2023-04-01,2023-09-30,1
2023-05-12,9928,2024-03-31,,35000000000,-0.026,,,,,,,5800000000,-0.092,3900000000,,0.112,130.62,,,,,,,,,,,,,,,45.00,,,,,,,false,true,12,2023-04-01,2024-03-31,1
2023-07-31,9928,2024-03-31,1,10484000000,0.079,,,,,1430000000,-0.049,1455000000,-0.051,,930000000,,31.12,26.98,,,,,44764000000,24257000000,0.531,795.12,23779000000,,,,,,,,,,,,true,false,3,2023-04-01,2023-06-30,0
2023-07-31,9928,2023-03-31,1,9716000000,0.111,,,,,1503000000,0.600,1533000000,0.646,,965000000,,32.33,28.02,,,,,,,,,,,,,,,,,,,,,true,false,3,2022-04-01,2022-06-30,-1
2023-07-31,9928,2024-03-31,1,20500000000,0.031,,,,,2900000000,-0.065,2940000000,0.040,,1990000000,,66.54,,,,,,,,,,,,,,,,,,,,,,true,true,6,2023-04-01,2023-09-30,0
2023-07-31,9928,2024-03-31,1,41600000000,0.003,,,,,6100000000,0.003,6200000000,0.062,,4100000000,,137.09,,,,,,,,,,,,,,,,,,,,,,true,true,12,2023-04-01,2024-03-31,0
2023-07-31,9928,2023-03-31,1,,,,,,,,,,,,,,,,,,,,45793000000,24775000000,0.530,813.13,24278000000,,,,,,,,,,,,true,false,12,2022-04-01,2023-03-31,-1
2023-07-31,9928,2023-03-31,1,,,,,,,,,,,,,,,,,,,,,,,,,,,,,45.00,,,,34806286,4947980,,false,false,12,2022-04-01,2023-03-31,-1
2023-07-31,9928,2024-03-31,1,,,,,,,,,,,,,,,,,,,,,,,,,,,,,45.00,,,,,,,false,true,12,2023-04-01,2024-03-31,0
2023-07-31,9928,2024-03-31,1,,,,,,,,,,,,,,,,,,,,,,,,,,,,,,,,,34806286,4898980,29904614,false,false,3,2023-04-01,2023-06-30,0
2023-07-31,9928,2023-03-31,1,,,,,,,,,,,,,,,,,,,,,,,,,,,,,,,,,,,29858336,false,false,3,2022-04-01,2022-06-30,-1
2023-10-31,9928,2024-03-31,2,21174000000,0.065,,,,,2799000000,-0.097,2863000000,0.013,,1831000000,,61.24,53.11,,,,,45416000000,25100000000,0.542,822.88,24620000000,,,,,,,,,,,,true,false,6,2023-04-01,2023-09-30,0
2023-10-31,9928,2023-03-31,2,19881000000,0.118,,,,,3102000000,0.313,2827000000,0.191,,1935000000,,64.81,56.16,,,,,,,,,,,,,,,,,,,,,true,false,6,2022-04-01,2022-09-30,-1
2023-10-31,9928,2024-03-31,2,41600000000,0.003,,,,,6100000000,0.003,6200000000,0.062,,4100000000,,137.06,,,,,,,,,,,,,,,,,,,,,,true,true,12,2023-04-01,2024-03-31,0
2023-10-31,9928,2023-03-31,2,,,,,,,,,,,,,,,,,,,,45793000000,24775000000,0.530,813.13,24278000000,,,,,,,,,,,,true,false,12,2022-04-01,2023-03-31,-1
2023-10-31,9928,2023-03-31,2,,,,,,,,,,,,,,,,,,,,,,,,,,,,,45.00,,,,34806286,4947980,,false,false,12,2022-04-01,2023-03-31,-1
2023-10-31,9928,2024-03-31,2,,,,,,,,,,,,,,,,,,,,,,,,,,,,,0.00,,,,,,,false,false,12,2023-04-01,2024-03-31,0
2023-10-31,9928,2024-03-31,2,,,,,,,,,,,,,,,,,,,,,,,,,,,,,45.00,,,,,,,false,true,12,2023-04-01,2024-03-31,0
2023-10-31,9928,2024-03-31,2,,,,,,,,,,,,,,,,,,,,,,,,,,,,,,,,,34806286,4886980,29910416,false,false,6,2023-04-01,2023-09-30,0
2023-10-31,9928,2023-03-31,2,,,,,,,,,,,,,,,,,,,,,,,,,,,,,,,,,,,29858336,false,false,6,2022-04-01,2022-09-30,-1
2024-02-05,9928,2024-03-31,3,32791000000,0.057,,,,,4548000000,-0.155,4680000000,-0.085,,3249000000,,108.61,105.66,,,,,44447000000,26428000000,0.584,867.97,25969000000,,,,,,,,,,,,true,false,9,2023-04-01,2023-12-31,0
2024-02-05,9928,2023-03-31,3,31016000000,0.137,,,,,5383000000,0.418,5114000000,0.342,,3675000000,,123.09,106.71,,,,,,,,,,,,,,,,,,,,,true,false,9,2022-04-01,2022-12-31,-1
2024-02-05,9928,2024-03-31,3,41600000000,0.003,,,,,6100000000,0.003,6200000000,0.062,,4100000000,,137.06,,,,,,,,,,,,,,,,,,,,,,true,true,12,2023-04-01,2024-03-31,0
2024-02-05,9928,2023-03-31,3,,,,,,,,,,,,,,,,,,,,45793000000,24775000000,0.530,813.13,24278000000,,,,,,,,,,,,true,false,12,2022-04-01,2023-03-31,-1
2024-02-05,9928,2023-03-31,3,,,,,,,,,,,,,,,,,,,,,,,,,,,,,45.00,,,,34806286,4947980,,false,false,12,2022-04-01,2023-03-31,-1
2024-02-05,9928,2024-03-31,3,,,,,,,,,,,,,,,,,,,,,,,,,,,,,0.00,,,,,,,false,false,12,2023-04-01,2024-03-31,0
2024-02-05,9928,2024-03-31,3,,,,,,,,,,,,,,,,,,,,,,,,,,,,,50.00,,,,,,,false,true,12,2023-04-01,2024-03-31,0
2024-02-05,9928,2024-03-31,3,,,,,,,,,,,,,,,,,,,,,,,,,,,,,,,,,34806286,4886980,29913390,false,false,9,2023-04-01,2023-12-31,0
2024-02-05,9928,2023-03-31,3,,,,,,,,,,,,,,,,,,,,,,,,,,,,,,,,,,,29858336,false,false,9,2022-04-01,2022-12-31,-1
2024-05-13,9928,2024-03-31,,43971000000,0.061,,,,,6110000000,0.004,6306000000,0.080,,4238000000,,141.70,137.85,0.166,0.137,0.139,,46018000000,27186000000,0.580,892.77,26711000000,6538000000,-3614000000,-4117000000,17977000000,,0.353,,,,,,true,false,12,2023-04-01,2024-03-31,0
2024-05-13,9928,2023-03-31,,41461000000,0.133,,,,,6084000000,0.270,5839000000,0.224,,3767000000,,126.18,109.33,0.162,0.131,0.147,,45793000000,24775000000,0.530,813.13,24278000000,7157000000,-2856000000,-1778000000,19171000000,,0.357,,,,,,true,false,12,2022-04-01,2023-03-31,-1
2024-05-13,9928,2025-03-31,,22110000000,0.044,,,,,2900000000,0.036,2870000000,0.002,,1920000000,,64.17,,,,,,,,,,,,,,,,,,,,,,true,true,6,2024-04-01,2024-09-30,1
2024-05-13,9928,2025-03-31,,45500000000,0.035,,,,,6740000000,0.103,6750000000,0.070,,4440000000,,148.40,,,,,,,,,,,,,,,,0.371,,,,,,true,true,12,2024-04-01,2025-03-31,1
2024-05-13,9928,2024-03-31,,38787000000,0.079,,,,,6508000000,0.032,6648000000,0.041,4174000000,,0.191,139.55,135.76,,,,,42434000000,25422000000,0.599,849.71,25422000000,,,,,50.00,,,,34806286,4887043,29914853,false,false,12,2023-04-01,2024-03-31,0
2024-05-13,9928,2023-03-31,,35952000000,0.151,,,,,6306000000,0.272,6385000000,0.265,3506000000,,-0.218,117.42,101.75,,,,,42566000000,23055000000,0.542,772.16,23055000000,,,,,45.00,,,,34806286,4947980,29858332,false,false,12,2022-04-01,2023-03-31,-1
2024-05-13,9928,2025-03-31,,19700000000,0.051,,,,,,,3230000000,0.038,2190000000,,0.042,73.20,,,,,,,,,,,,,,,,,,,,,,false,true,6,2024-04-01,2024-09-30,1
2024-05-13,9928,2025-03-31,,39700000000,0.024,,,,,,,6700000000,0.008,4500000000,,0.078,150.40,,,,,,,,,,,,,,,55.00,,,,,,,false,true,12,2024-04-01,2025-03-31,1
2024-07-31,9928,2025-03-31,1,11157000000,0.064,,,,,1373000000,-0.040,1394000000,-0.042,,1118000000,,37.40,36.38,,,,,44955000000,26643000000,0.582,875.23,26186000000,,,,,,,,,,,,true,false,3,2024-04-01,2024-06-30,0
2024-07-31,9928,2024-03-31,1,10484000000,0.079,,,,,1430000000,-0.049,1455000000,-0.051,,930000000,,31.12,26.98,,,,,,,,,,,,,,,,,,,,,true,false,3,2023-04-01,2023-06-30,-1
2024-07-31,9928,2025-03-31,1,22110000000,0.044,,,,,2900000000,0.036,2870000000,0.002,,1920000000,,64.17,,,,,,,,,,,,,,,,,,,,,,true,true,6,2024-04-01,2024-09-30,0
2024-07-31,9928,2025-03-31,1,45500000000,0.035,,,,,6740000000,0.103,6750000000,0.070,,4440000000,,148.40,,,,,,,,,,,,,,,,,,,,,,true,true,12,2024-04-01,2025-03-31,0
2024-07-31,9928,2024-03-31,1,,,,,,,,,,,,,,,,,,,,46018000000,27186000000,0.580,892.77,26711000000,,,,,,,,,,,,true,false,12,2023-04-01,2024-03-31,-1
2024-07-31,9928,2024-03-31,1,,,,,,,,,,,,,,,,,,,,,,,,,,,,,50.00,,,,34806286,4887043,,false,false,12,2023-04-01,2024-03-31,-1
2024-07-31,9928,2025-03-31,1,,,,,,,,,,,,,,,,,,,,,,,,,,,,,55.00,,,,,,,false,true,12,2024-04-01,2025-03-31,0
2024-07-31,9928,2025-03-31,1,,,,,,,,,,,,,,,,,,,,,,,,,,,,,,,,,34806286,4887043,29919243,false,false,3,2024-04-01,2024-06-30,0
2024-07-31,9928,2024-03-31,1,,,,,,,,,,,,,,,,,,,,,,,,,,,,,,,,,,,29904614,false,false,3,2023-04-01,2023-06-30,-1
2024-10-31,9928,2025-03-31,2,22749000000,0.074,,,,,2967000000,0.060,3028000000,0.058,,2059000000,,68.84,66.97,,,,,45227000000,27459000000,0.597,902.39,27009000000,,,,,,,,,,,,true,false,6,2024-04-01,2024-09-30,0
2024-10-31,9928,2024-03-31,2,21174000000,0.065,,,,,2799000000,-0.097,2863000000,0.013,,1831000000,,61.24,53.11,,,,,,,,,,,,,,,,,,,,,true,false,6,2023-04-01,2023-09-30,-1
2024-10-31,9928,2025-03-31,2,45500000000,0.035,,,,,6740000000,0.103,6750000000,0.070,,4440000000,,148.36,,,,,,,,,,,,,,,,,,,,,,true,true,12,2024-04-01,2025-03-31,0
2024-10-31,9928,2024-03-31,2,,,,,,,,,,,,,,,,,,,,46018000000,27186000000,0.580,892.77,26711000000,,,,,,,,,,,,true,false,12,2023-04-01,2024-03-31,-1
2024-10-31,9928,2024-03-31,2,,,,,,,,,,,,,,,,,,,,,,,,,,,,,50.00,,,,34806286,4887043,,false,false,12,2023-04-01,2024-03-31,-1
2024-10-31,9928,2025-03-31,2,,,,,,,,,,,,,,,,,,,,,,,,,,,,,0.00,,,,,,,false,false,12,2024-04-01,2025-03-31,0
2024-10-31,9928,2025-03-31,2,,,,,,,,,,,,,,,,,,,,,,,,,,,,,55.00,,,,,,,false,true,12,2024-04-01,2025-03-31,0
2024-10-31,9928,2025-03-31,2,,,,,,,,,,,,,,,,,,,,,,,,,,,,,,,,,34806286,4875047,29923635,false,false,6,2024-04-01,2024-09-30,0
2024-10-31,9928,2024-03-31,2,,,,,,,,,,,,,,,,,,,,,,,,,,,,,,,,,,,29910416,false,false,6,2023-04-01,2023-09-30,-1
2025-02-05,9928,2025-03-31,3,34738000000,0.059,,,,,4890000000,0.075,4965000000,0.061,,3562000000,,119.06,115.83,,,,,44651000000,28969000000,0.639,953.23,28531000000,,,,,,,,,,,,true,false,9,2024-04-01,2024-12-31,0
2025-02-05,9928,2024-03-31,3,32791000000,0.057,,,,,4548000000,-0.155,4680000000,-0.085,,3249000000,,108.61,105.66,,,,,,,,,,,,,,,,,,,,,true,false,9,2023-04-01,2023-12-31,-1
2025-02-05,9928,2025-03-31,3,45500000000,0.035,,,,,6740000000,0.103,6750000000,0.070,,4440000000,,148.36,,,,,,,,,,,,,,,,,,,,,,true,true,12,2024-04-01,2025-03-31,0
2025-02-05,9928,2024-03-31,3,,,,,,,,,,,,,,,,,,,,46018000000,27186000000,0.580,892.77,26711000000,,,,,,,,,,,,true,false,12,2023-04-01,2024-03-31,-1
2025-02-05,9928,2024-03-31,3,,,,,,,,,,,,,,,,,,,,,,,,,,,,,50.00,,,,34806286,4887043,,false,false,12,2023-04-01,2024-03-31,-1
2025-02-05,9928,2025-03-31,3,,,,,,,,,,,,,,,,,,,,,,,,,,,,,0.00,,,,,,,false,false,12,2024-04-01,2025-03-31,0
2025-02-05,9928,2025-03-31,3,,,,,,,,,,,,,,,,,,,,,,,,,,,,,55.00,,,,,,,false,true,12,2024-04-01,2025-03-31,0
2025-02-05,9928,2025-03-31,3,,,,,,,,,,,,,,,,,,,,,,,,,,,,,,,,,34806286,4875091,29926176,false,false,9,2024-04-01,2024-12-31,0
2025-02-05,9928,2024-03-31,3,,,,,,,,,,,,,,,,,,,,,,,,,,,,,,,,,,,29913390,false,false,9,2023-04-01,2023-12-31,-1
2025-05-13,9928,2025-03-31,,46160000000,0.050,,,,,6287000000,0.029,6390000000,0.013,,4381000000,,146.40,142.42,0.156,0.140,0.136,,45331000000,29637000000,0.646,978.29,29281000000,6357000000,-4373000000,-4502000000,15459000000,,0.376,,,,,,true,false,12,2024-04-01,2025-03-31,0
2025-05-13,9928,2024-03-31,,43971000000,0.061,,,,,6110000000,0.004,6306000000,0.080,,4238000000,,141.70,137.85,0.166,0.137,0.139,,46018000000,27186000000,0.580,892.77,26711000000,6538000000,-3614000000,-4117000000,17977000000,,0.353,,,,,,true,false,12,2023-04-01,2024-03-31,-1
2025-05-13,9928,2026-03-31,,23800000000,0.046,,,,,3100000000,0.045,3150000000,0.040,,2270000000,,75.84,,,,,,,,,,,,,,,,,,,,,,true,true,6,2025-04-01,2025-09-30,1
2025-05-13,9928,2026-03-31,,49000000000,0.062,,,,,6700000000,0.066,6800000000,0.064,,4900000000,,163.71,,,,,,,,,,,,,,,,0.367,,,,,,true,true,12,2025-04-01,2026-03-31,1
2025-05-13,9928,2025-03-31,,41224000000,0.063,,,,,6784000000,0.042,6946000000,0.045,4710000000,,0.128,157.39,153.12,,,,,42724000000,28376000000,0.664,948.06,28376000000,,,,,55.00,,,,32306286,2375130,29927410,false,false,12,2024-04-01,2025-03-31,0
2025-05-13,9928,2024-03-31,,38787000000,0.079,,,,,6508000000,0.032,6648000000,0.041,4174000000,,0.191,139.55,135.76,,,,,42434000000,25422000000,0.599,849.71,25422000000,,,,,50.00,,,,34806286,4887043,29914853,false,false,12,2023-04-01,2024-03-31,-1
2025-05-13,9928,2026-03-31,,21500000000,0.051,,,,,,,3610000000,0.001,2630000000,,-0.033,87.87,,,,,,,,,,,,,,,,,,,,,,false,true,6,2025-04-01,2025-09-30,1
2025-05-13,9928,2026-03-31,,43500000000,0.055,,,,,,,7000000000,0.008,5100000000,,0.083,170.39,,,,,,,,,,,,,,,60.00,,,,,,,false,true,12,2025-04-01,2026-03-31,1
