filing_date,code,fiscal_year_end,quarterly_period,net_sales,net_sales_change,revenue,revenue_change,operating_revenue,operating_revenue_change,operating_profit,operating_profit_change,ordinary_profit,ordinary_profit_change,net_income,net_income_of_parent,net_income_change,eps,diluted_eps,roe,roa,operating_profit_to_net_sales,operating_profit_to_revenue,total_assets,net_assets,equity_ratio,bps,owner_equity,operating_cash_flow,investing_cash_flow,financing_cash_flow,cash,dividend_per_share,payout_ratio,commemorative_dividend,extra_dividend,number_of_shares,number_of_treqsury_shares,avg_number_of_shares,is_consolidated,is_forecast,duration,period_start,period_end,period_pos
2015-05-14,99340,2015-03-31,,239411000000,0.024,,,,,13193000000,0.104,13800000000,0.156,8741000000,,0.320,317.54,314.84,0.090,0.084,0.055,,167075000000,100896000000,0.603,3625.56,100663000000,7054000000,-1940000000,-3029000000,35838000000,,0.406,,,,,,true,false,12,2014-04-01,2015-03-31,0
2015-05-14,99340,2014-03-31,,233695000000,0.184,,,,,11947000000,0.267,11936000000,0.274,6624000000,,0.360,253.15,250.70,0.078,0.081,0.051,,161332000000,94361000000,0.583,3439.22,94070000000,12330000000,-15805000000,9277000000,33676000000,,0.470,,,,,,true,false,12,2013-04-01,2014-03-31,-1
2015-05-14,99340,2016-03-31,,115000000000,0.026,,,,,7000000000,-0.006,7200000000,-0.034,,4500000000,,162.08,,,,,,,,,,,,,,,,,,,,,,true,true,6,2015-04-01,2015-09-30,1
2015-05-14,99340,2016-03-31,,250000000000,0.044,,,,,13500000000,0.023,13800000000,-0.000,,8400000000,,302.54,,,,,,,,,,,,,,,,0.331,,,,,,true,true,12,2015-04-01,2016-03-31,1
2015-05-14,99340,2015-03-31,,226414000000,0.016,,,,,13047000000,0.075,13360000000,0.081,8651000000,,0.159,314.28,311.61,,,,,163288000000,100527000000,0.615,3614.90,100367000000,,,,,129.00,,,,27784800,19925,27528405,false,false,12,2014-04-01,2015-03-31,0
2015-05-14,99340,2014-03-31,,222837000000,0.156,,,,,12132000000,0.339,12355000000,0.346,7463000000,,0.453,285.21,282.45,,,,,159075000000,94152000000,0.590,3434.04,93929000000,,,,,119.00,,,,27372100,19754,26168950,false,false,12,2013-04-01,2014-03-31,-1
2015-05-14,99340,2016-03-31,,,,,,,,,,,,,,,,,,,,,,,,,,,,,,100.00,,,,,,,false,true,12,2015-04-01,2016-03-31,1
2015-07-31,99340,2016-03-31,1,53546000000,0.035,,,,,2223000000,-0.248,2448000000,-0.245,,1564000000,,56.33,55.90,,,,,162482000000,100964000000,0.620,,100715000000,,,,,,,,,,,,true,false,3,2015-04-01,2015-06-30,0
2015-07-31,99340,2015-03-31,1,51744000000,0.109,,,,,2958000000,0.136,3244000000,0.234,,2119000000,,77.48,76.82,,,,,,,,,,,,,,,,,,,,,true,false,3,2014-04-01,2014-06-30,-1
2015-07-31,99340,2016-03-31,1,115000000000,0.026,,,,,7000000000,-0.006,7200000000,-0.034,,4500000000,,162.08,,,,,,,,,,,,,,,,,,,,,,true,true,6,2015-04-01,2015-09-30,0
2015-07-31,99340,2016-03-31,1,250000000000,0.044,,,,,13500000000,0.023,13800000000,-0.000,,8400000000,,302.54,,,,,,,,,,,,,,,,,,,,,,true,true,12,2015-04-01,2016-03-31,0
2015-07-31,99340,2015-03-31,1,,,,,,,,,,,,,,,,,,,,167075000000,100896000000,0.603,,100663000000,,,,,,,,,,,,true,false,12,2014-04-01,2015-03-31,-1
2015-07-31,99340,2015-03-31,1,,,,,,,,,,,,,,,,,,,,,,,,,,,,,129.00,,,,27784800,19925,,false,false,12,2014-04-01,2015-03-31,-1
2015-07-31,99340,2016-03-31,1,,,,,,,,,,,,,,,,,,,,,,,,,,,,,100.00,,,,,,,false,true,12,2015-04-01,2016-03-31,0
2015-07-31,99340,2016-03-31,1,,,,,,,,,,,,,,,,,,,,,,,,,,,,,,,,,27802500,19988,27770553,false,false,3,2015-04-01,2015-06-30,0
2015-07-31,99340,2015-03-31,1,,,,,,,,,,,,,,,,,,,,,,,,,,,,,,,,,,,27354830,false,false,3,2014-04-01,2014-06-30,-1
2015-10-30,99340,2016-03-31,2,118500000000,0.057,,,,,6046000000,-0.141,6172000000,-0.172,,3888000000,,139.97,139.00,,,,,163554000000,101841000000,0.621,,101563000000,,,,,,,,,,,,true,false,6,2015-04-01,2015-09-30,0
2015-10-30,99340,2015-03-31,2,112122000000,0.065,,,,,7040000000,0.155,7455000000,0.228,,4913000000,,179.31,177.67,,,,,,,,,,,,,,,,,,,,,true,false,6,2014-04-01,2014-09-30,-1
2015-10-30,99340,2016-03-31,2,250000000000,0.044,,,,,13500000000,0.023,13800000000,-0.000,,8400000000,,302.54,,,,,,,,,,,,,,,,,,,,,,true,true,12,2015-04-01,2016-03-31,0
2015-10-30,99340,2015-03-31,2,,,,,,,,,,,,,,,,,,,,167075000000,100896000000,0.603,,100663000000,,,,,,,,,,,,true,false,12,2014-04-01,2015-03-31,-1
2015-10-30,99340,2015-03-31,2,,,,,,,,,,,,,,,,,,,,,,,,,,,,,129.00,,,,27784800,19925,,false,false,12,2014-04-01,2015-03-31,-1
2015-10-30,99340,2016-03-31,2,,,,,,,,,,,,,,,,,,,,,,,,,,,,,50.00,,,,,,,false,false,12,2015-04-01,2016-03-31,0
2015-10-30,99340,2016-03-31,2,,,,,,,,,,,,,,,,,,,,,,,,,,,,,100.00,,,,,,,false,true,12,2015-04-01,2016-03-31,0
2015-10-30,99340,2016-03-31,2,,,,,,,,,,,,,,,,,,,,,,,,,,,,,,,,,27814200,20081,27779751,false,false,6,2015-04-01,2015-09-30,0
2015-10-30,99340,2015-03-31,2,,,,,,,,,,,,,,,,,,,,,,,,,,,,,,,,,,,27403886,false,false,6,2014-04-01,2014-09-30,-1
2016-01-29,99340,2016-03-31,3,177739000000,0.049,,,,,8793000000,-0.100,8868000000,-0.139,,5525000000,,198.85,197.56,,,,,168907000000,103288000000,0.610,,102966000000,,,,,,,,,,,,true,false,9,2015-04-01,2015-12-31,0
2016-01-29,99340,2015-03-31,3,169433000000,0.050,,,,,9765000000,0.113,10303000000,0.171,,6730000000,,244.99,242.87,,,,,,,,,,,,,,,,,,,,,true,false,9,2014-04-01,2014-12-31,-1
2016-01-29,99340,2016-03-31,3,250000000000,0.044,,,,,13500000000,0.023,13800000000,-0.000,,8400000000,,302.54,,,,,,,,,,,,,,,,,,,,,,true,true,12,2015-04-01,2016-03-31,0
2016-01-29,99340,2015-03-31,3,,,,,,,,,,,,,,,,,,,,167075000000,100896000000,0.603,,100663000000,,,,,,,,,,,,true,false,12,2014-04-01,2015-03-31,-1
2016-01-29,99340,2015-03-31,3,,,,,,,,,,,,,,,,,,,,,,,,,,,,,129.00,,,,27784800,19925,,false,false,12,2014-04-01,2015-03-31,-1
2016-01-29,99340,2016-03-31,3,,,,,,,,,,,,,,,,,,,,,,,,,,,,,50.00,,,,,,,false,false,12,2015-04-01,2016-03-31,0
2016-01-29,99340,2016-03-31,3,,,,,,,,,,,,,,,,,,,,,,,,,,,,,100.00,,,,,,,false,true,12,2015-04-01,2016-03-31,0
2016-01-29,99340,2016-03-31,3,,,,,,,,,,,,,,,,,,,,,,,,,,,,,,,,,27816200,20154,27784704,false,false,9,2015-04-01,2015-12-31,0
2016-01-29,99340,2015-03-31,3,,,,,,,,,,,,,,,,,,,,,,,,,,,,,,,,,,,27474457,false,false,9,2014-04-01,2014-12-31,-1
2016-05-12,99340,2016-03-31,,250064000000,0.044,,,,,12944000000,-0.019,12957000000,-0.061,,7909000000,,285.09,283.37,0.077,0.076,0.052,,175118000000,103878000000,0.591,3757.92,103528000000,14640000000,-3491000000,-4542000000,42414000000,,0.351,,,,,,true,false,12,2015-04-01,2016-03-31,0
2016-05-12,99340,2015-03-31,,239411000000,0.024,,,,,13193000000,0.104,13800000000,0.156,,8741000000,,317.54,314.84,0.090,0.084,0.055,,167075000000,100896000000,0.603,3625.56,100663000000,7054000000,-1940000000,-3029000000,35838000000,,0.406,,,,,,true,false,12,2014-04-01,2015-03-31,-1
2016-05-12,99340,2017-03-31,,120000000000,0.013,,,,,6100000000,0.009,6200000000,0.004,,4000000000,,145.19,,,,,,,,,,,,,,,,,,,,,,true,true,6,2016-04-01,2016-09-30,1
2016-05-12,99340,2017-03-31,,255000000000,0.020,,,,,13000000000,0.004,13000000000,0.003,,8100000000,,294.02,,,,,,,,,,,,,,,,0.374,,,,,,true,true,12,2016-04-01,2017-03-31,1
2016-05-12,99340,2016-03-31,,236804000000,0.046,,,,,12855000000,-0.015,13211000000,-0.011,8513000000,,-0.016,306.87,305.02,,,,,172203000000,104134000000,0.603,3770.13,103865000000,,,,,100.00,,,,27869700,320154,27742933,false,false,12,2015-04-01,2016-03-31,0
2016-05-12,99340,2015-03-31,,226414000000,0.016,,,,,13047000000,0.075,13360000000,0.081,8651000000,,0.159,314.28,311.61,,,,,163288000000,100527000000,0.615,3614.90,100367000000,,,,,129.00,,,,27784800,19925,27528405,false,false,12,2014-04-01,2015-03-31,-1
2016-05-12,99340,2017-03-31,,,,,,,,,,,,,,,,,,,,,,,,,,,,,,110.00,,,,,,,false,true,12,2016-04-01,2017-03-31,1
2016-07-29,99340,2017-03-31,1,50852000000,-0.050,,,,,1997000000,-0.102,2020000000,-0.175,,1331000000,,48.35,48.18,,,,,164568000000,103330000000,0.626,,102942000000,,,,,,,,,,,,true,false,3,2016-04-01,2016-06-30,0
2016-07-29,99340,2016-03-31,1,53546000000,0.035,,,,,2223000000,-0.248,2448000000,-0.245,,1564000000,,56.33,55.90,,,,,,,,,,,,,,,,,,,,,true,false,3,2015-04-01,2015-06-30,-1
2016-07-29,99340,2017-03-31,1,120000000000,0.013,,,,,6100000000,0.009,6200000000,0.004,,4000000000,,145.19,,,,,,,,,,,,,,,,,,,,,,true,true,6,2016-04-01,2016-09-30,0
2016-07-29,99340,2017-03-31,1,255000000000,0.020,,,,,13000000000,0.004,13000000000,0.003,,8100000000,,294.02,,,,,,,,,,,,,,,,,,,,,,true,true,12,2016-04-01,2017-03-31,0
2016-07-29,99340,2016-03-31,1,,,,,,,,,,,,,,,,,,,,175118000000,103878000000,0.591,,103528000000,,,,,,,,,,,,true,false,12,2015-04-01,2016-03-31,-1
2016-07-29,99340,2016-03-31,1,,,,,,,,,,,,,,,,,,,,,,,,,,,,,100.00,,,,27869700,320154,,false,false,12,2015-04-01,2016-03-31,-1
2016-07-29,99340,2017-03-31,1,,,,,,,,,,,,,,,,,,,,,,,,,,,,,110.00,,,,,,,false,true,12,2016-04-01,2017-03-31,0
2016-07-29,99340,2017-03-31,1,,,,,,,,,,,,,,,,,,,,,,,,,,,,,,,,,27869700,314738,27550623,false,false,3,2016-04-01,2016-06-30,0
2016-07-29,99340,2016-03-31,1,,,,,,,,,,,,,,,,,,,,,,,,,,,,,,,,,,,27770553,false,false,3,2015-04-01,2015-06-30,-1
2016-10-31,99340,2017-03-31,2,110116000000,-0.071,,,,,5403000000,-0.106,5288000000,-0.143,,3410000000,,123.75,123.35,,,,,161583000000,105976000000,0.653,,105562000000,,,,,,,,,,,,true,false,6,2016-04-01,2016-09-30,0
2016-10-31,99340,2016-03-31,2,118500000000,0.057,,,,,6046000000,-0.141,6172000000,-0.172,,3888000000,,139.97,139.00,,,,,,,,,,,,,,,,,,,,,true,false,6,2015-04-01,2015-09-30,-1
2016-10-31,99340,2017-03-31,2,240000000000,-0.040,,,,,11700000000,-0.096,11600000000,-0.105,,7200000000,,261.11,,,,,,,,,,,,,,,,,,,,,,true,true,12,2016-04-01,2017-03-31,0
2016-10-31,99340,2016-03-31,2,,,,,,,,,,,,,,,,,,,,175118000000,103878000000,0.591,,103528000000,,,,,,,,,,,,true,false,12,2015-04-01,2016-03-31,-1
2016-10-31,99340,2016-03-31,2,,,,,,,,,,,,,,,,,,,,,,,,,,,,,100.00,,,,27869700,320154,,false,false,12,2015-04-01,2016-03-31,-1
2016-10-31,99340,2017-03-31,2,,,,,,,,,,,,,,,,,,,,,,,,,,,,,60.00,,,,,,,false,false,12,2016-04-01,2017-03-31,0
2016-10-31,99340,2017-03-31,2,,,,,,,,,,,,,,,,,,,,,,,,,,,,,110.00,,,,,,,false,true,12,2016-04-01,2017-03-31,0
2016-10-31,99340,2017-03-31,2,,,,,,,,,,,,,,,,,,,,,,,,,,,,,,,,,27869700,294938,27558988,false,false,6,2016-04-01,2016-09-30,0
2016-10-31,99340,2016-03-31,2,,,,,,,,,,,,,,,,,,,,,,,,,,,,,,,,,,,27779751,false,false,6,2015-04-01,2015-09-30,-1
2017-01-30,99340,2017-03-31,3,167770000000,-0.056,,,,,8082000000,-0.081,8090000000,-0.088,,5421000000,,196.79,196.07,,,,,166407000000,106900000000,0.640,,106457000000,,,,,,,,,,,,true,false,9,2016-04-01,2016-12-31,0
2017-01-30,99340,2016-03-31,3,177739000000,0.049,,,,,8793000000,-0.100,8868000000,-0.139,,5525000000,,198.85,197.56,,,,,,,,,,,,,,,,,,,,,true,false,9,2015-04-01,2015-12-31,-1
2017-01-30,99340,2017-03-31,3,240000000000,-0.040,,,,,11700000000,-0.096,11600000000,-0.105,,7200000000,,261.11,,,,,,,,,,,,,,,,,,,,,,true,true,12,2016-04-01,2017-03-31,0
2017-01-30,99340,2016-03-31,3,,,,,,,,,,,,,,,,,,,,175118000000,103878000000,0.591,,103528000000,,,,,,,,,,,,true,false,12,2015-04-01,2016-03-31,-1
2017-01-30,99340,2016-03-31,3,,,,,,,,,,,,,,,,,,,,,,,,,,,,,100.00,,,,27869700,320154,,false,false,12,2015-04-01,2016-03-31,-1
2017-01-30,99340,2017-03-31,3,,,,,,,,,,,,,,,,,,,,,,,,,,,,,60.00,,,,,,,false,false,12,2016-04-01,2017-03-31,0
2017-01-30,99340,2017-03-31,3,,,,,,,,,,,,,,,,,,,,,,,,,,,,,110.00,,,,,,,false,true,12,2016-04-01,2017-03-31,0
2017-01-30,99340,2017-03-31,3,,,,,,,,,,,,,,,,,,,,,,,,,,,,,,,,,27869700,407838,27552048,false,false,9,2016-04-01,2016-12-31,0
2017-01-30,99340,2016-03-31,3,,,,,,,,,,,,,,,,,,,,,,,,,,,,,,,,,,,27784704,false,false,9,2015-04-01,2015-12-31,-1
2017-05-15,99340,2017-03-31,,241417000000,-0.035,,,,,12381000000,-0.044,12516000000,-0.034,,8169000000,,296.66,295.38,0.077,0.071,0.051,,179401000000,110238000000,0.612,3986.72,109774000000,10743000000,824000000,-3438000000,50553000000,,0.405,,,,,,true,false,12,2016-04-01,2017-03-31,0
2017-05-15,99340,2016-03-31,,250064000000,0.044,,,,,12944000000,-0.019,12957000000,-0.061,,7909000000,,285.09,283.37,0.077,0.076,0.052,,175118000000,103878000000,0.591,3757.92,103528000000,14640000000,-3491000000,-4542000000,42414000000,,0.351,,,,,,true,false,12,2015-04-01,2016-03-31,-1
2017-05-15,99340,2018-03-31,,255000000000,0.056,,,,,12600000000,0.018,13300000000,0.063,,8500000000,,308.70,,,,,,,,,,,,,,,,0.389,,,,,,true,true,12,2017-04-01,2018-03-31,1
2017-05-15,99340,2016-03-31,,,,,,,,,,,,,,,,,,,,,,,,,,,,,,100.00,,,,27869700,320154,27742933,false,false,12,2015-04-01,2016-03-31,-1
2017-05-15,99340,2017-03-31,,,,,,,,,,,,,,,,,,,,,,,,,,,,,,120.00,,,,27869700,334801,27539467,false,false,12,2016-04-01,2017-03-31,0
2017-05-15,99340,2018-03-31,,,,,,,,,,,,,,,,,,,,,,,,,,,,,,120.00,,,,,,,false,true,12,2017-04-01,2018-03-31,1
2017-07-31,99340,2018-03-31,1,53531000000,0.053,,,,,2319000000,0.161,2484000000,0.230,,1725000000,,62.66,62.30,,,,,177707000000,111233000000,0.623,,110734000000,,,,,,,,,,,,true,false,3,2017-04-01,2017-06-30,0
2017-07-31,99340,2017-03-31,1,50852000000,-0.050,,,,,1997000000,-0.102,2020000000,-0.175,,1331000000,,48.35,48.18,,,,,,,,,,,,,,,,,,,,,true,false,3,2016-04-01,2016-06-30,-1
2017-07-31,99340,2018-03-31,1,255000000000,0.056,,,,,12600000000,0.018,13300000000,0.063,8500000000,,0.040,308.70,,,,,,,,,,,,,,,,,,,,,,true,true,12,2017-04-01,2018-03-31,0
2017-07-31,99340,2017-03-31,1,,,,,,,,,,,,,,,,,,,,179401000000,110238000000,0.612,,109774000000,,,,,,,,,,,,true,false,12,2016-04-01,2017-03-31,-1
2017-07-31,99340,2017-03-31,1,,,,,,,,,,,,,,,,,,,,,,,,,,,,,120.00,,,,27869700,334801,,false,false,12,2016-04-01,2017-03-31,-1
2017-07-31,99340,2018-03-31,1,,,,,,,,,,,,,,,,,,,,,,,,,,,,,120.00,,,,,,,false,true,12,2017-04-01,2018-03-31,0
2017-07-31,99340,2018-03-31,1,,,,,,,,,,,,,,,,,,,,,,,,,,,,,,,,,27869700,317087,27539886,false,false,3,2017-04-01,2017-06-30,0
2017-07-31,99340,2017-03-31,1,,,,,,,,,,,,,,,,,,,,,,,,,,,,,,,,,,,27550623,false,false,3,2016-04-01,2016-06-30,-1
2017-10-30,99340,2018-03-31,2,118367000000,0.075,,,,,6512000000,0.205,6670000000,0.261,,4480000000,,162.54,161.37,,,,,180190000000,114940000000,0.635,,114443000000,,,,,,,,,,,,true,false,6,2017-04-01,2017-09-30,0
2017-10-30,99340,2017-03-31,2,110116000000,-0.071,,,,,5403000000,-0.106,5288000000,-0.143,,3410000000,,123.75,123.35,,,,,,,,,,,,,,,,,,,,,true,false,6,2016-04-01,2016-09-30,-1
2017-10-30,99340,2018-03-31,2,255000000000,0.056,,,,,12600000000,0.018,13300000000,0.063,,8500000000,,308.70,,,,,,,,,,,,,,,,,,,,,,true,true,12,2017-04-01,2018-03-31,0
2017-10-30,99340,2017-03-31,2,,,,,,,,,,,,,,,,,,,,179401000000,110238000000,0.612,,109774000000,,,,,,,,,,,,true,false,12,2016-04-01,2017-03-31,-1
2017-10-30,99340,2017-03-31,2,,,,,,,,,,,,,,,,,,,,,,,,,,,,,120.00,,,,27869700,334801,,false,false,12,2016-04-01,2017-03-31,-1
2017-10-30,99340,2018-03-31,2,,,,,,,,,,,,,,,,,,,,,,,,,,,,,60.00,,,,,,,false,false,12,2017-04-01,2018-03-31,0
2017-10-30,99340,2018-03-31,2,,,,,,,,,,,,,,,,,,,,,,,,,,,,,120.00,,,,,,,false,true,12,2017-04-01,2018-03-31,0
2017-10-30,99340,2018-03-31,2,,,,,,,,,,,,,,,,,,,,,,,,,,,,,,,,,27869700,224987,27568636,false,false,6,2017-04-01,2017-09-30,0
2017-10-30,99340,2017-03-31,2,,,,,,,,,,,,,,,,,,,,,,,,,,,,,,,,,,,27558988,false,false,6,2016-04-01,2016-09-30,-1
2018-01-31,99340,2018-03-31,3,178910000000,0.066,,,,,9320000000,0.153,9600000000,0.187,,6316000000,,228.65,226.59,,,,,185934000000,116972000000,0.627,,116489000000,,,,,,,,,,,,true,false,9,2017-04-01,2017-12-31,0
2018-01-31,99340,2017-03-31,3,167770000000,-0.056,,,,,8082000000,-0.081,8090000000,-0.088,,5421000000,,196.79,196.07,,,,,,,,,,,,,,,,,,,,,true,false,9,2016-04-01,2016-12-31,-1
2018-01-31,99340,2018-03-31,3,255000000000,0.056,,,,,12600000000,0.018,13300000000,0.063,,8500000000,,308.70,,,,,,,,,,,,,,,,,,,,,,true,true,12,2017-04-01,2018-03-31,0
2018-01-31,99340,2017-03-31,3,,,,,,,,,,,,,,,,,,,,179401000000,110238000000,0.612,,109774000000,,,,,,,,,,,,true,false,12,2016-04-01,2017-03-31,-1
2018-01-31,99340,2017-03-31,3,,,,,,,,,,,,,,,,,,,,,,,,,,,,,120.00,,,,27869700,334801,,false,false,12,2016-04-01,2017-03-31,-1
2018-01-31,99340,2018-03-31,3,,,,,,,,,,,,,,,,,,,,,,,,,,,,,60.00,,,,,,,false,false,12,2017-04-01,2018-03-31,0
2018-01-31,99340,2018-03-31,3,,,,,,,,,,,,,,,,,,,,,,,,,,,,,140.00,,,,,,,false,true,12,2017-04-01,2018-03-31,0
2018-01-31,99340,2018-03-31,3,,,,,,,,,,,,,,,,,,,,,,,,,,,,,,,,,27869700,45935,27623735,false,false,9,2017-04-01,2017-12-31,0
2018-01-31,99340,2017-03-31,3,,,,,,,,,,,,,,,,,,,,,,,,,,,,,,,,,,,27552048,false,false,9,2016-04-01,2016-12-31,-1
,99340,2018-03-31,,,,,,,,,,,,,,,,,,,,,,,,,,,,,,140.00,,,,,,,false,true,12,2017-04-01,2018-03-31,0
,99340,2018-03-31,,,,,,,,,,,,,,,,,,,,,,,,,,,,,,60.00,,,,,,,false,false,12,2017-04-01,2018-03-31,0
,99340,2017-03-31,,,,,,,,,,,,,,,,,,,,,,,,,,,,,,120.00,,,,,,,false,false,12,2016-04-01,2017-03-31,-1
2018-05-14,99340,2018-03-31,,258107000000,0.069,,,,,13378000000,0.081,13559000000,0.083,,8866000000,,320.22,317.17,0.078,0.072,0.052,,197968000000,118928000000,0.598,4238.09,118432000000,9602000000,561000000,-2001000000,58872000000,,0.437,,,,,,true,false,12,2017-04-01,2018-03-31,0
2018-05-14,99340,2017-03-31,,241417000000,-0.035,,,,,12381000000,-0.044,12516000000,-0.034,,8169000000,,296.66,295.38,0.077,0.071,0.051,,179401000000,110238000000,0.612,3986.72,109774000000,10743000000,824000000,-3438000000,50553000000,,0.405,,,,,,true,false,12,2016-04-01,2017-03-31,-1
2018-05-14,99340,2019-03-31,,270000000000,0.046,,,,,14000000000,0.046,14200000000,0.047,,9300000000,,332.80,,,,,,,,,,,,,,,,0.421,,,,,,true,true,12,2018-04-01,2019-03-31,1
2018-05-14,99340,2017-03-31,,,,,,,,,,,,,,,,,,,,,,,,,,,,,,120.00,,,,27869700,334801,27539467,false,false,12,2016-04-01,2017-03-31,-1
2018-05-14,99340,2018-03-31,,,,,,,,,,,,,,,,,,,,,,,,,,,,,,140.00,,,,27990700,45935,27687689,false,false,12,2017-04-01,2018-03-31,0
2018-05-14,99340,2019-03-31,,,,,,,,,,,,,,,,,,,,,,,,,,,,,,140.00,,,,,,,false,true,12,2018-04-01,2019-03-31,1
2018-07-30,99340,2019-03-31,1,59038000000,0.103,,,,,2704000000,0.166,3048000000,0.227,,2078000000,,74.35,73.76,,,,,188832000000,118814000000,0.626,,118276000000,,,,,,,,,,,,true,false,3,2018-04-01,2018-06-30,0
2018-07-30,99340,2018-03-31,1,53531000000,0.053,,,,,2319000000,0.161,2484000000,0.230,,1725000000,,62.66,62.30,,,,,,,,,,,,,,,,,,,,,true,false,3,2017-04-01,2017-06-30,-1
2018-07-30,99340,2019-03-31,1,270000000000,0.046,,,,,14000000000,0.046,14200000000,0.047,,9300000000,,332.80,,,,,,,,,,,,,,,,,,,,,,true,true,12,2018-04-01,2019-03-31,0
2018-07-30,99340,2018-03-31,1,,,,,,,,,,,,,,,,,,,,196414000000,118928000000,0.603,,118432000000,,,,,,,,,,,,true,false,12,2017-04-01,2018-03-31,-1
2018-07-30,99340,2018-03-31,1,,,,,,,,,,,,,,,,,,,,,,,,,,,,,140.00,,,,27990700,45935,,false,false,12,2017-04-01,2018-03-31,-1
2018-07-30,99340,2019-03-31,1,,,,,,,,,,,,,,,,,,,,,,,,,,,,,140.00,,,,,,,false,true,12,2018-04-01,2019-03-31,0
2018-07-30,99340,2019-03-31,1,,,,,,,,,,,,,,,,,,,,,,,,,,,,,,,,,28010400,46000,27953783,false,false,3,2018-04-01,2018-06-30,0
2018-07-30,99340,2018-03-31,1,,,,,,,,,,,,,,,,,,,,,,,,,,,,,,,,,,,27539886,false,false,3,2017-04-01,2017-06-30,-1
2018-10-31,99340,2019-03-31,2,128570000000,0.086,,,,,7117000000,0.093,7475000000,0.121,,4956000000,,177.17,175.84,,,,,187395000000,122274000000,0.650,,121715000000,,,,,,,,,,,,true,false,6,2018-04-01,2018-09-30,0
2018-10-31,99340,2018-03-31,2,118367000000,0.075,,,,,6512000000,0.205,6670000000,0.261,,4480000000,,162.54,161.37,,,,,,,,,,,,,,,,,,,,,true,false,6,2017-04-01,2017-09-30,-1
2018-10-31,99340,2019-03-31,2,270000000000,0.046,,,,,14000000000,0.046,14200000000,0.047,,9300000000,,332.80,,,,,,,,,,,,,,,,,,,,,,true,true,12,2018-04-01,2019-03-31,0
2018-10-31,99340,2018-03-31,2,,,,,,,,,,,,,,,,,,,,196414000000,118928000000,0.603,,118432000000,,,,,,,,,,,,true,false,12,2017-04-01,2018-03-31,-1
2018-10-31,99340,2018-03-31,2,,,,,,,,,,,,,,,,,,,,,,,,,,,,,140.00,,,,27990700,45935,,false,false,12,2017-04-01,2018-03-31,-1
2018-10-31,99340,2019-03-31,2,,,,,,,,,,,,,,,,,,,,,,,,,,,,,70.00,,,,,,,false,false,12,2018-04-01,2019-03-31,0
2018-10-31,99340,2019-03-31,2,,,,,,,,,,,,,,,,,,,,,,,,,,,,,140.00,,,,,,,false,true,12,2018-04-01,2019-03-31,0
2018-10-31,99340,2019-03-31,2,,,,,,,,,,,,,,,,,,,,,,,,,,,,,,,,,28083300,46038,27976531,false,false,6,2018-04-01,2018-09-30,0
2018-10-31,99340,2018-03-31,2,,,,,,,,,,,,,,,,,,,,,,,,,,,,,,,,,,,27568636,false,false,6,2017-04-01,2017-09-30,-1
2019-01-31,99340,2019-03-31,3,194874000000,0.089,,,,,10382000000,0.114,10787000000,0.124,,6992000000,,249.83,248.08,,,,,186846000000,120227000000,0.640,,119625000000,,,,,,,,,,,,true,false,9,2018-04-01,2018-12-31,0
2019-01-31,99340,2018-03-31,3,178910000000,0.066,,,,,9320000000,0.153,9600000000,0.187,,6316000000,,228.65,226.59,,,,,,,,,,,,,,,,,,,,,true,false,9,2017-04-01,2017-12-31,-1
2019-01-31,99340,2019-03-31,3,270000000000,0.046,,,,,14000000000,0.046,14200000000,0.047,,9300000000,,332.80,,,,,,,,,,,,,,,,,,,,,,true,true,12,2018-04-01,2019-03-31,0
2019-01-31,99340,2018-03-31,3,,,,,,,,,,,,,,,,,,,,196414000000,118928000000,0.603,,118432000000,,,,,,,,,,,,true,false,12,2017-04-01,2018-03-31,-1
2019-01-31,99340,2018-03-31,3,,,,,,,,,,,,,,,,,,,,,,,,,,,,,140.00,,,,27990700,45935,,false,false,12,2017-04-01,2018-03-31,-1
2019-01-31,99340,2019-03-31,3,,,,,,,,,,,,,,,,,,,,,,,,,,,,,70.00,,,,,,,false,false,12,2018-04-01,2019-03-31,0
2019-01-31,99340,2019-03-31,3,,,,,,,,,,,,,,,,,,,,,,,,,,,,,140.00,,,,,,,false,true,12,2018-04-01,2019-03-31,0
2019-01-31,99340,2019-03-31,3,,,,,,,,,,,,,,,,,,,,,,,,,,,,,,,,,28124900,133594,27990455,false,false,9,2018-04-01,2018-12-31,0
2019-01-31,99340,2018-03-31,3,,,,,,,,,,,,,,,,,,,,,,,,,,,,,,,,,,,27623735,false,false,9,2017-04-01,2017-12-31,-1
2019-05-15,99340,2019-03-31,,278525000000,0.079,,,,,14114000000,0.055,14477000000,0.068,,9462000000,,338.40,336.23,0.079,0.073,0.051,,202454000000,122598000000,0.602,4388.18,121960000000,8737000000,-3589000000,-5207000000,58825000000,,0.414,,,,,,true,false,12,2018-04-01,2019-03-31,0
2019-05-15,99340,2018-03-31,,258107000000,0.069,,,,,13378000000,0.081,13559000000,0.083,,8866000000,,320.22,317.17,0.078,0.072,0.052,,196414000000,118928000000,0.603,4238.09,118432000000,9602000000,561000000,-2001000000,58872000000,,0.437,,,,,,true,false,12,2017-04-01,2018-03-31,-1
2019-05-15,99340,2020-03-31,,290000000000,0.041,,,,,15100000000,0.070,15300000000,0.057,,10000000000,,359.80,,,,,,,,,,,,,,,,0.556,,,,,,true,true,12,2019-04-01,2020-03-31,1
2019-05-15,99340,2018-03-31,,,,,,,,,,,,,,,,,,,,,,,,,,,,,,140.00,,,,27990700,45935,27687689,false,false,12,2017-04-01,2018-03-31,-1
2019-05-15,99340,2019-03-31,,,,,,,,,,,,,,,,,,,,,,,,,,,,,,140.00,,,,28209500,416421,27961876,false,false,12,2018-04-01,2019-03-31,0
2019-05-15,99340,2020-03-31,,,,,,,,,,,,,,,,,,,,,,,,,,,,,,200.00,,,,,,,false,true,12,2019-04-01,2020-03-31,1
2019-07-31,99340,2020-03-31,1,64888000000,0.099,,,,,3963000000,0.466,4106000000,0.347,,2737000000,,98.49,98.09,,,,,198547000000,123532000000,0.619,,122925000000,,,,,,,,,,,,true,false,3,2019-04-01,2019-06-30,0
2019-07-31,99340,2019-03-31,1,59038000000,0.103,,,,,2704000000,0.166,3048000000,0.227,,2078000000,,74.35,73.76,,,,,,,,,,,,,,,,,,,,,true,false,3,2018-04-01,2018-06-30,-1
2019-07-31,99340,2020-03-31,1,290000000000,0.041,,,,,15100000000,0.070,15300000000,0.057,,10000000000,,359.80,,,,,,,,,,,,,,,,,,,,,,true,true,12,2019-04-01,2020-03-31,0
2019-07-31,99340,2019-03-31,1,,,,,,,,,,,,,,,,,,,,202454000000,122598000000,0.602,,121960000000,,,,,,,,,,,,true,false,12,2018-04-01,2019-03-31,-1
2019-07-31,99340,2019-03-31,1,,,,,,,,,,,,,,,,,,,,,,,,,,,,,140.00,,,,28209500,416421,,false,false,12,2018-04-01,2019-03-31,-1
2019-07-31,99340,2020-03-31,1,,,,,,,,,,,,,,,,,,,,,,,,,,,,,200.00,,,,,,,false,true,12,2019-04-01,2020-03-31,0
2019-07-31,99340,2020-03-31,1,,,,,,,,,,,,,,,,,,,,,,,,,,,,,,,,,28209500,404021,27797779,false,false,3,2019-04-01,2019-06-30,0
2019-07-31,99340,2019-03-31,1,,,,,,,,,,,,,,,,,,,,,,,,,,,,,,,,,,,27953783,false,false,3,2018-04-01,2018-06-30,-1
2019-10-31,99340,2020-03-31,2,142940000000,0.112,,,,,8926000000,0.254,9062000000,0.212,,6094000000,,219.06,217.99,,,,,198712000000,127235000000,0.637,,126614000000,,,,,,,,,,,,true,false,6,2019-04-01,2019-09-30,0
2019-10-31,99340,2019-03-31,2,128570000000,0.086,,,,,7117000000,0.093,7475000000,0.121,,4956000000,,177.17,175.84,,,,,,,,,,,,,,,,,,,,,true,false,6,2018-04-01,2018-09-30,-1
2019-10-31,99340,2020-03-31,2,290000000000,0.041,,,,,15100000000,0.070,15300000000,0.057,,10000000000,,179.90,,,,,,,,,,,,,,,,,,,,,,true,true,12,2019-04-01,2020-03-31,0
2019-10-31,99340,2019-03-31,2,,,,,,,,,,,,,,,,,,,,202454000000,122598000000,0.602,,121960000000,,,,,,,,,,,,true,false,12,2018-04-01,2019-03-31,-1
2019-10-31,99340,2019-03-31,2,,,,,,,,,,,,,,,,,,,,,,,,,,,,,140.00,,,,28209500,416421,,false,false,12,2018-04-01,2019-03-31,-1
2019-10-31,99340,2020-03-31,2,,,,,,,,,,,,,,,,,,,,,,,,,,,,,100.00,,,,,,,false,false,12,2019-04-01,2020-03-31,0
2019-10-31,99340,2020-03-31,2,,,,,,,,,,,,,,,,,,,,,,,,,,,,,50.00,,,,,,,false,true,12,2019-04-01,2020-03-31,0
2019-10-31,99340,2020-03-31,2,,,,,,,,,,,,,,,,,,,,,,,,,,,,,,,,,28209500,313927,27820398,false,false,6,2019-04-01,2019-09-30,0
2019-10-31,99340,2019-03-31,2,,,,,,,,,,,,,,,,,,,,,,,,,,,,,,,,,,,27976531,false,false,6,2018-04-01,2018-09-30,-1
2020-01-31,99340,2020-03-31,3,208795000000,0.071,,,,,12259000000,0.181,12519000000,0.161,,8375000000,,150.33,149.44,,,,,199479000000,127778000000,0.637,,127163000000,,,,,,,,,,,,true,false,9,2019-04-01,2019-12-31,0
2020-01-31,99340,2019-03-31,3,194874000000,0.089,,,,,10382000000,0.114,10787000000,0.124,,6992000000,,124.91,124.04,,,,,,,,,,,,,,,,,,,,,true,false,9,2018-04-01,2018-12-31,-1
2020-01-31,99340,2020-03-31,3,290000000000,0.041,,,,,15100000000,0.070,15300000000,0.057,,10000000000,,179.90,,,,,,,,,,,,,,,,,,,,,,true,true,12,2019-04-01,2020-03-31,0
2020-01-31,99340,2019-03-31,3,,,,,,,,,,,,,,,,,,,,202454000000,122598000000,0.602,,121960000000,,,,,,,,,,,,true,false,12,2018-04-01,2019-03-31,-1
2020-01-31,99340,2019-03-31,3,,,,,,,,,,,,,,,,,,,,,,,,,,,,,140.00,,,,56419000,832842,,false,false,12,2018-04-01,2019-03-31,-1
2020-01-31,99340,2020-03-31,3,,,,,,,,,,,,,,,,,,,,,,,,,,,,,100.00,,,,,,,false,false,12,2019-04-01,2020-03-31,0
2020-01-31,99340,2020-03-31,3,,,,,,,,,,,,,,,,,,,,,,,,,,,,,50.00,,,,,,,false,true,12,2019-04-01,2020-03-31,0
2020-01-31,99340,2020-03-31,3,,,,,,,,,,,,,,,,,,,,,,,,,,,,,,,,,56419000,469385,55715915,false,false,9,2019-04-01,2019-12-31,0
2020-01-31,99340,2019-03-31,3,,,,,,,,,,,,,,,,,,,,,,,,,,,,,,,,,,,55980910,false,false,9,2018-04-01,2018-12-31,-1
2020-05-15,99340,2020-03-31,,293717000000,0.055,,,,,16111000000,0.141,16352000000,0.130,,11563000000,,207.34,206.05,0.093,0.079,0.055,,212214000000,127811000000,0.599,2288.76,127182000000,15433000000,-2175000000,-5246000000,66849000000,,0.482,,,,,,true,false,12,2019-04-01,2020-03-31,0
2020-05-15,99340,2019-03-31,,278525000000,0.079,,,,,14114000000,0.055,14477000000,0.068,,9462000000,,169.20,168.11,0.079,0.073,0.051,,202454000000,122598000000,0.602,2194.09,121960000000,8737000000,-3589000000,-5207000000,58825000000,,0.414,,,,,,true,false,12,2018-04-01,2019-03-31,-1
2020-05-15,99340,2019-03-31,,,,,,,,,,,,,,,,,,,,,,,,,,,,,,140.00,,,,56419000,832842,55923752,false,false,12,2018-04-01,2019-03-31,-1
2020-05-15,99340,2020-03-31,,,,,,,,,,,,,,,,,,,,,,,,,,,,,,50.00,,,,56419000,850585,55768111,false,false,12,2019-04-01,2020-03-31,0
2020-05-15,99340,2021-03-31,,,,,,,,,,,,,,,,,,,,,,,,,,,,,,100.00,,,,,,,false,true,12,2020-04-01,2021-03-31,1
2020-07-31,99340,2021-03-31,1,57374000000,-0.116,,,,,2989000000,-0.246,3159000000,-0.231,,2486000000,,44.74,44.60,,,,,202616000000,128439000000,0.630,,127748000000,,,,,,,,,,,,true,false,3,2020-04-01,2020-06-30,0
2020-07-31,99340,2020-03-31,1,64888000000,0.099,,,,,3963000000,0.466,4106000000,0.347,,2737000000,,49.25,49.05,,,,,,,,,,,,,,,,,,,,,true,false,3,2019-04-01,2019-06-30,-1
2020-07-31,99340,2020-03-31,1,,,,,,,,,,,,,,,,,,,,212214000000,127811000000,0.599,,127182000000,,,,,,,,,,,,true,false,12,2019-04-01,2020-03-31,-1
2020-07-31,99340,2020-03-31,1,,,,,,,,,,,,,,,,,,,,,,,,,,,,,50.00,,,,56419000,850585,,false,false,12,2019-04-01,2020-03-31,-1
2020-07-31,99340,2021-03-31,1,,,,,,,,,,,,,,,,,,,,,,,,,,,,,100.00,,,,,,,false,true,12,2020-04-01,2021-03-31,0
2020-07-31,99340,2021-03-31,1,,,,,,,,,,,,,,,,,,,,,,,,,,,,,,,,,56419000,835631,55575861,false,false,3,2020-04-01,2020-06-30,0
2020-07-31,99340,2020-03-31,1,,,,,,,,,,,,,,,,,,,,,,,,,,,,,,,,,,,55595558,false,false,3,2019-04-01,2019-06-30,-1
2020-10-30,99340,2021-03-31,2,125850000000,-0.120,,,,,7254000000,-0.187,7463000000,-0.176,,5682000000,,102.16,101.65,,,,,196585000000,132214000000,0.669,,131518000000,,,,,,,,,,,,true,false,6,2020-04-01,2020-09-30,0
2020-10-30,99340,2020-03-31,2,142940000000,0.112,,,,,8926000000,0.254,9062000000,0.212,,6094000000,,109.53,108.99,,,,,,,,,,,,,,,,,,,,,true,false,6,2019-04-01,2019-09-30,-1
2020-10-30,99340,2021-03-31,2,265000000000,-0.098,,,,,13300000000,-0.175,13700000000,-0.162,,9800000000,,175.65,,,,,,,,,,,,,,,,,,,,,,true,true,12,2020-04-01,2021-03-31,0
2020-10-30,99340,2020-03-31,2,,,,,,,,,,,,,,,,,,,,212214000000,127811000000,0.599,,127182000000,,,,,,,,,,,,true,false,12,2019-04-01,2020-03-31,-1
2020-10-30,99340,2020-03-31,2,,,,,,,,,,,,,,,,,,,,,,,,,,,,,50.00,,,,56419000,850585,,false,false,12,2019-04-01,2020-03-31,-1
2020-10-30,99340,2021-03-31,2,,,,,,,,,,,,,,,,,,,,,,,,,,,,,50.00,,,,,,,false,false,12,2020-04-01,2021-03-31,0
2020-10-30,99340,2021-03-31,2,,,,,,,,,,,,,,,,,,,,,,,,,,,,,100.00,,,,,,,false,true,12,2020-04-01,2021-03-31,0
2020-10-30,99340,2021-03-31,2,,,,,,,,,,,,,,,,,,,,,,,,,,,,,,,,,56419000,625031,55617254,false,false,6,2020-04-01,2020-09-30,0
2020-10-30,99340,2020-03-31,2,,,,,,,,,,,,,,,,,,,,,,,,,,,,,,,,,,,55640796,false,false,6,2019-04-01,2019-09-30,-1
2021-01-29,99340,2021-03-31,3,193420000000,-0.074,,,,,10766000000,-0.122,10952000000,-0.125,,7990000000,,143.50,142.69,,,,,203163000000,132698000000,0.650,,131955000000,,,,,,,,,,,,true,false,9,2020-04-01,2020-12-31,0
2021-01-29,99340,2020-03-31,3,208795000000,0.071,,,,,12259000000,0.181,12519000000,0.161,,8375000000,,150.33,149.44,,,,,,,,,,,,,,,,,,,,,true,false,9,2019-04-01,2019-12-31,-1
2021-01-29,99340,2021-03-31,3,265000000000,-0.098,,,,,13300000000,-0.175,13700000000,-0.162,,9800000000,,175.65,,,,,,,,,,,,,,,,,,,,,,true,true,12,2020-04-01,2021-03-31,0
2021-01-29,99340,2020-03-31,3,,,,,,,,,,,,,,,,,,,,212214000000,127811000000,0.599,,127182000000,,,,,,,,,,,,true,false,12,2019-04-01,2020-03-31,-1
2021-01-29,99340,2020-03-31,3,,,,,,,,,,,,,,,,,,,,,,,,,,,,,50.00,,,,56419000,850585,,false,false,12,2019-04-01,2020-03-31,-1
2021-01-29,99340,2021-03-31,3,,,,,,,,,,,,,,,,,,,,,,,,,,,,,50.00,,,,,,,false,false,12,2020-04-01,2021-03-31,0
2021-01-29,99340,2021-03-31,3,,,,,,,,,,,,,,,,,,,,,,,,,,,,,100.00,,,,,,,false,true,12,2020-04-01,2021-03-31,0
2021-01-29,99340,2021-03-31,3,,,,,,,,,,,,,,,,,,,,,,,,,,,,,,,,,56419000,574669,55684424,false,false,9,2020-04-01,2020-12-31,0
2021-01-29,99340,2020-03-31,3,,,,,,,,,,,,,,,,,,,,,,,,,,,,,,,,,,,55715915,false,false,9,2019-04-01,2019-12-31,-1
2021-05-14,99340,2021-03-31,,277369000000,-0.056,,,,,15455000000,-0.041,15813000000,-0.033,,11323000000,,203.26,201.97,0.086,0.073,0.056,,219500000000,135689000000,0.615,2425.57,134972000000,14074000000,-2151000000,-5747000000,73015000000,,0.492,,,,,,true,false,12,2020-04-01,2021-03-31,0
2021-05-14,99340,2020-03-31,,293717000000,0.055,,,,,16111000000,0.141,16352000000,0.130,,11563000000,,207.34,206.05,0.093,0.079,0.055,,212214000000,127811000000,0.599,2288.76,127182000000,15433000000,-2175000000,-5246000000,66849000000,,0.482,,,,,,true,false,12,2019-04-01,2020-03-31,-1
2021-05-14,99340,2022-03-31,,268500000000,-0.032,,,,,15500000000,0.003,16000000000,0.012,,11000000000,,197.68,,,,,,,,,,,,,,,,,,,,,,true,true,12,2021-04-01,2022-03-31,1
2021-05-14,99340,2020-03-31,,,,,,,,,,,,,,,,,,,,,,,,,,,,,,50.00,,,,56419000,850585,55768111,false,false,12,2019-04-01,2020-03-31,-1
2021-05-14,99340,2021-03-31,,,,,,,,,,,,,,,,,,,,,,,,,,,,,,100.00,,,,56419000,773469,55708092,false,false,12,2020-04-01,2021-03-31,0
2021-05-14,99340,2022-03-31,,,,,,,,,,,,,,,,,,,,,,,,,,,,,,100.00,,,,,,,false,true,12,2021-04-01,2022-03-31,1
2021-07-30,99340,2022-03-31,1,62693000000,0.093,,,,,3544000000,0.186,3854000000,0.220,,2695000000,,48.43,48.11,,,,,212426000000,135445000000,0.634,,134676000000,,,,,,,,,,,,true,false,3,2021-04-01,2021-06-30,0
2021-07-30,99340,2021-03-31,1,57374000000,-0.116,,,,,2989000000,-0.246,3159000000,-0.231,,2486000000,,44.74,44.60,,,,,,,,,,,,,,,,,,,,,true,false,3,2020-04-01,2020-06-30,-1
2021-07-30,99340,2022-03-31,1,268500000000,-0.032,,,,,15500000000,0.003,16000000000,0.012,,11000000000,,197.68,,,,,,,,,,,,,,,,,,,,,,true,true,12,2021-04-01,2022-03-31,0
2021-07-30,99340,2021-03-31,1,,,,,,,,,,,,,,,,,,,,219500000000,135689000000,0.615,,134972000000,,,,,,,,,,,,true,false,12,2020-04-01,2021-03-31,-1
2021-07-30,99340,2021-03-31,1,,,,,,,,,,,,,,,,,,,,,,,,,,,,,100.00,,,,56419000,773469,,false,false,12,2020-04-01,2021-03-31,-1
2021-07-30,99340,2022-03-31,1,,,,,,,,,,,,,,,,,,,,,,,,,,,,,100.00,,,,,,,false,true,12,2021-04-01,2022-03-31,0
2021-07-30,99340,2022-03-31,1,,,,,,,,,,,,,,,,,,,,,,,,,,,,,,,,,56419000,755669,55653217,false,false,3,2021-04-01,2021-06-30,0
2021-07-30,99340,2021-03-31,1,,,,,,,,,,,,,,,,,,,,,,,,,,,,,,,,,,,55575861,false,false,3,2020-04-01,2020-06-30,-1
2021-10-29,99340,2022-03-31,2,132672000000,0.054,,,,,7933000000,0.094,8594000000,0.152,,6140000000,,110.23,109.40,,,,,213815000000,140284000000,0.653,,139548000000,,,,,,,,,,,,true,false,6,2021-04-01,2021-09-30,0
2021-10-29,99340,2021-03-31,2,125850000000,-0.120,,,,,7254000000,-0.187,7463000000,-0.176,,5682000000,,102.16,101.65,,,,,,,,,,,,,,,,,,,,,true,false,6,2020-04-01,2020-09-30,-1
2021-10-29,99340,2022-03-31,2,268500000000,-0.032,,,,,15500000000,0.003,16000000000,0.012,,11000000000,,197.68,,,,,,,,,,,,,,,,,,,,,,true,true,12,2021-04-01,2022-03-31,0
2021-10-29,99340,2021-03-31,2,,,,,,,,,,,,,,,,,,,,219500000000,135689000000,0.615,,134972000000,,,,,,,,,,,,true,false,12,2020-04-01,2021-03-31,-1
2021-10-29,99340,2021-03-31,2,,,,,,,,,,,,,,,,,,,,,,,,,,,,,100.00,,,,56419000,773469,,false,false,12,2020-04-01,2021-03-31,-1
2021-10-29,99340,2022-03-31,2,,,,,,,,,,,,,,,,,,,,,,,,,,,,,50.00,,,,,,,false,false,12,2021-04-01,2022-03-31,0
2021-10-29,99340,2022-03-31,2,,,,,,,,,,,,,,,,,,,,,,,,,,,,,100.00,,,,,,,false,true,12,2021-04-01,2022-03-31,0
2021-10-29,99340,2022-03-31,2,,,,,,,,,,,,,,,,,,,,,,,,,,,,,,,,,56419000,473081,55705633,false,false,6,2021-04-01,2021-09-30,0
2021-10-29,99340,2021-03-31,2,,,,,,,,,,,,,,,,,,,,,,,,,,,,,,,,,,,55617254,false,false,6,2020-04-01,2020-09-30,-1
2022-01-31,99340,2022-03-31,3,201517000000,0.042,,,,,11602000000,0.078,12458000000,0.137,,8714000000,,156.23,155.11,,,,,216905000000,139251000000,0.638,,138485000000,,,,,,,,,,,,true,false,9,2021-04-01,2021-12-31,0
2022-01-31,99340,2021-03-31,3,193420000000,-0.074,,,,,10766000000,-0.122,10952000000,-0.125,,7990000000,,143.50,142.69,,,,,,,,,,,,,,,,,,,,,true,false,9,2020-04-01,2020-12-31,-1
2022-01-31,99340,2022-03-31,3,268500000000,-0.032,,,,,15500000000,0.003,16000000000,0.012,,11000000000,,197.68,,,,,,,,,,,,,,,,,,,,,,true,true,12,2021-04-01,2022-03-31,0
2022-01-31,99340,2021-03-31,3,,,,,,,,,,,,,,,,,,,,219500000000,135689000000,0.615,,134972000000,,,,,,,,,,,,true,false,12,2020-04-01,2021-03-31,-1
2022-01-31,99340,2021-03-31,3,,,,,,,,,,,,,,,,,,,,,,,,,,,,,100.00,,,,56419000,773469,,false,false,12,2020-04-01,2021-03-31,-1
2022-01-31,99340,2022-03-31,3,,,,,,,,,,,,,,,,,,,,,,,,,,,,,50.00,,,,,,,false,false,12,2021-04-01,2022-03-31,0
2022-01-31,99340,2022-03-31,3,,,,,,,,,,,,,,,,,,,,,,,,,,,,,100.00,,,,,,,false,true,12,2021-04-01,2022-03-31,0
2022-01-31,99340,2022-03-31,3,,,,,,,,,,,,,,,,,,,,,,,,,,,,,,,,,56419000,685881,55778012,false,false,9,2021-04-01,2021-12-31,0
2022-01-31,99340,2021-03-31,3,,,,,,,,,,,,,,,,,,,,,,,,,,,,,,,,,,,55684424,false,false,9,2020-04-01,2020-12-31,-1
2022-05-13,99340,2022-03-31,,289071000000,0.042,,,,,16261000000,0.052,17558000000,0.110,,12266000000,,220.06,218.54,0.089,0.077,0.056,,235420000000,141253000000,0.597,2531.73,140486000000,11048000000,-5271000000,-6273000000,72568000000,,0.500,,,,,,true,false,12,2021-04-01,2022-03-31,0
2022-05-13,99340,2021-03-31,,277369000000,-0.056,,,,,15455000000,-0.041,15813000000,-0.033,,11323000000,,203.26,201.97,0.086,0.073,0.056,,219500000000,135689000000,0.615,2425.57,134972000000,14074000000,-2151000000,-5747000000,73015000000,,0.492,,,,,,true,false,12,2020-04-01,2021-03-31,-1
2022-05-13,99340,2023-03-31,,300000000000,0.038,,,,,17600000000,0.082,18200000000,0.037,,13000000000,,234.28,,,,,,,,,,,,,,,,0.470,,,,,,true,true,12,2022-04-01,2023-03-31,1
2022-05-13,99340,2021-03-31,,,,,,,,,,,,,,,,,,,,,,,,,,,,,,100.00,,,,56419000,773469,55708092,false,false,12,2020-04-01,2021-03-31,-1
2022-05-13,99340,2022-03-31,,,,,,,,,,,,,,,,,,,,,,,,,,,,,,110.00,,,,56419000,928881,55740921,false,false,12,2021-04-01,2022-03-31,0
2022-05-13,99340,2023-03-31,,,,,,,,,,,,,,,,,,,,,,,,,,,,,,110.00,,,,,,,false,true,12,2022-04-01,2023-03-31,1
2022-07-29,99340,2023-03-31,1,67841000000,0.082,,,,,4424000000,0.248,5537000000,0.437,,3842000000,,69.23,68.87,,,,,228369000000,142140000000,0.619,,141345000000,,,,,,,,,,,,true,false,3,2022-04-01,2022-06-30,0
2022-07-29,99340,2022-03-31,1,62693000000,0.093,,,,,3544000000,0.186,3854000000,0.220,,2695000000,,48.43,48.11,,,,,,,,,,,,,,,,,,,,,true,false,3,2021-04-01,2021-06-30,-1
2022-07-29,99340,2023-03-31,1,300000000000,0.038,,,,,17600000000,0.082,18200000000,0.037,,13000000000,,234.28,,,,,,,,,,,,,,,,,,,,,,true,true,12,2022-04-01,2023-03-31,0
2022-07-29,99340,2022-03-31,1,,,,,,,,,,,,,,,,,,,,235420000000,141253000000,0.597,,140486000000,,,,,,,,,,,,true,false,12,2021-04-01,2022-03-31,-1
2022-07-29,99340,2022-03-31,1,,,,,,,,,,,,,,,,,,,,,,,,,,,,,110.00,,,,56419000,928881,,false,false,12,2021-04-01,2022-03-31,-1
2022-07-29,99340,2023-03-31,1,,,,,,,,,,,,,,,,,,,,,,,,,,,,,110.00,,,,,,,false,true,12,2022-04-01,2023-03-31,0
2022-07-29,99340,2023-03-31,1,,,,,,,,,,,,,,,,,,,,,,,,,,,,,,,,,56419000,869315,55503738,false,false,3,2022-04-01,2022-06-30,0
2022-07-29,99340,2022-03-31,1,,,,,,,,,,,,,,,,,,,,,,,,,,,,,,,,,,,55653217,false,false,3,2021-04-01,2021-06-30,-1
2022-10-31,99340,2023-03-31,2,144121000000,0.086,,,,,8900000000,0.122,10461000000,0.217,,7502000000,,134.96,134.15,,,,,219840000000,146391000000,0.662,,145628000000,,,,,,,,,,,,true,false,6,2022-04-01,2022-09-30,0
2022-10-31,99340,2022-03-31,2,132672000000,0.054,,,,,7933000000,0.094,8594000000,0.152,,6140000000,,110.23,109.40,,,,,,,,,,,,,,,,,,,,,true,false,6,2021-04-01,2021-09-30,-1
2022-10-31,99340,2023-03-31,2,300000000000,0.038,,,,,17600000000,0.082,18200000000,0.037,,13000000000,,234.28,,,,,,,,,,,,,,,,,,,,,,true,true,12,2022-04-01,2023-03-31,0
2022-10-31,99340,2022-03-31,2,,,,,,,,,,,,,,,,,,,,235420000000,141253000000,0.597,,140486000000,,,,,,,,,,,,true,false,12,2021-04-01,2022-03-31,-1
2022-10-31,99340,2022-03-31,2,,,,,,,,,,,,,,,,,,,,,,,,,,,,,110.00,,,,56419000,928881,,false,false,12,2021-04-01,2022-03-31,-1
2022-10-31,99340,2023-03-31,2,,,,,,,,,,,,,,,,,,,,,,,,,,,,,50.00,,,,,,,false,false,12,2022-04-01,2023-03-31,0
2022-10-31,99340,2023-03-31,2,,,,,,,,,,,,,,,,,,,,,,,,,,,,,110.00,,,,,,,false,true,12,2022-04-01,2023-03-31,0
2022-10-31,99340,2023-03-31,2,,,,,,,,,,,,,,,,,,,,,,,,,,,,,,,,,56419000,625215,55585685,false,false,6,2022-04-01,2022-09-30,0
2022-10-31,99340,2022-03-31,2,,,,,,,,,,,,,,,,,,,,,,,,,,,,,,,,,,,55705633,false,false,6,2021-04-01,2021-09-30,-1
2023-01-30,99340,2023-03-31,3,219862000000,0.091,,,,,13520000000,0.165,15025000000,0.206,,10858000000,,195.16,193.97,,,,,223341000000,145590000000,0.648,,144803000000,,,,,,,,,,,,true,false,9,2022-04-01,2022-12-31,0
2023-01-30,99340,2022-03-31,3,201517000000,0.042,,,,,11602000000,0.078,12458000000,0.137,,8714000000,,156.23,155.11,,,,,,,,,,,,,,,,,,,,,true,false,9,2021-04-01,2021-12-31,-1
2023-01-30,99340,2023-03-31,3,300000000000,0.038,,,,,17600000000,0.082,18200000000,0.037,,13000000000,,234.28,,,,,,,,,,,,,,,,,,,,,,true,true,12,2022-04-01,2023-03-31,0
2023-01-30,99340,2022-03-31,3,,,,,,,,,,,,,,,,,,,,235420000000,141253000000,0.597,,140486000000,,,,,,,,,,,,true,false,12,2021-04-01,2022-03-31,-1
2023-01-30,99340,2022-03-31,3,,,,,,,,,,,,,,,,,,,,,,,,,,,,,110.00,,,,56419000,928881,,false,false,12,2021-04-01,2022-03-31,-1
2023-01-30,99340,2023-03-31,3,,,,,,,,,,,,,,,,,,,,,,,,,,,,,50.00,,,,,,,false,false,12,2022-04-01,2023-03-31,0
2023-01-30,99340,2023-03-31,3,,,,,,,,,,,,,,,,,,,,,,,,,,,,,110.00,,,,,,,false,true,12,2022-04-01,2023-03-31,0
2023-01-30,99340,2023-03-31,3,,,,,,,,,,,,,,,,,,,,,,,,,,,,,,,,,56419000,892715,55635459,false,false,9,2022-04-01,2022-12-31,0
2023-01-30,99340,2022-03-31,3,,,,,,,,,,,,,,,,,,,,,,,,,,,,,,,,,,,55778012,false,false,9,2021-04-01,2021-12-31,-1
2023-05-15,99340,2023-03-31,,316947000000,0.096,,,,,18641000000,0.146,20272000000,0.155,,15427000000,,277.50,275.77,0.106,0.084,0.059,,245646000000,151228000000,0.613,2703.15,150497000000,2700000000,-15452000000,-6044000000,53882000000,,0.432,,,,,,true,false,12,2022-04-01,2023-03-31,0
2023-05-15,99340,2022-03-31,,289071000000,0.042,,,,,16261000000,0.052,17558000000,0.110,,12266000000,,220.06,218.54,0.089,0.077,0.056,,235420000000,141253000000,0.597,2531.73,140486000000,11048000000,-5271000000,-6273000000,72568000000,,0.500,,,,,,true,false,12,2021-04-01,2022-03-31,-1
2023-05-15,99340,2024-03-31,,328000000000,0.035,,,,,19900000000,0.068,20800000000,0.026,,14300000000,,256.85,,,,,,,,,,,,,,,,0.467,,,,,,true,true,12,2023-04-01,2024-03-31,1
2023-05-15,99340,2022-03-31,,,,,,,,,,,,,,,,,,,,,,,,,,,,,,110.00,,,,56419000,928881,55740921,false,false,12,2021-04-01,2022-03-31,-1
2023-05-15,99340,2023-03-31,,,,,,,,,,,,,,,,,,,,,,,,,,,,,,120.00,,,,56419000,744179,55595521,false,false,12,2022-04-01,2023-03-31,0
2023-05-15,99340,2024-03-31,,,,,,,,,,,,,,,,,,,,,,,,,,,,,,120.00,,,,,,,false,true,12,2023-04-01,2024-03-31,1
2023-07-31,99340,2024-03-31,1,74299000000,0.095,,,,,4450000000,0.006,5101000000,-0.079,,3616000000,,64.89,64.25,,,,,240781000000,153237000000,0.633,,152521000000,,,,,,,,,,,,true,false,3,2023-04-01,2023-06-30,0
2023-07-31,99340,2023-03-31,1,67841000000,0.082,,,,,4424000000,0.248,5537000000,0.437,,3842000000,,69.23,68.87,,,,,,,,,,,,,,,,,,,,,true,false,3,2022-04-01,2022-06-30,-1
2023-07-31,99340,2024-03-31,1,328000000000,0.035,,,,,19900000000,0.068,20800000000,0.026,,14300000000,,256.85,,,,,,,,,,,,,,,,,,,,,,true,true,12,2023-04-01,2024-03-31,0
2023-07-31,99340,2023-03-31,1,,,,,,,,,,,,,,,,,,,,245646000000,151228000000,0.613,,150497000000,,,,,,,,,,,,true,false,12,2022-04-01,2023-03-31,-1
2023-07-31,99340,2023-03-31,1,,,,,,,,,,,,,,,,,,,,,,,,,,,,,120.00,,,,56419000,744179,,false,false,12,2022-04-01,2023-03-31,-1
2023-07-31,99340,2024-03-31,1,,,,,,,,,,,,,,,,,,,,,,,,,,,,,120.00,,,,,,,false,true,12,2023-04-01,2024-03-31,0
2023-07-31,99340,2024-03-31,1,,,,,,,,,,,,,,,,,,,,,,,,,,,,,,,,,56419000,542079,55736529,false,false,3,2023-04-01,2023-06-30,0
2023-07-31,99340,2023-03-31,1,,,,,,,,,,,,,,,,,,,,,,,,,,,,,,,,,,,55503738,false,false,3,2022-04-01,2022-06-30,-1
2023-10-30,99340,2024-03-31,2,158787000000,0.102,,,,,9799000000,0.101,10679000000,0.021,,7484000000,,134.01,132.71,,,,,239595000000,157254000000,0.653,,156560000000,,,,,,,,,,,,true,false,6,2023-04-01,2023-09-30,0
2023-10-30,99340,2023-03-31,2,144121000000,0.086,,,,,8900000000,0.122,10461000000,0.217,,7502000000,,134.96,134.15,,,,,,,,,,,,,,,,,,,,,true,false,6,2022-04-01,2022-09-30,-1
2023-10-30,99340,2024-03-31,2,328000000000,0.035,,,,,19900000000,0.068,20800000000,0.026,,14300000000,,256.85,,,,,,,,,,,,,,,,,,,,,,true,true,12,2023-04-01,2024-03-31,0
2023-10-30,99340,2023-03-31,2,,,,,,,,,,,,,,,,,,,,245646000000,151228000000,0.613,,150497000000,,,,,,,,,,,,true,false,12,2022-04-01,2023-03-31,-1
2023-10-30,99340,2023-03-31,2,,,,,,,,,,,,,,,,,,,,,,,,,,,,,120.00,,,,56419000,744179,,false,false,12,2022-04-01,2023-03-31,-1
2023-10-30,99340,2024-03-31,2,,,,,,,,,,,,,,,,,,,,,,,,,,,,,60.00,,,,,,,false,false,12,2023-04-01,2024-03-31,0
2023-10-30,99340,2024-03-31,2,,,,,,,,,,,,,,,,,,,,,,,,,,,,,120.00,,,,,,,false,true,12,2023-04-01,2024-03-31,0
2023-10-30,99340,2024-03-31,2,,,,,,,,,,,,,,,,,,,,,,,,,,,,,,,,,56419000,341991,55848056,false,false,6,2023-04-01,2023-09-30,0
2023-10-30,99340,2023-03-31,2,,,,,,,,,,,,,,,,,,,,,,,,,,,,,,,,,,,55585685,false,false,6,2022-04-01,2022-09-30,-1
2024-01-31,99340,2024-03-31,3,242712000000,0.104,,,,,15018000000,0.111,15947000000,0.061,,11039000000,,197.45,195.51,,,,,242599000000,156551000000,0.642,,155822000000,,,,,,,,,,,,true,false,9,2023-04-01,2023-12-31,0
2024-01-31,99340,2023-03-31,3,219862000000,0.091,,,,,13520000000,0.165,15025000000,0.206,,10858000000,,195.16,193.97,,,,,,,,,,,,,,,,,,,,,true,false,9,2022-04-01,2022-12-31,-1
2024-01-31,99340,2024-03-31,3,328000000000,0.035,,,,,19900000000,0.068,20800000000,0.026,,14300000000,,256.85,,,,,,,,,,,,,,,,,,,,,,true,true,12,2023-04-01,2024-03-31,0
2024-01-31,99340,2023-03-31,3,,,,,,,,,,,,,,,,,,,,245646000000,151228000000,0.613,,150497000000,,,,,,,,,,,,true,false,12,2022-04-01,2023-03-31,-1
2024-01-31,99340,2023-03-31,3,,,,,,,,,,,,,,,,,,,,,,,,,,,,,120.00,,,,56419000,744179,,false,false,12,2022-04-01,2023-03-31,-1
2024-01-31,99340,2024-03-31,3,,,,,,,,,,,,,,,,,,,,,,,,,,,,,60.00,,,,,,,false,false,12,2023-04-01,2024-03-31,0
2024-01-31,99340,2024-03-31,3,,,,,,,,,,,,,,,,,,,,,,,,,,,,,120.00,,,,,,,false,true,12,2023-04-01,2024-03-31,0
2024-01-31,99340,2024-03-31,3,,,,,,,,,,,,,,,,,,,,,,,,,,,,,,,,,56419000,525191,55908517,false,false,9,2023-04-01,2023-12-31,0
2024-01-31,99340,2023-03-31,3,,,,,,,,,,,,,,,,,,,,,,,,,,,,,,,,,,,55635459,false,false,9,2022-04-01,2022-12-31,-1
2024-05-13,99340,2024-03-31,,345369000000,0.090,,,,,21322000000,0.144,22589000000,0.114,,15623000000,,279.35,276.42,0.100,0.089,0.062,,262756000000,162166000000,0.615,2884.78,161483000000,15097000000,-577000000,-7043000000,61495000000,,0.465,,,,,,true,false,12,2023-04-01,2024-03-31,0
2024-05-13,99340,2023-03-31,,316947000000,0.096,,,,,18641000000,0.146,20272000000,0.155,,15427000000,,277.50,275.77,0.106,0.084,0.059,,245646000000,151228000000,0.613,2703.15,150497000000,2700000000,-15452000000,-6044000000,53882000000,,0.432,,,,,,true,false,12,2022-04-01,2023-03-31,-1
2024-05-13,99340,2025-03-31,,362000000000,0.048,,,,,23500000000,0.102,23800000000,0.054,,16400000000,,292.97,,,,,,,,,,,,,,,,0.444,,,,,,true,true,12,2024-04-01,2025-03-31,1
2024-05-13,99340,2023-03-31,,,,,,,,,,,,,,,,,,,,,,,,,,,,,,120.00,,,,56419000,744179,55595521,false,false,12,2022-04-01,2023-03-31,-1
2024-05-13,99340,2024-03-31,,,,,,,,,,,,,,,,,,,,,,,,,,,,,,130.00,,,,56419000,441211,55927320,false,false,12,2023-04-01,2024-03-31,0
2024-05-13,99340,2025-03-31,,,,,,,,,,,,,,,,,,,,,,,,,,,,,,130.00,,,,,,,false,true,12,2024-04-01,2025-03-31,1
2024-07-29,99340,2025-03-31,1,82113000000,0.105,,,,,5426000000,0.219,6133000000,0.202,,4267000000,,76.17,75.17,,,,,254491000000,163411000000,0.639,,162718000000,,,,,,,,,,,,true,false,3,2024-04-01,2024-06-30,0
2024-07-29,99340,2024-03-31,1,74299000000,0.095,,,,,4450000000,0.006,5101000000,-0.079,,3616000000,,64.89,64.25,,,,,,,,,,,,,,,,,,,,,true,false,3,2023-04-01,2023-06-30,-1
2024-07-29,99340,2025-03-31,1,362000000000,0.048,,,,,23500000000,0.102,23800000000,0.054,,16400000000,,292.97,,,,,,,,,,,,,,,,,,,,,,true,true,12,2024-04-01,2025-03-31,0
2024-07-29,99340,2024-03-31,1,,,,,,,,,,,,,,,,,,,,262811000000,162269000000,0.615,,161586000000,,,,,,,,,,,,true,false,12,2023-04-01,2024-03-31,-1
2024-07-29,99340,2024-03-31,1,,,,,,,,,,,,,,,,,,,,,,,,,,,,,130.00,,,,56419000,441211,,false,false,12,2023-04-01,2024-03-31,-1
2024-07-29,99340,2025-03-31,1,,,,,,,,,,,,,,,,,,,,,,,,,,,,,130.00,,,,,,,false,true,12,2024-04-01,2025-03-31,0
2024-07-29,99340,2025-03-31,1,,,,,,,,,,,,,,,,,,,,,,,,,,,,,,,,,56419000,318455,56029965,false,false,3,2024-04-01,2024-06-30,0
2024-07-29,99340,2024-03-31,1,,,,,,,,,,,,,,,,,,,,,,,,,,,,,,,,,,,55736529,false,false,3,2023-04-01,2023-06-30,-1
2024-10-31,99340,2025-03-31,2,179729000000,0.132,,,,,11826000000,0.207,12417000000,0.163,,8438000000,,150.29,148.30,,,,,254563000000,167817000000,0.657,,167161000000,,,,,,,,,,,,true,false,6,2024-04-01,2024-09-30,0
2024-10-31,99340,2024-03-31,2,158787000000,0.102,,,,,9799000000,0.101,10679000000,0.021,,7484000000,,134.01,132.71,,,,,,,,,,,,,,,,,,,,,true,false,6,2023-04-01,2023-09-30,-1
2024-10-31,99340,2025-03-31,2,362000000000,0.048,,,,,23500000000,0.102,23800000000,0.054,,16400000000,,292.97,,,,,,,,,,,,,,,,,,,,,,true,true,12,2024-04-01,2025-03-31,0
2024-10-31,99340,2024-03-31,2,,,,,,,,,,,,,,,,,,,,262811000000,162269000000,0.615,,161586000000,,,,,,,,,,,,true,false,12,2023-04-01,2024-03-31,-1
2024-10-31,99340,2024-03-31,2,,,,,,,,,,,,,,,,,,,,,,,,,,,,,130.00,,,,56419000,441211,,false,false,12,2023-04-01,2024-03-31,-1
2024-10-31,99340,2025-03-31,2,,,,,,,,,,,,,,,,,,,,,,,,,,,,,60.00,,,,,,,false,false,12,2024-04-01,2025-03-31,0
2024-10-31,99340,2025-03-31,2,,,,,,,,,,,,,,,,,,,,,,,,,,,,,130.00,,,,,,,false,true,12,2024-04-01,2025-03-31,0
2024-10-31,99340,2025-03-31,2,,,,,,,,,,,,,,,,,,,,,,,,,,,,,,,,,56420000,54475,56148136,false,false,6,2024-04-01,2024-09-30,0
2024-10-31,99340,2024-03-31,2,,,,,,,,,,,,,,,,,,,,,,,,,,,,,,,,,,,55848056,false,false,6,2023-04-01,2023-09-30,-1
2025-01-31,99340,2025-03-31,3,272762000000,0.124,,,,,17337000000,0.154,18506000000,0.160,,12695000000,,225.73,222.80,,,,,258251000000,169523000000,0.654,,168854000000,,,,,,,,,,,,true,false,9,2024-04-01,2024-12-31,0
2025-01-31,99340,2024-03-31,3,242712000000,0.104,,,,,15018000000,0.111,15947000000,0.061,,11039000000,,197.45,195.51,,,,,,,,,,,,,,,,,,,,,true,false,9,2023-04-01,2023-12-31,-1
2025-01-31,99340,2025-03-31,3,362000000000,0.048,,,,,23500000000,0.102,23800000000,0.054,,16400000000,,292.97,,,,,,,,,,,,,,,,,,,,,,true,true,12,2024-04-01,2025-03-31,0
2025-01-31,99340,2024-03-31,3,,,,,,,,,,,,,,,,,,,,262811000000,162269000000,0.615,,161586000000,,,,,,,,,,,,true,false,12,2023-04-01,2024-03-31,-1
2025-01-31,99340,2024-03-31,3,,,,,,,,,,,,,,,,,,,,,,,,,,,,,130.00,,,,56419000,441211,,false,false,12,2023-04-01,2024-03-31,-1
2025-01-31,99340,2025-03-31,3,,,,,,,,,,,,,,,,,,,,,,,,,,,,,60.00,,,,,,,false,false,12,2024-04-01,2025-03-31,0
2025-01-31,99340,2025-03-31,3,,,,,,,,,,,,,,,,,,,,,,,,,,,,,130.00,,,,,,,false,true,12,2024-04-01,2025-03-31,0
2025-01-31,99340,2025-03-31,3,,,,,,,,,,,,,,,,,,,,,,,,,,,,,,,,,56462100,17591,56239303,false,false,9,2024-04-01,2024-12-31,0
2025-01-31,99340,2024-03-31,3,,,,,,,,,,,,,,,,,,,,,,,,,,,,,,,,,,,55908517,false,false,9,2023-04-01,2023-12-31,-1
2025-05-15,9934,2025-03-31,,384012000000,0.112,,,,,25556000000,0.199,26698000000,0.182,,18783000000,,333.84,329.59,0.112,0.099,0.067,,278983000000,173023000000,0.618,3072.71,172429000000,23279000000,-10455000000,-8371000000,66062000000,,0.419,,,,,,true,false,12,2024-04-01,2025-03-31,0
2025-05-15,9934,2024-03-31,,345369000000,0.090,,,,,21322000000,0.144,22589000000,0.114,,15623000000,,279.35,276.42,0.100,0.089,0.062,,262811000000,162269000000,0.615,2886.62,161586000000,15097000000,-577000000,-7043000000,61495000000,,0.465,,,,,,true,false,12,2023-04-01,2024-03-31,-1
2025-05-15,9934,2026-03-31,,392000000000,0.021,,,,,26700000000,0.045,27400000000,0.026,,19400000000,,345.71,,,,,,,,,,,,,,,,0.405,,,,,,true,true,12,2025-04-01,2026-03-31,1
2025-05-15,9934,2024-03-31,,,,,,,,,,,,,,,,,,,,,,,,,,,,,,130.00,,,,56419000,441211,55927320,false,false,12,2023-04-01,2024-03-31,-1
2025-05-15,9934,2025-03-31,,,,,,,,,,,,,,,,,,,,,,,,,,,,,,140.00,,,,56824200,707604,56265096,false,false,12,2024-04-01,2025-03-31,0
2025-05-15,9934,2026-03-31,,,,,,,,,,,,,,,,,,,,,,,,,,,,,,140.00,,,,,,,false,true,12,2025-04-01,2026-03-31,1
2025-05-15,99340,2025-03-31,,373827000000,0.111,,,,,25132000000,0.167,26137000000,0.174,18509000000,,0.201,328.97,,,,,,,,,,,,,,,,,,,,,,false,true,12,2024-04-01,2025-03-31,0
2025-05-15,99340,2024-03-31,,336449000000,,,,,,21529000000,,22272000000,,15416000000,,,275.66,,,,,,,,,,,,,,,,,,,,,,false,false,12,2023-04-01,2024-03-31,-1
