filing_date,code,fiscal_year_end,quarterly_period,net_sales,net_sales_change,revenue,revenue_change,operating_revenue,operating_revenue_change,operating_profit,operating_profit_change,ordinary_profit,ordinary_profit_change,net_income,net_income_of_parent,net_income_change,eps,diluted_eps,roe,roa,operating_profit_to_net_sales,operating_profit_to_revenue,total_assets,net_assets,equity_ratio,bps,owner_equity,operating_cash_flow,investing_cash_flow,financing_cash_flow,cash,dividend_per_share,payout_ratio,commemorative_dividend,extra_dividend,number_of_shares,number_of_treqsury_shares,avg_number_of_shares,is_consolidated,is_forecast,duration,period_start,period_end,period_pos
2015-05-15,99360,2015-03-31,,75820000000,-0.006,,,,,6018000000,-0.140,6360000000,-0.120,3675000000,,-0.150,186.78,,0.087,0.101,0.079,,63848000000,42596000000,0.667,2174.84,42596000000,7723000000,-1891000000,-4408000000,14835000000,,0.535,,,,,,true,false,12,2014-04-01,2015-03-31,0
2015-05-15,99360,2014-03-31,,76281000000,0.026,,,,,6999000000,-0.205,7228000000,-0.204,4325000000,,-0.122,214.28,,0.107,0.119,0.092,,61938000000,42158000000,0.681,2088.50,42158000000,7783000000,-3110000000,-1925000000,13411000000,,0.467,,,,,,true,false,12,2013-04-01,2014-03-31,-1
2015-05-15,99360,2015-03-31,,75772000000,-0.006,,,,,6083000000,-0.133,6425000000,-0.114,3683000000,,-0.146,187.19,,,,,,63554000000,42309000000,0.666,2160.19,42309000000,,,,,100.00,,,,23286230,3700039,19678534,false,false,12,2014-04-01,2015-03-31,0
2015-05-15,99360,2014-03-31,,76222000000,0.026,,,,,7018000000,-0.204,7249000000,-0.203,4312000000,,-0.127,213.64,,,,,,62021000000,41978000000,0.677,2079.54,41978000000,,,,,100.00,,,,23286230,3099964,20186356,false,false,12,2013-04-01,2014-03-31,-1
2015-05-15,99360,2016-03-31,,38210000000,0.007,,,,,,,3040000000,0.147,1871000000,,0.279,95.57,,,,,,,,,,,,,,,,,,,,,,false,true,6,2015-04-01,2015-09-30,1
2015-05-15,99360,2016-03-31,,77717000000,0.026,,,,,,,6764000000,0.053,4281000000,,0.162,218.61,,,,,,,,,,,,,,,100.00,,,,,,,false,true,12,2015-04-01,2016-03-31,1
2015-05-15,99360,2016-03-31,,,,,,,,,,,,,,,,,,,,,,,,,,,,,,,0.457,,,,,,true,true,12,2015-04-01,2016-03-31,1
2015-07-31,99360,2016-03-31,1,18415000000,,,,,,1414000000,,1480000000,,963000000,,,49.70,,,,,,61594000000,41054000000,0.667,,41054000000,,,,,,,,,23286230,4100039,19386191,false,false,3,2015-04-01,2015-06-30,0
2015-07-31,99360,2016-03-31,1,38210000000,0.007,,,,,2943000000,0.168,3040000000,0.147,1871000000,,0.279,96.99,,,,,,,,,,,,,,,,,,,,,,false,true,6,2015-04-01,2015-09-30,0
2015-07-31,99360,2016-03-31,1,77717000000,0.026,,,,,6570000000,0.080,6764000000,0.053,4281000000,,0.162,222.45,,,,,,,,,,,,,,,100.00,,,,,,,false,true,12,2015-04-01,2016-03-31,0
2015-07-31,99360,2015-03-31,1,,,,,,,,,,,,,,,,,,,,63554000000,42309000000,0.666,,42309000000,,,,,100.00,,,,23286230,3700039,,false,false,12,2014-04-01,2015-03-31,-1
2015-07-31,99360,2015-03-31,1,,,,,,,,,,,,,,,,,,,,,,,,,,,,,,,,,,,19886256,false,false,3,2014-04-01,2014-06-30,-1
,99360,2016-03-31,,,,,,,,,,,,,,,,,,,,,,,,,,,,,,110.00,,,,,,,false,true,12,2015-04-01,2016-03-31,0
,99360,2015-03-31,,,,,,,,,,,,,,,,,,,,,,,,,,,,,,100.00,,,,,,,false,false,12,2014-04-01,2015-03-31,-1
2015-10-30,99360,2016-03-31,2,37910000000,,,,,,3265000000,,3423000000,,2142000000,,,111.03,,,,,,60872000000,42053000000,0.691,,42053000000,,,,,,,,,23286230,4100059,19300471,false,false,6,2015-04-01,2015-09-30,0
2015-10-30,99360,2016-03-31,2,77717000000,0.026,,,,,6570000000,0.080,6764000000,0.053,4281000000,,0.162,222.45,,,,,,,,,,,,,,,110.00,,,,,,,false,true,12,2015-04-01,2016-03-31,0
2015-10-30,99360,2015-03-31,2,,,,,,,,,,,,,,,,,,,,63554000000,42309000000,0.666,,42309000000,,,,,100.00,,,,23286230,3700039,,false,false,12,2014-04-01,2015-03-31,-1
2015-10-30,99360,2016-03-31,2,,,,,,,,,,,,,,,,,,,,,,,,,,,,,60.00,,,,,,,false,false,12,2015-04-01,2016-03-31,0
2015-10-30,99360,2015-03-31,2,,,,,,,,,,,,,,,,,,,,,,,,,,,,,,,,,,,19757675,false,false,6,2014-04-01,2014-09-30,-1
2016-01-29,99360,2016-03-31,3,56892000000,,,,,,5014000000,,5222000000,,3275000000,,,170.00,,,,,,61601000000,43117000000,0.700,,43117000000,,,,,,,,,23286230,4100059,19266181,false,false,9,2015-04-01,2015-12-31,0
2016-01-29,99360,2016-03-31,3,77717000000,0.026,,,,,6570000000,0.080,6764000000,0.053,4281000000,,0.162,222.45,,,,,,,,,,,,,,,110.00,,,,,,,false,true,12,2015-04-01,2016-03-31,0
2016-01-29,99360,2015-03-31,3,,,,,,,,,,,,,,,,,,,,63554000000,42309000000,0.666,,42309000000,,,,,100.00,,,,23286230,3700039,,false,false,12,2014-04-01,2015-03-31,-1
2016-01-29,99360,2016-03-31,3,,,,,,,,,,,,,,,,,,,,,,,,,,,,,60.00,,,,,,,false,false,12,2015-04-01,2016-03-31,0
2016-01-29,99360,2015-03-31,3,,,,,,,,,,,,,,,,,,,,,,,,,,,,,,,,,,,19706236,false,false,9,2014-04-01,2014-12-31,-1
,99360,2016-03-31,,,,,,,,,,,,,,,,,,,,,,,,,,,,,,125.00,,,,,,,false,true,12,2015-04-01,2016-03-31,0
,99360,2016-03-31,,,,,,,,,,,,,,,,,,,,,,,,,,,,,,60.00,,,,,,,false,false,12,2015-04-01,2016-03-31,0
,99360,2015-03-31,,,,,,,,,,,,,,,,,,,,,,,,,,,,,,100.00,,,,,,,false,false,12,2014-04-01,2015-03-31,-1
2016-05-13,99360,2016-03-31,,75317000000,-0.006,,,,,6269000000,0.031,6544000000,0.019,4068000000,,0.105,211.39,,0.094,0.104,0.083,,62014000000,43936000000,0.708,2289.99,43936000000,5770000000,-7330000000,-5957000000,7306000000,125.00,0.591,,,23286230,4100059,19247717,false,false,12,2015-04-01,2016-03-31,0
2016-05-13,99360,2015-03-31,,75772000000,-0.006,,,,,6083000000,-0.133,6425000000,-0.114,3683000000,,-0.146,187.19,,0.087,0.102,0.080,,63554000000,42309000000,0.666,2160.19,42309000000,,,,,100.00,0.534,,,23286230,3700039,19678534,false,false,12,2014-04-01,2015-03-31,-1
2016-05-13,99360,2017-03-31,,38328000000,0.011,,,,,3090000000,-0.054,3199000000,-0.065,2046000000,,-0.045,106.66,,,,,,,,,,,,,,,,,,,,,,false,true,6,2016-04-01,2016-09-30,1
2016-05-13,99360,2017-03-31,,77733000000,0.032,,,,,6556000000,0.046,6774000000,0.035,4442000000,,0.092,231.55,,,,,,,,,,,,,,,120.00,0.518,,,,,,false,true,12,2016-04-01,2017-03-31,1
2016-07-29,99360,2017-03-31,1,18182000000,-0.013,,,,,992000000,-0.298,1099000000,-0.257,663000000,,-0.311,34.79,,,,,,58835000000,41273000000,0.702,,41273000000,,,,,,,,,23286230,4563459,19070321,false,false,3,2016-04-01,2016-06-30,0
2016-07-29,99360,2016-03-31,1,18415000000,,,,,,1414000000,,1480000000,,963000000,,,49.70,,,,,,,,,,,,,,,,,,,,,19386191,false,false,3,2015-04-01,2015-06-30,-1
2016-07-29,99360,2017-03-31,1,38328000000,0.011,,,,,3090000000,-0.054,3199000000,-0.065,2046000000,,-0.045,108.15,,,,,,,,,,,,,,,,,,,,,,false,true,6,2016-04-01,2016-09-30,0
2016-07-29,99360,2017-03-31,1,77733000000,0.032,,,,,6556000000,0.046,6774000000,0.035,4442000000,,0.092,235.93,,,,,,,,,,,,,,,120.00,,,,,,,false,true,12,2016-04-01,2017-03-31,0
2016-07-29,99360,2016-03-31,1,,,,,,,,,,,,,,,,,,,,62014000000,43936000000,0.708,,43936000000,,,,,125.00,,,,23286230,4100059,,false,false,12,2015-04-01,2016-03-31,-1
2016-10-31,99360,2017-03-31,2,37548000000,-0.010,,,,,2667000000,-0.183,2850000000,-0.168,1809000000,,-0.156,95.64,,,,,,58439000000,42061000000,0.720,,42061000000,,,,,,,,,23286230,4563459,18921371,false,false,6,2016-04-01,2016-09-30,0
2016-10-31,99360,2016-03-31,2,37910000000,,,,,,3265000000,,3423000000,,2142000000,,,111.03,,,,,,,,,,,,,,,,,,,,,19300471,false,false,6,2015-04-01,2015-09-30,-1
2016-10-31,99360,2017-03-31,2,77733000000,0.032,,,,,6556000000,0.046,6774000000,0.035,4442000000,,0.092,235.93,,,,,,,,,,,,,,,120.00,,,,,,,false,true,12,2016-04-01,2017-03-31,0
2016-10-31,99360,2016-03-31,2,,,,,,,,,,,,,,,,,,,,62014000000,43936000000,0.708,,43936000000,,,,,125.00,,,,23286230,4100059,,false,false,12,2015-04-01,2016-03-31,-1
2016-10-31,99360,2017-03-31,2,,,,,,,,,,,,,,,,,,,,,,,,,,,,,60.00,,,,,,,false,false,12,2016-04-01,2017-03-31,0
2017-01-30,99360,2017-03-31,3,56724000000,-0.003,,,,,4273000000,-0.148,4541000000,-0.130,3161000000,,-0.035,167.60,,,,,,63979000000,42744000000,0.668,,42744000000,,,,,,,,,23286230,4563459,18861791,false,false,9,2016-04-01,2016-12-31,0
2017-01-30,99360,2016-03-31,3,56892000000,,,,,,5014000000,,5222000000,,3275000000,,,170.00,,,,,,,,,,,,,,,,,,,,,19266181,false,false,9,2015-04-01,2015-12-31,-1
2017-01-30,99360,2017-03-31,3,77733000000,0.032,,,,,6556000000,0.046,6774000000,0.035,4442000000,,0.092,235.93,,,,,,,,,,,,,,,120.00,,,,,,,false,true,12,2016-04-01,2017-03-31,0
2017-01-30,99360,2016-03-31,3,,,,,,,,,,,,,,,,,,,,62014000000,43936000000,0.708,,43936000000,,,,,125.00,,,,23286230,4100059,,false,false,12,2015-04-01,2016-03-31,-1
2017-01-30,99360,2017-03-31,3,,,,,,,,,,,,,,,,,,,,,,,,,,,,,60.00,,,,,,,false,false,12,2016-04-01,2017-03-31,0
2017-05-15,99360,2017-03-31,,75078000000,-0.003,,,,,5494000000,-0.124,5801000000,-0.114,3839000000,,-0.056,203.92,,0.087,0.092,0.073,,64727000000,43832000000,0.677,2341.11,43832000000,8551000000,-2527000000,-1588000000,11741000000,120.00,0.588,,,23286230,4563459,18829709,false,false,12,2016-04-01,2017-03-31,0
2017-05-15,99360,2016-03-31,,75317000000,-0.006,,,,,6269000000,0.031,6544000000,0.019,4068000000,,0.105,211.39,,0.094,0.104,0.083,,62014000000,43936000000,0.708,2289.99,43936000000,5770000000,-7330000000,-5957000000,7306000000,125.00,0.591,,,23286230,4100059,19247717,false,false,12,2015-04-01,2016-03-31,-1
2017-05-15,99360,2018-03-31,,38387000000,0.022,,,,,2565000000,-0.038,2743000000,-0.038,1723000000,,-0.048,92.05,,,,,,,,,,,,,,,,,,,,,,false,true,6,2017-04-01,2017-09-30,1
2017-05-15,99360,2018-03-31,,77595000000,0.034,,,,,5693000000,0.036,5966000000,0.028,3914000000,,0.020,209.08,,,,,,,,,,,,,,,120.00,0.574,,,,,,false,true,12,2017-04-01,2018-03-31,1
2017-07-31,99360,2018-03-31,1,18242000000,,,,,,839000000,,900000000,,565000000,,,30.19,,,,,,65124000000,43702000000,0.671,,43702000000,,,,,,,,,,,,true,false,3,2017-04-01,2017-06-30,0
2017-07-31,99360,2018-03-31,1,38416000000,,,,,,2549000000,,2724000000,,1705000000,,,91.07,,,,,,,,,,,,,,,,,,,,,,true,true,6,2017-04-01,2017-09-30,0
2017-07-31,99360,2018-03-31,1,77696000000,,,,,,5680000000,,5947000000,,3895000000,,,208.08,,,,,,,,,,,,,,,,,,,,,,true,true,12,2017-04-01,2018-03-31,0
2017-07-31,99360,2017-03-31,1,,,,,,,,,,,,,,,,,,,,,,,,,,,,,120.00,,,,23286230,4563459,,false,false,12,2016-04-01,2017-03-31,-1
2017-07-31,99360,2018-03-31,1,,,,,,,,,,,,,,,,,,,,,,,,,,,,,120.00,,,,,,,false,true,12,2017-04-01,2018-03-31,0
2017-07-31,99360,2018-03-31,1,,,,,,,,,,,,,,,,,,,,,,,,,,,,,,,,,23286230,4563459,18722771,false,false,3,2017-04-01,2017-06-30,0
2017-07-31,99360,2017-03-31,1,,,,,,,,,,,,,,,,,,,,,,,,,,,,,,,,,,,19070321,false,false,3,2016-04-01,2016-06-30,-1
2017-10-30,99360,2018-03-31,2,38475000000,,,,,,2538000000,,2636000000,,,1710000000,,91.35,,,,,,65273000000,44980000000,0.689,,44980000000,,,,,,,,,,,,true,false,6,2017-04-01,2017-09-30,0
2017-10-30,99360,2018-03-31,2,77696000000,,,,,,5680000000,,5947000000,,,3895000000,,208.08,,,,,,,,,,,,,,,,,,,,,,true,true,12,2017-04-01,2018-03-31,0
2017-10-30,99360,2017-03-31,2,,,,,,,,,,,,,,,,,,,,,,,,,,,,,120.00,,,,23286230,4563459,,false,false,12,2016-04-01,2017-03-31,-1
2017-10-30,99360,2018-03-31,2,,,,,,,,,,,,,,,,,,,,,,,,,,,,,60.00,,,,,,,false,false,12,2017-04-01,2018-03-31,0
2017-10-30,99360,2018-03-31,2,,,,,,,,,,,,,,,,,,,,,,,,,,,,,120.00,,,,,,,false,true,12,2017-04-01,2018-03-31,0
2017-10-30,99360,2018-03-31,2,,,,,,,,,,,,,,,,,,,,,,,,,,,,,,,,,23286230,4563459,18722771,false,false,6,2017-04-01,2017-09-30,0
2017-10-30,99360,2017-03-31,2,,,,,,,,,,,,,,,,,,,,,,,,,,,,,,,,,,,18921371,false,false,6,2016-04-01,2016-09-30,-1
2018-01-30,99360,2018-03-31,3,58551000000,,,,,,4052000000,,4222000000,,,2733000000,,146.01,,,,,,64697000000,45716000000,0.707,,45716000000,,,,,,,,,,,,true,false,9,2017-04-01,2017-12-31,0
2018-01-30,99360,2018-03-31,3,77696000000,,,,,,5680000000,,5947000000,,,3895000000,,208.08,,,,,,,,,,,,,,,,,,,,,,true,true,12,2017-04-01,2018-03-31,0
2018-01-30,99360,2017-03-31,3,,,,,,,,,,,,,,,,,,,,,,,,,,,,,120.00,,,,23286230,4563459,,false,false,12,2016-04-01,2017-03-31,-1
2018-01-30,99360,2018-03-31,3,,,,,,,,,,,,,,,,,,,,,,,,,,,,,60.00,,,,,,,false,false,12,2017-04-01,2018-03-31,0
2018-01-30,99360,2018-03-31,3,,,,,,,,,,,,,,,,,,,,,,,,,,,,,120.00,,,,,,,false,true,12,2017-04-01,2018-03-31,0
2018-01-30,99360,2018-03-31,3,,,,,,,,,,,,,,,,,,,,,,,,,,,,,,,,,23286230,4563586,18722716,false,false,9,2017-04-01,2017-12-31,0
2018-01-30,99360,2017-03-31,3,,,,,,,,,,,,,,,,,,,,,,,,,,,,,,,,,,,18861791,false,false,9,2016-04-01,2016-12-31,-1
2018-05-15,99360,2018-03-31,,78117000000,,,,,,5503000000,,5780000000,,,3652000000,,195.07,,0.081,0.089,0.070,,65102000000,46122000000,0.708,2463.47,46122000000,6641000000,-1919000000,-4084000000,12496000000,,0.615,,,,,,true,false,12,2017-04-01,2018-03-31,0
2018-05-15,99360,2019-03-31,,40140000000,0.043,,,,,2572000000,0.013,2799000000,0.062,,1790000000,,95.62,,,,,,,,,,,,,,,,,,,,,,true,true,6,2018-04-01,2018-09-30,1
2018-05-15,99360,2019-03-31,,81195000000,0.039,,,,,5731000000,0.041,6095000000,0.054,,3924000000,,209.60,,,,,,,,,,,,,,,,0.573,,,,,,true,true,12,2018-04-01,2019-03-31,1
2018-05-15,99360,2018-03-31,,77934000000,0.038,,,,,5508000000,0.003,5786000000,-0.003,3658000000,,-0.047,195.40,,,,,,65021000000,46068000000,0.709,2460.60,46068000000,,,,,120.00,,,,23286230,4563626,18722722,false,false,12,2017-04-01,2018-03-31,0
2018-05-15,99360,2017-03-31,,75078000000,-0.003,,,,,5494000000,-0.124,5801000000,-0.114,3839000000,,-0.056,203.92,,,,,,64727000000,43832000000,0.677,2341.11,43832000000,,,,,120.00,,,,23286230,4563459,18829709,false,false,12,2016-04-01,2017-03-31,-1
2018-05-15,99360,2019-03-31,,40026000000,0.042,,,,,,,2803000000,0.062,1794000000,,0.046,95.84,,,,,,,,,,,,,,,,,,,,,,false,true,6,2018-04-01,2018-09-30,1
2018-05-15,99360,2019-03-31,,80930000000,0.038,,,,,,,6093000000,0.053,3922000000,,0.072,209.49,,,,,,,,,,,,,,,120.00,,,,,,,false,true,12,2018-04-01,2019-03-31,1
2018-07-30,99360,2019-03-31,1,19635000000,0.076,,,,,1492000000,0.777,1573000000,0.747,,1013000000,,54.14,,,,,,63583000000,46561000000,0.732,,46561000000,,,,,,,,,,,,true,false,3,2018-04-01,2018-06-30,0
2018-07-30,99360,2018-03-31,1,18242000000,,,,,,839000000,,900000000,,,565000000,,30.19,,,,,,,,,,,,,,,,,,,,,,true,false,3,2017-04-01,2017-06-30,-1
2018-07-30,99360,2019-03-31,1,40140000000,0.043,,,,,2572000000,0.013,2799000000,0.062,,1790000000,,95.62,,,,,,,,,,,,,,,,,,,,,,true,true,6,2018-04-01,2018-09-30,0
2018-07-30,99360,2019-03-31,1,81195000000,0.039,,,,,5731000000,0.041,6095000000,0.054,,3924000000,,209.60,,,,,,,,,,,,,,,,,,,,,,true,true,12,2018-04-01,2019-03-31,0
2018-07-30,99360,2018-03-31,1,,,,,,,,,,,,,,,,,,,,65102000000,46122000000,0.708,,46122000000,,,,,,,,,,,,true,false,12,2017-04-01,2018-03-31,-1
2018-07-30,99360,2018-03-31,1,,,,,,,,,,,,,,,,,,,,,,,,,,,,,120.00,,,,23286230,4563626,,false,false,12,2017-04-01,2018-03-31,-1
2018-07-30,99360,2019-03-31,1,,,,,,,,,,,,,,,,,,,,,,,,,,,,,120.00,,,,,,,false,true,12,2018-04-01,2019-03-31,0
2018-07-30,99360,2019-03-31,1,,,,,,,,,,,,,,,,,,,,,,,,,,,,,,,,,23286230,4563663,18722595,false,false,3,2018-04-01,2018-06-30,0
2018-07-30,99360,2018-03-31,1,,,,,,,,,,,,,,,,,,,,,,,,,,,,,,,,,,,18722771,false,false,3,2017-04-01,2017-06-30,-1
2018-10-12,99360,2019-03-31,,40869000000,0.018,,,,,3785000000,0.471,3977000000,0.421,,2546000000,,136.03,,,,,,,,,,,,,,,,,,,,,,true,true,6,2018-04-01,2018-09-30,0
2018-10-12,99360,2018-03-31,,38475000000,,,,,,2538000000,,2636000000,,,1710000000,,91.35,,,,,,,,,,,,,,,,,,,,,,true,false,6,2017-04-01,2017-09-30,-1
2018-10-12,99360,2019-03-31,,40756000000,0.018,,,,,,,3992000000,0.424,2561000000,,0.428,136.82,,,,,,,,,,,,,,,,,,,,,,false,true,6,2018-04-01,2018-09-30,0
2018-10-12,99360,2018-03-31,,38414000000,,,,,,,,2640000000,,1714000000,,,91.58,,,,,,,,,,,,,,,,,,,,,,false,false,6,2017-04-01,2017-09-30,-1
2018-10-30,99360,2019-03-31,2,40869000000,0.062,,,,,3808000000,0.500,4002000000,0.518,,2623000000,,140.10,,,,,,65230000000,49148000000,0.753,,49148000000,,,,,,,,,,,,true,false,6,2018-04-01,2018-09-30,0
2018-10-30,99360,2018-03-31,2,38475000000,,,,,,2538000000,,2636000000,,,1710000000,,91.35,,,,,,,,,,,,,,,,,,,,,,true,false,6,2017-04-01,2017-09-30,-1
2018-10-30,99360,2019-03-31,2,81195000000,0.039,,,,,5731000000,0.041,6095000000,0.054,,3924000000,,209.60,,,,,,,,,,,,,,,,,,,,,,true,true,12,2018-04-01,2019-03-31,0
2018-10-30,99360,2018-03-31,2,,,,,,,,,,,,,,,,,,,,65102000000,46122000000,0.708,,46122000000,,,,,,,,,,,,true,false,12,2017-04-01,2018-03-31,-1
2018-10-30,99360,2018-03-31,2,,,,,,,,,,,,,,,,,,,,,,,,,,,,,120.00,,,,23286230,4563626,,false,false,12,2017-04-01,2018-03-31,-1
2018-10-30,99360,2019-03-31,2,,,,,,,,,,,,,,,,,,,,,,,,,,,,,60.00,,,,,,,false,false,12,2018-04-01,2019-03-31,0
2018-10-30,99360,2019-03-31,2,,,,,,,,,,,,,,,,,,,,,,,,,,,,,120.00,,,,,,,false,true,12,2018-04-01,2019-03-31,0
2018-10-30,99360,2019-03-31,2,,,,,,,,,,,,,,,,,,,,,,,,,,,,,,,,,23286230,4563702,18722577,false,false,6,2018-04-01,2018-09-30,0
2018-10-30,99360,2018-03-31,2,,,,,,,,,,,,,,,,,,,,,,,,,,,,,,,,,,,18722771,false,false,6,2017-04-01,2017-09-30,-1
2019-01-30,99360,2019-03-31,3,61299000000,0.047,,,,,5558000000,0.372,5811000000,0.376,,3786000000,,202.22,,,,,,63524000000,47171000000,0.743,,47171000000,,,,,,,,,,,,true,false,9,2018-04-01,2018-12-31,0
2019-01-30,99360,2018-03-31,3,58551000000,,,,,,4052000000,,4222000000,,,2733000000,,146.01,,,,,,,,,,,,,,,,,,,,,,true,false,9,2017-04-01,2017-12-31,-1
2019-01-30,99360,2019-03-31,3,81195000000,0.039,,,,,5731000000,0.041,6095000000,0.054,,3924000000,,209.60,,,,,,,,,,,,,,,,,,,,,,true,true,12,2018-04-01,2019-03-31,0
2019-01-30,99360,2018-03-31,3,,,,,,,,,,,,,,,,,,,,65102000000,46122000000,0.708,,46122000000,,,,,,,,,,,,true,false,12,2017-04-01,2018-03-31,-1
2019-01-30,99360,2018-03-31,3,,,,,,,,,,,,,,,,,,,,,,,,,,,,,120.00,,,,23286230,4563626,,false,false,12,2017-04-01,2018-03-31,-1
2019-01-30,99360,2019-03-31,3,,,,,,,,,,,,,,,,,,,,,,,,,,,,,60.00,,,,,,,false,false,12,2018-04-01,2019-03-31,0
2019-01-30,99360,2019-03-31,3,,,,,,,,,,,,,,,,,,,,,,,,,,,,,120.00,,,,,,,false,true,12,2018-04-01,2019-03-31,0
2019-01-30,99360,2019-03-31,3,,,,,,,,,,,,,,,,,,,,,,,,,,,,,,,,,23286230,4527935,18726131,false,false,9,2018-04-01,2018-12-31,0
2019-01-30,99360,2018-03-31,3,,,,,,,,,,,,,,,,,,,,,,,,,,,,,,,,,,,18722749,false,false,9,2017-04-01,2017-12-31,-1
2019-05-15,99360,2019-03-31,,81638000000,0.045,,,,,6924000000,0.258,7310000000,0.265,,4189000000,,223.62,,0.090,0.113,0.085,,63950000000,46872000000,0.733,2498.83,46872000000,8783000000,-1595000000,-5557000000,14118000000,,0.537,,,,,,true,false,12,2018-04-01,2019-03-31,0
2019-05-15,99360,2018-03-31,,78117000000,,,,,,5503000000,,5780000000,,,3652000000,,195.07,,0.081,0.089,0.070,,65102000000,46122000000,0.708,2463.47,46122000000,6641000000,-1919000000,-4084000000,12496000000,,0.615,,,,,,true,false,12,2017-04-01,2018-03-31,-1
2019-05-15,99360,2020-03-31,,42413000000,0.038,,,,,3393000000,-0.109,3626000000,-0.094,,2328000000,,124.12,,,,,,,,,,,,,,,,,,,,,,true,true,6,2019-04-01,2019-09-30,1
2019-05-15,99360,2020-03-31,,84936000000,0.040,,,,,7129000000,0.030,7531000000,0.030,,4696000000,,250.39,,,,,,,,,,,,,,,,0.479,,,,,,true,true,12,2019-04-01,2020-03-31,1
2019-05-15,99360,2019-03-31,,81416000000,0.045,,,,,6949000000,0.262,7335000000,0.268,4213000000,,0.152,224.92,,,,,,63932000000,46872000000,0.733,2498.84,46872000000,,,,,120.00,,,,23286230,4528455,18733492,false,false,12,2018-04-01,2019-03-31,0
2019-05-15,99360,2018-03-31,,77934000000,0.038,,,,,5508000000,0.003,5786000000,-0.003,3658000000,,-0.047,195.40,,,,,,65021000000,46068000000,0.709,2460.60,46068000000,,,,,120.00,,,,23286230,4563626,18722722,false,false,12,2017-04-01,2018-03-31,-1
2019-05-15,99360,2020-03-31,,42260000000,0.037,,,,,,,3642000000,-0.093,2344000000,,-0.111,124.97,,,,,,,,,,,,,,,,,,,,,,false,true,6,2019-04-01,2019-09-30,1
2019-05-15,99360,2020-03-31,,84546000000,0.038,,,,,,,7547000000,0.029,4712000000,,0.118,251.23,,,,,,,,,,,,,,,120.00,,,,,,,false,true,12,2019-04-01,2020-03-31,1
2019-07-30,99360,2020-03-31,1,20852000000,0.062,,,,,1885000000,0.263,1996000000,0.269,,1303000000,,69.51,,,,,,64497000000,47518000000,0.737,,47518000000,,,,,,,,,,,,true,false,3,2019-04-01,2019-06-30,0
2019-07-30,99360,2019-03-31,1,19635000000,0.076,,,,,1492000000,0.777,1573000000,0.747,,1013000000,,54.14,,,,,,,,,,,,,,,,,,,,,,true,false,3,2018-04-01,2018-06-30,-1
2019-07-30,99360,2020-03-31,1,42413000000,0.038,,,,,3393000000,-0.109,3626000000,-0.094,,2328000000,,124.12,,,,,,,,,,,,,,,,,,,,,,true,true,6,2019-04-01,2019-09-30,0
2019-07-30,99360,2020-03-31,1,84936000000,0.040,,,,,7129000000,0.030,7531000000,0.030,,4696000000,,250.39,,,,,,,,,,,,,,,,,,,,,,true,true,12,2019-04-01,2020-03-31,0
2019-07-30,99360,2019-03-31,1,,,,,,,,,,,,,,,,,,,,63950000000,46872000000,0.733,,46872000000,,,,,,,,,,,,true,false,12,2018-04-01,2019-03-31,-1
2019-07-30,99360,2019-03-31,1,,,,,,,,,,,,,,,,,,,,,,,,,,,,,120.00,,,,23286230,4528455,,false,false,12,2018-04-01,2019-03-31,-1
2019-07-30,99360,2020-03-31,1,,,,,,,,,,,,,,,,,,,,,,,,,,,,,120.00,,,,,,,false,true,12,2019-04-01,2020-03-31,0
2019-07-30,99360,2020-03-31,1,,,,,,,,,,,,,,,,,,,,,,,,,,,,,,,,,23286230,4528955,18757525,false,false,3,2019-04-01,2019-06-30,0
2019-07-30,99360,2019-03-31,1,,,,,,,,,,,,,,,,,,,,,,,,,,,,,,,,,,,18722595,false,false,3,2018-04-01,2018-06-30,-1
2019-10-30,99360,2020-03-31,2,42568000000,0.042,,,,,4020000000,0.056,4247000000,0.061,,2782000000,,148.31,,,,,,66078000000,49906000000,0.755,,49906000000,,,,,,,,,,,,true,false,6,2019-04-01,2019-09-30,0
2019-10-30,99360,2019-03-31,2,40869000000,0.062,,,,,3808000000,0.500,4002000000,0.518,,2623000000,,140.10,,,,,,,,,,,,,,,,,,,,,,true,false,6,2018-04-01,2018-09-30,-1
2019-10-30,99360,2020-03-31,2,84936000000,0.040,,,,,7129000000,0.030,7531000000,0.030,,4696000000,,250.39,,,,,,,,,,,,,,,,,,,,,,true,true,12,2019-04-01,2020-03-31,0
2019-10-30,99360,2019-03-31,2,,,,,,,,,,,,,,,,,,,,63950000000,46872000000,0.733,,46872000000,,,,,,,,,,,,true,false,12,2018-04-01,2019-03-31,-1
2019-10-30,99360,2019-03-31,2,,,,,,,,,,,,,,,,,,,,,,,,,,,,,120.00,,,,23286230,4528455,,false,false,12,2018-04-01,2019-03-31,-1
2019-10-30,99360,2020-03-31,2,,,,,,,,,,,,,,,,,,,,,,,,,,,,,60.00,,,,,,,false,false,12,2019-04-01,2020-03-31,0
2019-10-30,99360,2020-03-31,2,,,,,,,,,,,,,,,,,,,,,,,,,,,,,120.00,,,,,,,false,true,12,2019-04-01,2020-03-31,0
2019-10-30,99360,2020-03-31,2,,,,,,,,,,,,,,,,,,,,,,,,,,,,,,,,,23286230,4522190,18760317,false,false,6,2019-04-01,2019-09-30,0
2019-10-30,99360,2019-03-31,2,,,,,,,,,,,,,,,,,,,,,,,,,,,,,,,,,,,18722577,false,false,6,2018-04-01,2018-09-30,-1
2020-01-30,99360,2020-03-31,3,63921000000,0.043,,,,,5983000000,0.077,6298000000,0.084,,4293000000,,228.82,,,,,,66224000000,50122000000,0.757,,50122000000,,,,,,,,,,,,true,false,9,2019-04-01,2019-12-31,0
2020-01-30,99360,2019-03-31,3,61299000000,0.047,,,,,5558000000,0.372,5811000000,0.376,,3786000000,,202.22,,,,,,,,,,,,,,,,,,,,,,true,false,9,2018-04-01,2018-12-31,-1
2020-01-30,99360,2020-03-31,3,84936000000,0.040,,,,,7129000000,0.030,7531000000,0.030,,4696000000,,250.39,,,,,,,,,,,,,,,,,,,,,,true,true,12,2019-04-01,2020-03-31,0
2020-01-30,99360,2019-03-31,3,,,,,,,,,,,,,,,,,,,,63950000000,46872000000,0.733,,46872000000,,,,,,,,,,,,true,false,12,2018-04-01,2019-03-31,-1
2020-01-30,99360,2019-03-31,3,,,,,,,,,,,,,,,,,,,,,,,,,,,,,120.00,,,,23286230,4528455,,false,false,12,2018-04-01,2019-03-31,-1
2020-01-30,99360,2020-03-31,3,,,,,,,,,,,,,,,,,,,,,,,,,,,,,60.00,,,,,,,false,false,12,2019-04-01,2020-03-31,0
2020-01-30,99360,2020-03-31,3,,,,,,,,,,,,,,,,,,,,,,,,,,,,,120.00,,,,,,,false,true,12,2019-04-01,2020-03-31,0
2020-01-30,99360,2020-03-31,3,,,,,,,,,,,,,,,,,,,,,,,,,,,,,,,,,23286230,4522240,18761424,false,false,9,2019-04-01,2019-12-31,0
2020-01-30,99360,2019-03-31,3,,,,,,,,,,,,,,,,,,,,,,,,,,,,,,,,,,,18726131,false,false,9,2018-04-01,2018-12-31,-1
2020-05-15,99360,2020-03-31,,85571000000,0.048,,,,,7698000000,0.112,8084000000,0.106,,5311000000,,283.10,,0.109,0.123,0.090,,67538000000,50305000000,0.745,2680.94,50305000000,7736000000,-2150000000,-2585000000,17117000000,,0.424,,,,,,true,false,12,2019-04-01,2020-03-31,0
2020-05-15,99360,2019-03-31,,81638000000,0.045,,,,,6924000000,0.258,7310000000,0.265,,4189000000,,223.62,,0.090,0.113,0.085,,63950000000,46872000000,0.733,2498.83,46872000000,8783000000,-1595000000,-5557000000,14118000000,,0.537,,,,,,true,false,12,2018-04-01,2019-03-31,-1
2020-05-15,99360,2020-03-31,,85277000000,0.047,,,,,7775000000,0.119,8157000000,0.112,5385000000,,0.278,287.04,,,,,,67733000000,50535000000,0.746,2693.21,50535000000,,,,,120.00,,,,23286230,4522240,18762016,false,false,12,2019-04-01,2020-03-31,0
2020-05-15,99360,2019-03-31,,81416000000,0.045,,,,,6949000000,0.262,7335000000,0.268,4213000000,,0.152,224.92,,,,,,63932000000,46872000000,0.733,2498.84,46872000000,,,,,120.00,,,,23286230,4528455,18733492,false,false,12,2018-04-01,2019-03-31,-1
2020-07-30,99360,2021-03-31,1,18142000000,-0.130,,,,,416000000,-0.779,593000000,-0.703,,331000000,,17.69,,,,,,89063000000,49526000000,0.556,,49526000000,,,,,,,,,,,,true,false,3,2020-04-01,2020-06-30,0
2020-07-30,99360,2020-03-31,1,20852000000,0.062,,,,,1885000000,0.263,1996000000,0.269,,1303000000,,69.51,,,,,,,,,,,,,,,,,,,,,,true,false,3,2019-04-01,2019-06-30,-1
2020-07-30,99360,2020-03-31,1,,,,,,,,,,,,,,,,,,,,67538000000,50305000000,0.745,,50305000000,,,,,,,,,,,,true,false,12,2019-04-01,2020-03-31,-1
2020-07-30,99360,2020-03-31,1,,,,,,,,,,,,,,,,,,,,,,,,,,,,,120.00,,,,23286230,4522240,,false,false,12,2019-04-01,2020-03-31,-1
2020-07-30,99360,2021-03-31,1,,,,,,,,,,,,,,,,,,,,,,,,,,,,,,,,,23286230,4522240,18763990,false,false,3,2020-04-01,2020-06-30,0
2020-07-30,99360,2020-03-31,1,,,,,,,,,,,,,,,,,,,,,,,,,,,,,,,,,,,18757525,false,false,3,2019-04-01,2019-06-30,-1
2020-10-30,99360,2021-03-31,2,39142000000,-0.080,,,,,2391000000,-0.405,2703000000,-0.363,,1698000000,,90.48,,,,,,89839000000,51104000000,0.569,,51104000000,,,,,,,,,,,,true,false,6,2020-04-01,2020-09-30,0
2020-10-30,99360,2020-03-31,2,42568000000,0.042,,,,,4020000000,0.056,4247000000,0.061,,2782000000,,148.31,,,,,,,,,,,,,,,,,,,,,,true,false,6,2019-04-01,2019-09-30,-1
2020-10-30,99360,2021-03-31,2,80648000000,-0.058,,,,,5759000000,-0.252,6163000000,-0.238,,3786000000,,201.70,,,,,,,,,,,,,,,,,,,,,,true,true,12,2020-04-01,2021-03-31,0
2020-10-30,99360,2020-03-31,2,,,,,,,,,,,,,,,,,,,,67538000000,50305000000,0.745,,50305000000,,,,,,,,,,,,true,false,12,2019-04-01,2020-03-31,-1
2020-10-30,99360,2020-03-31,2,,,,,,,,,,,,,,,,,,,,,,,,,,,,,120.00,,,,23286230,4522240,,false,false,12,2019-04-01,2020-03-31,-1
2020-10-30,99360,2021-03-31,2,,,,,,,,,,,,,,,,,,,,,,,,,,,,,50.00,,,,,,,false,false,12,2020-04-01,2021-03-31,0
2020-10-30,99360,2021-03-31,2,,,,,,,,,,,,,,,,,,,,,,,,,,,,,100.00,,,,,,,false,true,12,2020-04-01,2021-03-31,0
2020-10-30,99360,2021-03-31,2,,,,,,,,,,,,,,,,,,,,,,,,,,,,,,,,,23286230,4513936,18767561,false,false,6,2020-04-01,2020-09-30,0
2020-10-30,99360,2020-03-31,2,,,,,,,,,,,,,,,,,,,,,,,,,,,,,,,,,,,18760317,false,false,6,2019-04-01,2019-09-30,-1
2021-01-29,99360,2021-03-31,3,60511000000,-0.053,,,,,4624000000,-0.227,5002000000,-0.206,,3216000000,,171.37,,,,,,89323000000,51848000000,0.580,,51848000000,,,,,,,,,,,,true,false,9,2020-04-01,2020-12-31,0
2021-01-29,99360,2020-03-31,3,63921000000,0.043,,,,,5983000000,0.077,6298000000,0.084,,4293000000,,228.82,,,,,,,,,,,,,,,,,,,,,,true,false,9,2019-04-01,2019-12-31,-1
2021-01-29,99360,2021-03-31,3,80648000000,-0.058,,,,,5759000000,-0.252,6163000000,-0.238,,3786000000,,201.70,,,,,,,,,,,,,,,,,,,,,,true,true,12,2020-04-01,2021-03-31,0
2021-01-29,99360,2020-03-31,3,,,,,,,,,,,,,,,,,,,,67538000000,50305000000,0.745,,50305000000,,,,,,,,,,,,true,false,12,2019-04-01,2020-03-31,-1
2021-01-29,99360,2020-03-31,3,,,,,,,,,,,,,,,,,,,,,,,,,,,,,120.00,,,,23286230,4522240,,false,false,12,2019-04-01,2020-03-31,-1
2021-01-29,99360,2021-03-31,3,,,,,,,,,,,,,,,,,,,,,,,,,,,,,50.00,,,,,,,false,false,12,2020-04-01,2021-03-31,0
2021-01-29,99360,2021-03-31,3,,,,,,,,,,,,,,,,,,,,,,,,,,,,,100.00,,,,,,,false,true,12,2020-04-01,2021-03-31,0
2021-01-29,99360,2021-03-31,3,,,,,,,,,,,,,,,,,,,,,,,,,,,,,,,,,23286230,4513956,18768977,false,false,9,2020-04-01,2020-12-31,0
2021-01-29,99360,2020-03-31,3,,,,,,,,,,,,,,,,,,,,,,,,,,,,,,,,,,,18761424,false,false,9,2019-04-01,2019-12-31,-1
2021-05-14,99360,2021-03-31,,80616000000,-0.058,,,,,6073000000,-0.211,6867000000,-0.151,,4287000000,,228.42,,0.083,0.087,0.075,,91154000000,52952000000,0.581,2820.84,52952000000,5824000000,-3444000000,20092000000,39590000000,,0.438,,,,,,true,false,12,2020-04-01,2021-03-31,0
2021-05-14,99360,2020-03-31,,85571000000,0.048,,,,,7698000000,0.112,8084000000,0.106,,5311000000,,283.10,,0.109,0.123,0.090,,67538000000,50305000000,0.745,2680.94,50305000000,7736000000,-2150000000,-2585000000,17117000000,,0.424,,,,,,true,false,12,2019-04-01,2020-03-31,-1
2021-05-14,99360,2022-03-31,,40950000000,0.046,,,,,2888000000,0.208,4022000000,0.488,,2815000000,,150.01,,,,,,,,,,,,,,,,,,,,,,true,true,6,2021-04-01,2021-09-30,1
2021-05-14,99360,2022-03-31,,83854000000,0.040,,,,,6685000000,0.101,7915000000,0.153,,5167000000,,275.26,,,,,,,,,,,,,,,,0.363,,,,,,true,true,12,2021-04-01,2022-03-31,1
2021-05-14,99360,2021-03-31,,80310000000,-0.058,,,,,6118000000,-0.213,6901000000,-0.154,4159000000,,-0.228,221.59,,,,,,90788000000,52621000000,0.580,2803.16,52621000000,,,,,100.00,,,,23286230,4514166,18769721,false,false,12,2020-04-01,2021-03-31,0
2021-05-14,99360,2020-03-31,,85277000000,0.047,,,,,7775000000,0.119,8157000000,0.112,5385000000,,0.278,287.04,,,,,,67733000000,50535000000,0.746,2693.21,50535000000,,,,,120.00,,,,23286230,4522240,18762016,false,false,12,2019-04-01,2020-03-31,-1
2021-05-14,99360,2022-03-31,,40772000000,0.045,,,,,,,4017000000,0.466,2811000000,,0.620,149.79,,,,,,,,,,,,,,,,,,,,,,false,true,6,2021-04-01,2021-09-30,1
2021-05-14,99360,2022-03-31,,83497000000,0.040,,,,,,,7904000000,0.145,5157000000,,0.240,274.74,,,,,,,,,,,,,,,100.00,,,,,,,false,true,12,2021-04-01,2022-03-31,1
2021-07-30,99360,2022-03-31,1,20213000000,0.114,,,,,1706000000,3.091,3151000000,4.307,,2144000000,,114.22,,,,,,92653000000,54122000000,0.584,,54122000000,,,,,,,,,,,,true,false,3,2021-04-01,2021-06-30,0
2021-07-30,99360,2021-03-31,1,18142000000,-0.130,,,,,416000000,-0.779,593000000,-0.703,,331000000,,17.69,,,,,,,,,,,,,,,,,,,,,,true,false,3,2020-04-01,2020-06-30,-1
2021-07-30,99360,2022-03-31,1,40950000000,0.046,,,,,2888000000,0.208,4022000000,0.488,,2815000000,,150.01,,,,,,,,,,,,,,,,,,,,,,true,true,6,2021-04-01,2021-09-30,0
2021-07-30,99360,2022-03-31,1,83854000000,0.040,,,,,6685000000,0.101,7915000000,0.153,,5167000000,,275.26,,,,,,,,,,,,,,,,,,,,,,true,true,12,2021-04-01,2022-03-31,0
2021-07-30,99360,2021-03-31,1,,,,,,,,,,,,,,,,,,,,91154000000,52952000000,0.581,,52952000000,,,,,,,,,,,,true,false,12,2020-04-01,2021-03-31,-1
2021-07-30,99360,2021-03-31,1,,,,,,,,,,,,,,,,,,,,,,,,,,,,,100.00,,,,23286230,4514166,,false,false,12,2020-04-01,2021-03-31,-1
2021-07-30,99360,2022-03-31,1,,,,,,,,,,,,,,,,,,,,,,,,,,,,,100.00,,,,,,,false,true,12,2021-04-01,2022-03-31,0
2021-07-30,99360,2022-03-31,1,,,,,,,,,,,,,,,,,,,,,,,,,,,,,,,,,23286230,4514166,18772064,false,false,3,2021-04-01,2021-06-30,0
2021-07-30,99360,2021-03-31,1,,,,,,,,,,,,,,,,,,,,,,,,,,,,,,,,,,,18763990,false,false,3,2020-04-01,2020-06-30,-1
2021-10-29,99360,2022-03-31,2,40463000000,0.034,,,,,3192000000,0.335,5982000000,1.213,,4274000000,,227.64,,,,,,90871000000,56361000000,0.620,,56361000000,,,,,,,,,,,,true,false,6,2021-04-01,2021-09-30,0
2021-10-29,99360,2021-03-31,2,39142000000,-0.080,,,,,2391000000,-0.405,2703000000,-0.363,,1698000000,,90.48,,,,,,,,,,,,,,,,,,,,,,true,false,6,2020-04-01,2020-09-30,-1
2021-10-29,99360,2022-03-31,2,83854000000,0.040,,,,,6989000000,0.151,11465000000,0.669,,7799000000,,415.30,,,,,,,,,,,,,,,,,,,,,,true,true,12,2021-04-01,2022-03-31,0
2021-10-29,99360,2021-03-31,2,,,,,,,,,,,,,,,,,,,,91154000000,52952000000,0.581,,52952000000,,,,,,,,,,,,true,false,12,2020-04-01,2021-03-31,-1
2021-10-29,99360,2021-03-31,2,,,,,,,,,,,,,,,,,,,,,,,,,,,,,100.00,,,,23286230,4514166,,false,false,12,2020-04-01,2021-03-31,-1
2021-10-29,99360,2022-03-31,2,,,,,,,,,,,,,,,,,,,,,,,,,,,,,50.00,,,,,,,false,false,12,2021-04-01,2022-03-31,0
2021-10-29,99360,2022-03-31,2,,,,,,,,,,,,,,,,,,,,,,,,,,,,,100.00,,,,,,,false,true,12,2021-04-01,2022-03-31,0
2021-10-29,99360,2022-03-31,2,,,,,,,,,,,,,,,,,,,,,,,,,,,,,,,,,23286230,4506163,18775494,false,false,6,2021-04-01,2021-09-30,0
2021-10-29,99360,2021-03-31,2,,,,,,,,,,,,,,,,,,,,,,,,,,,,,,,,,,,18767561,false,false,6,2020-04-01,2020-09-30,-1
2022-01-31,99360,2022-03-31,3,62758000000,0.037,,,,,5021000000,0.086,10036000000,1.006,,7014000000,,373.55,,,,,,89606000000,57703000000,0.644,,57703000000,,,,,,,,,,,,true,false,9,2021-04-01,2021-12-31,0
2022-01-31,99360,2021-03-31,3,60511000000,-0.053,,,,,4624000000,-0.227,5002000000,-0.206,,3216000000,,171.37,,,,,,,,,,,,,,,,,,,,,,true,false,9,2020-04-01,2020-12-31,-1
2022-01-31,99360,2022-03-31,3,83854000000,0.040,,,,,6989000000,0.151,11465000000,0.669,,7799000000,,415.30,,,,,,,,,,,,,,,,,,,,,,true,true,12,2021-04-01,2022-03-31,0
2022-01-31,99360,2021-03-31,3,,,,,,,,,,,,,,,,,,,,91154000000,52952000000,0.581,,52952000000,,,,,,,,,,,,true,false,12,2020-04-01,2021-03-31,-1
2022-01-31,99360,2021-03-31,3,,,,,,,,,,,,,,,,,,,,,,,,,,,,,100.00,,,,23286230,4514166,,false,false,12,2020-04-01,2021-03-31,-1
2022-01-31,99360,2022-03-31,3,,,,,,,,,,,,,,,,,,,,,,,,,,,,,50.00,,,,,,,false,false,12,2021-04-01,2022-03-31,0
2022-01-31,99360,2022-03-31,3,,,,,,,,,,,,,,,,,,,,,,,,,,,,,100.00,,,,,,,false,true,12,2021-04-01,2022-03-31,0
2022-01-31,99360,2022-03-31,3,,,,,,,,,,,,,,,,,,,,,,,,,,,,,,,,,23286230,4506156,18776868,false,false,9,2021-04-01,2021-12-31,0
2022-01-31,99360,2021-03-31,3,,,,,,,,,,,,,,,,,,,,,,,,,,,,,,,,,,,18768977,false,false,9,2020-04-01,2020-12-31,-1
2022-05-16,99360,2022-03-31,,84775000000,0.052,,,,,6959000000,0.146,13024000000,0.896,,8807000000,,469.01,,0.157,0.144,0.082,,89405000000,59098000000,0.661,3145.58,59098000000,13596000000,-2941000000,-12808000000,37440000000,,0.256,,,,,,true,false,12,2021-04-01,2022-03-31,0
2022-05-16,99360,2021-03-31,,80616000000,-0.058,,,,,6073000000,-0.211,6867000000,-0.151,,4287000000,,228.42,,0.083,0.087,0.075,,91154000000,52952000000,0.581,2820.84,52952000000,5824000000,-3444000000,20092000000,39590000000,,0.438,,,,,,true,false,12,2020-04-01,2021-03-31,-1
2022-05-16,99360,2023-03-31,,43969000000,0.087,,,,,3441000000,0.078,4456000000,-0.255,,2911000000,,154.96,,,,,,,,,,,,,,,,,,,,,,true,true,6,2022-04-01,2022-09-30,1
2022-05-16,99360,2023-03-31,,90029000000,0.062,,,,,7516000000,0.080,8627000000,-0.338,,5478000000,,291.60,,,,,,,,,,,,,,,,0.412,,,,,,true,true,12,2022-04-01,2023-03-31,1
2022-05-16,99360,2022-03-31,,84516000000,0.052,,,,,7001000000,0.144,13059000000,0.892,8813000000,,1.119,469.33,,,,,,88975000000,58703000000,0.660,3124.57,58703000000,,,,,120.00,,,,23286230,4498356,18778208,false,false,12,2021-04-01,2022-03-31,0
2022-05-16,99360,2021-03-31,,80310000000,-0.058,,,,,6118000000,-0.213,6901000000,-0.154,4159000000,,-0.228,221.59,,,,,,90788000000,52621000000,0.580,2803.16,52621000000,,,,,100.00,,,,23286230,4514166,18769721,false,false,12,2020-04-01,2021-03-31,-1
2022-05-16,99360,2023-03-31,,43834000000,0.087,,,,,,,4462000000,-0.256,2917000000,,-0.321,155.30,,,,,,,,,,,,,,,,,,,,,,false,true,6,2022-04-01,2022-09-30,1
2022-05-16,99360,2023-03-31,,89726000000,0.062,,,,,,,8622000000,-0.340,5474000000,,-0.379,291.39,,,,,,,,,,,,,,,120.00,,,,,,,false,true,12,2022-04-01,2023-03-31,1
2022-07-29,99360,2023-03-31,1,22617000000,0.119,,,,,2185000000,0.281,3044000000,-0.034,,1872000000,,99.69,,,,,,85049000000,59832000000,0.704,,59832000000,,,,,,,,,,,,true,false,3,2022-04-01,2022-06-30,0
2022-07-29,99360,2022-03-31,1,20213000000,0.114,,,,,1706000000,3.091,3151000000,4.307,,2144000000,,114.22,,,,,,,,,,,,,,,,,,,,,,true,false,3,2021-04-01,2021-06-30,-1
2022-07-29,99360,2023-03-31,1,43969000000,0.087,,,,,3441000000,0.078,4456000000,-0.255,,2911000000,,154.96,,,,,,,,,,,,,,,,,,,,,,true,true,6,2022-04-01,2022-09-30,0
2022-07-29,99360,2023-03-31,1,90029000000,0.062,,,,,7516000000,0.080,8627000000,-0.338,,5478000000,,291.60,,,,,,,,,,,,,,,,,,,,,,true,true,12,2022-04-01,2023-03-31,0
2022-07-29,99360,2022-03-31,1,,,,,,,,,,,,,,,,,,,,89405000000,59098000000,0.661,,59098000000,,,,,,,,,,,,true,false,12,2021-04-01,2022-03-31,-1
2022-07-29,99360,2022-03-31,1,,,,,,,,,,,,,,,,,,,,,,,,,,,,,120.00,,,,23286230,4498356,,false,false,12,2021-04-01,2022-03-31,-1
2022-07-29,99360,2023-03-31,1,,,,,,,,,,,,,,,,,,,,,,,,,,,,,120.00,,,,,,,false,true,12,2022-04-01,2023-03-31,0
2022-07-29,99360,2023-03-31,1,,,,,,,,,,,,,,,,,,,,,,,,,,,,,,,,,23286230,4498356,18787874,false,false,3,2022-04-01,2022-06-30,0
2022-07-29,99360,2022-03-31,1,,,,,,,,,,,,,,,,,,,,,,,,,,,,,,,,,,,18772064,false,false,3,2021-04-01,2021-06-30,-1
2022-10-31,99360,2023-03-31,2,45136000000,0.115,,,,,3820000000,0.197,4856000000,-0.188,,3072000000,,163.50,,,,,,83098000000,60809000000,0.732,,60809000000,,,,,,,,,,,,true,false,6,2022-04-01,2022-09-30,0
2022-10-31,99360,2022-03-31,2,40463000000,0.034,,,,,3192000000,0.335,5982000000,1.213,,4274000000,,227.64,,,,,,,,,,,,,,,,,,,,,,true,false,6,2021-04-01,2021-09-30,-1
2022-10-31,99360,2023-03-31,2,90029000000,0.062,,,,,7516000000,0.080,8627000000,-0.338,,5478000000,,291.60,,,,,,,,,,,,,,,,,,,,,,true,true,12,2022-04-01,2023-03-31,0
2022-10-31,99360,2022-03-31,2,,,,,,,,,,,,,,,,,,,,89405000000,59098000000,0.661,,59098000000,,,,,,,,,,,,true,false,12,2021-04-01,2022-03-31,-1
2022-10-31,99360,2022-03-31,2,,,,,,,,,,,,,,,,,,,,,,,,,,,,,120.00,,,,23286230,4498356,,false,false,12,2021-04-01,2022-03-31,-1
2022-10-31,99360,2023-03-31,2,,,,,,,,,,,,,,,,,,,,,,,,,,,,,60.00,,,,,,,false,false,12,2022-04-01,2023-03-31,0
2022-10-31,99360,2023-03-31,2,,,,,,,,,,,,,,,,,,,,,,,,,,,,,120.00,,,,,,,false,true,12,2022-04-01,2023-03-31,0
2022-10-31,99360,2023-03-31,2,,,,,,,,,,,,,,,,,,,,,,,,,,,,,,,,,23286230,4481136,18795265,false,false,6,2022-04-01,2022-09-30,0
2022-10-31,99360,2022-03-31,2,,,,,,,,,,,,,,,,,,,,,,,,,,,,,,,,,,,18775494,false,false,6,2021-04-01,2021-09-30,-1
2023-01-31,99360,2023-03-31,3,69058000000,0.100,,,,,5934000000,0.182,7034000000,-0.299,,4507000000,,239.78,,,,,,81397000000,60723000000,0.746,,60723000000,,,,,,,,,,,,true,false,9,2022-04-01,2022-12-31,0
2023-01-31,99360,2022-03-31,3,62758000000,0.037,,,,,5021000000,0.086,10036000000,1.006,,7014000000,,373.55,,,,,,,,,,,,,,,,,,,,,,true,false,9,2021-04-01,2021-12-31,-1
2023-01-31,99360,2023-03-31,3,90029000000,0.062,,,,,7516000000,0.080,8627000000,-0.338,,5478000000,,291.60,,,,,,,,,,,,,,,,,,,,,,true,true,12,2022-04-01,2023-03-31,0
2023-01-31,99360,2022-03-31,3,,,,,,,,,,,,,,,,,,,,89405000000,59098000000,0.661,,59098000000,,,,,,,,,,,,true,false,12,2021-04-01,2022-03-31,-1
2023-01-31,99360,2022-03-31,3,,,,,,,,,,,,,,,,,,,,,,,,,,,,,120.00,,,,23286230,4498356,,false,false,12,2021-04-01,2022-03-31,-1
2023-01-31,99360,2023-03-31,3,,,,,,,,,,,,,,,,,,,,,,,,,,,,,60.00,,,,,,,false,false,12,2022-04-01,2023-03-31,0
2023-01-31,99360,2023-03-31,3,,,,,,,,,,,,,,,,,,,,,,,,,,,,,120.00,,,,,,,false,true,12,2022-04-01,2023-03-31,0
2023-01-31,99360,2023-03-31,3,,,,,,,,,,,,,,,,,,,,,,,,,,,,,,,,,23286230,4481183,18798209,false,false,9,2022-04-01,2022-12-31,0
2023-01-31,99360,2022-03-31,3,,,,,,,,,,,,,,,,,,,,,,,,,,,,,,,,,,,18776868,false,false,9,2021-04-01,2021-12-31,-1
2023-05-15,99360,2023-03-31,,93022000000,0.097,,,,,7981000000,0.147,9140000000,-0.298,,6213000000,,330.50,,0.102,0.105,0.086,,84103000000,62770000000,0.746,3337.95,62770000000,7325000000,-3229000000,-9508000000,32029000000,,0.408,,,,,,true,false,12,2022-04-01,2023-03-31,0
2023-05-15,99360,2022-03-31,,84775000000,0.052,,,,,6959000000,0.146,13024000000,0.896,,8807000000,,469.01,,0.157,0.144,0.082,,89405000000,59098000000,0.661,3145.58,59098000000,13596000000,-2941000000,-12808000000,37440000000,,0.256,,,,,,true,false,12,2021-04-01,2022-03-31,-1
2023-05-15,99360,2024-03-31,,48042000000,0.064,,,,,3855000000,0.009,3981000000,-0.180,,2616000000,,139.12,,,,,,,,,,,,,,,,,,,,,,true,true,6,2023-04-01,2023-09-30,1
2023-05-15,99360,2024-03-31,,98320000000,0.057,,,,,8167000000,0.023,8386000000,-0.082,,5388000000,,286.54,,,,,,,,,,,,,,,,0.471,,,,,,true,true,12,2023-04-01,2024-03-31,1
2023-05-15,99360,2023-03-31,,92709000000,0.097,,,,,7988000000,0.141,9145000000,-0.300,6219000000,,-0.294,330.85,,,,,,83727000000,62431000000,0.746,3319.91,62431000000,,,,,135.00,,,,23286230,4481183,18799787,false,false,12,2022-04-01,2023-03-31,0
2023-05-15,99360,2022-03-31,,84516000000,0.052,,,,,7001000000,0.144,13059000000,0.892,8813000000,,1.119,469.33,,,,,,88975000000,58703000000,0.660,3124.57,58703000000,,,,,120.00,,,,23286230,4498356,18778208,false,false,12,2021-04-01,2022-03-31,-1
2023-05-15,99360,2024-03-31,,47862000000,0.063,,,,,,,3974000000,-0.185,2609000000,,-0.156,138.78,,,,,,,,,,,,,,,,,,,,,,false,true,6,2023-04-01,2023-09-30,1
2023-05-15,99360,2024-03-31,,97958000000,0.057,,,,,,,8371000000,-0.085,5373000000,,-0.136,285.75,,,,,,,,,,,,,,,135.00,,,,,,,false,true,12,2023-04-01,2024-03-31,1
2023-07-31,99360,2024-03-31,1,24623000000,0.089,,,,,2415000000,0.105,2517000000,-0.173,,2135000000,,113.54,,,,,,85330000000,63674000000,0.746,,63674000000,,,,,,,,,,,,true,false,3,2023-04-01,2023-06-30,0
2023-07-31,99360,2023-03-31,1,22617000000,0.119,,,,,2185000000,0.281,3044000000,-0.034,,1872000000,,99.69,,,,,,,,,,,,,,,,,,,,,,true,false,3,2022-04-01,2022-06-30,-1
2023-07-31,99360,2024-03-31,1,48042000000,0.064,,,,,3855000000,0.009,3981000000,-0.180,,2616000000,,139.12,,,,,,,,,,,,,,,,,,,,,,true,true,6,2023-04-01,2023-09-30,0
2023-07-31,99360,2024-03-31,1,98320000000,0.057,,,,,8167000000,0.023,8386000000,-0.082,,5388000000,,286.54,,,,,,,,,,,,,,,,,,,,,,true,true,12,2023-04-01,2024-03-31,0
2023-07-31,99360,2023-03-31,1,,,,,,,,,,,,,,,,,,,,84103000000,62770000000,0.746,,62770000000,,,,,,,,,,,,true,false,12,2022-04-01,2023-03-31,-1
2023-07-31,99360,2023-03-31,1,,,,,,,,,,,,,,,,,,,,,,,,,,,,,135.00,,,,23286230,4481183,,false,false,12,2022-04-01,2023-03-31,-1
2023-07-31,99360,2024-03-31,1,,,,,,,,,,,,,,,,,,,,,,,,,,,,,135.00,,,,,,,false,true,12,2023-04-01,2024-03-31,0
2023-07-31,99360,2024-03-31,1,,,,,,,,,,,,,,,,,,,,,,,,,,,,,,,,,23286230,4481213,18805032,false,false,3,2023-04-01,2023-06-30,0
2023-07-31,99360,2023-03-31,1,,,,,,,,,,,,,,,,,,,,,,,,,,,,,,,,,,,18787874,false,false,3,2022-04-01,2022-06-30,-1
2023-10-31,99360,2024-03-31,2,49744000000,0.102,,,,,4988000000,0.306,5122000000,0.055,,3896000000,,207.15,,,,,,86280000000,65361000000,0.758,,65361000000,,,,,,,,,,,,true,false,6,2023-04-01,2023-09-30,0
2023-10-31,99360,2023-03-31,2,45136000000,0.115,,,,,3820000000,0.197,4856000000,-0.188,,3072000000,,163.50,,,,,,,,,,,,,,,,,,,,,,true,false,6,2022-04-01,2022-09-30,-1
2023-10-31,99360,2024-03-31,2,101394000000,0.090,,,,,9300000000,0.165,9527000000,0.042,,6669000000,,354.35,,,,,,,,,,,,,,,,,,,,,,true,true,12,2023-04-01,2024-03-31,0
2023-10-31,99360,2023-03-31,2,,,,,,,,,,,,,,,,,,,,84103000000,62770000000,0.746,,62770000000,,,,,,,,,,,,true,false,12,2022-04-01,2023-03-31,-1
2023-10-31,99360,2023-03-31,2,,,,,,,,,,,,,,,,,,,,,,,,,,,,,135.00,,,,23286230,4481183,,false,false,12,2022-04-01,2023-03-31,-1
2023-10-31,99360,2024-03-31,2,,,,,,,,,,,,,,,,,,,,,,,,,,,,,70.00,,,,,,,false,false,12,2023-04-01,2024-03-31,0
2023-10-31,99360,2024-03-31,2,,,,,,,,,,,,,,,,,,,,,,,,,,,,,140.00,,,,,,,false,true,12,2023-04-01,2024-03-31,0
2023-10-31,99360,2024-03-31,2,,,,,,,,,,,,,,,,,,,,,,,,,,,,,,,,,23286230,4465557,18811748,false,false,6,2023-04-01,2023-09-30,0
2023-10-31,99360,2023-03-31,2,,,,,,,,,,,,,,,,,,,,,,,,,,,,,,,,,,,18795265,false,false,6,2022-04-01,2022-09-30,-1
2023-10-31,99360,2024-03-31,,101394000000,0.031,,,,,9300000000,0.139,9527000000,0.136,,6669000000,,354.35,,,,,,,,,,,,,,,,,,,,,,true,true,12,2023-04-01,2024-03-31,0
2023-10-31,99360,2023-03-31,,93022000000,,,,,,7981000000,,9140000000,,,6213000000,,330.50,,,,,,,,,,,,,,,,,,,,,,true,false,12,2022-04-01,2023-03-31,-1
2023-10-31,99360,2024-03-31,,101018000000,0.031,,,,,,,9506000000,0.136,6648000000,,0.237,353.27,,,,,,,,,,,,,,,,,,,,,,false,true,12,2023-04-01,2024-03-31,0
2023-10-31,99360,2023-03-31,,92709000000,,,,,,,,9145000000,,6219000000,,,330.85,,,,,,,,,,,,,,,,,,,,,,false,false,12,2022-04-01,2023-03-31,-1
2024-01-31,99360,2024-03-31,3,75529000000,0.094,,,,,7521000000,0.267,7742000000,0.101,,5629000000,,299.23,,,,,,85923000000,65489000000,0.762,,65489000000,,,,,,,,,,,,true,false,9,2023-04-01,2023-12-31,0
2024-01-31,99360,2023-03-31,3,69058000000,0.100,,,,,5934000000,0.182,7034000000,-0.299,,4507000000,,239.78,,,,,,,,,,,,,,,,,,,,,,true,false,9,2022-04-01,2022-12-31,-1
2024-01-31,99360,2024-03-31,3,101394000000,0.090,,,,,9300000000,0.165,9527000000,0.042,,6669000000,,354.35,,,,,,,,,,,,,,,,,,,,,,true,true,12,2023-04-01,2024-03-31,0
2024-01-31,99360,2023-03-31,3,,,,,,,,,,,,,,,,,,,,84103000000,62770000000,0.746,,62770000000,,,,,,,,,,,,true,false,12,2022-04-01,2023-03-31,-1
2024-01-31,99360,2023-03-31,3,,,,,,,,,,,,,,,,,,,,,,,,,,,,,135.00,,,,23286230,4481183,,false,false,12,2022-04-01,2023-03-31,-1
2024-01-31,99360,2024-03-31,3,,,,,,,,,,,,,,,,,,,,,,,,,,,,,70.00,,,,,,,false,false,12,2023-04-01,2024-03-31,0
2024-01-31,99360,2024-03-31,3,,,,,,,,,,,,,,,,,,,,,,,,,,,,,140.00,,,,,,,false,true,12,2023-04-01,2024-03-31,0
2024-01-31,99360,2024-03-31,3,,,,,,,,,,,,,,,,,,,,,,,,,,,,,,,,,23286230,4465604,18814421,false,false,9,2023-04-01,2023-12-31,0
2024-01-31,99360,2023-03-31,3,,,,,,,,,,,,,,,,,,,,,,,,,,,,,,,,,,,18798209,false,false,9,2022-04-01,2022-12-31,-1
2024-05-15,99360,2024-03-31,,101401000000,0.090,,,,,10286000000,0.289,10496000000,0.148,,7911000000,,420.46,,0.120,0.120,0.101,,91462000000,68635000000,0.750,3646.82,68635000000,12217000000,-3222000000,-4728000000,36296000000,,0.345,,,,,,true,false,12,2023-04-01,2024-03-31,0
2024-05-15,99360,2023-03-31,,93022000000,0.097,,,,,7981000000,0.147,9140000000,-0.298,,6213000000,,330.50,,0.102,0.105,0.086,,84103000000,62770000000,0.746,3337.95,62770000000,7325000000,-3229000000,-9508000000,32029000000,,0.408,,,,,,true,false,12,2022-04-01,2023-03-31,-1
2024-05-15,99360,2025-03-31,,54427000000,0.094,,,,,5542000000,0.111,5662000000,0.106,,3754000000,,199.51,,,,,,,,,,,,,,,,,,,,,,true,true,6,2024-04-01,2024-09-30,1
2024-05-15,99360,2025-03-31,,109875000000,0.084,,,,,11196000000,0.088,11373000000,0.084,,7970000000,,423.49,,,,,,,,,,,,,,,,0.354,,,,,,true,true,12,2024-04-01,2025-03-31,1
2024-05-15,99360,2024-03-31,,100985000000,0.089,,,,,10258000000,0.284,10470000000,0.145,7885000000,,0.268,419.10,,,,,,90689000000,67906000000,0.749,3608.10,67906000000,,,,,145.00,,,,23286230,4465639,18815845,false,false,12,2023-04-01,2024-03-31,0
2024-05-15,99360,2023-03-31,,92709000000,0.097,,,,,7988000000,0.141,9145000000,-0.300,6219000000,,-0.294,330.85,,,,,,83727000000,62431000000,0.746,3319.91,62431000000,,,,,135.00,,,,23286230,4481183,18799787,false,false,12,2022-04-01,2023-03-31,-1
2024-05-15,99360,2025-03-31,,54215000000,0.094,,,,,,,5648000000,0.105,3740000000,,-0.037,198.76,,,,,,,,,,,,,,,,,,,,,,false,true,6,2024-04-01,2024-09-30,1
2024-05-15,99360,2025-03-31,,109410000000,0.083,,,,,,,11329000000,0.082,7926000000,,0.005,421.15,,,,,,,,,,,,,,,150.00,,,,,,,false,true,12,2024-04-01,2025-03-31,1
,99360,2025-03-31,,,,,,,,,,,,,,,,,,,,,,,,,,,,,,25.00,,,,,,,false,true,12,2024-04-01,2025-03-31,0
,99360,2024-03-31,,,,,,,,,,,,,,,,,,,,,,,,,,,,,,145.00,,,,,,,false,false,12,2023-04-01,2024-03-31,-1
2024-07-31,99360,2025-03-31,1,26421000000,0.073,,,,,2441000000,0.011,2576000000,0.024,,1702000000,,90.44,,,,,,90663000000,68844000000,0.759,,68844000000,,,,,,,,,,,,true,false,3,2024-04-01,2024-06-30,0
2024-07-31,99360,2024-03-31,1,24623000000,0.089,,,,,2415000000,0.105,2517000000,-0.173,,2135000000,,113.54,,,,,,,,,,,,,,,,,,,,,,true,false,3,2023-04-01,2023-06-30,-1
2024-07-31,99360,2025-03-31,1,54427000000,0.094,,,,,5542000000,0.111,5662000000,0.106,,3754000000,,199.51,,,,,,,,,,,,,,,,,,,,,,true,true,6,2024-04-01,2024-09-30,0
2024-07-31,99360,2025-03-31,1,109875000000,0.084,,,,,11196000000,0.088,11373000000,0.084,,7970000000,,141.16,,,,,,,,,,,,,,,,,,,,,,true,true,12,2024-04-01,2025-03-31,0
2024-07-31,99360,2024-03-31,1,,,,,,,,,,,,,,,,,,,,91462000000,68635000000,0.750,,68635000000,,,,,,,,,,,,true,false,12,2023-04-01,2024-03-31,-1
2024-07-31,99360,2024-03-31,1,,,,,,,,,,,,,,,,,,,,,,,,,,,,,145.00,,,,23286230,4465639,,false,false,12,2023-04-01,2024-03-31,-1
2024-07-31,99360,2025-03-31,1,,,,,,,,,,,,,,,,,,,,,,,,,,,,,25.00,,,,,,,false,true,12,2024-04-01,2025-03-31,0
2024-07-31,99360,2025-03-31,1,,,,,,,,,,,,,,,,,,,,,,,,,,,,,,,,,23286230,4465666,18820577,false,false,3,2024-04-01,2024-06-30,0
2024-07-31,99360,2024-03-31,1,,,,,,,,,,,,,,,,,,,,,,,,,,,,,,,,,,,18805032,false,false,3,2023-04-01,2023-06-30,-1
2024-10-31,99360,2025-03-31,2,53879000000,0.083,,,,,5247000000,0.052,5469000000,0.068,,3645000000,,64.55,,,,,,92016000000,70892000000,0.770,,70892000000,,,,,,,,,,,,true,false,6,2024-04-01,2024-09-30,0
2024-10-31,99360,2024-03-31,2,49744000000,0.102,,,,,4988000000,0.306,5122000000,0.055,,3896000000,,69.05,,,,,,,,,,,,,,,,,,,,,,true,false,6,2023-04-01,2023-09-30,-1
2024-10-31,99360,2025-03-31,2,109875000000,0.084,,,,,11196000000,0.088,11373000000,0.084,,7970000000,,141.16,,,,,,,,,,,,,,,,,,,,,,true,true,12,2024-04-01,2025-03-31,0
2024-10-31,99360,2024-03-31,2,,,,,,,,,,,,,,,,,,,,91462000000,68635000000,0.750,,68635000000,,,,,,,,,,,,true,false,12,2023-04-01,2024-03-31,-1
2024-10-31,99360,2024-03-31,2,,,,,,,,,,,,,,,,,,,,,,,,,,,,,145.00,,,,69858690,13396917,,false,false,12,2023-04-01,2024-03-31,-1
2024-10-31,99360,2025-03-31,2,,,,,,,,,,,,,,,,,,,,,,,,,,,,,75.00,,,,,,,false,false,12,2024-04-01,2025-03-31,0
2024-10-31,99360,2025-03-31,2,,,,,,,,,,,,,,,,,,,,,,,,,,,,,25.00,,,,,,,false,true,12,2024-04-01,2025-03-31,0
2024-10-31,99360,2025-03-31,2,,,,,,,,,,,,,,,,,,,,,,,,,,,,,,,,,69858690,13348629,56482470,false,false,6,2024-04-01,2024-09-30,0
2024-10-31,99360,2024-03-31,2,,,,,,,,,,,,,,,,,,,,,,,,,,,,,,,,,,,56435244,false,false,6,2023-04-01,2023-09-30,-1
2025-01-31,99360,2025-03-31,3,81445000000,0.078,,,,,7594000000,0.010,7886000000,0.019,,5206000000,,92.16,,,,,,91425000000,71129000000,0.778,,71129000000,,,,,,,,,,,,true,false,9,2024-04-01,2024-12-31,0
2025-01-31,99360,2024-03-31,3,75529000000,0.094,,,,,7521000000,0.267,7742000000,0.101,,5629000000,,99.74,,,,,,,,,,,,,,,,,,,,,,true,false,9,2023-04-01,2023-12-31,-1
2025-01-31,99360,2025-03-31,3,109875000000,0.084,,,,,11196000000,0.088,11373000000,0.084,,7970000000,,141.16,,,,,,,,,,,,,,,,,,,,,,true,true,12,2024-04-01,2025-03-31,0
2025-01-31,99360,2024-03-31,3,,,,,,,,,,,,,,,,,,,,91462000000,68635000000,0.750,,68635000000,,,,,,,,,,,,true,false,12,2023-04-01,2024-03-31,-1
2025-01-31,99360,2024-03-31,3,,,,,,,,,,,,,,,,,,,,,,,,,,,,,145.00,,,,69858690,13396917,,false,false,12,2023-04-01,2024-03-31,-1
2025-01-31,99360,2025-03-31,3,,,,,,,,,,,,,,,,,,,,,,,,,,,,,75.00,,,,,,,false,false,12,2024-04-01,2025-03-31,0
2025-01-31,99360,2025-03-31,3,,,,,,,,,,,,,,,,,,,,,,,,,,,,,25.00,,,,,,,false,true,12,2024-04-01,2025-03-31,0
2025-01-31,99360,2025-03-31,3,,,,,,,,,,,,,,,,,,,,,,,,,,,,,,,,,69858690,13348629,56490747,false,false,9,2024-04-01,2024-12-31,0
2025-01-31,99360,2024-03-31,3,,,,,,,,,,,,,,,,,,,,,,,,,,,,,,,,,,,56443263,false,false,9,2023-04-01,2023-12-31,-1
2025-05-15,99360,2025-03-31,,111033000000,0.095,,,,,10904000000,0.060,11312000000,0.078,,8071000000,,142.88,,0.113,0.120,0.098,,96632000000,74238000000,0.768,1313.71,74238000000,11215000000,-4574000000,-4826000000,38120000000,,0.371,,,,,,true,false,12,2024-04-01,2025-03-31,0
2025-05-15,99360,2024-03-31,,101401000000,0.090,,,,,10286000000,0.289,10496000000,0.148,,7911000000,,140.15,,0.120,0.120,0.101,,91462000000,68635000000,0.750,1215.61,68635000000,12217000000,-3222000000,-4728000000,36296000000,,0.345,,,,,,true,false,12,2023-04-01,2024-03-31,-1
2025-05-15,99360,2026-03-31,,59607000000,0.106,,,,,5505000000,0.049,5606000000,0.023,,3775000000,,66.81,,,,,,,,,,,,,,,,,,,,,,true,true,6,2025-04-01,2025-09-30,1
2025-05-15,99360,2026-03-31,,119731000000,0.078,,,,,11271000000,0.034,11417000000,0.009,,8085000000,,143.08,,,,,,,,,,,,,,,,0.391,,,,,,true,true,12,2025-04-01,2026-03-31,1
2025-05-15,99360,2025-03-31,,110571000000,0.095,,,,,10863000000,0.059,11268000000,0.076,8028000000,,0.018,142.12,,,,,,96062000000,73713000000,0.767,1304.43,73713000000,,,,,28.00,,,,69858690,13348629,56495204,false,false,12,2024-04-01,2025-03-31,0
2025-05-15,99360,2024-03-31,,100985000000,0.089,,,,,10258000000,0.284,10470000000,0.145,7885000000,,0.268,139.70,,,,,,90689000000,67906000000,0.749,1202.70,67906000000,,,,,145.00,,,,69858690,13396917,56447535,false,false,12,2023-04-01,2024-03-31,-1
2025-05-15,99360,2026-03-31,,59382000000,0.107,,,,,,,5589000000,0.024,3758000000,,0.034,66.52,,,,,,,,,,,,,,,,,,,,,,false,true,6,2025-04-01,2025-09-30,1
2025-05-15,99360,2026-03-31,,119266000000,0.079,,,,,,,11374000000,0.009,8043000000,,0.002,142.33,,,,,,,,,,,,,,,56.00,,,,,,,false,true,12,2025-04-01,2026-03-31,1
