filing_date,code,fiscal_year_end,quarterly_period,net_sales,net_sales_change,revenue,revenue_change,operating_revenue,operating_revenue_change,operating_profit,operating_profit_change,ordinary_profit,ordinary_profit_change,net_income,net_income_of_parent,net_income_change,eps,diluted_eps,roe,roa,operating_profit_to_net_sales,operating_profit_to_revenue,total_assets,net_assets,equity_ratio,bps,owner_equity,operating_cash_flow,investing_cash_flow,financing_cash_flow,cash,dividend_per_share,payout_ratio,commemorative_dividend,extra_dividend,number_of_shares,number_of_treqsury_shares,avg_number_of_shares,is_consolidated,is_forecast,duration,period_start,period_end,period_pos
2015-05-13,99600,2015-03-31,,76900000000,0.039,,,,,3050000000,0.130,3170000000,0.057,1630000000,,0.019,121.06,,,,,,,,,,,,,,,,,,,,,,true,true,12,2014-04-01,2015-03-31,0
2015-05-13,99600,2014-03-31,,70879000000,,,,,,2529000000,,2867000000,,1318000000,,,97.92,,,,,,,,,,,,,,,,,,,,,,true,false,12,2013-04-01,2014-03-31,-1
2015-05-15,99600,2015-03-31,,76925000000,0.085,,,,,3052000000,0.207,3178000000,0.109,1634000000,,0.240,121.38,,0.101,0.061,0.040,,53607000000,17312000000,0.323,1285.81,17312000000,1191000000,-479000000,-37000000,5090000000,,0.181,,,,,,true,false,12,2014-04-01,2015-03-31,0
2015-05-15,99600,2014-03-31,,70879000000,0.065,,,,,2529000000,0.223,2867000000,0.284,1318000000,,0.202,97.92,,0.090,0.060,0.036,,50066000000,15242000000,0.304,1132.03,15242000000,922000000,-1119000000,-383000000,4416000000,,0.194,,,,,,true,false,12,2013-04-01,2014-03-31,-1
2015-05-15,99600,2016-03-31,,80000000000,0.040,,,,,3100000000,0.015,3300000000,0.038,,1700000000,,126.26,,,,,,,,,,,,,,,,0.198,,,,,,true,true,12,2015-04-01,2016-03-31,1
2015-05-15,99600,2014-03-31,,,,,,,,,,,,,,,,,,,,,,,,,,,,,,19.00,,,,13988000,523564,13464467,false,false,12,2013-04-01,2014-03-31,-1
2015-05-15,99600,2015-03-31,,,,,,,,,,,,,,,,,,,,,,,,,,,,,,22.00,,,,13988000,523739,13464320,false,false,12,2014-04-01,2015-03-31,0
2015-05-15,99600,2016-03-31,,,,,,,,,,,,,,,,,,,,,,,,,,,,,,25.00,,,,,,,false,true,12,2015-04-01,2016-03-31,1
2015-07-31,99600,2016-03-31,1,13370000000,-0.024,,,,,-190000000,,-95000000,,,-120000000,,-8.96,,,,,,47319000000,17128000000,0.362,1272.12,17128000000,,,,,,,,,,,,true,false,3,2015-04-01,2015-06-30,0
2015-07-31,99600,2015-03-31,1,13705000000,0.110,,,,,-219000000,,-204000000,,,-248000000,,-18.44,,,,,,,,,,,,,,,,,,,,,,true,false,3,2014-04-01,2014-06-30,-1
2015-07-31,99600,2016-03-31,1,80000000000,0.040,,,,,3100000000,0.015,3300000000,0.038,,1700000000,,126.26,,,,,,,,,,,,,,,,,,,,,,true,true,12,2015-04-01,2016-03-31,0
2015-07-31,99600,2015-03-31,1,,,,,,,,,,,,,,,,,,,,53607000000,17312000000,0.323,1285.81,17312000000,,,,,,,,,,,,true,false,12,2014-04-01,2015-03-31,-1
2015-07-31,99600,2015-03-31,1,,,,,,,,,,,,,,,,,,,,,,,,,,,,,22.00,,,,13988000,523739,,false,false,12,2014-04-01,2015-03-31,-1
2015-07-31,99600,2016-03-31,1,,,,,,,,,,,,,,,,,,,,,,,,,,,,,25.00,,,,,,,false,true,12,2015-04-01,2016-03-31,0
2015-07-31,99600,2016-03-31,1,,,,,,,,,,,,,,,,,,,,,,,,,,,,,,,,,13988000,523739,13464261,false,false,3,2015-04-01,2015-06-30,0
2015-07-31,99600,2015-03-31,1,,,,,,,,,,,,,,,,,,,,,,,,,,,,,,,,,,,13464387,false,false,3,2014-04-01,2014-06-30,-1
2015-10-30,99600,2016-03-31,2,33591000000,0.002,,,,,1043000000,0.140,1147000000,0.202,,641000000,,47.66,,,,,,49762000000,17443000000,0.351,1295.52,17443000000,,,,,,,,,,,,true,false,6,2015-04-01,2015-09-30,0
2015-10-30,99600,2015-03-31,2,33531000000,0.107,,,,,915000000,0.344,954000000,0.150,,475000000,,35.33,,,,,,,,,,,,,,,,,,,,,,true,false,6,2014-04-01,2014-09-30,-1
2015-10-30,99600,2016-03-31,2,80000000000,0.040,,,,,3100000000,0.015,3300000000,0.038,,1700000000,,126.26,,,,,,,,,,,,,,,,,,,,,,true,true,12,2015-04-01,2016-03-31,0
2015-10-30,99600,2015-03-31,2,,,,,,,,,,,,,,,,,,,,53607000000,17312000000,0.323,1285.81,17312000000,,,,,,,,,,,,true,false,12,2014-04-01,2015-03-31,-1
2015-10-30,99600,2015-03-31,2,,,,,,,,,,,,,,,,,,,,,,,,,,,,,22.00,,,,13988000,523739,,false,false,12,2014-04-01,2015-03-31,-1
2015-10-30,99600,2016-03-31,2,,,,,,,,,,,,,,,,,,,,,,,,,,,,,12.00,,,,,,,false,false,12,2015-04-01,2016-03-31,0
2015-10-30,99600,2016-03-31,2,,,,,,,,,,,,,,,,,,,,,,,,,,,,,25.00,,,,,,,false,true,12,2015-04-01,2016-03-31,0
2015-10-30,99600,2016-03-31,2,,,,,,,,,,,,,,,,,,,,,,,,,,,,,,,,,13988000,523739,13464261,false,false,6,2015-04-01,2015-09-30,0
2015-10-30,99600,2015-03-31,2,,,,,,,,,,,,,,,,,,,,,,,,,,,,,,,,,,,13464360,false,false,6,2014-04-01,2014-09-30,-1
2016-01-29,99600,2016-03-31,3,52545000000,0.019,,,,,1635000000,0.175,1845000000,0.294,,1084000000,,80.54,,,,,,53601000000,18346000000,0.342,1362.59,18346000000,,,,,,,,,,,,true,false,9,2015-04-01,2015-12-31,0
2016-01-29,99600,2015-03-31,3,51570000000,0.104,,,,,1391000000,0.437,1426000000,0.190,,736000000,,54.73,,,,,,,,,,,,,,,,,,,,,,true,false,9,2014-04-01,2014-12-31,-1
2016-01-29,99600,2016-03-31,3,80000000000,0.040,,,,,3100000000,0.015,3300000000,0.038,,1700000000,,126.26,,,,,,,,,,,,,,,,,,,,,,true,true,12,2015-04-01,2016-03-31,0
2016-01-29,99600,2015-03-31,3,,,,,,,,,,,,,,,,,,,,53607000000,17312000000,0.323,1285.81,17312000000,,,,,,,,,,,,true,false,12,2014-04-01,2015-03-31,-1
2016-01-29,99600,2015-03-31,3,,,,,,,,,,,,,,,,,,,,,,,,,,,,,22.00,,,,13988000,523739,,false,false,12,2014-04-01,2015-03-31,-1
2016-01-29,99600,2016-03-31,3,,,,,,,,,,,,,,,,,,,,,,,,,,,,,12.00,,,,,,,false,false,12,2015-04-01,2016-03-31,0
2016-01-29,99600,2016-03-31,3,,,,,,,,,,,,,,,,,,,,,,,,,,,,,25.00,,,,,,,false,true,12,2015-04-01,2016-03-31,0
2016-01-29,99600,2016-03-31,3,,,,,,,,,,,,,,,,,,,,,,,,,,,,,,,,,13988000,523739,13464261,false,false,9,2015-04-01,2015-12-31,0
2016-01-29,99600,2015-03-31,3,,,,,,,,,,,,,,,,,,,,,,,,,,,,,,,,,,,13464338,false,false,9,2014-04-01,2014-12-31,-1
2016-04-26,99600,2016-03-31,,77300000000,-0.034,,,,,3400000000,0.097,3500000000,0.061,,2150000000,,159.68,,,,,,,,,,,,,,,,,,,,,,true,true,12,2015-04-01,2016-03-31,0
2016-04-26,99600,2015-03-31,,76295000000,,,,,,3052000000,,3178000000,,,1634000000,,121.38,,,,,,,,,,,,,,,,,,,,,,true,false,12,2014-04-01,2015-03-31,-1
2016-05-16,99600,2016-03-31,,77360000000,0.006,,,,,3443000000,0.128,3557000000,0.119,,2288000000,,169.98,,0.127,0.064,0.045,,56931000000,18705000000,0.328,1390.81,18682000000,2594000000,-1970000000,-376000000,5336000000,,0.200,,,,,,true,false,12,2015-04-01,2016-03-31,0
2016-05-16,99600,2015-03-31,,76925000000,0.085,,,,,3052000000,0.207,3178000000,0.109,,1634000000,,121.38,,0.101,0.061,0.040,,53607000000,17312000000,0.323,1285.81,17312000000,1191000000,-479000000,-37000000,5090000000,,0.181,,,,,,true,false,12,2014-04-01,2015-03-31,-1
2016-05-16,99600,2017-03-31,,91000000000,0.176,,,,,3600000000,0.046,3900000000,0.096,,2400000000,,178.66,,,,,,,,,,,,,,,,0.201,,,,,,true,true,12,2016-04-01,2017-03-31,1
2016-05-16,99600,2015-03-31,,,,,,,,,,,,,,,,,,,,,,,,,,,,,,22.00,,,,13988000,523739,13464320,false,false,12,2014-04-01,2015-03-31,-1
2016-05-16,99600,2016-03-31,,,,,,,,,,,,,,,,,,,,,,,,,,,,,,34.00,,,,13988000,554966,13461859,false,false,12,2015-04-01,2016-03-31,0
2016-05-16,99600,2017-03-31,,,,,,,,,,,,,,,,,,,,,,,,,,,,,,36.00,,,,,,,false,true,12,2016-04-01,2017-03-31,1
2016-07-29,99600,2017-03-31,1,14830000000,0.109,,,,,-261000000,,-160000000,,,-134000000,,-10.04,,,,,,53055000000,18105000000,0.341,1348.03,18105000000,,,,,,,,,,,,true,false,3,2016-04-01,2016-06-30,0
2016-07-29,99600,2016-03-31,1,13370000000,-0.024,,,,,-190000000,,-95000000,,,-120000000,,-8.96,,,,,,,,,,,,,,,,,,,,,,true,false,3,2015-04-01,2015-06-30,-1
2016-07-29,99600,2017-03-31,1,91000000000,0.176,,,,,3600000000,0.046,3900000000,0.096,,2400000000,,178.69,,,,,,,,,,,,,,,,,,,,,,true,true,12,2016-04-01,2017-03-31,0
2016-07-29,99600,2016-03-31,1,,,,,,,,,,,,,,,,,,,,56931000000,18705000000,0.328,1390.81,18682000000,,,,,,,,,,,,true,false,12,2015-04-01,2016-03-31,-1
2016-07-29,99600,2016-03-31,1,,,,,,,,,,,,,,,,,,,,,,,,,,,,,34.00,,,,13988000,554966,,false,false,12,2015-04-01,2016-03-31,-1
2016-07-29,99600,2017-03-31,1,,,,,,,,,,,,,,,,,,,,,,,,,,,,,36.00,,,,,,,false,true,12,2016-04-01,2017-03-31,0
2016-07-29,99600,2017-03-31,1,,,,,,,,,,,,,,,,,,,,,,,,,,,,,,,,,13988000,556739,13431704,false,false,3,2016-04-01,2016-06-30,0
2016-07-29,99600,2016-03-31,1,,,,,,,,,,,,,,,,,,,,,,,,,,,,,,,,,,,13464261,false,false,3,2015-04-01,2015-06-30,-1
2016-10-31,99600,2017-03-31,2,37159000000,0.106,,,,,1461000000,0.400,1651000000,0.440,,1082000000,,80.61,,,,,,54765000000,19692000000,0.360,1466.13,19692000000,,,,,,,,,,,,true,false,6,2016-04-01,2016-09-30,0
2016-10-31,99600,2016-03-31,2,33591000000,0.002,,,,,1043000000,0.140,1147000000,0.202,,641000000,,47.66,,,,,,,,,,,,,,,,,,,,,,true,false,6,2015-04-01,2015-09-30,-1
2016-10-31,99600,2017-03-31,2,89000000000,0.150,,,,,3700000000,0.074,4000000000,0.124,,2500000000,,186.13,,,,,,,,,,,,,,,,,,,,,,true,true,12,2016-04-01,2017-03-31,0
2016-10-31,99600,2016-03-31,2,,,,,,,,,,,,,,,,,,,,56931000000,18705000000,0.328,1390.81,18682000000,,,,,,,,,,,,true,false,12,2015-04-01,2016-03-31,-1
2016-10-31,99600,2016-03-31,2,,,,,,,,,,,,,,,,,,,,,,,,,,,,,34.00,,,,13988000,554966,,false,false,12,2015-04-01,2016-03-31,-1
2016-10-31,99600,2017-03-31,2,,,,,,,,,,,,,,,,,,,,,,,,,,,,,14.00,,,,,,,false,false,12,2016-04-01,2017-03-31,0
2016-10-31,99600,2017-03-31,2,,,,,,,,,,,,,,,,,,,,,,,,,,,,,38.00,,,,,,,false,true,12,2016-04-01,2017-03-31,0
2016-10-31,99600,2017-03-31,2,,,,,,,,,,,,,,,,,,,,,,,,,,,,,,,,,13988000,556539,13431543,false,false,6,2016-04-01,2016-09-30,0
2016-10-31,99600,2016-03-31,2,,,,,,,,,,,,,,,,,,,,,,,,,,,,,,,,,,,13464261,false,false,6,2015-04-01,2015-09-30,-1
2016-10-31,99600,2017-03-31,,89000000000,-0.022,,,,,3700000000,0.028,4000000000,0.026,,2500000000,,186.13,,,,,,,,,,,,,,,,,,,,,,true,true,12,2016-04-01,2017-03-31,0
2016-10-31,99600,2016-03-31,,77360000000,,,,,,3443000000,,3557000000,,,2288000000,,169.98,,,,,,,,,,,,,,,,,,,,,,true,false,12,2015-04-01,2016-03-31,-1
2017-01-31,99600,2017-03-31,3,57782000000,0.100,,,,,1838000000,0.124,2172000000,0.177,,1390000000,,103.53,,,,,,61719000000,20307000000,0.329,1511.95,20307000000,,,,,,,,,,,,true,false,9,2016-04-01,2016-12-31,0
2017-01-31,99600,2016-03-31,3,52545000000,0.019,,,,,1635000000,0.175,1845000000,0.294,,1084000000,,80.54,,,,,,,,,,,,,,,,,,,,,,true,false,9,2015-04-01,2015-12-31,-1
2017-01-31,99600,2017-03-31,3,89000000000,0.150,,,,,3700000000,0.074,4000000000,0.124,,2500000000,,185.64,,,,,,,,,,,,,,,,,,,,,,true,true,12,2016-04-01,2017-03-31,0
2017-01-31,99600,2016-03-31,3,,,,,,,,,,,,,,,,,,,,56931000000,18705000000,0.328,1390.81,18682000000,,,,,,,,,,,,true,false,12,2015-04-01,2016-03-31,-1
2017-01-31,99600,2016-03-31,3,,,,,,,,,,,,,,,,,,,,,,,,,,,,,34.00,,,,13988000,554966,,false,false,12,2015-04-01,2016-03-31,-1
2017-01-31,99600,2017-03-31,3,,,,,,,,,,,,,,,,,,,,,,,,,,,,,14.00,,,,,,,false,false,12,2016-04-01,2017-03-31,0
2017-01-31,99600,2017-03-31,3,,,,,,,,,,,,,,,,,,,,,,,,,,,,,38.00,,,,,,,false,true,12,2016-04-01,2017-03-31,0
2017-01-31,99600,2017-03-31,3,,,,,,,,,,,,,,,,,,,,,,,,,,,,,,,,,13988000,556539,13431518,false,false,9,2016-04-01,2016-12-31,0
2017-01-31,99600,2016-03-31,3,,,,,,,,,,,,,,,,,,,,,,,,,,,,,,,,,,,13464261,false,false,9,2015-04-01,2015-12-31,-1
2017-01-31,99600,2017-03-31,3,57782000000,0.100,,,,,1838000000,0.124,2172000000,0.177,,1390000000,,103.53,,,,,,61719000000,20305000000,0.329,1511.79,20305000000,,,,,,,,,,,,true,false,9,2016-04-01,2016-12-31,0
2017-01-31,99600,2016-03-31,3,52545000000,0.019,,,,,1635000000,0.175,1845000000,0.294,,1084000000,,80.54,,,,,,,,,,,,,,,,,,,,,,true,false,9,2015-04-01,2015-12-31,-1
2017-01-31,99600,2017-03-31,3,89000000000,0.150,,,,,3700000000,0.074,4000000000,0.124,,2500000000,,185.64,,,,,,,,,,,,,,,,,,,,,,true,true,12,2016-04-01,2017-03-31,0
2017-01-31,99600,2016-03-31,3,,,,,,,,,,,,,,,,,,,,56931000000,18705000000,0.328,1390.81,18682000000,,,,,,,,,,,,true,false,12,2015-04-01,2016-03-31,-1
2017-01-31,99600,2016-03-31,3,,,,,,,,,,,,,,,,,,,,,,,,,,,,,34.00,,,,13988000,554966,,false,false,12,2015-04-01,2016-03-31,-1
2017-01-31,99600,2017-03-31,3,,,,,,,,,,,,,,,,,,,,,,,,,,,,,14.00,,,,,,,false,false,12,2016-04-01,2017-03-31,0
2017-01-31,99600,2017-03-31,3,,,,,,,,,,,,,,,,,,,,,,,,,,,,,38.00,,,,,,,false,true,12,2016-04-01,2017-03-31,0
2017-01-31,99600,2017-03-31,3,,,,,,,,,,,,,,,,,,,,,,,,,,,,,,,,,13988000,556539,13431518,false,false,9,2016-04-01,2016-12-31,0
2017-01-31,99600,2016-03-31,3,,,,,,,,,,,,,,,,,,,,,,,,,,,,,,,,,,,13464261,false,false,9,2015-04-01,2015-12-31,-1
2017-05-08,99600,2017-03-31,,86000000000,-0.034,,,,,3750000000,0.014,4100000000,0.025,,2750000000,,204.21,,,,,,,,,,,,,,,,,,,,,,true,true,12,2016-04-01,2017-03-31,0
2017-05-08,99600,2016-03-31,,77360000000,,,,,,3443000000,,3557000000,,,2288000000,,169.98,,,,,,,,,,,,,,,,,,,,,,true,false,12,2015-04-01,2016-03-31,-1
2017-05-15,99600,2017-03-31,,86046000000,0.112,,,,,3792000000,0.101,4116000000,0.157,,2774000000,,206.02,,0.136,0.065,0.044,,68893000000,22391000000,0.322,1630.63,22150000000,-776000000,-5035000000,7526000000,7048000000,,0.204,,,,,,true,false,12,2016-04-01,2017-03-31,0
2017-05-15,99600,2016-03-31,,77360000000,0.006,,,,,3443000000,0.128,3557000000,0.119,,2288000000,,169.98,,0.127,0.064,0.045,,56931000000,18705000000,0.328,1390.81,18682000000,2594000000,-1970000000,-376000000,5336000000,,0.200,,,,,,true,false,12,2015-04-01,2016-03-31,-1
2017-05-15,99600,2018-03-31,,93000000000,0.081,,,,,4200000000,0.108,4400000000,0.069,,3000000000,,220.84,,,,,,,,,,,,,,,,0.204,,,,,,true,true,12,2017-04-01,2018-03-31,1
2017-05-15,99600,2016-03-31,,,,,,,,,,,,,,,,,,,,,,,,,,,,,,34.00,,,,13988000,554966,13461859,false,false,12,2015-04-01,2016-03-31,-1
2017-05-15,99600,2017-03-31,,,,,,,,,,,,,,,,,,,,,,,,,,,,,,42.00,,,,13988000,403739,13466751,false,false,12,2016-04-01,2017-03-31,0
2017-05-15,99600,2018-03-31,,,,,,,,,,,,,,,,,,,,,,,,,,,,,,45.00,,,,,,,false,true,12,2017-04-01,2018-03-31,1
2017-07-31,99600,2018-03-31,1,17576000000,0.185,,,,,-182000000,,-88000000,,,-148000000,,-10.91,,,,,,64099000000,22568000000,0.344,1622.53,22040000000,,,,,,,,,,,,true,false,3,2017-04-01,2017-06-30,0
2017-07-31,99600,2017-03-31,1,14830000000,0.109,,,,,-261000000,,-160000000,,,-134000000,,-10.04,,,,,,,,,,,,,,,,,,,,,,true,false,3,2016-04-01,2016-06-30,-1
2017-07-31,99600,2018-03-31,1,93000000000,0.081,,,,,4200000000,0.108,4400000000,0.069,,3000000000,,220.84,,,,,,,,,,,,,,,,,,,,,,true,true,12,2017-04-01,2018-03-31,0
2017-07-31,99600,2017-03-31,1,,,,,,,,,,,,,,,,,,,,68893000000,22391000000,0.322,1630.63,22150000000,,,,,,,,,,,,true,false,12,2016-04-01,2017-03-31,-1
2017-07-31,99600,2017-03-31,1,,,,,,,,,,,,,,,,,,,,,,,,,,,,,42.00,,,,13988000,403739,,false,false,12,2016-04-01,2017-03-31,-1
2017-07-31,99600,2018-03-31,1,,,,,,,,,,,,,,,,,,,,,,,,,,,,,45.00,,,,,,,false,true,12,2017-04-01,2018-03-31,0
2017-07-31,99600,2018-03-31,1,,,,,,,,,,,,,,,,,,,,,,,,,,,,,,,,,13988000,403739,13584261,false,false,3,2017-04-01,2017-06-30,0
2017-07-31,99600,2017-03-31,1,,,,,,,,,,,,,,,,,,,,,,,,,,,,,,,,,,,13431704,false,false,3,2016-04-01,2016-06-30,-1
2017-10-31,99600,2018-03-31,2,40585000000,0.092,,,,,1506000000,0.031,1662000000,0.006,,1025000000,,75.47,,,,,,66628000000,23964000000,0.352,1721.30,23439000000,,,,,,,,,,,,true,false,6,2017-04-01,2017-09-30,0
2017-10-31,99600,2017-03-31,2,37159000000,0.106,,,,,1461000000,0.400,1651000000,0.440,,1082000000,,80.61,,,,,,,,,,,,,,,,,,,,,,true,false,6,2016-04-01,2016-09-30,-1
2017-10-31,99600,2018-03-31,2,93000000000,0.081,,,,,4200000000,0.108,4400000000,0.069,,3000000000,,220.31,,,,,,,,,,,,,,,,,,,,,,true,true,12,2017-04-01,2018-03-31,0
2017-10-31,99600,2017-03-31,2,,,,,,,,,,,,,,,,,,,,68893000000,22391000000,0.322,1630.63,22150000000,,,,,,,,,,,,true,false,12,2016-04-01,2017-03-31,-1
2017-10-31,99600,2017-03-31,2,,,,,,,,,,,,,,,,,,,,,,,,,,,,,42.00,,,,13988000,403739,,false,false,12,2016-04-01,2017-03-31,-1
2017-10-31,99600,2018-03-31,2,,,,,,,,,,,,,,,,,,,,,,,,,,,,,15.00,,,,,,,false,false,12,2017-04-01,2018-03-31,0
2017-10-31,99600,2018-03-31,2,,,,,,,,,,,,,,,,,,,,,,,,,,,,,45.00,,,,,,,false,true,12,2017-04-01,2018-03-31,0
2017-10-31,99600,2018-03-31,2,,,,,,,,,,,,,,,,,,,,,,,,,,,,,,,,,13988000,370739,13593690,false,false,6,2017-04-01,2017-09-30,0
2017-10-31,99600,2017-03-31,2,,,,,,,,,,,,,,,,,,,,,,,,,,,,,,,,,,,13431543,false,false,6,2016-04-01,2016-09-30,-1
2018-01-31,99600,2018-03-31,3,63891000000,0.106,,,,,2128000000,0.158,2388000000,0.099,,1477000000,,108.63,,,,,,73710000000,24980000000,0.332,1796.16,24458000000,,,,,,,,,,,,true,false,9,2017-04-01,2017-12-31,0
2018-01-31,99600,2017-03-31,3,57782000000,0.100,,,,,1838000000,0.124,2172000000,0.177,,1390000000,,103.53,,,,,,,,,,,,,,,,,,,,,,true,false,9,2016-04-01,2016-12-31,-1
2018-01-31,99600,2018-03-31,3,93000000000,0.081,,,,,4200000000,0.108,4400000000,0.069,,3000000000,,220.31,,,,,,,,,,,,,,,,,,,,,,true,true,12,2017-04-01,2018-03-31,0
2018-01-31,99600,2017-03-31,3,,,,,,,,,,,,,,,,,,,,68893000000,22391000000,0.322,1630.63,22150000000,,,,,,,,,,,,true,false,12,2016-04-01,2017-03-31,-1
2018-01-31,99600,2017-03-31,3,,,,,,,,,,,,,,,,,,,,,,,,,,,,,42.00,,,,13988000,403739,,false,false,12,2016-04-01,2017-03-31,-1
2018-01-31,99600,2018-03-31,3,,,,,,,,,,,,,,,,,,,,,,,,,,,,,15.00,,,,,,,false,false,12,2017-04-01,2018-03-31,0
2018-01-31,99600,2018-03-31,3,,,,,,,,,,,,,,,,,,,,,,,,,,,,,45.00,,,,,,,false,true,12,2017-04-01,2018-03-31,0
2018-01-31,99600,2018-03-31,3,,,,,,,,,,,,,,,,,,,,,,,,,,,,,,,,,13988000,370784,13600754,false,false,9,2017-04-01,2017-12-31,0
2018-01-31,99600,2017-03-31,3,,,,,,,,,,,,,,,,,,,,,,,,,,,,,,,,,,,13431518,false,false,9,2016-04-01,2016-12-31,-1
,99600,2018-03-31,,,,,,,,,,,,,,,,,,,,,,,,,,,,,,50.00,,,,,,,false,true,12,2017-04-01,2018-03-31,0
,99600,2018-03-31,,,,,,,,,,,,,,,,,,,,,,,,,,,,,,15.00,,,,,,,false,false,12,2017-04-01,2018-03-31,0
,99600,2017-03-31,,,,,,,,,,,,,,,,,,,,,,,,,,,,,,42.00,,,,,,,false,false,12,2016-04-01,2017-03-31,-1
2018-05-07,99600,2018-03-31,,92600000000,-0.004,,,,,4450000000,0.060,4750000000,0.080,,3100000000,,227.65,,,,,,,,,,,,,,,,,,,,,,true,true,12,2017-04-01,2018-03-31,0
2018-05-07,99600,2017-03-31,,86046000000,,,,,,3792000000,,4116000000,,,2774000000,,206.02,,,,,,,,,,,,,,,,,,,,,,true,false,12,2016-04-01,2017-03-31,-1
2018-05-15,99600,2018-03-31,,92646000000,0.077,,,,,4479000000,0.181,4764000000,0.157,,3111000000,,228.72,,0.131,0.066,0.048,,75429000000,25986000000,0.338,1870.28,25467000000,3769000000,-2517000000,-1004000000,7295000000,,0.227,,,,,,true,false,12,2017-04-01,2018-03-31,0
2018-05-15,99600,2017-03-31,,86046000000,0.112,,,,,3792000000,0.101,4116000000,0.157,,2774000000,,206.02,,0.136,0.065,0.044,,68893000000,22391000000,0.322,1630.63,22150000000,-776000000,-5035000000,7526000000,7048000000,,0.204,,,,,,true,false,12,2016-04-01,2017-03-31,-1
2018-05-15,99600,2019-03-31,,97000000000,0.047,,,,,4700000000,0.049,5000000000,0.049,,3200000000,,235.00,,,,,,,,,,,,,,,,0.221,,,,,,true,true,12,2018-04-01,2019-03-31,1
2018-05-15,99600,2017-03-31,,,,,,,,,,,,,,,,,,,,,,,,,,,,,,42.00,,,,13988000,403739,13466751,false,false,12,2016-04-01,2017-03-31,-1
2018-05-15,99600,2018-03-31,,,,,,,,,,,,,,,,,,,,,,,,,,,,,,52.00,,,,13988000,370809,13604547,false,false,12,2017-04-01,2018-03-31,0
2018-05-15,99600,2019-03-31,,,,,,,,,,,,,,,,,,,,,,,,,,,,,,52.00,,,,,,,false,true,12,2018-04-01,2019-03-31,1
2018-07-31,99600,2019-03-31,1,20775000000,0.182,,,,,834000000,,969000000,,,588000000,,43.23,,,,,,71107000000,26352000000,0.363,1897.39,25837000000,,,,,,,,,,,,true,false,3,2018-04-01,2018-06-30,0
2018-07-31,99600,2018-03-31,1,17576000000,0.185,,,,,-182000000,,-88000000,,,-148000000,,-10.91,,,,,,,,,,,,,,,,,,,,,,true,false,3,2017-04-01,2017-06-30,-1
2018-07-31,99600,2019-03-31,1,97000000000,0.047,,,,,4700000000,0.049,5000000000,0.049,,3200000000,,235.00,,,,,,,,,,,,,,,,,,,,,,true,true,12,2018-04-01,2019-03-31,0
2018-07-31,99600,2018-03-31,1,,,,,,,,,,,,,,,,,,,,74901000000,25986000000,0.340,1870.28,25467000000,,,,,,,,,,,,true,false,12,2017-04-01,2018-03-31,-1
2018-07-31,99600,2018-03-31,1,,,,,,,,,,,,,,,,,,,,,,,,,,,,,52.00,,,,13988000,370809,,false,false,12,2017-04-01,2018-03-31,-1
2018-07-31,99600,2019-03-31,1,,,,,,,,,,,,,,,,,,,,,,,,,,,,,52.00,,,,,,,false,true,12,2018-04-01,2019-03-31,0
2018-07-31,99600,2019-03-31,1,,,,,,,,,,,,,,,,,,,,,,,,,,,,,,,,,13988000,370837,13617177,false,false,3,2018-04-01,2018-06-30,0
2018-07-31,99600,2018-03-31,1,,,,,,,,,,,,,,,,,,,,,,,,,,,,,,,,,,,13584261,false,false,3,2017-04-01,2017-06-30,-1
2018-10-31,99600,2019-03-31,2,44837000000,0.105,,,,,2100000000,0.394,2312000000,0.391,,1514000000,,111.22,,,,,,73353000000,27672000000,0.370,1994.59,27160000000,,,,,,,,,,,,true,false,6,2018-04-01,2018-09-30,0
2018-10-31,99600,2018-03-31,2,40585000000,0.092,,,,,1506000000,0.031,1662000000,0.006,,1025000000,,75.47,,,,,,,,,,,,,,,,,,,,,,true,false,6,2017-04-01,2017-09-30,-1
2018-10-31,99600,2019-03-31,2,97000000000,0.047,,,,,4700000000,0.049,5000000000,0.049,,3200000000,,235.00,,,,,,,,,,,,,,,,,,,,,,true,true,12,2018-04-01,2019-03-31,0
2018-10-31,99600,2018-03-31,2,,,,,,,,,,,,,,,,,,,,74901000000,25986000000,0.340,1870.28,25467000000,,,,,,,,,,,,true,false,12,2017-04-01,2018-03-31,-1
2018-10-31,99600,2018-03-31,2,,,,,,,,,,,,,,,,,,,,,,,,,,,,,52.00,,,,13988000,370809,,false,false,12,2017-04-01,2018-03-31,-1
2018-10-31,99600,2019-03-31,2,,,,,,,,,,,,,,,,,,,,,,,,,,,,,17.00,,,,,,,false,false,12,2018-04-01,2019-03-31,0
2018-10-31,99600,2019-03-31,2,,,,,,,,,,,,,,,,,,,,,,,,,,,,,52.00,,,,,,,false,true,12,2018-04-01,2019-03-31,0
2018-10-31,99600,2019-03-31,2,,,,,,,,,,,,,,,,,,,,,,,,,,,,,,,,,13988000,370837,13617171,false,false,6,2018-04-01,2018-09-30,0
2018-10-31,99600,2018-03-31,2,,,,,,,,,,,,,,,,,,,,,,,,,,,,,,,,,,,13593690,false,false,6,2017-04-01,2017-09-30,-1
2019-01-21,99600,2019-03-31,,100000000000,0.033,,,,,5200000000,0.106,5500000000,0.100,,3600000000,,264.37,,,,,,,,,,,,,,,,,,,,,,true,true,12,2018-04-01,2019-03-31,0
2019-01-21,99600,2018-03-31,,92646000000,,,,,,4479000000,,4764000000,,,3111000000,,228.72,,,,,,,,,,,,,,,,,,,,,,true,false,12,2017-04-01,2018-03-31,-1
2019-01-31,99600,2019-03-31,3,72355000000,0.132,,,,,3492000000,0.641,3824000000,0.601,,2528000000,,185.71,,,,,,79120000000,27237000000,0.338,1962.91,26729000000,,,,,,,,,,,,true,false,9,2018-04-01,2018-12-31,0
2019-01-31,99600,2018-03-31,3,63891000000,0.106,,,,,2128000000,0.158,2388000000,0.099,,1477000000,,108.63,,,,,,,,,,,,,,,,,,,,,,true,false,9,2017-04-01,2017-12-31,-1
2019-01-31,99600,2019-03-31,3,100000000000,0.079,,,,,5200000000,0.161,5500000000,0.154,,3600000000,,264.37,,,,,,,,,,,,,,,,,,,,,,true,true,12,2018-04-01,2019-03-31,0
2019-01-31,99600,2018-03-31,3,,,,,,,,,,,,,,,,,,,,74901000000,25986000000,0.340,1870.28,25467000000,,,,,,,,,,,,true,false,12,2017-04-01,2018-03-31,-1
2019-01-31,99600,2018-03-31,3,,,,,,,,,,,,,,,,,,,,,,,,,,,,,52.00,,,,13988000,370809,,false,false,12,2017-04-01,2018-03-31,-1
2019-01-31,99600,2019-03-31,3,,,,,,,,,,,,,,,,,,,,,,,,,,,,,17.00,,,,,,,false,false,12,2018-04-01,2019-03-31,0
2019-01-31,99600,2019-03-31,3,,,,,,,,,,,,,,,,,,,,,,,,,,,,,52.00,,,,,,,false,true,12,2018-04-01,2019-03-31,0
2019-01-31,99600,2019-03-31,3,,,,,,,,,,,,,,,,,,,,,,,,,,,,,,,,,13988000,370858,13617162,false,false,9,2018-04-01,2018-12-31,0
2019-01-31,99600,2018-03-31,3,,,,,,,,,,,,,,,,,,,,,,,,,,,,,,,,,,,13600754,false,false,9,2017-04-01,2017-12-31,-1
2019-05-13,99600,2019-03-31,,103670000000,0.037,,,,,5440000000,0.046,5850000000,0.064,,4020000000,,295.22,,,,,,,,,,,,,,,,,,,,,,true,true,12,2018-04-01,2019-03-31,0
2019-05-13,99600,2018-03-31,,92646000000,,,,,,4479000000,,4764000000,,,3111000000,,228.72,,,,,,,,,,,,,,,,,,,,,,true,false,12,2017-04-01,2018-03-31,-1
2019-05-16,99600,2019-03-31,,103670000000,0.119,,,,,5442000000,0.215,5851000000,0.228,,4026000000,,295.71,,0.149,0.074,0.052,,82400000000,29203000000,0.348,2107.61,28699000000,2009000000,-5597000000,1790000000,5497000000,,0.227,,,,,,true,false,12,2018-04-01,2019-03-31,0
2019-05-16,99600,2018-03-31,,92646000000,0.077,,,,,4479000000,0.181,4764000000,0.157,,3111000000,,228.72,,0.131,0.066,0.048,,74901000000,25986000000,0.340,1870.28,25467000000,3769000000,-2517000000,-1004000000,7295000000,,0.227,,,,,,true,false,12,2017-04-01,2018-03-31,-1
2019-05-16,99600,2020-03-31,,110000000000,0.061,,,,,5600000000,0.029,6100000000,0.043,,4100000000,,301.09,,,,,,,,,,,,,,,,0.223,,,,,,true,true,12,2019-04-01,2020-03-31,1
2019-05-16,99600,2018-03-31,,,,,,,,,,,,,,,,,,,,,,,,,,,,,,52.00,,,,13988000,370809,13604547,false,false,12,2017-04-01,2018-03-31,-1
2019-05-16,99600,2019-03-31,,,,,,,,,,,,,,,,,,,,,,,,,,,,,,67.00,,,,13988000,370858,13617157,false,false,12,2018-04-01,2019-03-31,0
2019-05-16,99600,2020-03-31,,,,,,,,,,,,,,,,,,,,,,,,,,,,,,67.00,,,,,,,false,true,12,2019-04-01,2020-03-31,1
2019-08-02,99600,2020-03-31,1,25383000000,0.222,,,,,305000000,-0.634,339000000,-0.649,,159000000,,11.71,,,,,,84616000000,28657000000,0.333,2068.57,28167000000,,,,,,,,,,,,true,false,3,2019-04-01,2019-06-30,0
2019-08-02,99600,2019-03-31,1,20775000000,0.182,,,,,834000000,,969000000,,,588000000,,43.23,,,,,,,,,,,,,,,,,,,,,,true,false,3,2018-04-01,2018-06-30,-1
2019-08-02,99600,2020-03-31,1,110000000000,0.061,,,,,5600000000,0.029,6100000000,0.043,,4100000000,,301.09,,,,,,,,,,,,,,,,,,,,,,true,true,12,2019-04-01,2020-03-31,0
2019-08-02,99600,2019-03-31,1,,,,,,,,,,,,,,,,,,,,82400000000,29203000000,0.348,2107.61,28699000000,,,,,,,,,,,,true,false,12,2018-04-01,2019-03-31,-1
2019-08-02,99600,2019-03-31,1,,,,,,,,,,,,,,,,,,,,,,,,,,,,,67.00,,,,13988000,370858,,false,false,12,2018-04-01,2019-03-31,-1
2019-08-02,99600,2020-03-31,1,,,,,,,,,,,,,,,,,,,,,,,,,,,,,67.00,,,,,,,false,true,12,2019-04-01,2020-03-31,0
2019-08-02,99600,2020-03-31,1,,,,,,,,,,,,,,,,,,,,,,,,,,,,,,,,,13988000,370858,13617142,false,false,3,2019-04-01,2019-06-30,0
2019-08-02,99600,2019-03-31,1,,,,,,,,,,,,,,,,,,,,,,,,,,,,,,,,,,,13617177,false,false,3,2018-04-01,2018-06-30,-1
2019-11-01,99600,2020-03-31,2,54426000000,0.214,,,,,2505000000,0.193,2636000000,0.140,,1666000000,,122.27,,,,,,86030000000,30349000000,0.347,2189.14,29859000000,,,,,,,,,,,,true,false,6,2019-04-01,2019-09-30,0
2019-11-01,99600,2019-03-31,2,44837000000,0.105,,,,,2100000000,0.394,2312000000,0.391,,1514000000,,111.22,,,,,,,,,,,,,,,,,,,,,,true,false,6,2018-04-01,2018-09-30,-1
2019-11-01,99600,2020-03-31,2,110000000000,0.061,,,,,5600000000,0.029,6100000000,0.043,,4100000000,,300.75,,,,,,,,,,,,,,,,,,,,,,true,true,12,2019-04-01,2020-03-31,0
2019-11-01,99600,2019-03-31,2,,,,,,,,,,,,,,,,,,,,82400000000,29203000000,0.348,2107.61,28699000000,,,,,,,,,,,,true,false,12,2018-04-01,2019-03-31,-1
2019-11-01,99600,2019-03-31,2,,,,,,,,,,,,,,,,,,,,,,,,,,,,,67.00,,,,13988000,370858,,false,false,12,2018-04-01,2019-03-31,-1
2019-11-01,99600,2020-03-31,2,,,,,,,,,,,,,,,,,,,,,,,,,,,,,17.00,,,,,,,false,false,12,2019-04-01,2020-03-31,0
2019-11-01,99600,2020-03-31,2,,,,,,,,,,,,,,,,,,,,,,,,,,,,,67.00,,,,,,,false,true,12,2019-04-01,2020-03-31,0
2019-11-01,99600,2020-03-31,2,,,,,,,,,,,,,,,,,,,,,,,,,,,,,,,,,13988000,348058,13626428,false,false,6,2019-04-01,2019-09-30,0
2019-11-01,99600,2019-03-31,2,,,,,,,,,,,,,,,,,,,,,,,,,,,,,,,,,,,13617171,false,false,6,2018-04-01,2018-09-30,-1
2020-01-31,99600,2020-03-31,3,83879000000,0.159,,,,,4075000000,0.167,4379000000,0.145,,2794000000,,205.05,,,,,,90638000000,32016000000,0.348,2311.64,31530000000,,,,,,,,,,,,true,false,9,2019-04-01,2019-12-31,0
2020-01-31,99600,2019-03-31,3,72355000000,0.132,,,,,3492000000,0.641,3824000000,0.601,,2528000000,,185.71,,,,,,,,,,,,,,,,,,,,,,true,false,9,2018-04-01,2018-12-31,-1
2020-01-31,99600,2020-03-31,3,110000000000,0.061,,,,,5600000000,0.029,6100000000,0.043,,4100000000,,300.75,,,,,,,,,,,,,,,,,,,,,,true,true,12,2019-04-01,2020-03-31,0
2020-01-31,99600,2019-03-31,3,,,,,,,,,,,,,,,,,,,,82400000000,29203000000,0.348,2107.61,28699000000,,,,,,,,,,,,true,false,12,2018-04-01,2019-03-31,-1
2020-01-31,99600,2019-03-31,3,,,,,,,,,,,,,,,,,,,,,,,,,,,,,67.00,,,,13988000,370858,,false,false,12,2018-04-01,2019-03-31,-1
2020-01-31,99600,2020-03-31,3,,,,,,,,,,,,,,,,,,,,,,,,,,,,,17.00,,,,,,,false,false,12,2019-04-01,2020-03-31,0
2020-01-31,99600,2020-03-31,3,,,,,,,,,,,,,,,,,,,,,,,,,,,,,67.00,,,,,,,false,true,12,2019-04-01,2020-03-31,0
2020-01-31,99600,2020-03-31,3,,,,,,,,,,,,,,,,,,,,,,,,,,,,,,,,,13988000,348147,13639853,false,false,9,2019-04-01,2019-12-31,0
2020-01-31,99600,2019-03-31,3,,,,,,,,,,,,,,,,,,,,,,,,,,,,,,,,,,,13617162,false,false,9,2018-04-01,2018-12-31,-1
2020-04-27,99600,2020-03-31,,117000000000,0.064,,,,,6400000000,0.143,6700000000,0.098,,4750000000,,348.43,,,,,,,,,,,,,,,,,,,,,,true,true,12,2019-04-01,2020-03-31,0
2020-04-27,99600,2019-03-31,,103670000000,,,,,,5442000000,,5851000000,,,4026000000,,295.71,,,,,,,,,,,,,,,,,,,,,,true,false,12,2018-04-01,2019-03-31,-1
2020-05-19,99600,2020-03-31,,117141000000,0.130,,,,,6464000000,0.188,6714000000,0.148,,4763000000,,349.43,,0.156,0.083,0.055,,80215000000,32291000000,0.403,2367.43,32291000000,7971000000,-3194000000,-4574000000,5699000000,,0.229,,,,,,true,false,12,2019-04-01,2020-03-31,0
2020-05-19,99600,2019-03-31,,103670000000,0.119,,,,,5442000000,0.215,5851000000,0.228,,4026000000,,295.71,,0.149,0.074,0.052,,82400000000,29203000000,0.348,2107.61,28699000000,2009000000,-5597000000,1790000000,5497000000,,0.227,,,,,,true,false,12,2018-04-01,2019-03-31,-1
2020-05-19,99600,2019-03-31,,,,,,,,,,,,,,,,,,,,,,,,,,,,,,67.00,,,,13988000,370858,13617157,false,false,12,2018-04-01,2019-03-31,-1
2020-05-19,99600,2020-03-31,,,,,,,,,,,,,,,,,,,,,,,,,,,,,,80.00,,,,13988000,348185,13632622,false,false,12,2019-04-01,2020-03-31,0
2020-05-19,99600,2020-03-31,,117141000000,0.130,,,,,6464000000,0.188,6714000000,0.148,,4763000000,,349.43,,0.156,0.083,0.055,,80215000000,32291000000,0.403,2367.43,32291000000,7971000000,-3194000000,-4574000000,5699000000,,0.229,,,,,,true,false,12,2019-04-01,2020-03-31,0
2020-05-19,99600,2019-03-31,,103670000000,0.119,,,,,5442000000,0.215,5851000000,0.228,,4026000000,,295.71,,0.149,0.074,0.052,,82400000000,29203000000,0.348,2107.61,28699000000,2009000000,-5597000000,1790000000,5497000000,,0.227,,,,,,true,false,12,2018-04-01,2019-03-31,-1
2020-05-19,99600,2019-03-31,,,,,,,,,,,,,,,,,,,,,,,,,,,,,,67.00,,,,13988000,370858,13617157,false,false,12,2018-04-01,2019-03-31,-1
2020-05-19,99600,2020-03-31,,,,,,,,,,,,,,,,,,,,,,,,,,,,,,80.00,,,,13988000,348185,13632622,false,false,12,2019-04-01,2020-03-31,0
2020-07-31,99600,2021-03-31,1,21849000000,-0.139,,,,,233000000,-0.237,387000000,0.139,,197000000,,14.49,,,,,,72962000000,32613000000,0.447,2388.97,32613000000,,,,,,,,,,,,true,false,3,2020-04-01,2020-06-30,0
2020-07-31,99600,2020-03-31,1,25383000000,0.222,,,,,305000000,-0.634,339000000,-0.649,,159000000,,11.71,,,,,,,,,,,,,,,,,,,,,,true,false,3,2019-04-01,2019-06-30,-1
2020-07-31,99600,2020-03-31,1,,,,,,,,,,,,,,,,,,,,80215000000,32291000000,0.403,2367.43,32291000000,,,,,,,,,,,,true,false,12,2019-04-01,2020-03-31,-1
2020-07-31,99600,2020-03-31,1,,,,,,,,,,,,,,,,,,,,,,,,,,,,,80.00,,,,13988000,348185,,false,false,12,2019-04-01,2020-03-31,-1
2020-07-31,99600,2021-03-31,1,,,,,,,,,,,,,,,,,,,,,,,,,,,,,,,,,13988000,336285,13645765,false,false,3,2020-04-01,2020-06-30,0
2020-07-31,99600,2020-03-31,1,,,,,,,,,,,,,,,,,,,,,,,,,,,,,,,,,,,13617142,false,false,3,2019-04-01,2019-06-30,-1
2020-08-21,99600,2021-03-31,,108000000000,,,,,,4600000000,,5100000000,,,3400000000,,249.16,,,,,,,,,,,,,,,,,,,,,,true,true,12,2020-04-01,2021-03-31,0
2020-08-21,99600,2020-03-31,,117141000000,,,,,,6464000000,,6714000000,,,4763000000,,349.43,,,,,,,,,,,,,,,,,,,,,,true,false,12,2019-04-01,2020-03-31,-1
2020-08-21,99600,2021-03-31,,,,,,,,,,,,,,,,,,,,,,,,,,,,,,80.00,,,,,,,false,true,12,2020-04-01,2021-03-31,0
2020-08-21,99600,2020-03-31,,,,,,,,,,,,,,,,,,,,,,,,,,,,,,80.00,,,,,,,false,false,12,2019-04-01,2020-03-31,-1
2020-11-02,99600,2021-03-31,2,50041000000,-0.081,,,,,2364000000,-0.056,2795000000,0.060,,1764000000,,129.32,,,,,,74964000000,34564000000,0.461,2531.89,34564000000,,,,,,,,,,,,true,false,6,2020-04-01,2020-09-30,0
2020-11-02,99600,2020-03-31,2,54426000000,0.214,,,,,2505000000,0.193,2636000000,0.140,,1666000000,,122.27,,,,,,,,,,,,,,,,,,,,,,true,false,6,2019-04-01,2019-09-30,-1
2020-11-02,99600,2021-03-31,2,108000000000,-0.078,,,,,4600000000,-0.288,5100000000,-0.241,,3400000000,,249.09,,,,,,,,,,,,,,,,,,,,,,true,true,12,2020-04-01,2021-03-31,0
2020-11-02,99600,2020-03-31,2,,,,,,,,,,,,,,,,,,,,80215000000,32291000000,0.403,2367.43,32291000000,,,,,,,,,,,,true,false,12,2019-04-01,2020-03-31,-1
2020-11-02,99600,2020-03-31,2,,,,,,,,,,,,,,,,,,,,,,,,,,,,,80.00,,,,13988000,348185,,false,false,12,2019-04-01,2020-03-31,-1
2020-11-02,99600,2021-03-31,2,,,,,,,,,,,,,,,,,,,,,,,,,,,,,17.00,,,,,,,false,false,12,2020-04-01,2021-03-31,0
2020-11-02,99600,2021-03-31,2,,,,,,,,,,,,,,,,,,,,,,,,,,,,,80.00,,,,,,,false,true,12,2020-04-01,2021-03-31,0
2020-11-02,99600,2021-03-31,2,,,,,,,,,,,,,,,,,,,,,,,,,,,,,,,,,13988000,336310,13648304,false,false,6,2020-04-01,2020-09-30,0
2020-11-02,99600,2020-03-31,2,,,,,,,,,,,,,,,,,,,,,,,,,,,,,,,,,,,13626428,false,false,6,2019-04-01,2019-09-30,-1
2021-02-02,99600,2021-03-31,3,78338000000,-0.066,,,,,3792000000,-0.069,4383000000,0.001,,2804000000,,205.45,,,,,,81238000000,36330000000,0.447,2661.29,36330000000,,,,,,,,,,,,true,false,9,2020-04-01,2020-12-31,0
2021-02-02,99600,2020-03-31,3,83879000000,0.159,,,,,4075000000,0.167,4379000000,0.145,,2794000000,,205.05,,,,,,,,,,,,,,,,,,,,,,true,false,9,2019-04-01,2019-12-31,-1
2021-02-02,99600,2021-03-31,3,108000000000,-0.078,,,,,4600000000,-0.288,5100000000,-0.241,,3400000000,,249.09,,,,,,,,,,,,,,,,,,,,,,true,true,12,2020-04-01,2021-03-31,0
2021-02-02,99600,2020-03-31,3,,,,,,,,,,,,,,,,,,,,80215000000,32291000000,0.403,2367.43,32291000000,,,,,,,,,,,,true,false,12,2019-04-01,2020-03-31,-1
2021-02-02,99600,2020-03-31,3,,,,,,,,,,,,,,,,,,,,,,,,,,,,,80.00,,,,13988000,348185,,false,false,12,2019-04-01,2020-03-31,-1
2021-02-02,99600,2021-03-31,3,,,,,,,,,,,,,,,,,,,,,,,,,,,,,17.00,,,,,,,false,false,12,2020-04-01,2021-03-31,0
2021-02-02,99600,2021-03-31,3,,,,,,,,,,,,,,,,,,,,,,,,,,,,,80.00,,,,,,,false,true,12,2020-04-01,2021-03-31,0
2021-02-02,99600,2021-03-31,3,,,,,,,,,,,,,,,,,,,,,,,,,,,,,,,,,13988000,336374,13649307,false,false,9,2020-04-01,2020-12-31,0
2021-02-02,99600,2020-03-31,3,,,,,,,,,,,,,,,,,,,,,,,,,,,,,,,,,,,13630464,false,false,9,2019-04-01,2019-12-31,-1
2021-04-15,99600,2021-03-31,,109400000000,0.013,,,,,6000000000,0.304,6800000000,0.333,,4700000000,,344.33,,,,,,,,,,,,,,,,,,,,,,true,true,12,2020-04-01,2021-03-31,0
2021-04-15,99600,2020-03-31,,117141000000,,,,,,6464000000,,6714000000,,,4763000000,,349.43,,,,,,,,,,,,,,,,,,,,,,true,false,12,2019-04-01,2020-03-31,-1
2021-04-15,99600,2021-03-31,,,,,,,,,,,,,,,,,,,,,,,,,,,,,,84.00,,,,,,,false,true,12,2020-04-01,2021-03-31,0
2021-04-15,99600,2021-03-31,,,,,,,,,,,,,,,,,,,,,,,,,,,,,,17.00,,,,,,,false,false,12,2020-04-01,2021-03-31,0
2021-04-15,99600,2020-03-31,,,,,,,,,,,,,,,,,,,,,,,,,,,,,,80.00,,,,,,,false,false,12,2019-04-01,2020-03-31,-1
2021-05-14,99600,2021-03-31,,109650000000,-0.064,,,,,6176000000,-0.045,6806000000,0.014,,4795000000,,351.29,,0.135,0.084,0.056,,81484000000,38591000000,0.474,2826.87,38591000000,5242000000,-2265000000,-3795000000,4880000000,,0.239,,,,,,true,false,12,2020-04-01,2021-03-31,0
2021-05-14,99600,2020-03-31,,117141000000,0.130,,,,,6464000000,0.188,6714000000,0.148,,4763000000,,349.43,,0.156,0.083,0.055,,80215000000,32291000000,0.403,2367.43,32291000000,7971000000,-3194000000,-4574000000,5699000000,,0.229,,,,,,true,false,12,2019-04-01,2020-03-31,-1
2021-05-14,99600,2022-03-31,,111000000000,0.012,,,,,5800000000,-0.061,6200000000,-0.089,,4100000000,,300.33,,,,,,,,,,,,,,,,0.280,,,,,,true,true,12,2021-04-01,2022-03-31,1
2021-05-14,99600,2020-03-31,,,,,,,,,,,,,,,,,,,,,,,,,,,,,,80.00,,,,13988000,348185,13632622,false,false,12,2019-04-01,2020-03-31,-1
2021-05-14,99600,2021-03-31,,,,,,,,,,,,,,,,,,,,,,,,,,,,,,84.00,,,,13988000,336374,13649842,false,false,12,2020-04-01,2021-03-31,0
2021-05-14,99600,2022-03-31,,,,,,,,,,,,,,,,,,,,,,,,,,,,,,84.00,,,,,,,false,true,12,2021-04-01,2022-03-31,1
2021-08-03,99600,2022-03-31,1,21075000000,-0.035,,,,,109000000,-0.530,239000000,-0.382,,110000000,,8.11,,,,,,74074000000,37379000000,0.505,2735.57,37379000000,,,,,,,,,,,,true,false,3,2021-04-01,2021-06-30,0
2021-08-03,99600,2021-03-31,1,21849000000,-0.139,,,,,233000000,-0.237,387000000,0.139,,197000000,,14.49,,,,,,,,,,,,,,,,,,,,,,true,false,3,2020-04-01,2020-06-30,-1
2021-08-03,99600,2022-03-31,1,111000000000,0.012,,,,,5800000000,-0.061,6200000000,-0.089,,4100000000,,300.10,,,,,,,,,,,,,,,,,,,,,,true,true,12,2021-04-01,2022-03-31,0
2021-08-03,99600,2021-03-31,1,,,,,,,,,,,,,,,,,,,,81484000000,38591000000,0.474,2826.87,38591000000,,,,,,,,,,,,true,false,12,2020-04-01,2021-03-31,-1
2021-08-03,99600,2021-03-31,1,,,,,,,,,,,,,,,,,,,,,,,,,,,,,84.00,,,,13988000,336374,,false,false,12,2020-04-01,2021-03-31,-1
2021-08-03,99600,2022-03-31,1,,,,,,,,,,,,,,,,,,,,,,,,,,,,,84.00,,,,,,,false,true,12,2021-04-01,2022-03-31,0
2021-08-03,99600,2022-03-31,1,,,,,,,,,,,,,,,,,,,,,,,,,,,,,,,,,13988000,323874,13657851,false,false,3,2021-04-01,2021-06-30,0
2021-08-03,99600,2021-03-31,1,,,,,,,,,,,,,,,,,,,,,,,,,,,,,,,,,,,13649842,false,false,3,2020-04-01,2020-06-30,-1
2021-11-02,99600,2022-03-31,2,48753000000,-0.026,,,,,2282000000,-0.035,2537000000,-0.093,,1628000000,,119.24,,,,,,77402000000,39923000000,0.516,2921.78,39923000000,,,,,,,,,,,,true,false,6,2021-04-01,2021-09-30,0
2021-11-02,99600,2021-03-31,2,50041000000,-0.081,,,,,2364000000,-0.056,2795000000,0.060,,1764000000,,129.32,,,,,,,,,,,,,,,,,,,,,,true,false,6,2020-04-01,2020-09-30,-1
2021-11-02,99600,2022-03-31,2,111000000000,0.012,,,,,5800000000,-0.061,6200000000,-0.089,,4100000000,,300.10,,,,,,,,,,,,,,,,,,,,,,true,true,12,2021-04-01,2022-03-31,0
2021-11-02,99600,2021-03-31,2,,,,,,,,,,,,,,,,,,,,81484000000,38591000000,0.474,2826.87,38591000000,,,,,,,,,,,,true,false,12,2020-04-01,2021-03-31,-1
2021-11-02,99600,2021-03-31,2,,,,,,,,,,,,,,,,,,,,,,,,,,,,,84.00,,,,13988000,336374,,false,false,12,2020-04-01,2021-03-31,-1
2021-11-02,99600,2022-03-31,2,,,,,,,,,,,,,,,,,,,,,,,,,,,,,17.00,,,,,,,false,false,12,2021-04-01,2022-03-31,0
2021-11-02,99600,2022-03-31,2,,,,,,,,,,,,,,,,,,,,,,,,,,,,,84.00,,,,,,,false,true,12,2021-04-01,2022-03-31,0
2021-11-02,99600,2022-03-31,2,,,,,,,,,,,,,,,,,,,,,,,,,,,,,,,,,13988000,323915,13660534,false,false,6,2021-04-01,2021-09-30,0
2021-11-02,99600,2021-03-31,2,,,,,,,,,,,,,,,,,,,,,,,,,,,,,,,,,,,13648304,false,false,6,2020-04-01,2020-09-30,-1
2022-02-01,99600,2022-03-31,3,76766000000,-0.020,,,,,3533000000,-0.068,3953000000,-0.098,,2539000000,,185.91,,,,,,81764000000,40619000000,0.497,2972.72,40619000000,,,,,,,,,,,,true,false,9,2021-04-01,2021-12-31,0
2022-02-01,99600,2021-03-31,3,78338000000,-0.066,,,,,3792000000,-0.069,4383000000,0.001,,2804000000,,205.45,,,,,,,,,,,,,,,,,,,,,,true,false,9,2020-04-01,2020-12-31,-1
2022-02-01,99600,2022-03-31,3,111000000000,0.012,,,,,5800000000,-0.061,6200000000,-0.089,,4100000000,,300.10,,,,,,,,,,,,,,,,,,,,,,true,true,12,2021-04-01,2022-03-31,0
2022-02-01,99600,2021-03-31,3,,,,,,,,,,,,,,,,,,,,81484000000,38591000000,0.474,2826.87,38591000000,,,,,,,,,,,,true,false,12,2020-04-01,2021-03-31,-1
2022-02-01,99600,2021-03-31,3,,,,,,,,,,,,,,,,,,,,,,,,,,,,,84.00,,,,13988000,336374,,false,false,12,2020-04-01,2021-03-31,-1
2022-02-01,99600,2022-03-31,3,,,,,,,,,,,,,,,,,,,,,,,,,,,,,17.00,,,,,,,false,false,12,2021-04-01,2022-03-31,0
2022-02-01,99600,2022-03-31,3,,,,,,,,,,,,,,,,,,,,,,,,,,,,,84.00,,,,,,,false,true,12,2021-04-01,2022-03-31,0
2022-02-01,99600,2022-03-31,3,,,,,,,,,,,,,,,,,,,,,,,,,,,,,,,,,13988000,323939,13661597,false,false,9,2021-04-01,2021-12-31,0
2022-02-01,99600,2021-03-31,3,,,,,,,,,,,,,,,,,,,,,,,,,,,,,,,,,,,13649307,false,false,9,2020-04-01,2020-12-31,-1
2022-04-19,99600,2022-03-31,,110100000000,-0.008,,,,,6300000000,0.086,7100000000,0.145,,4600000000,,336.65,,,,,,,,,,,,,,,,,,,,,,true,true,12,2021-04-01,2022-03-31,0
2022-04-19,99600,2021-03-31,,109650000000,,,,,,6176000000,,6806000000,,,4795000000,,351.29,,,,,,,,,,,,,,,,,,,,,,true,false,12,2020-04-01,2021-03-31,-1
,99600,2022-03-31,,,,,,,,,,,,,,,,,,,,,,,,,,,,,,134.00,,,,,,,false,true,12,2021-04-01,2022-03-31,0
,99600,2022-03-31,,,,,,,,,,,,,,,,,,,,,,,,,,,,,,17.00,,,,,,,false,false,12,2021-04-01,2022-03-31,0
,99600,2021-03-31,,,,,,,,,,,,,,,,,,,,,,,,,,,,,,84.00,,,,,,,false,false,12,2020-04-01,2021-03-31,-1
2022-05-13,99600,2022-03-31,,110120000000,0.004,,,,,6297000000,0.020,7120000000,0.046,,4724000000,,345.82,,0.118,0.086,0.057,,84611000000,41669000000,0.492,3049.57,41669000000,11010000000,-5127000000,-3296000000,7660000000,,0.402,,,,,,true,false,12,2021-04-01,2022-03-31,0
2022-05-13,99600,2021-03-31,,109650000000,-0.064,,,,,6176000000,-0.045,6806000000,0.014,,4795000000,,351.29,,0.135,0.084,0.056,,81484000000,38591000000,0.474,2826.87,38591000000,5242000000,-2265000000,-3795000000,4880000000,,0.239,,,,,,true,false,12,2020-04-01,2021-03-31,-1
2022-05-13,99600,2023-03-31,,122000000000,0.108,,,,,7000000000,0.112,7500000000,0.053,,5000000000,,365.92,,,,,,,,,,,,,,,,0.402,,,,,,true,true,12,2022-04-01,2023-03-31,1
2022-05-13,99600,2021-03-31,,,,,,,,,,,,,,,,,,,,,,,,,,,,,,84.00,,,,13988000,336374,13649842,false,false,12,2020-04-01,2021-03-31,-1
2022-05-13,99600,2022-03-31,,,,,,,,,,,,,,,,,,,,,,,,,,,,,,139.00,,,,13988000,323986,13662155,false,false,12,2021-04-01,2022-03-31,0
2022-05-13,99600,2023-03-31,,,,,,,,,,,,,,,,,,,,,,,,,,,,,,147.00,,,,,,,false,true,12,2022-04-01,2023-03-31,1
2022-07-29,99600,2023-03-31,1,23698000000,0.124,,,,,133000000,0.221,303000000,0.269,,143000000,,10.51,,,,,,78213000000,40100000000,0.513,2931.95,40100000000,,,,,,,,,,,,true,false,3,2022-04-01,2022-06-30,0
2022-07-29,99600,2022-03-31,1,21075000000,-0.035,,,,,109000000,-0.530,239000000,-0.382,,110000000,,8.11,,,,,,,,,,,,,,,,,,,,,,true,false,3,2021-04-01,2021-06-30,-1
2022-07-29,99600,2023-03-31,1,122000000000,0.108,,,,,7000000000,0.112,7500000000,0.053,,5000000000,,365.63,,,,,,,,,,,,,,,,,,,,,,true,true,12,2022-04-01,2023-03-31,0
2022-07-29,99600,2022-03-31,1,,,,,,,,,,,,,,,,,,,,84611000000,41669000000,0.492,3049.57,41669000000,,,,,,,,,,,,true,false,12,2021-04-01,2022-03-31,-1
2022-07-29,99600,2022-03-31,1,,,,,,,,,,,,,,,,,,,,,,,,,,,,,139.00,,,,13988000,323986,,false,false,12,2021-04-01,2022-03-31,-1
2022-07-29,99600,2023-03-31,1,,,,,,,,,,,,,,,,,,,,,,,,,,,,,147.00,,,,,,,false,true,12,2022-04-01,2023-03-31,0
2022-07-29,99600,2023-03-31,1,,,,,,,,,,,,,,,,,,,,,,,,,,,,,,,,,13988000,310986,13669964,false,false,3,2022-04-01,2022-06-30,0
2022-07-29,99600,2022-03-31,1,,,,,,,,,,,,,,,,,,,,,,,,,,,,,,,,,,,13657851,false,false,3,2021-04-01,2021-06-30,-1
2022-11-02,99600,2023-03-31,2,55095000000,0.130,,,,,2639000000,0.156,2969000000,0.170,,1917000000,,140.17,,,,,,83961000000,42460000000,0.506,3102.11,42460000000,,,,,,,,,,,,true,false,6,2022-04-01,2022-09-30,0
2022-11-02,99600,2022-03-31,2,48753000000,-0.026,,,,,2282000000,-0.035,2537000000,-0.093,,1628000000,,119.24,,,,,,,,,,,,,,,,,,,,,,true,false,6,2021-04-01,2021-09-30,-1
2022-11-02,99600,2023-03-31,2,122000000000,0.108,,,,,7000000000,0.112,7500000000,0.053,,5000000000,,365.44,,,,,,,,,,,,,,,,,,,,,,true,true,12,2022-04-01,2023-03-31,0
2022-11-02,99600,2022-03-31,2,,,,,,,,,,,,,,,,,,,,84611000000,41669000000,0.492,3049.57,41669000000,,,,,,,,,,,,true,false,12,2021-04-01,2022-03-31,-1
2022-11-02,99600,2022-03-31,2,,,,,,,,,,,,,,,,,,,,,,,,,,,,,139.00,,,,13988000,323986,,false,false,12,2021-04-01,2022-03-31,-1
2022-11-02,99600,2023-03-31,2,,,,,,,,,,,,,,,,,,,,,,,,,,,,,49.00,,,,,,,false,false,12,2022-04-01,2023-03-31,0
2022-11-02,99600,2023-03-31,2,,,,,,,,,,,,,,,,,,,,,,,,,,,,,147.00,,,,,,,false,true,12,2022-04-01,2023-03-31,0
2022-11-02,99600,2023-03-31,2,,,,,,,,,,,,,,,,,,,,,,,,,,,,,,,,,13988000,300466,13677494,false,false,6,2022-04-01,2022-09-30,0
2022-11-02,99600,2022-03-31,2,,,,,,,,,,,,,,,,,,,,,,,,,,,,,,,,,,,13660534,false,false,6,2021-04-01,2021-09-30,-1
2023-01-31,99600,2023-03-31,3,87666000000,0.142,,,,,4398000000,0.245,4911000000,0.242,,3161000000,,231.08,,,,,,90375000000,42892000000,0.475,3133.69,42892000000,,,,,,,,,,,,true,false,9,2022-04-01,2022-12-31,0
2023-01-31,99600,2022-03-31,3,76766000000,-0.020,,,,,3533000000,-0.068,3953000000,-0.098,,2539000000,,185.91,,,,,,,,,,,,,,,,,,,,,,true,false,9,2021-04-01,2021-12-31,-1
2023-01-31,99600,2023-03-31,3,122000000000,0.108,,,,,7000000000,0.112,7500000000,0.053,,5000000000,,365.44,,,,,,,,,,,,,,,,,,,,,,true,true,12,2022-04-01,2023-03-31,0
2023-01-31,99600,2022-03-31,3,,,,,,,,,,,,,,,,,,,,84693000000,41669000000,0.492,3049.57,41669000000,,,,,,,,,,,,true,false,12,2021-04-01,2022-03-31,-1
2023-01-31,99600,2022-03-31,3,,,,,,,,,,,,,,,,,,,,,,,,,,,,,139.00,,,,13988000,323986,,false,false,12,2021-04-01,2022-03-31,-1
2023-01-31,99600,2023-03-31,3,,,,,,,,,,,,,,,,,,,,,,,,,,,,,49.00,,,,,,,false,false,12,2022-04-01,2023-03-31,0
2023-01-31,99600,2023-03-31,3,,,,,,,,,,,,,,,,,,,,,,,,,,,,,147.00,,,,,,,false,true,12,2022-04-01,2023-03-31,0
2023-01-31,99600,2023-03-31,3,,,,,,,,,,,,,,,,,,,,,,,,,,,,,,,,,13988000,300466,13680506,false,false,9,2022-04-01,2022-12-31,0
2023-01-31,99600,2022-03-31,3,,,,,,,,,,,,,,,,,,,,,,,,,,,,,,,,,,,13661597,false,false,9,2021-04-01,2021-12-31,-1
2023-05-10,99600,2023-03-31,,126700000000,0.039,,,,,7600000000,0.086,8200000000,0.093,,5000000000,,365.92,,,,,,,,,,,,,,,,,,,,,,true,true,12,2022-04-01,2023-03-31,0
2023-05-10,99600,2022-03-31,,110120000000,,,,,,6297000000,,7120000000,,,4724000000,,345.82,,,,,,,,,,,,,,,,,,,,,,true,false,12,2021-04-01,2022-03-31,-1
2023-05-10,99600,2023-03-31,,96125000000,,,,,,5672000000,,6237000000,,4397000000,,,321.44,,,,,,,,,,,,,,,,,,,,,,false,true,12,2022-04-01,2023-03-31,0
2023-05-10,99600,2022-03-31,,85280000000,,,,,,4604000000,,5493000000,,3776000000,,,276.42,,,,,,,,,,,,,,,,,,,,,,false,false,12,2021-04-01,2022-03-31,-1
2023-06-30,99600,2023-03-31,,126696000000,0.151,,,,,7730000000,0.228,8172000000,0.148,,5230000000,,382.29,,0.120,0.092,0.061,,92058000000,45492000000,0.494,3323.65,45492000000,4758000000,-5032000000,-2649000000,4938000000,,0.424,,,,,,true,false,12,2022-04-01,2023-03-31,0
2023-06-30,99600,2022-03-31,,110120000000,0.004,,,,,6297000000,0.020,7120000000,0.046,,4724000000,,345.82,,0.118,0.086,0.057,,84693000000,41669000000,0.492,3049.57,41669000000,11010000000,-5127000000,-3296000000,7660000000,,0.402,,,,,,true,false,12,2021-04-01,2022-03-31,-1
2023-06-30,99600,2024-03-31,,135000000000,0.066,,,,,8800000000,0.138,9300000000,0.138,,6200000000,,452.97,,,,,,,,,,,,,,,,0.402,,,,,,true,true,12,2023-04-01,2024-03-31,1
2023-06-30,99600,2022-03-31,,,,,,,,,,,,,,,,,,,,,,,,,,,,,,139.00,,,,13988000,323986,13662155,false,false,12,2021-04-01,2022-03-31,-1
2023-06-30,99600,2023-03-31,,,,,,,,,,,,,,,,,,,,,,,,,,,,,,162.00,,,,13988000,300466,13682128,false,false,12,2022-04-01,2023-03-31,0
2023-06-30,99600,2024-03-31,,,,,,,,,,,,,,,,,,,,,,,,,,,,,,182.00,,,,,,,false,true,12,2023-04-01,2024-03-31,1
2023-07-31,99600,2024-03-31,1,27732000000,0.170,,,,,331000000,1.552,526000000,0.758,,256000000,,18.72,,,,,,87183000000,45992000000,0.528,3356.55,45992000000,,,,,,,,,,,,true,false,3,2023-04-01,2023-06-30,0
2023-07-31,99600,2023-03-31,1,23698000000,0.124,,,,,129000000,0.183,299000000,0.251,,143000000,,10.51,,,,,,,,,,,,,,,,,,,,,,true,false,3,2022-04-01,2022-06-30,-1
2023-07-31,99600,2024-03-31,1,135000000000,0.066,,,,,8800000000,0.138,9300000000,0.138,,6200000000,,452.55,,,,,,,,,,,,,,,,,,,,,,true,true,12,2023-04-01,2024-03-31,0
2023-07-31,99600,2023-03-31,1,,,,,,,,,,,,,,,,,,,,92058000000,45492000000,0.494,3323.65,45492000000,,,,,,,,,,,,true,false,12,2022-04-01,2023-03-31,-1
2023-07-31,99600,2023-03-31,1,,,,,,,,,,,,,,,,,,,,,,,,,,,,,162.00,,,,13988000,300466,,false,false,12,2022-04-01,2023-03-31,-1
2023-07-31,99600,2024-03-31,1,,,,,,,,,,,,,,,,,,,,,,,,,,,,,182.00,,,,,,,false,true,12,2023-04-01,2024-03-31,0
2023-07-31,99600,2024-03-31,1,,,,,,,,,,,,,,,,,,,,,,,,,,,,,,,,,13988000,285566,13694984,false,false,3,2023-04-01,2023-06-30,0
2023-07-31,99600,2023-03-31,1,,,,,,,,,,,,,,,,,,,,,,,,,,,,,,,,,,,13669964,false,false,3,2022-04-01,2022-06-30,-1
2023-11-01,99600,2024-03-31,2,63721000000,0.157,,,,,3616000000,0.375,4078000000,0.377,,2662000000,,194.34,,,,,,95072000000,47934000000,0.504,3496.58,47934000000,,,,,,,,,,,,true,false,6,2023-04-01,2023-09-30,0
2023-11-01,99600,2023-03-31,2,55095000000,0.130,,,,,2630000000,0.152,2961000000,0.167,,1917000000,,140.17,,,,,,,,,,,,,,,,,,,,,,true,false,6,2022-04-01,2022-09-30,-1
2023-11-01,99600,2024-03-31,2,135000000000,0.066,,,,,8800000000,0.138,9300000000,0.138,,6200000000,,452.40,,,,,,,,,,,,,,,,,,,,,,true,true,12,2023-04-01,2024-03-31,0
2023-11-01,99600,2023-03-31,2,,,,,,,,,,,,,,,,,,,,92058000000,45492000000,0.494,3323.65,45492000000,,,,,,,,,,,,true,false,12,2022-04-01,2023-03-31,-1
2023-11-01,99600,2023-03-31,2,,,,,,,,,,,,,,,,,,,,,,,,,,,,,162.00,,,,13988000,300466,,false,false,12,2022-04-01,2023-03-31,-1
2023-11-01,99600,2024-03-31,2,,,,,,,,,,,,,,,,,,,,,,,,,,,,,61.00,,,,,,,false,false,12,2023-04-01,2024-03-31,0
2023-11-01,99600,2024-03-31,2,,,,,,,,,,,,,,,,,,,,,,,,,,,,,182.00,,,,,,,false,true,12,2023-04-01,2024-03-31,0
2023-11-01,99600,2024-03-31,2,,,,,,,,,,,,,,,,,,,,,,,,,,,,,,,,,13988000,278966,13701005,false,false,6,2023-04-01,2023-09-30,0
2023-11-01,99600,2023-03-31,2,,,,,,,,,,,,,,,,,,,,,,,,,,,,,,,,,,,13677494,false,false,6,2022-04-01,2022-09-30,-1
2024-01-31,99600,2024-03-31,3,101116000000,0.153,,,,,6699000000,0.523,7360000000,0.499,,4917000000,,358.84,,,,,,101616000000,50032000000,0.492,3649.57,50032000000,,,,,,,,,,,,true,false,9,2023-04-01,2023-12-31,0
2024-01-31,99600,2023-03-31,3,87666000000,0.142,,,,,4398000000,0.245,4911000000,0.242,,3161000000,,231.08,,,,,,,,,,,,,,,,,,,,,,true,false,9,2022-04-01,2022-12-31,-1
2024-01-31,99600,2024-03-31,3,140000000000,0.105,,,,,10000000000,0.294,10500000000,0.285,,6700000000,,488.88,,,,,,,,,,,,,,,,,,,,,,true,true,12,2023-04-01,2024-03-31,0
2024-01-31,99600,2023-03-31,3,,,,,,,,,,,,,,,,,,,,92058000000,45492000000,0.494,3323.65,45492000000,,,,,,,,,,,,true,false,12,2022-04-01,2023-03-31,-1
2024-01-31,99600,2023-03-31,3,,,,,,,,,,,,,,,,,,,,,,,,,,,,,162.00,,,,13988000,300466,,false,false,12,2022-04-01,2023-03-31,-1
2024-01-31,99600,2024-03-31,3,,,,,,,,,,,,,,,,,,,,,,,,,,,,,61.00,,,,,,,false,false,12,2023-04-01,2024-03-31,0
2024-01-31,99600,2024-03-31,3,,,,,,,,,,,,,,,,,,,,,,,,,,,,,196.00,,,,,,,false,true,12,2023-04-01,2024-03-31,0
2024-01-31,99600,2024-03-31,3,,,,,,,,,,,,,,,,,,,,,,,,,,,,,,,,,13988000,278966,13703414,false,false,9,2023-04-01,2023-12-31,0
2024-01-31,99600,2023-03-31,3,,,,,,,,,,,,,,,,,,,,,,,,,,,,,,,,,,,13680506,false,false,9,2022-04-01,2022-12-31,-1
2024-01-31,99600,2024-03-31,,140000000000,0.037,,,,,10000000000,0.136,10500000000,0.129,,6700000000,,488.88,,,,,,,,,,,,,,,,,,,,,,true,true,12,2023-04-01,2024-03-31,0
2024-01-31,99600,2023-03-31,,126696000000,,,,,,7730000000,,8172000000,,,5230000000,,382.29,,,,,,,,,,,,,,,,,,,,,,true,false,12,2022-04-01,2023-03-31,-1
2024-01-31,99600,2024-03-31,,,,,,,,,,,,,,,,,,,,,,,,,,,,,,196.00,,,,,,,false,true,12,2023-04-01,2024-03-31,0
2024-01-31,99600,2024-03-31,,,,,,,,,,,,,,,,,,,,,,,,,,,,,,61.00,,,,,,,false,false,12,2023-04-01,2024-03-31,0
2024-01-31,99600,2023-03-31,,,,,,,,,,,,,,,,,,,,,,,,,,,,,,162.00,,,,,,,false,false,12,2022-04-01,2023-03-31,-1
2024-05-15,99600,2024-03-31,,140732000000,0.111,,,,,9905000000,0.281,10585000000,0.295,,7004000000,,170.36,,0.142,0.110,0.070,,100479000000,53437000000,0.532,1299.26,53434000000,9939000000,-437000000,-6016000000,8524000000,,0.401,,,,,,true,false,12,2023-04-01,2024-03-31,0
2024-05-15,99600,2023-03-31,,126696000000,0.151,,,,,7730000000,0.228,8172000000,0.148,,5230000000,,127.43,,0.120,0.092,0.061,,92058000000,45492000000,0.494,1107.88,45492000000,4758000000,-5032000000,-2649000000,4938000000,,0.424,,,,,,true,false,12,2022-04-01,2023-03-31,-1
2024-05-15,99600,2025-03-31,,146000000000,0.037,,,,,10500000000,0.060,11000000000,0.039,,7500000000,,182.36,,,,,,,,,,,,,,,,0.400,,,,,,true,true,12,2024-04-01,2025-03-31,1
2024-05-15,99600,2023-03-31,,,,,,,,,,,,,,,,,,,,,,,,,,,,,,162.00,,,,41964000,901398,41046384,false,false,12,2022-04-01,2023-03-31,-1
2024-05-15,99600,2024-03-31,,,,,,,,,,,,,,,,,,,,,,,,,,,,,,205.00,,,,41964000,837039,41114122,false,false,12,2023-04-01,2024-03-31,0
2024-05-15,99600,2025-03-31,,,,,,,,,,,,,,,,,,,,,,,,,,,,,,73.00,,,,,,,false,true,12,2024-04-01,2025-03-31,1
2024-08-09,99600,2025-03-31,1,31729000000,0.144,,,,,2228000000,5.728,2615000000,3.970,,2002000000,,48.69,,,,,,96091000000,54299000000,0.565,,54297000000,,,,,,,,,,,,true,false,3,2024-04-01,2024-06-30,0
2024-08-09,99600,2024-03-31,1,27732000000,0.170,,,,,331000000,1.552,526000000,0.758,,256000000,,6.24,,,,,,,,,,,,,,,,,,,,,,true,false,3,2023-04-01,2023-06-30,-1
2024-08-09,99600,2025-03-31,1,146000000000,0.037,,,,,10500000000,0.060,11000000000,0.039,,7500000000,,182.32,,,,,,,,,,,,,,,,,,,,,,true,true,12,2024-04-01,2025-03-31,0
2024-08-09,99600,2024-03-31,1,,,,,,,,,,,,,,,,,,,,100479000000,53437000000,0.532,,53434000000,,,,,,,,,,,,true,false,12,2023-04-01,2024-03-31,-1
2024-08-09,99600,2024-03-31,1,,,,,,,,,,,,,,,,,,,,,,,,,,,,,205.00,,,,41964000,837039,,false,false,12,2023-04-01,2024-03-31,-1
2024-08-09,99600,2025-03-31,1,,,,,,,,,,,,,,,,,,,,,,,,,,,,,73.00,,,,,,,false,true,12,2024-04-01,2025-03-31,0
2024-08-09,99600,2025-03-31,1,,,,,,,,,,,,,,,,,,,,,,,,,,,,,,,,,41964000,823674,41130302,false,false,3,2024-04-01,2024-06-30,0
2024-08-09,99600,2024-03-31,1,,,,,,,,,,,,,,,,,,,,,,,,,,,,,,,,,,,41084952,false,false,3,2023-04-01,2023-06-30,-1
2024-11-11,99600,2025-03-31,2,68343000000,0.073,,,,,5856000000,0.619,6385000000,0.566,,4531000000,,110.14,,,,,,99276000000,56371000000,0.568,1369.72,56370000000,,,,,,,,,,,,true,false,6,2024-04-01,2024-09-30,0
2024-11-11,99600,2024-03-31,2,63721000000,0.157,,,,,3616000000,0.375,4078000000,0.377,,2662000000,,64.78,,,,,,,,,,,,,,,,,,,,,,true,false,6,2023-04-01,2023-09-30,-1
2024-11-11,99600,2025-03-31,2,146000000000,0.037,,,,,12200000000,0.232,13000000000,0.228,,9000000000,,218.73,,,,,,,,,,,,,,,,,,,,,,true,true,12,2024-04-01,2025-03-31,0
2024-11-11,99600,2024-03-31,2,,,,,,,,,,,,,,,,,,,,100479000000,53437000000,0.532,1299.26,53434000000,,,,,,,,,,,,true,false,12,2023-04-01,2024-03-31,-1
2024-11-11,99600,2024-03-31,2,,,,,,,,,,,,,,,,,,,,,,,,,,,,,205.00,,,,41964000,837039,,false,false,12,2023-04-01,2024-03-31,-1
2024-11-11,99600,2025-03-31,2,,,,,,,,,,,,,,,,,,,,,,,,,,,,,24.00,,,,,,,false,false,12,2024-04-01,2025-03-31,0
2024-11-11,99600,2025-03-31,2,,,,,,,,,,,,,,,,,,,,,,,,,,,,,88.00,,,,,,,false,true,12,2024-04-01,2025-03-31,0
2024-11-11,99600,2025-03-31,2,,,,,,,,,,,,,,,,,,,,,,,,,,,,,,,,,41964000,808875,41140941,false,false,6,2024-04-01,2024-09-30,0
2024-11-11,99600,2024-03-31,2,,,,,,,,,,,,,,,,,,,,,,,,,,,,,,,,,,,41103015,false,false,6,2023-04-01,2023-09-30,-1
2024-11-11,99600,2025-03-31,,146000000000,,,,,,12200000000,0.162,13000000000,0.182,,9000000000,,218.73,,,,,,,,,,,,,,,,,,,,,,true,true,12,2024-04-01,2025-03-31,0
2024-11-11,99600,2024-03-31,,140732000000,,,,,,9905000000,,10585000000,,,7004000000,,170.36,,,,,,,,,,,,,,,,,,,,,,true,false,12,2023-04-01,2024-03-31,-1
2024-11-11,99600,2025-03-31,,,,,,,,,,,,,,,,,,,,,,,,,,,,,,88.00,,,,,,,false,true,12,2024-04-01,2025-03-31,0
2024-11-11,99600,2025-03-31,,,,,,,,,,,,,,,,,,,,,,,,,,,,,,24.00,,,,,,,false,false,12,2024-04-01,2025-03-31,0
2024-11-11,99600,2024-03-31,,,,,,,,,,,,,,,,,,,,,,,,,,,,,,205.00,,,,,,,false,false,12,2023-04-01,2024-03-31,-1
2025-02-10,99600,2025-03-31,3,110422000000,0.092,,,,,10190000000,0.521,11037000000,0.500,,7674000000,,186.52,,,,,,102903000000,59068000000,0.574,1435.29,59069000000,,,,,,,,,,,,true,false,9,2024-04-01,2024-12-31,0
2025-02-10,99600,2024-03-31,3,101116000000,0.153,,,,,6699000000,0.523,7360000000,0.499,,4917000000,,119.61,,,,,,,,,,,,,,,,,,,,,,true,false,9,2023-04-01,2023-12-31,-1
2025-02-10,99600,2025-03-31,3,155000000000,0.101,,,,,13000000000,0.312,13800000000,0.304,,9500000000,,230.88,,,,,,,,,,,,,,,,,,,,,,true,true,12,2024-04-01,2025-03-31,0
2025-02-10,99600,2024-03-31,3,,,,,,,,,,,,,,,,,,,,100479000000,53437000000,0.532,1299.26,53434000000,,,,,,,,,,,,true,false,12,2023-04-01,2024-03-31,-1
2025-02-10,99600,2024-03-31,3,,,,,,,,,,,,,,,,,,,,,,,,,,,,,205.00,,,,41964000,837039,,false,false,12,2023-04-01,2024-03-31,-1
2025-02-10,99600,2025-03-31,3,,,,,,,,,,,,,,,,,,,,,,,,,,,,,24.00,,,,,,,false,false,12,2024-04-01,2025-03-31,0
2025-02-10,99600,2025-03-31,3,,,,,,,,,,,,,,,,,,,,,,,,,,,,,93.00,,,,,,,false,true,12,2024-04-01,2025-03-31,0
2025-02-10,99600,2025-03-31,3,,,,,,,,,,,,,,,,,,,,,,,,,,,,,,,,,41964000,808875,41145196,false,false,9,2024-04-01,2024-12-31,0
2025-02-10,99600,2024-03-31,3,,,,,,,,,,,,,,,,,,,,,,,,,,,,,,,,,,,41110242,false,false,9,2023-04-01,2023-12-31,-1
2025-02-10,99600,2025-03-31,,155000000000,0.062,,,,,13000000000,0.066,13800000000,0.062,,9500000000,,230.88,,,,,,,,,,,,,,,,,,,,,,true,true,12,2024-04-01,2025-03-31,0
2025-02-10,99600,2024-03-31,,140732000000,,,,,,9905000000,,10585000000,,,7004000000,,170.36,,,,,,,,,,,,,,,,,,,,,,true,false,12,2023-04-01,2024-03-31,-1
2025-02-10,99600,2025-03-31,,,,,,,,,,,,,,,,,,,,,,,,,,,,,,93.00,,,,,,,false,true,12,2024-04-01,2025-03-31,0
2025-02-10,99600,2025-03-31,,,,,,,,,,,,,,,,,,,,,,,,,,,,,,24.00,,,,,,,false,false,12,2024-04-01,2025-03-31,0
2025-02-10,99600,2024-03-31,,,,,,,,,,,,,,,,,,,,,,,,,,,,,,205.00,,,,,,,false,false,12,2023-04-01,2024-03-31,-1
,99600,2025-03-31,,,,,,,,,,,,,,,,,,,,,,,,,,,,,,100.00,,,,,,,false,true,12,2024-04-01,2025-03-31,0
,99600,2025-03-31,,,,,,,,,,,,,,,,,,,,,,,,,,,,,,24.00,,,,,,,false,false,12,2024-04-01,2025-03-31,0
,99600,2024-03-31,,,,,,,,,,,,,,,,,,,,,,,,,,,,,,205.00,,,,,,,false,false,12,2023-04-01,2024-03-31,-1
2025-05-15,99600,2025-03-31,,155958000000,0.108,,,,,14691000000,0.483,15574000000,0.471,,11194000000,,272.06,,0.195,0.151,0.094,,105229000000,61229000000,0.582,1487.75,61228000000,13883000000,-1104000000,-8414000000,13046000000,,0.426,,,,,,true,false,12,2024-04-01,2025-03-31,0
2025-05-15,99600,2024-03-31,,140732000000,0.111,,,,,9905000000,0.281,10585000000,0.295,,7004000000,,170.36,,0.142,0.110,0.070,,100479000000,53437000000,0.532,1299.26,53434000000,9939000000,-437000000,-6016000000,8524000000,,0.401,,,,,,true,false,12,2023-04-01,2024-03-31,-1
2025-05-15,99600,2026-03-31,,160000000000,0.026,,,,,15000000000,0.021,15800000000,0.015,,10700000000,,259.99,,,,,,,,,,,,,,,,0.400,,,,,,true,true,12,2025-04-01,2026-03-31,1
2025-05-15,99600,2024-03-31,,,,,,,,,,,,,,,,,,,,,,,,,,,,,,205.00,,,,41964000,837039,41114122,false,false,12,2023-04-01,2024-03-31,-1
2025-05-15,99600,2025-03-31,,,,,,,,,,,,,,,,,,,,,,,,,,,,,,116.00,,,,41964000,808875,41147487,false,false,12,2024-04-01,2025-03-31,0
2025-05-15,99600,2026-03-31,,,,,,,,,,,,,,,,,,,,,,,,,,,,,,104.00,,,,,,,false,true,12,2025-04-01,2026-03-31,1
2025-08-08,99600,2026-03-31,1,36161000000,0.140,,,,,2960000000,0.329,3282000000,0.255,,2195000000,,53.33,,,,,,100181000000,60869000000,0.608,,60870000000,,,,,,,,,,,,true,false,3,2025-04-01,2025-06-30,0
2025-08-08,99600,2025-03-31,1,31729000000,0.144,,,,,2228000000,5.728,2615000000,3.970,,2002000000,,48.69,,,,,,,,,,,,,,,,,,,,,,true,false,3,2024-04-01,2024-06-30,-1
2025-08-08,99600,2026-03-31,1,160000000000,0.026,,,,,15000000000,0.021,15800000000,0.015,,10700000000,,259.92,,,,,,,,,,,,,,,,,,,,,,true,true,12,2025-04-01,2026-03-31,0
2025-08-08,99600,2025-03-31,1,,,,,,,,,,,,,,,,,,,,105229000000,61229000000,0.582,,61228000000,,,,,,,,,,,,true,false,12,2024-04-01,2025-03-31,-1
2025-08-08,99600,2025-03-31,1,,,,,,,,,,,,,,,,,,,,,,,,,,,,,116.00,,,,41964000,808875,,false,false,12,2024-04-01,2025-03-31,-1
2025-08-08,99600,2026-03-31,1,,,,,,,,,,,,,,,,,,,,,,,,,,,,,104.00,,,,,,,false,true,12,2025-04-01,2026-03-31,0
2025-08-08,99600,2026-03-31,1,,,,,,,,,,,,,,,,,,,,,,,,,,,,,,,,,41964000,794133,41158811,false,false,3,2025-04-01,2025-06-30,0
2025-08-08,99600,2025-03-31,1,,,,,,,,,,,,,,,,,,,,,,,,,,,,,,,,,,,41130302,false,false,3,2024-04-01,2024-06-30,-1
