filing_date,code,fiscal_year_end,quarterly_period,net_sales,net_sales_change,revenue,revenue_change,operating_revenue,operating_revenue_change,operating_profit,operating_profit_change,ordinary_profit,ordinary_profit_change,net_income,net_income_of_parent,net_income_change,eps,diluted_eps,roe,roa,operating_profit_to_net_sales,operating_profit_to_revenue,total_assets,net_assets,equity_ratio,bps,owner_equity,operating_cash_flow,investing_cash_flow,financing_cash_flow,cash,dividend_per_share,payout_ratio,commemorative_dividend,extra_dividend,number_of_shares,number_of_treqsury_shares,avg_number_of_shares,is_consolidated,is_forecast,duration,period_start,period_end,period_pos
2015-05-14,99620,2015-03-31,,208562000000,0.199,,,,,23759000000,0.251,23352000000,0.218,14291000000,,0.224,156.83,156.31,0.115,0.134,0.114,,184784000000,132883000000,0.715,1446.50,132138000000,11308000000,-7449000000,-3453000000,37267000000,,0.250,,,,,,true,false,12,2014-04-01,2015-03-31,0
2015-05-14,99620,2014-03-31,,173904000000,0.290,,,,,18989000000,0.130,19168000000,0.135,11678000000,,0.182,128.82,128.30,0.107,0.128,0.109,,163201000000,116577000000,0.711,1275.17,115966000000,15484000000,-19100000000,7795000000,34253000000,,0.250,,,,,,true,false,12,2013-04-01,2014-03-31,-1
2015-05-14,99620,2016-03-31,,114800000000,0.163,,,,,13900000000,0.102,13900000000,0.143,,8600000000,,31.38,,,,,,,,,,,,,,,,,,,,,,true,true,6,2015-04-01,2015-09-30,1
2015-05-14,99620,2016-03-31,,242000000000,0.160,,,,,27100000000,0.141,27100000000,0.160,,16900000000,,61.67,,,,,,,,,,,,,,,,0.250,,,,,,true,true,12,2015-04-01,2016-03-31,1
2015-05-14,99620,2015-03-31,,13235000000,0.093,,,,,3243000000,0.963,3158000000,0.661,3072000000,,0.740,33.72,33.61,,,,,68768000000,51300000000,0.743,559.07,51071000000,,,,,39.15,,,,91392784,42331,91129877,false,false,12,2014-04-01,2015-03-31,0
2015-05-14,99620,2014-03-31,,12108000000,0.085,,,,,1652000000,-0.302,1901000000,-0.267,1766000000,,-0.331,19.48,19.40,,,,,66848000000,50658000000,0.754,554.06,50387000000,,,,,32.16,,,,90983484,41945,90660638,false,false,12,2013-04-01,2014-03-31,-1
2015-05-14,99620,2016-03-31,,,,,,,,,,,,,,,,,,,,,,,,,,,,,,15.42,,,,,,,false,true,12,2015-04-01,2016-03-31,1
2015-07-29,99620,2016-03-31,1,57129000000,0.187,,,,,6183000000,-0.052,6023000000,-0.072,,3801000000,,13.87,13.83,,,,,185185000000,135340000000,0.727,,134580000000,,,,,,,,,,,,true,false,3,2015-04-01,2015-06-30,0
2015-07-29,99620,2015-03-31,1,48114000000,0.195,,,,,6520000000,0.263,6490000000,0.257,,4087000000,,14.98,14.51,,,,,,,,,,,,,,,,,,,,,true,false,3,2014-04-01,2014-06-30,-1
2015-07-29,99620,2016-03-31,1,114800000000,0.163,,,,,13900000000,0.102,13900000000,0.143,,8600000000,,31.38,,,,,,,,,,,,,,,,,,,,,,true,true,6,2015-04-01,2015-09-30,0
2015-07-29,99620,2016-03-31,1,242000000000,0.160,,,,,27100000000,0.141,27100000000,0.160,,16900000000,,61.67,,,,,,,,,,,,,,,,,,,,,,true,true,12,2015-04-01,2016-03-31,0
2015-07-29,99620,2015-03-31,1,,,,,,,,,,,,,,,,,,,,184784000000,132883000000,0.715,,132138000000,,,,,,,,,,,,true,false,12,2014-04-01,2015-03-31,-1
2015-07-29,99620,2015-03-31,1,,,,,,,,,,,,,,,,,,,,,,,,,,,,,39.15,,,,274178352,126993,,false,false,12,2014-04-01,2015-03-31,-1
2015-07-29,99620,2016-03-31,1,,,,,,,,,,,,,,,,,,,,,,,,,,,,,15.42,,,,,,,false,true,12,2015-04-01,2016-03-31,0
2015-07-29,99620,2016-03-31,1,,,,,,,,,,,,,,,,,,,,,,,,,,,,,,,,,274260252,127329,274081478,false,false,3,2015-04-01,2015-06-30,0
2015-07-29,99620,2015-03-31,1,,,,,,,,,,,,,,,,,,,,,,,,,,,,,,,,,,,272849592,false,false,3,2014-04-01,2014-06-30,-1
2015-10-29,99620,2016-03-31,2,116188000000,0.177,,,,,12563000000,-0.004,12179000000,0.001,,8081000000,,29.48,28.55,,,,,188550000000,138161000000,0.729,,137367000000,,,,,,,,,,,,true,false,6,2015-04-01,2015-09-30,0
2015-10-29,99620,2015-03-31,2,98708000000,0.193,,,,,12608000000,0.283,12162000000,0.236,,7637000000,,27.97,27.89,,,,,,,,,,,,,,,,,,,,,true,false,6,2014-04-01,2014-09-30,-1
2015-10-29,99620,2016-03-31,2,242000000000,0.160,,,,,27100000000,0.141,27100000000,0.160,,16900000000,,61.67,,,,,,,,,,,,,,,,,,,,,,true,true,12,2015-04-01,2016-03-31,0
2015-10-29,99620,2015-03-31,2,,,,,,,,,,,,,,,,,,,,184784000000,132883000000,0.715,,132138000000,,,,,,,,,,,,true,false,12,2014-04-01,2015-03-31,-1
2015-10-29,99620,2015-03-31,2,,,,,,,,,,,,,,,,,,,,,,,,,,,,,39.15,,,,274178352,126993,,false,false,12,2014-04-01,2015-03-31,-1
2015-10-29,99620,2016-03-31,2,,,,,,,,,,,,,,,,,,,,,,,,,,,,,7.37,,,,,,,false,false,12,2015-04-01,2016-03-31,0
2015-10-29,99620,2016-03-31,2,,,,,,,,,,,,,,,,,,,,,,,,,,,,,15.42,,,,,,,false,true,12,2015-04-01,2016-03-31,0
2015-10-29,99620,2016-03-31,2,,,,,,,,,,,,,,,,,,,,,,,,,,,,,,,,,274411152,128708,274165363,false,false,6,2015-04-01,2015-09-30,0
2015-10-29,99620,2015-03-31,2,,,,,,,,,,,,,,,,,,,,,,,,,,,,,,,,,,,273041106,false,false,6,2014-04-01,2014-09-30,-1
2016-01-29,99620,2016-03-31,3,177626000000,0.172,,,,,20078000000,0.052,19638000000,0.050,,12988000000,,47.37,45.87,,,,,187148000000,140325000000,0.746,,139519000000,,,,,,,,,,,,true,false,9,2015-04-01,2015-12-31,0
2016-01-29,99620,2015-03-31,3,151546000000,0.192,,,,,19081000000,0.271,18707000000,0.241,,11816000000,,43.25,43.12,,,,,,,,,,,,,,,,,,,,,true,false,9,2014-04-01,2014-12-31,-1
2016-01-29,99620,2016-03-31,3,242000000000,0.160,,,,,27100000000,0.141,27100000000,0.160,,16900000000,,61.67,,,,,,,,,,,,,,,,,,,,,,true,true,12,2015-04-01,2016-03-31,0
2016-01-29,99620,2015-03-31,3,,,,,,,,,,,,,,,,,,,,184784000000,132883000000,0.715,,132138000000,,,,,,,,,,,,true,false,12,2014-04-01,2015-03-31,-1
2016-01-29,99620,2015-03-31,3,,,,,,,,,,,,,,,,,,,,,,,,,,,,,39.15,,,,274178352,126993,,false,false,12,2014-04-01,2015-03-31,-1
2016-01-29,99620,2016-03-31,3,,,,,,,,,,,,,,,,,,,,,,,,,,,,,7.37,,,,,,,false,false,12,2015-04-01,2016-03-31,0
2016-01-29,99620,2016-03-31,3,,,,,,,,,,,,,,,,,,,,,,,,,,,,,15.42,,,,,,,false,true,12,2015-04-01,2016-03-31,0
2016-01-29,99620,2016-03-31,3,,,,,,,,,,,,,,,,,,,,,,,,,,,,,,,,,274420152,128812,274202256,false,false,9,2015-04-01,2015-12-31,0
2016-01-29,99620,2015-03-31,3,,,,,,,,,,,,,,,,,,,,,,,,,,,,,,,,,,,273218013,false,false,9,2014-04-01,2014-12-31,-1
2016-05-12,99620,2016-03-31,,240139000000,0.151,,,,,25690000000,0.081,25119000000,0.076,,16907000000,,61.65,57.94,0.124,0.133,0.107,,194186000000,142333000000,0.728,515.39,141462000000,16714000000,-9470000000,-3581000000,39204000000,,0.250,,,,,,true,false,12,2015-04-01,2016-03-31,0
2016-05-12,99620,2015-03-31,,208562000000,0.199,,,,,23759000000,0.251,23352000000,0.218,,14291000000,,52.28,52.10,0.115,0.134,0.114,,184784000000,132883000000,0.715,482.17,132138000000,11308000000,-7449000000,-3453000000,37267000000,,0.250,,,,,,true,false,12,2014-04-01,2015-03-31,-1
2016-05-12,99620,2017-03-31,,123500000000,0.063,,,,,13000000000,0.035,12700000000,0.043,,8500000000,,30.97,,,,,,,,,,,,,,,,,,,,,,true,true,6,2016-04-01,2016-09-30,1
2016-05-12,99620,2017-03-31,,256000000000,0.066,,,,,27200000000,0.059,26600000000,0.059,,17800000000,,64.85,,,,,,,,,,,,,,,,0.250,,,,,,true,true,12,2016-04-01,2017-03-31,1
2016-05-12,99620,2016-03-31,,13543000000,0.023,,,,,3282000000,0.012,3715000000,0.176,3617000000,,0.177,13.19,11.01,,,,,77167000000,51656000000,0.665,186.95,51313000000,,,,,15.42,,,,274606752,128812,274250265,false,false,12,2015-04-01,2016-03-31,0
2016-05-12,99620,2015-03-31,,13235000000,0.093,,,,,3243000000,0.963,3158000000,0.661,3072000000,,0.740,11.24,11.20,,,,,68768000000,51300000000,0.743,186.36,51071000000,,,,,39.15,,,,274178352,126993,273389630,false,false,12,2014-04-01,2015-03-31,-1
2016-05-12,99620,2017-03-31,,,,,,,,,,,,,,,,,,,,,,,,,,,,,,16.23,,,,,,,false,true,12,2016-04-01,2017-03-31,1
2016-07-27,99620,2017-03-31,1,60903000000,0.066,,,,,7496000000,0.212,7485000000,0.243,,5223000000,,19.03,16.05,,,,,182935000000,139197000000,0.756,,138334000000,,,,,,,,,,,,true,false,3,2016-04-01,2016-06-30,0
2016-07-27,99620,2016-03-31,1,57129000000,0.187,,,,,6183000000,-0.052,6023000000,-0.072,,3801000000,,13.87,13.83,,,,,,,,,,,,,,,,,,,,,true,false,3,2015-04-01,2015-06-30,-1
2016-07-27,99620,2017-03-31,1,123500000000,0.063,,,,,13000000000,0.035,12700000000,0.043,,8500000000,,30.97,,,,,,,,,,,,,,,,,,,,,,true,true,6,2016-04-01,2016-09-30,0
2016-07-27,99620,2017-03-31,1,256000000000,0.066,,,,,27200000000,0.059,26600000000,0.059,,17800000000,,64.85,,,,,,,,,,,,,,,,,,,,,,true,true,12,2016-04-01,2017-03-31,0
2016-07-27,99620,2016-03-31,1,,,,,,,,,,,,,,,,,,,,194186000000,142333000000,0.728,,141462000000,,,,,,,,,,,,true,false,12,2015-04-01,2016-03-31,-1
2016-07-27,99620,2016-03-31,1,,,,,,,,,,,,,,,,,,,,,,,,,,,,,15.42,,,,274606752,128812,,false,false,12,2015-04-01,2016-03-31,-1
2016-07-27,99620,2017-03-31,1,,,,,,,,,,,,,,,,,,,,,,,,,,,,,16.23,,,,,,,false,true,12,2016-04-01,2017-03-31,0
2016-07-27,99620,2017-03-31,1,,,,,,,,,,,,,,,,,,,,,,,,,,,,,,,,,274646352,128812,274493240,false,false,3,2016-04-01,2016-06-30,0
2016-07-27,99620,2016-03-31,1,,,,,,,,,,,,,,,,,,,,,,,,,,,,,,,,,,,274081478,false,false,3,2015-04-01,2015-06-30,-1
2016-10-28,99620,2017-03-31,2,121802000000,0.048,,,,,13295000000,0.058,13114000000,0.077,,8350000000,,30.42,26.64,,,,,187302000000,142017000000,0.753,,141116000000,,,,,,,,,,,,true,false,6,2016-04-01,2016-09-30,0
2016-10-28,99620,2016-03-31,2,116188000000,0.177,,,,,12563000000,-0.004,12179000000,0.001,,8081000000,,29.48,28.55,,,,,,,,,,,,,,,,,,,,,true,false,6,2015-04-01,2015-09-30,-1
2016-10-28,99620,2017-03-31,2,253500000000,0.056,,,,,27200000000,0.059,26600000000,0.059,,17800000000,,64.85,,,,,,,,,,,,,,,,,,,,,,true,true,12,2016-04-01,2017-03-31,0
2016-10-28,99620,2016-03-31,2,,,,,,,,,,,,,,,,,,,,194186000000,142333000000,0.728,,141462000000,,,,,,,,,,,,true,false,12,2015-04-01,2016-03-31,-1
2016-10-28,99620,2016-03-31,2,,,,,,,,,,,,,,,,,,,,,,,,,,,,,15.42,,,,274606752,128812,,false,false,12,2015-04-01,2016-03-31,-1
2016-10-28,99620,2017-03-31,2,,,,,,,,,,,,,,,,,,,,,,,,,,,,,7.61,,,,,,,false,false,12,2016-04-01,2017-03-31,0
2016-10-28,99620,2017-03-31,2,,,,,,,,,,,,,,,,,,,,,,,,,,,,,16.23,,,,,,,false,true,12,2016-04-01,2017-03-31,0
2016-10-28,99620,2017-03-31,2,,,,,,,,,,,,,,,,,,,,,,,,,,,,,,,,,274802052,129038,274526930,false,false,6,2016-04-01,2016-09-30,0
2016-10-28,99620,2016-03-31,2,,,,,,,,,,,,,,,,,,,,,,,,,,,,,,,,,,,274165363,false,false,6,2015-04-01,2015-09-30,-1
2017-01-30,99620,2017-03-31,3,187230000000,0.054,,,,,20732000000,0.033,20354000000,0.036,,12894000000,,46.96,46.40,,,,,200344000000,149354000000,0.740,,148274000000,,,,,,,,,,,,true,false,9,2016-04-01,2016-12-31,0
2017-01-30,99620,2016-03-31,3,177626000000,0.172,,,,,20078000000,0.052,19638000000,0.050,,12988000000,,47.37,45.87,,,,,,,,,,,,,,,,,,,,,true,false,9,2015-04-01,2015-12-31,-1
2017-01-30,99620,2017-03-31,3,253500000000,0.056,,,,,27200000000,0.059,26600000000,0.059,,17800000000,,64.85,,,,,,,,,,,,,,,,,,,,,,true,true,12,2016-04-01,2017-03-31,0
2017-01-30,99620,2016-03-31,3,,,,,,,,,,,,,,,,,,,,194186000000,142333000000,0.728,,141462000000,,,,,,,,,,,,true,false,12,2015-04-01,2016-03-31,-1
2017-01-30,99620,2016-03-31,3,,,,,,,,,,,,,,,,,,,,,,,,,,,,,15.42,,,,274606752,128812,,false,false,12,2015-04-01,2016-03-31,-1
2017-01-30,99620,2017-03-31,3,,,,,,,,,,,,,,,,,,,,,,,,,,,,,7.61,,,,,,,false,false,12,2016-04-01,2017-03-31,0
2017-01-30,99620,2017-03-31,3,,,,,,,,,,,,,,,,,,,,,,,,,,,,,16.23,,,,,,,false,true,12,2016-04-01,2017-03-31,0
2017-01-30,99620,2017-03-31,3,,,,,,,,,,,,,,,,,,,,,,,,,,,,,,,,,274826652,129088,274574110,false,false,9,2016-04-01,2016-12-31,0
2017-01-30,99620,2016-03-31,3,,,,,,,,,,,,,,,,,,,,,,,,,,,,,,,,,,,274202256,false,false,9,2015-04-01,2015-12-31,-1
2017-05-11,99620,2017-03-31,,259015000000,0.079,,,,,27127000000,0.056,26462000000,0.053,,18387000000,,66.94,64.70,0.124,0.130,0.105,,212041000000,155658000000,0.729,560.79,154530000000,19508000000,-6056000000,-4008000000,47840000000,,0.250,,,,,,true,false,12,2016-04-01,2017-03-31,0
2017-05-11,99620,2016-03-31,,240139000000,0.151,,,,,25690000000,0.081,25119000000,0.076,,16907000000,,61.65,57.94,0.124,0.133,0.107,,194186000000,142333000000,0.728,515.39,141462000000,16714000000,-9470000000,-3581000000,39204000000,,0.250,,,,,,true,false,12,2015-04-01,2016-03-31,-1
2017-05-11,99620,2018-03-31,,138000000000,0.133,,,,,14800000000,0.113,14500000000,0.106,,10100000000,,36.65,,,,,,,,,,,,,,,,,,,,,,true,true,6,2017-04-01,2017-09-30,1
2017-05-11,99620,2018-03-31,,290000000000,0.120,,,,,31700000000,0.169,31100000000,0.175,,21600000000,,78.39,,,,,,,,,,,,,,,,0.250,,,,,,true,true,12,2017-04-01,2018-03-31,1
2017-05-11,99620,2017-03-31,,16869000000,0.246,,,,,4689000000,0.429,5091000000,0.371,5075000000,,0.403,18.48,17.78,,,,,85943000000,53956000000,0.620,193.36,53281000000,,,,,16.71,,,,275689140,129178,274691800,false,false,12,2016-04-01,2017-03-31,0
2017-05-11,99620,2016-03-31,,13543000000,0.023,,,,,3282000000,0.012,3715000000,0.176,3617000000,,0.177,13.19,11.01,,,,,77167000000,51656000000,0.665,186.95,51313000000,,,,,15.42,,,,274606752,128812,274250265,false,false,12,2015-04-01,2016-03-31,-1
2017-05-11,99620,2018-03-31,,,,,,,,,,,,,,,,,,,,,,,,,,,,,,19.60,,,,,,,false,true,12,2017-04-01,2018-03-31,1
2017-07-28,99620,2018-03-31,1,75774000000,0.244,,,,,10019000000,0.337,9959000000,0.330,,6858000000,,24.69,23.85,,,,,214023000000,168666000000,0.782,,167432000000,,,,,,,,,,,,true,false,3,2017-04-01,2017-06-30,0
2017-07-28,99620,2017-03-31,1,60903000000,0.066,,,,,7496000000,0.212,7485000000,0.243,,5223000000,,19.03,16.05,,,,,,,,,,,,,,,,,,,,,true,false,3,2016-04-01,2016-06-30,-1
2017-07-28,99620,2018-03-31,1,138000000000,0.133,,,,,14800000000,0.113,14500000000,0.106,,10100000000,,36.65,,,,,,,,,,,,,,,,,,,,,,true,true,6,2017-04-01,2017-09-30,0
2017-07-28,99620,2018-03-31,1,290000000000,0.120,,,,,31700000000,0.169,31100000000,0.175,,21600000000,,78.39,,,,,,,,,,,,,,,,,,,,,,true,true,12,2017-04-01,2018-03-31,0
2017-07-28,99620,2017-03-31,1,,,,,,,,,,,,,,,,,,,,212041000000,155658000000,0.729,,154530000000,,,,,,,,,,,,true,false,12,2016-04-01,2017-03-31,-1
2017-07-28,99620,2017-03-31,1,,,,,,,,,,,,,,,,,,,,,,,,,,,,,16.71,,,,275689140,129178,,false,false,12,2016-04-01,2017-03-31,-1
2017-07-28,99620,2018-03-31,1,,,,,,,,,,,,,,,,,,,,,,,,,,,,,19.60,,,,,,,false,true,12,2017-04-01,2018-03-31,0
2017-07-28,99620,2018-03-31,1,,,,,,,,,,,,,,,,,,,,,,,,,,,,,,,,,281561949,129178,277773932,false,false,3,2017-04-01,2017-06-30,0
2017-07-28,99620,2017-03-31,1,,,,,,,,,,,,,,,,,,,,,,,,,,,,,,,,,,,274493240,false,false,3,2016-04-01,2016-06-30,-1
2017-10-30,99620,2018-03-31,2,152465000000,0.252,,,,,18902000000,0.422,18627000000,0.420,,13040000000,,46.63,45.56,,,,,225081000000,178945000000,0.789,,177590000000,,,,,,,,,,,,true,false,6,2017-04-01,2017-09-30,0
2017-10-30,99620,2017-03-31,2,121802000000,0.048,,,,,13295000000,0.058,13114000000,0.077,,8350000000,,30.42,26.64,,,,,,,,,,,,,,,,,,,,,true,false,6,2016-04-01,2016-09-30,-1
2017-10-30,99620,2018-03-31,2,314000000000,0.212,,,,,36350000000,0.340,35750000000,0.351,,24900000000,,89.04,,,,,,,,,,,,,,,,,,,,,,true,true,12,2017-04-01,2018-03-31,0
2017-10-30,99620,2017-03-31,2,,,,,,,,,,,,,,,,,,,,212041000000,155658000000,0.729,,154530000000,,,,,,,,,,,,true,false,12,2016-04-01,2017-03-31,-1
2017-10-30,99620,2017-03-31,2,,,,,,,,,,,,,,,,,,,,,,,,,,,,,16.71,,,,275689140,129178,,false,false,12,2016-04-01,2017-03-31,-1
2017-10-30,99620,2018-03-31,2,,,,,,,,,,,,,,,,,,,,,,,,,,,,,11.52,,,,,,,false,false,12,2017-04-01,2018-03-31,0
2017-10-30,99620,2018-03-31,2,,,,,,,,,,,,,,,,,,,,,,,,,,,,,21.99,,,,,,,false,true,12,2017-04-01,2018-03-31,0
2017-10-30,99620,2018-03-31,2,,,,,,,,,,,,,,,,,,,,,,,,,,,,,,,,,283233797,129456,279653714,false,false,6,2017-04-01,2017-09-30,0
2017-10-30,99620,2017-03-31,2,,,,,,,,,,,,,,,,,,,,,,,,,,,,,,,,,,,274526930,false,false,6,2016-04-01,2016-09-30,-1
2018-01-30,99620,2018-03-31,3,231058000000,0.234,,,,,27171000000,0.311,26886000000,0.321,,20104000000,,71.62,70.44,,,,,233581000000,184780000000,0.785,,183253000000,,,,,,,,,,,,true,false,9,2017-04-01,2017-12-31,0
2018-01-30,99620,2017-03-31,3,187230000000,0.054,,,,,20732000000,0.033,20354000000,0.036,,12894000000,,46.96,46.40,,,,,,,,,,,,,,,,,,,,,true,false,9,2016-04-01,2016-12-31,-1
2018-01-30,99620,2018-03-31,3,314000000000,0.212,,,,,36350000000,0.340,35750000000,0.351,,24900000000,,89.04,,,,,,,,,,,,,,,,,,,,,,true,true,12,2017-04-01,2018-03-31,0
2018-01-30,99620,2017-03-31,3,,,,,,,,,,,,,,,,,,,,212041000000,155658000000,0.729,,154530000000,,,,,,,,,,,,true,false,12,2016-04-01,2017-03-31,-1
2018-01-30,99620,2017-03-31,3,,,,,,,,,,,,,,,,,,,,,,,,,,,,,16.71,,,,275689140,129178,,false,false,12,2016-04-01,2017-03-31,-1
2018-01-30,99620,2018-03-31,3,,,,,,,,,,,,,,,,,,,,,,,,,,,,,11.52,,,,,,,false,false,12,2017-04-01,2018-03-31,0
2018-01-30,99620,2018-03-31,3,,,,,,,,,,,,,,,,,,,,,,,,,,,,,21.99,,,,,,,false,true,12,2017-04-01,2018-03-31,0
2018-01-30,99620,2018-03-31,3,,,,,,,,,,,,,,,,,,,,,,,,,,,,,,,,,283267397,129536,280694594,false,false,9,2017-04-01,2017-12-31,0
2018-01-30,99620,2017-03-31,3,,,,,,,,,,,,,,,,,,,,,,,,,,,,,,,,,,,274574110,false,false,9,2016-04-01,2016-12-31,-1
2018-05-10,99620,2018-03-31,,312969000000,0.208,,,,,34848000000,0.285,34679000000,0.310,,25601000000,,91.01,89.76,0.151,0.152,0.111,,243685000000,186719000000,0.760,653.71,185203000000,24324000000,-14887000000,-5725000000,51713000000,,0.250,,,,,,true,false,12,2017-04-01,2018-03-31,0
2018-05-10,99620,2017-03-31,,259015000000,0.079,,,,,27127000000,0.056,26462000000,0.053,,18387000000,,66.94,64.70,0.124,0.130,0.105,,212041000000,155658000000,0.729,560.79,154530000000,19508000000,-6056000000,-4008000000,47840000000,,0.250,,,,,,true,false,12,2016-04-01,2017-03-31,-1
2018-05-10,99620,2019-03-31,,170000000000,0.115,,,,,19800000000,0.047,19700000000,0.058,,14200000000,,50.12,,,,,,,,,,,,,,,,,,,,,,true,true,6,2018-04-01,2018-09-30,1
2018-05-10,99620,2019-03-31,,361000000000,0.153,,,,,39700000000,0.139,39500000000,0.139,,28500000000,,100.60,,,,,,,,,,,,,,,,0.250,,,,,,true,true,12,2018-04-01,2019-03-31,1
2018-05-10,99620,2018-03-31,,23986000000,0.422,,,,,6254000000,0.334,6648000000,0.306,6422000000,,0.265,22.83,22.31,,,,,77477000000,65358000000,0.831,227.21,64371000000,,,,,22.60,,,,283439597,129536,281293892,false,false,12,2017-04-01,2018-03-31,0
2018-05-10,99620,2017-03-31,,16869000000,0.246,,,,,4689000000,0.429,5091000000,0.371,5075000000,,0.403,18.48,17.78,,,,,85943000000,53956000000,0.620,193.36,53281000000,,,,,16.71,,,,275689140,129178,274691800,false,false,12,2016-04-01,2017-03-31,-1
2018-05-10,99620,2019-03-31,,,,,,,,,,,,,,,,,,,,,,,,,,,,,,25.15,,,,,,,false,true,12,2018-04-01,2019-03-31,1
2018-07-27,99620,2019-03-31,1,85428000000,0.127,,,,,9032000000,-0.099,9152000000,-0.081,,6517000000,,23.00,22.93,,,,,236210000000,190198000000,0.798,,188584000000,,,,,,,,,,,,true,false,3,2018-04-01,2018-06-30,0
2018-07-27,99620,2018-03-31,1,75774000000,0.244,,,,,10019000000,0.337,9959000000,0.330,,6858000000,,24.69,23.85,,,,,,,,,,,,,,,,,,,,,true,false,3,2017-04-01,2017-06-30,-1
2018-07-27,99620,2019-03-31,1,170000000000,0.115,,,,,19800000000,0.047,19700000000,0.058,,14200000000,,50.12,,,,,,,,,,,,,,,,,,,,,,true,true,6,2018-04-01,2018-09-30,0
2018-07-27,99620,2019-03-31,1,361000000000,0.153,,,,,39700000000,0.139,39500000000,0.139,,28500000000,,100.60,,,,,,,,,,,,,,,,,,,,,,true,true,12,2018-04-01,2019-03-31,0
2018-07-27,99620,2018-03-31,1,,,,,,,,,,,,,,,,,,,,243492000000,186719000000,0.761,,185203000000,,,,,,,,,,,,true,false,12,2017-04-01,2018-03-31,-1
2018-07-27,99620,2018-03-31,1,,,,,,,,,,,,,,,,,,,,,,,,,,,,,22.60,,,,283439597,129536,,false,false,12,2017-04-01,2018-03-31,-1
2018-07-27,99620,2019-03-31,1,,,,,,,,,,,,,,,,,,,,,,,,,,,,,25.15,,,,,,,false,true,12,2018-04-01,2019-03-31,0
2018-07-27,99620,2019-03-31,1,,,,,,,,,,,,,,,,,,,,,,,,,,,,,,,,,283489777,129536,283336506,false,false,3,2018-04-01,2018-06-30,0
2018-07-27,99620,2018-03-31,1,,,,,,,,,,,,,,,,,,,,,,,,,,,,,,,,,,,277773932,false,false,3,2017-04-01,2017-06-30,-1
2018-10-29,99620,2019-03-31,2,166668000000,0.093,,,,,15896000000,-0.159,15970000000,-0.143,,11573000000,,40.84,40.71,,,,,241056000000,197380000000,0.811,,195602000000,,,,,,,,,,,,true,false,6,2018-04-01,2018-09-30,0
2018-10-29,99620,2018-03-31,2,152465000000,0.252,,,,,18902000000,0.422,18627000000,0.420,,13040000000,,46.63,45.56,,,,,,,,,,,,,,,,,,,,,true,false,6,2017-04-01,2017-09-30,-1
2018-10-29,99620,2019-03-31,2,343000000000,0.096,,,,,35000000000,0.004,35200000000,0.015,,25700000000,,90.69,,,,,,,,,,,,,,,,,,,,,,true,true,12,2018-04-01,2019-03-31,0
2018-10-29,99620,2018-03-31,2,,,,,,,,,,,,,,,,,,,,243492000000,186719000000,0.761,,185203000000,,,,,,,,,,,,true,false,12,2017-04-01,2018-03-31,-1
2018-10-29,99620,2018-03-31,2,,,,,,,,,,,,,,,,,,,,,,,,,,,,,22.60,,,,283439597,129536,,false,false,12,2017-04-01,2018-03-31,-1
2018-10-29,99620,2019-03-31,2,,,,,,,,,,,,,,,,,,,,,,,,,,,,,10.21,,,,,,,false,false,12,2018-04-01,2019-03-31,0
2018-10-29,99620,2019-03-31,2,,,,,,,,,,,,,,,,,,,,,,,,,,,,,22.67,,,,,,,false,true,12,2018-04-01,2019-03-31,0
2018-10-29,99620,2019-03-31,2,,,,,,,,,,,,,,,,,,,,,,,,,,,,,,,,,283524157,129626,283356707,false,false,6,2018-04-01,2018-09-30,0
2018-10-29,99620,2018-03-31,2,,,,,,,,,,,,,,,,,,,,,,,,,,,,,,,,,,,279653714,false,false,6,2017-04-01,2017-09-30,-1
2019-01-29,99620,2019-03-31,3,249719000000,0.081,,,,,22694000000,-0.165,22660000000,-0.157,,16216000000,,57.23,57.02,,,,,241714000000,196734000000,0.806,,194807000000,,,,,,,,,,,,true,false,9,2018-04-01,2018-12-31,0
2019-01-29,99620,2018-03-31,3,231058000000,0.234,,,,,27171000000,0.311,26886000000,0.321,,20104000000,,71.62,70.44,,,,,,,,,,,,,,,,,,,,,true,false,9,2017-04-01,2017-12-31,-1
2019-01-29,99620,2019-03-31,3,335200000000,0.071,,,,,32800000000,-0.059,32800000000,-0.054,,23500000000,,82.92,,,,,,,,,,,,,,,,,,,,,,true,true,12,2018-04-01,2019-03-31,0
2019-01-29,99620,2018-03-31,3,,,,,,,,,,,,,,,,,,,,243492000000,186719000000,0.761,,185203000000,,,,,,,,,,,,true,false,12,2017-04-01,2018-03-31,-1
2019-01-29,99620,2018-03-31,3,,,,,,,,,,,,,,,,,,,,,,,,,,,,,22.60,,,,283439597,129536,,false,false,12,2017-04-01,2018-03-31,-1
2019-01-29,99620,2019-03-31,3,,,,,,,,,,,,,,,,,,,,,,,,,,,,,10.21,,,,,,,false,false,12,2018-04-01,2019-03-31,0
2019-01-29,99620,2019-03-31,3,,,,,,,,,,,,,,,,,,,,,,,,,,,,,20.73,,,,,,,false,true,12,2018-04-01,2019-03-31,0
2019-01-29,99620,2019-03-31,3,,,,,,,,,,,,,,,,,,,,,,,,,,,,,,,,,283575697,129626,283383366,false,false,9,2018-04-01,2018-12-31,0
2019-01-29,99620,2018-03-31,3,,,,,,,,,,,,,,,,,,,,,,,,,,,,,,,,,,,280694594,false,false,9,2017-04-01,2017-12-31,-1
2019-05-09,99620,2019-03-31,,331936000000,0.061,,,,,31874000000,-0.085,31815000000,-0.083,,24034000000,,84.80,84.48,0.124,0.128,0.096,,252393000000,205424000000,0.806,717.56,203520000000,13048000000,-16955000000,-5991000000,41753000000,,0.250,,,,,,true,false,12,2018-04-01,2019-03-31,0
2019-05-09,99620,2018-03-31,,312969000000,0.208,,,,,34848000000,0.285,34679000000,0.310,,25601000000,,91.01,89.76,0.151,0.152,0.111,,243492000000,186719000000,0.761,653.71,185203000000,24324000000,-14887000000,-5725000000,51713000000,,0.250,,,,,,true,false,12,2017-04-01,2018-03-31,-1
2019-05-09,99620,2020-03-31,,168100000000,0.009,,,,,14800000000,-0.069,14700000000,-0.080,,10900000000,,38.43,,,,,,,,,,,,,,,,,,,,,,true,true,6,2019-04-01,2019-09-30,1
2019-05-09,99620,2020-03-31,,355000000000,0.069,,,,,35400000000,0.111,35200000000,0.106,,25900000000,,91.32,,,,,,,,,,,,,,,,0.250,,,,,,true,true,12,2019-04-01,2020-03-31,1
2019-05-09,99620,2019-03-31,,26248000000,0.094,,,,,4542000000,-0.274,4653000000,-0.300,4379000000,,-0.318,15.45,15.39,,,,,70070000000,64472000000,0.901,222.62,63140000000,,,,,21.20,,,,283756497,129626,283426313,false,false,12,2018-04-01,2019-03-31,0
2019-05-09,99620,2018-03-31,,23986000000,0.422,,,,,6254000000,0.334,6648000000,0.306,6422000000,,0.265,22.83,22.31,,,,,77477000000,65358000000,0.831,227.21,64371000000,,,,,22.60,,,,283439597,129536,281293892,false,false,12,2017-04-01,2018-03-31,-1
2019-05-09,99620,2020-03-31,,,,,,,,,,,,,,,,,,,,,,,,,,,,,,22.84,,,,,,,false,true,12,2019-04-01,2020-03-31,1
2019-07-26,99620,2020-03-31,1,79042000000,-0.075,,,,,5845000000,-0.353,5783000000,-0.368,,4311000000,,15.20,15.16,,,,,248998000000,203092000000,0.808,,201097000000,,,,,,,,,,,,true,false,3,2019-04-01,2019-06-30,0
2019-07-26,99620,2019-03-31,1,85428000000,0.127,,,,,9032000000,-0.099,9152000000,-0.081,,6517000000,,23.00,22.93,,,,,,,,,,,,,,,,,,,,,true,false,3,2018-04-01,2018-06-30,-1
2019-07-26,99620,2020-03-31,1,168100000000,0.009,,,,,14800000000,-0.069,14700000000,-0.080,,10900000000,,38.43,,,,,,,,,,,,,,,,,,,,,,true,true,6,2019-04-01,2019-09-30,0
2019-07-26,99620,2020-03-31,1,355000000000,0.069,,,,,35400000000,0.111,35200000000,0.106,,25900000000,,91.32,,,,,,,,,,,,,,,,,,,,,,true,true,12,2019-04-01,2020-03-31,0
2019-07-26,99620,2019-03-31,1,,,,,,,,,,,,,,,,,,,,252393000000,205424000000,0.806,,203520000000,,,,,,,,,,,,true,false,12,2018-04-01,2019-03-31,-1
2019-07-26,99620,2019-03-31,1,,,,,,,,,,,,,,,,,,,,,,,,,,,,,21.20,,,,283756497,129626,,false,false,12,2018-04-01,2019-03-31,-1
2019-07-26,99620,2020-03-31,1,,,,,,,,,,,,,,,,,,,,,,,,,,,,,22.84,,,,,,,false,true,12,2019-04-01,2020-03-31,0
2019-07-26,99620,2020-03-31,1,,,,,,,,,,,,,,,,,,,,,,,,,,,,,,,,,283785897,129626,283639946,false,false,3,2019-04-01,2019-06-30,0
2019-07-26,99620,2019-03-31,1,,,,,,,,,,,,,,,,,,,,,,,,,,,,,,,,,,,283336506,false,false,3,2018-04-01,2018-06-30,-1
2019-10-28,99620,2020-03-31,2,157133000000,-0.057,,,,,11737000000,-0.262,11566000000,-0.276,,8510000000,,30.00,29.91,,,,,253229000000,205575000000,0.803,,203376000000,,,,,,,,,,,,true,false,6,2019-04-01,2019-09-30,0
2019-10-28,99620,2019-03-31,2,166668000000,0.093,,,,,15896000000,-0.159,15970000000,-0.143,,11573000000,,40.84,40.71,,,,,,,,,,,,,,,,,,,,,true,false,6,2018-04-01,2018-09-30,-1
2019-10-28,99620,2020-03-31,2,326500000000,-0.016,,,,,27700000000,-0.131,27300000000,-0.142,,20100000000,,70.86,,,,,,,,,,,,,,,,,,,,,,true,true,12,2019-04-01,2020-03-31,0
2019-10-28,99620,2019-03-31,2,,,,,,,,,,,,,,,,,,,,252393000000,205424000000,0.806,,203520000000,,,,,,,,,,,,true,false,12,2018-04-01,2019-03-31,-1
2019-10-28,99620,2019-03-31,2,,,,,,,,,,,,,,,,,,,,,,,,,,,,,21.20,,,,283756497,129626,,false,false,12,2018-04-01,2019-03-31,-1
2019-10-28,99620,2020-03-31,2,,,,,,,,,,,,,,,,,,,,,,,,,,,,,7.51,,,,,,,false,false,12,2019-04-01,2020-03-31,0
2019-10-28,99620,2020-03-31,2,,,,,,,,,,,,,,,,,,,,,,,,,,,,,17.73,,,,,,,false,true,12,2019-04-01,2020-03-31,0
2019-10-28,99620,2020-03-31,2,,,,,,,,,,,,,,,,,,,,,,,,,,,,,,,,,283791397,129616,283648617,false,false,6,2019-04-01,2019-09-30,0
2019-10-28,99620,2019-03-31,2,,,,,,,,,,,,,,,,,,,,,,,,,,,,,,,,,,,283356707,false,false,6,2018-04-01,2018-09-30,-1
2020-01-29,99620,2020-03-31,3,235786000000,-0.056,,,,,18109000000,-0.202,17648000000,-0.221,,12919000000,,45.54,45.40,,,,,259444000000,211418000000,0.806,,209070000000,,,,,,,,,,,,true,false,9,2019-04-01,2019-12-31,0
2020-01-29,99620,2019-03-31,3,249719000000,0.081,,,,,22694000000,-0.165,22660000000,-0.157,,16216000000,,57.23,57.02,,,,,,,,,,,,,,,,,,,,,true,false,9,2018-04-01,2018-12-31,-1
2020-01-29,99620,2020-03-31,3,326500000000,-0.016,,,,,27700000000,-0.131,27300000000,-0.142,,20100000000,,70.86,,,,,,,,,,,,,,,,,,,,,,true,true,12,2019-04-01,2020-03-31,0
2020-01-29,99620,2019-03-31,3,,,,,,,,,,,,,,,,,,,,252393000000,205424000000,0.806,,203520000000,,,,,,,,,,,,true,false,12,2018-04-01,2019-03-31,-1
2020-01-29,99620,2019-03-31,3,,,,,,,,,,,,,,,,,,,,,,,,,,,,,21.20,,,,283756497,129626,,false,false,12,2018-04-01,2019-03-31,-1
2020-01-29,99620,2020-03-31,3,,,,,,,,,,,,,,,,,,,,,,,,,,,,,7.51,,,,,,,false,false,12,2019-04-01,2020-03-31,0
2020-01-29,99620,2020-03-31,3,,,,,,,,,,,,,,,,,,,,,,,,,,,,,17.73,,,,,,,false,true,12,2019-04-01,2020-03-31,0
2020-01-29,99620,2020-03-31,3,,,,,,,,,,,,,,,,,,,,,,,,,,,,,,,,,283818897,129616,283658706,false,false,9,2019-04-01,2019-12-31,0
2020-01-29,99620,2019-03-31,3,,,,,,,,,,,,,,,,,,,,,,,,,,,,,,,,,,,283383366,false,false,9,2018-04-01,2018-12-31,-1
2020-05-07,99620,2020-03-31,,313337000000,-0.056,,,,,23640000000,-0.258,23245000000,-0.269,,16504000000,,58.18,57.98,0.080,0.090,0.075,,264684000000,211630000000,0.792,737.99,209514000000,28218000000,-16659000000,-6428000000,44439000000,,0.250,,,,,,true,false,12,2019-04-01,2020-03-31,0
2020-05-07,99620,2019-03-31,,331936000000,0.061,,,,,31874000000,-0.085,31815000000,-0.083,,24034000000,,84.80,84.48,0.124,0.128,0.096,,252393000000,205424000000,0.806,717.56,203520000000,13048000000,-16955000000,-5991000000,41753000000,,0.250,,,,,,true,false,12,2018-04-01,2019-03-31,-1
2020-05-07,99620,2020-03-31,,23608000000,-0.101,,,,,4051000000,-0.108,4177000000,-0.102,3885000000,,-0.113,13.70,13.65,,,,,71849000000,63755000000,0.866,219.07,62194000000,,,,,14.55,,,,284028197,129616,283700700,false,false,12,2019-04-01,2020-03-31,0
2020-05-07,99620,2019-03-31,,26248000000,0.094,,,,,4542000000,-0.274,4653000000,-0.300,4379000000,,-0.318,15.45,15.39,,,,,70070000000,64472000000,0.901,222.62,63140000000,,,,,21.20,,,,283756497,129626,283426313,false,false,12,2018-04-01,2019-03-31,-1
2020-07-30,99620,2021-03-31,1,70481000000,-0.108,,,,,4159000000,-0.289,4124000000,-0.287,,3046000000,,10.73,10.70,,,,,259187000000,212871000000,0.813,,210603000000,,,,,,,,,,,,true,false,3,2020-04-01,2020-06-30,0
2020-07-30,99620,2020-03-31,1,79042000000,-0.075,,,,,5845000000,-0.353,5783000000,-0.368,,4311000000,,15.20,15.16,,,,,,,,,,,,,,,,,,,,,true,false,3,2019-04-01,2019-06-30,-1
2020-07-30,99620,2021-03-31,1,141000000000,-0.103,,,,,8300000000,-0.293,8100000000,-0.300,,5900000000,,20.78,,,,,,,,,,,,,,,,,,,,,,true,true,6,2020-04-01,2020-09-30,0
2020-07-30,99620,2021-03-31,1,300000000000,-0.043,,,,,20900000000,-0.116,20500000000,-0.118,,14900000000,,52.48,,,,,,,,,,,,,,,,,,,,,,true,true,12,2020-04-01,2021-03-31,0
2020-07-30,99620,2020-03-31,1,,,,,,,,,,,,,,,,,,,,264684000000,211630000000,0.792,,209514000000,,,,,,,,,,,,true,false,12,2019-04-01,2020-03-31,-1
2020-07-30,99620,2020-03-31,1,,,,,,,,,,,,,,,,,,,,,,,,,,,,,14.55,,,,284028197,129616,,false,false,12,2019-04-01,2020-03-31,-1
2020-07-30,99620,2021-03-31,1,,,,,,,,,,,,,,,,,,,,,,,,,,,,,13.13,,,,,,,false,true,12,2020-04-01,2021-03-31,0
2020-07-30,99620,2021-03-31,1,,,,,,,,,,,,,,,,,,,,,,,,,,,,,,,,,284030397,129618,283899725,false,false,3,2020-04-01,2020-06-30,0
2020-07-30,99620,2020-03-31,1,,,,,,,,,,,,,,,,,,,,,,,,,,,,,,,,,,,283639946,false,false,3,2019-04-01,2019-06-30,-1
2020-10-29,99620,2021-03-31,2,143302000000,-0.088,,,,,9126000000,-0.222,9108000000,-0.213,,6708000000,,23.63,23.55,,,,,264099000000,216682000000,0.811,,214210000000,,,,,,,,,,,,true,false,6,2020-04-01,2020-09-30,0
2020-10-29,99620,2020-03-31,2,157133000000,-0.057,,,,,11737000000,-0.262,11566000000,-0.276,,8510000000,,30.00,29.91,,,,,,,,,,,,,,,,,,,,,true,false,6,2019-04-01,2019-09-30,-1
2020-10-29,99620,2021-03-31,2,300000000000,-0.043,,,,,20900000000,-0.116,20500000000,-0.118,,14900000000,,52.48,,,,,,,,,,,,,,,,,,,,,,true,true,12,2020-04-01,2021-03-31,0
2020-10-29,99620,2020-03-31,2,,,,,,,,,,,,,,,,,,,,264684000000,211630000000,0.792,,209514000000,,,,,,,,,,,,true,false,12,2019-04-01,2020-03-31,-1
2020-10-29,99620,2020-03-31,2,,,,,,,,,,,,,,,,,,,,,,,,,,,,,14.55,,,,284028197,129616,,false,false,12,2019-04-01,2020-03-31,-1
2020-10-29,99620,2021-03-31,2,,,,,,,,,,,,,,,,,,,,,,,,,,,,,5.91,,,,,,,false,false,12,2020-04-01,2021-03-31,0
2020-10-29,99620,2021-03-31,2,,,,,,,,,,,,,,,,,,,,,,,,,,,,,13.13,,,,,,,false,true,12,2020-04-01,2021-03-31,0
2020-10-29,99620,2021-03-31,2,,,,,,,,,,,,,,,,,,,,,,,,,,,,,,,,,284046197,129618,283904005,false,false,6,2020-04-01,2020-09-30,0
2020-10-29,99620,2020-03-31,2,,,,,,,,,,,,,,,,,,,,,,,,,,,,,,,,,,,283648617,false,false,6,2019-04-01,2019-09-30,-1
2021-01-27,99620,2021-03-31,3,223014000000,-0.054,,,,,17533000000,-0.032,17459000000,-0.011,,12183000000,,42.91,42.76,,,,,268480000000,221520000000,0.816,,218966000000,,,,,,,,,,,,true,false,9,2020-04-01,2020-12-31,0
2021-01-27,99620,2020-03-31,3,235786000000,-0.056,,,,,18109000000,-0.202,17648000000,-0.221,,12919000000,,45.54,45.40,,,,,,,,,,,,,,,,,,,,,true,false,9,2019-04-01,2019-12-31,-1
2021-01-27,99620,2021-03-31,3,300000000000,-0.043,,,,,20900000000,-0.116,20500000000,-0.118,,14900000000,,52.48,,,,,,,,,,,,,,,,,,,,,,true,true,12,2020-04-01,2021-03-31,0
2021-01-27,99620,2020-03-31,3,,,,,,,,,,,,,,,,,,,,264684000000,211630000000,0.792,,209514000000,,,,,,,,,,,,true,false,12,2019-04-01,2020-03-31,-1
2021-01-27,99620,2020-03-31,3,,,,,,,,,,,,,,,,,,,,,,,,,,,,,14.55,,,,284028197,129616,,false,false,12,2019-04-01,2020-03-31,-1
2021-01-27,99620,2021-03-31,3,,,,,,,,,,,,,,,,,,,,,,,,,,,,,5.91,,,,,,,false,false,12,2020-04-01,2021-03-31,0
2021-01-27,99620,2021-03-31,3,,,,,,,,,,,,,,,,,,,,,,,,,,,,,13.13,,,,,,,false,true,12,2020-04-01,2021-03-31,0
2021-01-27,99620,2021-03-31,3,,,,,,,,,,,,,,,,,,,,,,,,,,,,,,,,,284071097,129618,283912017,false,false,9,2020-04-01,2020-12-31,0
2021-01-27,99620,2020-03-31,3,,,,,,,,,,,,,,,,,,,,,,,,,,,,,,,,,,,283658706,false,false,9,2019-04-01,2019-12-31,-1
2021-03-25,99620,2021-03-31,,309000000000,0.030,,,,,27000000000,0.292,26800000000,0.307,,16000000000,,56.35,,,,,,,,,,,,,,,,,,,,,,true,true,12,2020-04-01,2021-03-31,0
2021-03-25,99620,2020-03-31,,313337000000,,,,,,23640000000,,23245000000,,,16504000000,,58.18,,,,,,,,,,,,,,,,,,,,,,true,false,12,2019-04-01,2020-03-31,-1
2021-03-25,99620,2021-03-31,,,,,,,,,,,,,,,,,,,,,,,,,,,,,,14.09,,,,,,,false,true,12,2020-04-01,2021-03-31,0
2021-03-25,99620,2021-03-31,,,,,,,,,,,,,,,,,,,,,,,,,,,,,,5.91,,,,,,,false,false,12,2020-04-01,2021-03-31,0
2021-03-25,99620,2020-03-31,,,,,,,,,,,,,,,,,,,,,,,,,,,,,,14.55,,,,,,,false,false,12,2019-04-01,2020-03-31,-1
2021-05-06,99620,2021-03-31,,310719000000,-0.008,,,,,27199000000,0.151,27189000000,0.170,,17138000000,,60.36,60.14,0.078,0.098,0.088,,288921000000,233569000000,0.800,813.57,231147000000,36492000000,-7069000000,-5530000000,71964000000,,0.250,,,,,,true,false,12,2020-04-01,2021-03-31,0
2021-05-06,99620,2020-03-31,,313337000000,-0.056,,,,,23640000000,-0.258,23245000000,-0.269,,16504000000,,58.18,57.98,0.080,0.090,0.075,,264684000000,211630000000,0.792,737.99,209514000000,28218000000,-16659000000,-6428000000,44439000000,,0.250,,,,,,true,false,12,2019-04-01,2020-03-31,-1
2021-05-06,99620,2022-03-31,,168000000000,0.172,,,,,19400000000,1.126,19200000000,1.108,,14000000000,,49.31,,,,,,,,,,,,,,,,,,,,,,true,true,6,2021-04-01,2021-09-30,1
2021-05-06,99620,2022-03-31,,340000000000,0.094,,,,,38000000000,0.397,37600000000,0.383,,27400000000,,96.50,,,,,,,,,,,,,,,,0.250,,,,,,true,true,12,2021-04-01,2022-03-31,1
2021-05-06,99620,2021-03-31,,,,,,22120000000,-0.063,3679000000,-0.092,4134000000,-0.010,3920000000,,0.009,13.81,13.76,,,,,71104000000,64636000000,0.884,221.21,62848000000,,,,,15.09,,,,284244497,129760,283943994,false,false,12,2020-04-01,2021-03-31,0
2021-05-06,99620,2020-03-31,,,,,,23608000000,-0.101,4051000000,-0.108,4177000000,-0.102,3885000000,,-0.113,13.70,13.65,,,,,71849000000,63755000000,0.866,219.07,62194000000,,,,,14.55,,,,284028197,129616,283700700,false,false,12,2019-04-01,2020-03-31,-1
2021-05-06,99620,2022-03-31,,,,,,,,,,,,,,,,,,,,,,,,,,,,,,24.11,,,,,,,false,true,12,2021-04-01,2022-03-31,1
2021-07-30,99620,2022-03-31,1,90924000000,0.290,,,,,14367000000,2.454,14436000000,2.500,,10599000000,,37.31,37.19,,,,,298231000000,242475000000,0.805,,239927000000,,,,,,,,,,,,true,false,3,2021-04-01,2021-06-30,0
2021-07-30,99620,2021-03-31,1,70481000000,-0.108,,,,,4159000000,-0.289,4124000000,-0.287,,3046000000,,10.73,10.70,,,,,,,,,,,,,,,,,,,,,true,false,3,2020-04-01,2020-06-30,-1
2021-07-30,99620,2022-03-31,1,179900000000,0.255,,,,,25500000000,1.794,25400000000,1.789,,18600000000,,65.46,,,,,,,,,,,,,,,,,,,,,,true,true,6,2021-04-01,2021-09-30,0
2021-07-30,99620,2022-03-31,1,354000000000,0.139,,,,,45500000000,0.673,45200000000,0.662,,33000000000,,116.14,,,,,,,,,,,,,,,,,,,,,,true,true,12,2021-04-01,2022-03-31,0
2021-07-30,99620,2021-03-31,1,,,,,,,,,,,,,,,,,,,,288921000000,233569000000,0.800,,231147000000,,,,,,,,,,,,true,false,12,2020-04-01,2021-03-31,-1
2021-07-30,99620,2021-03-31,1,,,,,,,,,,,,,,,,,,,,,,,,,,,,,15.09,,,,284244497,129760,,false,false,12,2020-04-01,2021-03-31,-1
2021-07-30,99620,2022-03-31,1,,,,,,,,,,,,,,,,,,,,,,,,,,,,,29.04,,,,,,,false,true,12,2021-04-01,2022-03-31,0
2021-07-30,99620,2022-03-31,1,,,,,,,,,,,,,,,,,,,,,,,,,,,,,,,,,284278897,129803,284134116,false,false,3,2021-04-01,2021-06-30,0
2021-07-30,99620,2021-03-31,1,,,,,,,,,,,,,,,,,,,,,,,,,,,,,,,,,,,283899725,false,false,3,2020-04-01,2020-06-30,-1
2021-10-28,99620,2022-03-31,2,182238000000,0.272,,,,,28494000000,2.122,28694000000,2.150,,20831000000,,73.31,73.08,,,,,310862000000,253502000000,0.807,,250824000000,,,,,,,,,,,,true,false,6,2021-04-01,2021-09-30,0
2021-10-28,99620,2021-03-31,2,143302000000,-0.088,,,,,9126000000,-0.222,9108000000,-0.213,,6708000000,,23.63,23.55,,,,,,,,,,,,,,,,,,,,,true,false,6,2020-04-01,2020-09-30,-1
2021-10-28,99620,2022-03-31,2,356000000000,0.146,,,,,48500000000,0.783,48500000000,0.784,,35200000000,,123.87,,,,,,,,,,,,,,,,,,,,,,true,true,12,2021-04-01,2022-03-31,0
2021-10-28,99620,2021-03-31,2,,,,,,,,,,,,,,,,,,,,288921000000,233569000000,0.800,,231147000000,,,,,,,,,,,,true,false,12,2020-04-01,2021-03-31,-1
2021-10-28,99620,2021-03-31,2,,,,,,,,,,,,,,,,,,,,,,,,,,,,,15.09,,,,284244497,129760,,false,false,12,2020-04-01,2021-03-31,-1
2021-10-28,99620,2022-03-31,2,,,,,,,,,,,,,,,,,,,,,,,,,,,,,18.33,,,,,,,false,false,12,2021-04-01,2022-03-31,0
2021-10-28,99620,2022-03-31,2,,,,,,,,,,,,,,,,,,,,,,,,,,,,,30.98,,,,,,,false,true,12,2021-04-01,2022-03-31,0
2021-10-28,99620,2022-03-31,2,,,,,,,,,,,,,,,,,,,,,,,,,,,,,,,,,284309297,129849,284149628,false,false,6,2021-04-01,2021-09-30,0
2021-10-28,99620,2021-03-31,2,,,,,,,,,,,,,,,,,,,,,,,,,,,,,,,,,,,283904005,false,false,6,2020-04-01,2020-09-30,-1
2022-01-28,99620,2022-03-31,3,274155000000,0.229,,,,,41898000000,1.390,42035000000,1.408,,29903000000,,105.23,104.88,,,,,324761000000,262201000000,0.799,,259494000000,,,,,,,,,,,,true,false,9,2021-04-01,2021-12-31,0
2022-01-28,99620,2021-03-31,3,223014000000,-0.054,,,,,17533000000,-0.032,17459000000,-0.011,,12183000000,,42.91,42.76,,,,,,,,,,,,,,,,,,,,,true,false,9,2020-04-01,2020-12-31,-1
2022-01-28,99620,2022-03-31,3,366000000000,0.178,,,,,52000000000,0.912,52000000000,0.913,,37000000000,,130.17,,,,,,,,,,,,,,,,,,,,,,true,true,12,2021-04-01,2022-03-31,0
2022-01-28,99620,2021-03-31,3,,,,,,,,,,,,,,,,,,,,288921000000,233569000000,0.800,,231147000000,,,,,,,,,,,,true,false,12,2020-04-01,2021-03-31,-1
2022-01-28,99620,2021-03-31,3,,,,,,,,,,,,,,,,,,,,,,,,,,,,,15.09,,,,284244497,129760,,false,false,12,2020-04-01,2021-03-31,-1
2022-01-28,99620,2022-03-31,3,,,,,,,,,,,,,,,,,,,,,,,,,,,,,18.33,,,,,,,false,false,12,2021-04-01,2022-03-31,0
2022-01-28,99620,2022-03-31,3,,,,,,,,,,,,,,,,,,,,,,,,,,,,,32.56,,,,,,,false,true,12,2021-04-01,2022-03-31,0
2022-01-28,99620,2022-03-31,3,,,,,,,,,,,,,,,,,,,,,,,,,,,,,,,,,284380297,129896,284169270,false,false,9,2021-04-01,2021-12-31,0
2022-01-28,99620,2021-03-31,3,,,,,,,,,,,,,,,,,,,,,,,,,,,,,,,,,,,283912017,false,false,9,2020-04-01,2020-12-31,-1
2022-05-06,99620,2022-03-31,,366160000000,0.178,,,,,52210000000,0.920,52500000000,0.931,,37557000000,,132.15,131.72,0.148,0.165,0.143,,347390000000,279959000000,0.798,975.04,277225000000,55391000000,-22761000000,-9609000000,101443000000,,0.250,,,,,,true,false,12,2021-04-01,2022-03-31,0
2022-05-06,99620,2021-03-31,,310719000000,-0.008,,,,,27199000000,0.151,27189000000,0.170,,17138000000,,60.36,60.14,0.078,0.098,0.088,,288921000000,233569000000,0.800,813.57,231147000000,36492000000,-7069000000,-5530000000,71964000000,,0.250,,,,,,true,false,12,2020-04-01,2021-03-31,-1
2022-05-06,99620,2023-03-31,,190900000000,0.048,,,,,28500000000,0.000,28700000000,0.000,,20900000000,,73.51,,,,,,,,,,,,,,,,,,,,,,true,true,6,2022-04-01,2022-09-30,1
2022-05-06,99620,2023-03-31,,403500000000,0.102,,,,,57300000000,0.097,57600000000,0.097,,42000000000,,147.72,,,,,,,,,,,,,,,,0.250,,,,,,true,true,12,2022-04-01,2023-03-31,1
2022-05-06,99620,2022-03-31,,,,,,26307000000,0.189,7834000000,1.129,8142000000,0.969,7953000000,,1.028,27.98,27.89,,,,,77548000000,65377000000,0.818,223.13,63439000000,,,,,33.04,,,,284452897,129896,284200208,false,false,12,2021-04-01,2022-03-31,0
2022-05-06,99620,2021-03-31,,,,,,22120000000,-0.063,3679000000,-0.092,4134000000,-0.010,3920000000,,0.009,13.81,13.76,,,,,71104000000,64636000000,0.884,221.21,62848000000,,,,,15.09,,,,284244497,129760,283943994,false,false,12,2020-04-01,2021-03-31,-1
2022-05-06,99620,2023-03-31,,,,,,,,,,,,,,,,,,,,,,,,,,,,,,36.94,,,,,,,false,true,12,2022-04-01,2023-03-31,1
2022-07-29,99620,2023-03-31,1,93101000000,0.024,,,,,14135000000,-0.016,14603000000,0.012,,10586000000,,37.23,37.13,,,,,364311000000,300340000000,0.817,,297508000000,,,,,,,,,,,,true,false,3,2022-04-01,2022-06-30,0
2022-07-29,99620,2022-03-31,1,90924000000,0.290,,,,,14367000000,2.454,14436000000,2.500,,10599000000,,37.31,37.19,,,,,,,,,,,,,,,,,,,,,true,false,3,2021-04-01,2021-06-30,-1
2022-07-29,99620,2023-03-31,1,190900000000,0.048,,,,,28500000000,0.000,28700000000,0.000,,20900000000,,73.51,,,,,,,,,,,,,,,,,,,,,,true,true,6,2022-04-01,2022-09-30,0
2022-07-29,99620,2023-03-31,1,403500000000,0.102,,,,,57300000000,0.097,57600000000,0.097,,42000000000,,147.72,,,,,,,,,,,,,,,,,,,,,,true,true,12,2022-04-01,2023-03-31,0
2022-07-29,99620,2022-03-31,1,,,,,,,,,,,,,,,,,,,,347390000000,279959000000,0.798,,277225000000,,,,,,,,,,,,true,false,12,2021-04-01,2022-03-31,-1
2022-07-29,99620,2022-03-31,1,,,,,,,,,,,,,,,,,,,,,,,,,,,,,33.04,,,,284452897,129896,,false,false,12,2021-04-01,2022-03-31,-1
2022-07-29,99620,2023-03-31,1,,,,,,,,,,,,,,,,,,,,,,,,,,,,,36.94,,,,,,,false,true,12,2022-04-01,2023-03-31,0
2022-07-29,99620,2023-03-31,1,,,,,,,,,,,,,,,,,,,,,,,,,,,,,,,,,284502897,129974,284346312,false,false,3,2022-04-01,2022-06-30,0
2022-07-29,99620,2022-03-31,1,,,,,,,,,,,,,,,,,,,,,,,,,,,,,,,,,,,284134116,false,false,3,2021-04-01,2021-06-30,-1
2022-10-27,99620,2023-03-31,2,188158000000,0.032,,,,,26898000000,-0.056,27527000000,-0.041,,20240000000,,71.18,70.98,,,,,377335000000,314569000000,0.826,,311528000000,,,,,,,,,,,,true,false,6,2022-04-01,2022-09-30,0
2022-10-27,99620,2022-03-31,2,182238000000,0.272,,,,,28494000000,2.122,28694000000,2.150,,20831000000,,73.31,73.08,,,,,,,,,,,,,,,,,,,,,true,false,6,2021-04-01,2021-09-30,-1
2022-10-27,99620,2023-03-31,2,403500000000,0.102,,,,,57300000000,0.097,57600000000,0.097,,42000000000,,147.72,,,,,,,,,,,,,,,,,,,,,,true,true,12,2022-04-01,2023-03-31,0
2022-10-27,99620,2022-03-31,2,,,,,,,,,,,,,,,,,,,,347390000000,279959000000,0.798,,277225000000,,,,,,,,,,,,true,false,12,2021-04-01,2022-03-31,-1
2022-10-27,99620,2022-03-31,2,,,,,,,,,,,,,,,,,,,,,,,,,,,,,33.04,,,,284452897,129896,,false,false,12,2021-04-01,2022-03-31,-1
2022-10-27,99620,2023-03-31,2,,,,,,,,,,,,,,,,,,,,,,,,,,,,,17.80,,,,,,,false,false,12,2022-04-01,2023-03-31,0
2022-10-27,99620,2023-03-31,2,,,,,,,,,,,,,,,,,,,,,,,,,,,,,36.94,,,,,,,false,true,12,2022-04-01,2023-03-31,0
2022-10-27,99620,2023-03-31,2,,,,,,,,,,,,,,,,,,,,,,,,,,,,,,,,,284525097,130070,284364717,false,false,6,2022-04-01,2022-09-30,0
2022-10-27,99620,2022-03-31,2,,,,,,,,,,,,,,,,,,,,,,,,,,,,,,,,,,,284149628,false,false,6,2021-04-01,2021-09-30,-1
2023-01-27,99620,2023-03-31,3,281995000000,0.029,,,,,38306000000,-0.086,39208000000,-0.067,,28641000000,,100.71,100.42,,,,,366994000000,307407000000,0.830,,304442000000,,,,,,,,,,,,true,false,9,2022-04-01,2022-12-31,0
2023-01-27,99620,2022-03-31,3,274155000000,0.229,,,,,41898000000,1.390,42035000000,1.408,,29903000000,,105.23,104.88,,,,,,,,,,,,,,,,,,,,,true,false,9,2021-04-01,2021-12-31,-1
2023-01-27,99620,2023-03-31,3,377000000000,0.030,,,,,49000000000,-0.061,50000000000,-0.048,,36500000000,,128.30,,,,,,,,,,,,,,,,,,,,,,true,true,12,2022-04-01,2023-03-31,0
2023-01-27,99620,2022-03-31,3,,,,,,,,,,,,,,,,,,,,347390000000,279959000000,0.798,,277225000000,,,,,,,,,,,,true,false,12,2021-04-01,2022-03-31,-1
2023-01-27,99620,2022-03-31,3,,,,,,,,,,,,,,,,,,,,,,,,,,,,,33.04,,,,284452897,129896,,false,false,12,2021-04-01,2022-03-31,-1
2023-01-27,99620,2023-03-31,3,,,,,,,,,,,,,,,,,,,,,,,,,,,,,17.80,,,,,,,false,false,12,2022-04-01,2023-03-31,0
2023-01-27,99620,2023-03-31,3,,,,,,,,,,,,,,,,,,,,,,,,,,,,,32.09,,,,,,,false,true,12,2022-04-01,2023-03-31,0
2023-01-27,99620,2023-03-31,3,,,,,,,,,,,,,,,,,,,,,,,,,,,,,,,,,284609097,130070,284390000,false,false,9,2022-04-01,2022-12-31,0
2023-01-27,99620,2022-03-31,3,,,,,,,,,,,,,,,,,,,,,,,,,,,,,,,,,,,284169270,false,false,9,2021-04-01,2021-12-31,-1
2023-04-27,99620,2023-03-31,,373151000000,0.019,,,,,46615000000,-0.107,47838000000,-0.089,,34282000000,,120.53,120.18,0.117,0.132,0.125,,378458000000,314224000000,0.823,1093.98,311286000000,31447000000,-19033000000,-11169000000,106640000000,,0.250,,,,,,true,false,12,2022-04-01,2023-03-31,0
2023-04-27,99620,2022-03-31,,366160000000,0.178,,,,,52210000000,0.920,52500000000,0.931,,37557000000,,132.15,131.72,0.148,0.165,0.143,,347390000000,279959000000,0.798,975.04,277225000000,55391000000,-22761000000,-9609000000,101443000000,,0.250,,,,,,true,false,12,2021-04-01,2022-03-31,-1
2023-04-27,99620,2024-03-31,,188000000000,-0.001,,,,,25200000000,-0.063,25400000000,-0.077,,18700000000,,65.72,,,,,,,,,,,,,,,,,,,,,,true,true,6,2023-04-01,2023-09-30,1
2023-04-27,99620,2024-03-31,,396000000000,0.061,,,,,51000000000,0.094,51400000000,0.074,,37800000000,,132.84,,,,,,,,,,,,,,,,0.250,,,,,,true,true,12,2023-04-01,2024-03-31,1
2023-04-27,99620,2023-03-31,,,,,,22123000000,-0.159,9461000000,0.208,9680000000,0.189,9375000000,,0.179,32.96,32.87,,,,,105672000000,66104000000,0.607,225.32,64114000000,,,,,30.14,,,,284675397,130070,284420737,false,false,12,2022-04-01,2023-03-31,0
2023-04-27,99620,2022-03-31,,,,,,26307000000,0.189,7834000000,1.129,8142000000,0.969,7953000000,,1.028,27.98,27.89,,,,,77548000000,65377000000,0.818,223.13,63439000000,,,,,33.04,,,,284452897,129896,284200208,false,false,12,2021-04-01,2022-03-31,-1
2023-04-27,99620,2024-03-31,,,,,,,,,,,,,,,,,,,,,,,,,,,,,,33.22,,,,,,,false,true,12,2023-04-01,2024-03-31,1
2023-07-28,99620,2024-03-31,1,89866000000,-0.035,,,,,8999000000,-0.363,9837000000,-0.326,,6087000000,,21.47,21.41,,,,,382539000000,320597000000,0.830,,317498000000,,,,,,,,,,,,true,false,3,2023-04-01,2023-06-30,0
2023-07-28,99620,2023-03-31,1,93101000000,0.024,,,,,14135000000,-0.016,14603000000,0.012,,10586000000,,37.23,37.13,,,,,,,,,,,,,,,,,,,,,true,false,3,2022-04-01,2022-06-30,-1
2023-07-28,99620,2024-03-31,1,181000000000,-0.038,,,,,20000000000,-0.256,20800000000,-0.244,,14000000000,,49.73,,,,,,,,,,,,,,,,,,,,,,true,true,6,2023-04-01,2023-09-30,0
2023-07-28,99620,2024-03-31,1,377000000000,0.010,,,,,42800000000,-0.082,43600000000,-0.089,,30500000000,,108.35,,,,,,,,,,,,,,,,,,,,,,true,true,12,2023-04-01,2024-03-31,0
2023-07-28,99620,2023-03-31,1,,,,,,,,,,,,,,,,,,,,378458000000,314224000000,0.823,,311286000000,,,,,,,,,,,,true,false,12,2022-04-01,2023-03-31,-1
2023-07-28,99620,2023-03-31,1,,,,,,,,,,,,,,,,,,,,,,,,,,,,,30.14,,,,284675397,130070,,false,false,12,2022-04-01,2023-03-31,-1
2023-07-28,99620,2024-03-31,1,,,,,,,,,,,,,,,,,,,,,,,,,,,,,27.10,,,,,,,false,true,12,2023-04-01,2024-03-31,0
2023-07-28,99620,2024-03-31,1,,,,,,,,,,,,,,,,,,,,,,,,,,,,,,,,,284691897,2864729,283570498,false,false,3,2023-04-01,2023-06-30,0
2023-07-28,99620,2023-03-31,1,,,,,,,,,,,,,,,,,,,,,,,,,,,,,,,,,,,284346312,false,false,3,2022-04-01,2022-06-30,-1
2023-10-26,99620,2024-03-31,2,180094000000,-0.043,,,,,18515000000,-0.312,20007000000,-0.273,,14185000000,,50.18,50.05,,,,,392813000000,332914000000,0.839,,329742000000,,,,,,,,,,,,true,false,6,2023-04-01,2023-09-30,0
2023-10-26,99620,2023-03-31,2,188158000000,0.032,,,,,26898000000,-0.056,27527000000,-0.041,,20240000000,,71.18,70.98,,,,,,,,,,,,,,,,,,,,,true,false,6,2022-04-01,2022-09-30,-1
2023-10-26,99620,2024-03-31,2,377000000000,0.010,,,,,42800000000,-0.082,43600000000,-0.089,,30500000000,,108.35,,,,,,,,,,,,,,,,,,,,,,true,true,12,2023-04-01,2024-03-31,0
2023-10-26,99620,2023-03-31,2,,,,,,,,,,,,,,,,,,,,378458000000,314224000000,0.823,,311286000000,,,,,,,,,,,,true,false,12,2022-04-01,2023-03-31,-1
2023-10-26,99620,2023-03-31,2,,,,,,,,,,,,,,,,,,,,,,,,,,,,,30.14,,,,284675397,130070,,false,false,12,2022-04-01,2023-03-31,-1
2023-10-26,99620,2024-03-31,2,,,,,,,,,,,,,,,,,,,,,,,,,,,,,12.60,,,,,,,false,false,12,2023-04-01,2024-03-31,0
2023-10-26,99620,2024-03-31,2,,,,,,,,,,,,,,,,,,,,,,,,,,,,,27.10,,,,,,,false,true,12,2023-04-01,2024-03-31,0
2023-10-26,99620,2024-03-31,2,,,,,,,,,,,,,,,,,,,,,,,,,,,,,,,,,284733797,3196029,282680642,false,false,6,2023-04-01,2023-09-30,0
2023-10-26,99620,2023-03-31,2,,,,,,,,,,,,,,,,,,,,,,,,,,,,,,,,,,,284364717,false,false,6,2022-04-01,2022-09-30,-1
2024-01-26,99620,2024-03-31,3,272823000000,-0.033,,,,,28903000000,-0.245,31157000000,-0.205,,22455000000,,79.53,79.31,,,,,387567000000,329932000000,0.843,,326803000000,,,,,,,,,,,,true,false,9,2023-04-01,2023-12-31,0
2024-01-26,99620,2023-03-31,3,281995000000,0.029,,,,,38306000000,-0.086,39208000000,-0.067,,28641000000,,100.71,100.42,,,,,,,,,,,,,,,,,,,,,true,false,9,2022-04-01,2022-12-31,-1
2024-01-26,99620,2024-03-31,3,377000000000,0.010,,,,,42800000000,-0.082,43600000000,-0.089,,30500000000,,108.35,,,,,,,,,,,,,,,,,,,,,,true,true,12,2023-04-01,2024-03-31,0
2024-01-26,99620,2023-03-31,3,,,,,,,,,,,,,,,,,,,,378458000000,314224000000,0.823,,311286000000,,,,,,,,,,,,true,false,12,2022-04-01,2023-03-31,-1
2024-01-26,99620,2023-03-31,3,,,,,,,,,,,,,,,,,,,,,,,,,,,,,30.14,,,,284675397,130070,,false,false,12,2022-04-01,2023-03-31,-1
2024-01-26,99620,2024-03-31,3,,,,,,,,,,,,,,,,,,,,,,,,,,,,,12.60,,,,,,,false,false,12,2023-04-01,2024-03-31,0
2024-01-26,99620,2024-03-31,3,,,,,,,,,,,,,,,,,,,,,,,,,,,,,27.10,,,,,,,false,true,12,2023-04-01,2024-03-31,0
2024-01-26,99620,2024-03-31,3,,,,,,,,,,,,,,,,,,,,,,,,,,,,,,,,,284791597,3196079,282347980,false,false,9,2023-04-01,2023-12-31,0
2024-01-26,99620,2023-03-31,3,,,,,,,,,,,,,,,,,,,,,,,,,,,,,,,,,,,284390000,false,false,9,2022-04-01,2022-12-31,-1
2024-04-26,99620,2024-03-31,,367649000000,-0.015,,,,,38365000000,-0.177,41265000000,-0.137,,28152000000,,99.75,99.48,0.086,0.104,0.104,,413517000000,347679000000,0.833,1222.38,344515000000,54567000000,-18995000000,-18968000000,133376000000,,0.275,,,,,,true,false,12,2023-04-01,2024-03-31,0
2024-04-26,99620,2023-03-31,,373151000000,0.019,,,,,46615000000,-0.107,47838000000,-0.089,,34282000000,,120.53,120.18,0.117,0.132,0.125,,378458000000,314224000000,0.823,1093.98,311286000000,31447000000,-19033000000,-11169000000,106640000000,,0.250,,,,,,true,false,12,2022-04-01,2023-03-31,-1
2024-04-26,99620,2025-03-31,,189800000000,0.054,,,,,20200000000,0.091,20900000000,0.045,,15200000000,,53.93,,,,,,,,,,,,,,,,,,,,,,true,true,6,2024-04-01,2024-09-30,1
2024-04-26,99620,2025-03-31,,393000000000,0.069,,,,,46000000000,0.199,47400000000,0.149,,34400000000,,122.05,,,,,,,,,,,,,,,,0.300,,,,,,true,true,12,2024-04-01,2025-03-31,1
2024-04-26,99620,2024-03-31,,,,,,60348000000,1.728,47128000000,3.981,47473000000,3.904,47361000000,,4.051,167.82,167.35,,,,,156372000000,97646000000,0.611,339.06,95559000000,,,,,27.47,,,,284847897,3008099,282212984,false,false,12,2023-04-01,2024-03-31,0
2024-04-26,99620,2023-03-31,,,,,,22123000000,-0.159,9461000000,0.208,9680000000,0.189,9375000000,,0.179,32.96,32.87,,,,,105672000000,66104000000,0.607,225.32,64114000000,,,,,30.14,,,,284675397,130070,284420737,false,false,12,2022-04-01,2023-03-31,-1
2024-04-26,99620,2025-03-31,,,,,,,,,,,,,,,,,,,,,,,,,,,,,,36.62,,,,,,,false,true,12,2024-04-01,2025-03-31,1
2024-07-26,99620,2025-03-31,1,99527000000,0.107,,,,,11828000000,0.314,12916000000,0.313,,9251000000,,32.92,32.84,,,,,423269000000,359575000000,0.842,,356410000000,,,,,,,,,,,,true,false,3,2024-04-01,2024-06-30,0
2024-07-26,99620,2024-03-31,1,89866000000,-0.035,,,,,8999000000,-0.363,9837000000,-0.326,,6087000000,,21.47,21.41,,,,,,,,,,,,,,,,,,,,,true,false,3,2023-04-01,2023-06-30,-1
2024-07-26,99620,2025-03-31,1,189800000000,0.054,,,,,20200000000,0.091,20900000000,0.045,,15200000000,,53.93,,,,,,,,,,,,,,,,,,,,,,true,true,6,2024-04-01,2024-09-30,0
2024-07-26,99620,2025-03-31,1,393000000000,0.069,,,,,46000000000,0.199,47400000000,0.149,,34400000000,,122.05,,,,,,,,,,,,,,,,,,,,,,true,true,12,2024-04-01,2025-03-31,0
2024-07-26,99620,2024-03-31,1,,,,,,,,,,,,,,,,,,,,413517000000,347679000000,0.833,,344515000000,,,,,,,,,,,,true,false,12,2023-04-01,2024-03-31,-1
2024-07-26,99620,2024-03-31,1,,,,,,,,,,,,,,,,,,,,,,,,,,,,,27.47,,,,284847897,3008099,,false,false,12,2023-04-01,2024-03-31,-1
2024-07-26,99620,2025-03-31,1,,,,,,,,,,,,,,,,,,,,,,,,,,,,,36.62,,,,,,,false,true,12,2024-04-01,2025-03-31,0
2024-07-26,99620,2025-03-31,1,,,,,,,,,,,,,,,,,,,,,,,,,,,,,,,,,284912897,5614761,281022500,false,false,3,2024-04-01,2024-06-30,0
2024-07-26,99620,2024-03-31,1,,,,,,,,,,,,,,,,,,,,,,,,,,,,,,,,,,,283570498,false,false,3,2023-04-01,2023-06-30,-1
2024-10-25,99620,2025-03-31,2,198022000000,0.100,,,,,23390000000,0.263,25221000000,0.261,,18200000000,,65.21,65.05,,,,,399971000000,336550000000,0.834,,333604000000,,,,,,,,,,,,true,false,6,2024-04-01,2024-09-30,0
2024-10-25,99620,2024-03-31,2,180094000000,-0.043,,,,,18515000000,-0.312,20007000000,-0.273,,14185000000,,50.18,50.05,,,,,,,,,,,,,,,,,,,,,true,false,6,2023-04-01,2023-09-30,-1
2024-10-25,99620,2025-03-31,2,401200000000,0.091,,,,,49100000000,0.280,51600000000,0.250,,37100000000,,134.67,,,,,,,,,,,,,,,,,,,,,,true,true,12,2024-04-01,2025-03-31,0
2024-10-25,99620,2024-03-31,2,,,,,,,,,,,,,,,,,,,,413517000000,347679000000,0.833,,344515000000,,,,,,,,,,,,true,false,12,2023-04-01,2024-03-31,-1
2024-10-25,99620,2024-03-31,2,,,,,,,,,,,,,,,,,,,,,,,,,,,,,27.47,,,,284847897,3008099,,false,false,12,2023-04-01,2024-03-31,-1
2024-10-25,99620,2025-03-31,2,,,,,,,,,,,,,,,,,,,,,,,,,,,,,19.83,,,,,,,false,false,12,2024-04-01,2025-03-31,0
2024-10-25,99620,2025-03-31,2,,,,,,,,,,,,,,,,,,,,,,,,,,,,,40.42,,,,,,,false,true,12,2024-04-01,2025-03-31,0
2024-10-25,99620,2025-03-31,2,,,,,,,,,,,,,,,,,,,,,,,,,,,,,,,,,284985997,9499113,279123618,false,false,6,2024-04-01,2024-09-30,0
2024-10-25,99620,2024-03-31,2,,,,,,,,,,,,,,,,,,,,,,,,,,,,,,,,,,,282680642,false,false,6,2023-04-01,2023-09-30,-1
2025-01-31,99620,2025-03-31,3,301585000000,0.105,,,,,36150000000,0.251,38904000000,0.249,,28213000000,,101.59,101.34,,,,,421599000000,355985000000,0.837,,352969000000,,,,,,,,,,,,true,false,9,2024-04-01,2024-12-31,0
2025-01-31,99620,2024-03-31,3,272823000000,-0.033,,,,,28903000000,-0.245,31157000000,-0.205,,22455000000,,79.53,79.31,,,,,,,,,,,,,,,,,,,,,true,false,9,2023-04-01,2023-12-31,-1
2025-01-31,99620,2025-03-31,3,401200000000,0.091,,,,,49100000000,0.280,51600000000,0.250,,37100000000,,134.67,,,,,,,,,,,,,,,,,,,,,,true,true,12,2024-04-01,2025-03-31,0
2025-01-31,99620,2024-03-31,3,,,,,,,,,,,,,,,,,,,,413517000000,347679000000,0.833,,344515000000,,,,,,,,,,,,true,false,12,2023-04-01,2024-03-31,-1
2025-01-31,99620,2024-03-31,3,,,,,,,,,,,,,,,,,,,,,,,,,,,,,27.47,,,,284847897,3008099,,false,false,12,2023-04-01,2024-03-31,-1
2025-01-31,99620,2025-03-31,3,,,,,,,,,,,,,,,,,,,,,,,,,,,,,19.83,,,,,,,false,false,12,2024-04-01,2025-03-31,0
2025-01-31,99620,2025-03-31,3,,,,,,,,,,,,,,,,,,,,,,,,,,,,,40.42,,,,,,,false,true,12,2024-04-01,2025-03-31,0
2025-01-31,99620,2025-03-31,3,,,,,,,,,,,,,,,,,,,,,,,,,,,,,,,,,285003297,10526985,277732136,false,false,9,2024-04-01,2024-12-31,0
2025-01-31,99620,2024-03-31,3,,,,,,,,,,,,,,,,,,,,,,,,,,,,,,,,,,,282347980,false,false,9,2023-04-01,2023-12-31,-1
2025-04-25,99620,2025-03-31,,401987000000,0.093,,,,,46480000000,0.212,49901000000,0.209,,36549000000,,131.95,131.62,0.105,0.120,0.116,,419574000000,352064000000,0.832,1271.58,349283000000,60461000000,-32452000000,-31759000000,128259000000,,0.325,,,,,,true,false,12,2024-04-01,2025-03-31,0
2025-04-25,99620,2024-03-31,,367649000000,-0.015,,,,,38365000000,-0.177,41265000000,-0.137,,28152000000,,99.75,99.48,0.086,0.104,0.104,,413517000000,347679000000,0.833,1222.38,344515000000,54567000000,-18995000000,-18968000000,133376000000,,0.275,,,,,,true,false,12,2023-04-01,2024-03-31,-1
2025-04-25,99620,2026-03-31,,193000000000,-0.025,,,,,20000000000,-0.145,20500000000,-0.187,,14800000000,,53.88,,,,,,,,,,,,,,,,,,,,,,true,true,6,2025-04-01,2025-09-30,1
2025-04-25,99620,2026-03-31,,400000000000,-0.005,,,,,43500000000,-0.064,44500000000,-0.108,,32000000000,,116.50,,,,,,,,,,,,,,,,0.350,,,,,,true,true,12,2025-04-01,2026-03-31,1
2025-04-25,99620,2025-03-31,,,,,,25125000000,-0.584,10058000000,-0.787,10509000000,-0.779,10241000000,,-0.784,36.97,36.88,,,,,163779000000,79186000000,0.473,282.22,77522000000,,,,,43.21,,,,285057297,10372985,277000077,false,false,12,2024-04-01,2025-03-31,0
2025-04-25,99620,2024-03-31,,,,,,60348000000,1.728,47128000000,3.981,47473000000,3.904,47361000000,,4.051,167.82,167.35,,,,,156372000000,97646000000,0.611,339.06,95559000000,,,,,27.47,,,,284847897,3008099,282212984,false,false,12,2023-04-01,2024-03-31,-1
2025-04-25,99620,2026-03-31,,,,,,,,,,,,,,,,,,,,,,,,,,,,,,40.78,,,,,,,false,true,12,2025-04-01,2026-03-31,1
