filing_date,code,fiscal_year_end,quarterly_period,net_sales,net_sales_change,revenue,revenue_change,operating_revenue,operating_revenue_change,operating_profit,operating_profit_change,ordinary_profit,ordinary_profit_change,net_income,net_income_of_parent,net_income_change,eps,diluted_eps,roe,roa,operating_profit_to_net_sales,operating_profit_to_revenue,total_assets,net_assets,equity_ratio,bps,owner_equity,operating_cash_flow,investing_cash_flow,financing_cash_flow,cash,dividend_per_share,payout_ratio,commemorative_dividend,extra_dividend,number_of_shares,number_of_treqsury_shares,avg_number_of_shares,is_consolidated,is_forecast,duration,period_start,period_end,period_pos
2015-05-08,99690,2015-03-31,,9126000000,-0.021,,,,,139000000,0.079,60000000,0.465,-313000000,,,-27.12,,-0.111,0.006,0.015,,8714000000,2074000000,0.238,216.03,2074000000,265000000,458000000,-1482000000,604000000,,,,,,,,true,false,12,2014-04-01,2015-03-31,0
2015-05-08,99690,2014-03-31,,9318000000,-0.030,,,,,129000000,0.294,41000000,9.788,112000000,,,9.48,,0.032,0.004,0.014,,10219000000,3573000000,0.350,301.60,3573000000,160000000,386000000,-635000000,1363000000,,0.738,,,,,,true,false,12,2013-04-01,2014-03-31,-1
2015-05-08,99690,2016-03-31,,4442000000,0.009,,,,,60000000,,31000000,,,1000000,,0.09,,,,,,,,,,,,,,,,,,,,,,true,true,6,2015-04-01,2015-09-30,1
2015-05-08,99690,2016-03-31,,9606000000,0.053,,,,,388000000,1.784,334000000,4.560,,237000000,,20.58,,,,,,,,,,,,,,,,0.384,,,,,,true,true,12,2015-04-01,2016-03-31,1
2015-05-08,99690,2015-03-31,,9101000000,-0.022,,,,,63000000,-0.216,13000000,-0.420,-335000000,,,-29.08,,,,,,8453000000,1869000000,0.221,194.69,1869000000,,,,,8.00,,,,11856669,2252180,11554606,false,false,12,2014-04-01,2015-03-31,0
2015-05-08,99690,2014-03-31,,9304000000,-0.030,,,,,80000000,0.794,24000000,,114000000,,,9.70,,,,,,10008000000,3410000000,0.341,287.80,3410000000,,,,,7.00,,,,11856669,6775,11851736,false,false,12,2013-04-01,2014-03-31,-1
2015-05-08,99690,2016-03-31,,4435000000,0.009,,,,,32000000,,32000000,,11000000,,,1.00,,,,,,,,,,,,,,,,,,,,,,false,true,6,2015-04-01,2015-09-30,1
2015-05-08,99690,2016-03-31,,9582000000,0.053,,,,,312000000,3.921,287000000,19.649,214000000,,,18.59,,,,,,,,,,,,,,,8.00,,,,,,,false,true,12,2015-04-01,2016-03-31,1
2015-05-08,99690,2015-03-31,,9126000000,-0.011,,,,,139000000,0.296,60000000,0.831,-313000000,,,-27.12,,,,,,,,,,,,,,,,,,,,,,true,true,12,2014-04-01,2015-03-31,0
2015-05-08,99690,2014-03-31,,9318000000,,,,,,129000000,,41000000,,112000000,,,9.48,,,,,,,,,,,,,,,,,,,,,,true,false,12,2013-04-01,2014-03-31,-1
2015-05-08,99690,2015-03-31,,9101000000,-0.012,,,,,63000000,0.070,13000000,-0.106,-335000000,,,-29.08,,,,,,,,,,,,,,,,,,,,,,false,true,12,2014-04-01,2015-03-31,0
2015-05-08,99690,2014-03-31,,9304000000,,,,,,80000000,,24000000,,114000000,,,9.70,,,,,,,,,,,,,,,,,,,,,,false,false,12,2013-04-01,2014-03-31,-1
2015-07-31,99690,2016-03-31,1,2144000000,-0.052,,,,,-57000000,,-67000000,,,-19000000,,-1.99,,,,,,8483000000,1993000000,0.235,,1993000000,,,,,,,,,,,,true,false,3,2015-04-01,2015-06-30,0
2015-07-31,99690,2015-03-31,1,2261000000,0.011,,,,,48000000,1.319,31000000,,,13000000,,1.11,,,,,,,,,,,,,,,,,,,,,,true,false,3,2014-04-01,2014-06-30,-1
2015-07-31,99690,2016-03-31,1,4442000000,0.009,,,,,60000000,,31000000,,,1000000,,0.09,,,,,,,,,,,,,,,,,,,,,,true,true,6,2015-04-01,2015-09-30,0
2015-07-31,99690,2016-03-31,1,9606000000,0.053,,,,,388000000,1.784,334000000,4.560,,237000000,,20.58,,,,,,,,,,,,,,,,,,,,,,true,true,12,2015-04-01,2016-03-31,0
2015-07-31,99690,2015-03-31,1,,,,,,,,,,,,,,,,,,,,8714000000,2074000000,0.238,,2074000000,,,,,,,,,,,,true,false,12,2014-04-01,2015-03-31,-1
2015-07-31,99690,2015-03-31,1,,,,,,,,,,,,,,,,,,,,,,,,,,,,,8.00,,,,11856669,2252180,,false,false,12,2014-04-01,2015-03-31,-1
2015-07-31,99690,2016-03-31,1,,,,,,,,,,,,,,,,,,,,,,,,,,,,,8.00,,,,,,,false,true,12,2015-04-01,2016-03-31,0
2015-07-31,99690,2016-03-31,1,,,,,,,,,,,,,,,,,,,,,,,,,,,,,,,,,11856669,2252180,9604489,false,false,3,2015-04-01,2015-06-30,0
2015-07-31,99690,2015-03-31,1,,,,,,,,,,,,,,,,,,,,,,,,,,,,,,,,,,,11849696,false,false,3,2014-04-01,2014-06-30,-1
2015-10-30,99690,2016-03-31,2,4195000000,-0.047,,,,,-118000000,,-135000000,,,-103000000,,-10.73,,,,,,8408000000,1895000000,0.225,,1895000000,,,,,,,,,,,,true,false,6,2015-04-01,2015-09-30,0
2015-10-30,99690,2015-03-31,2,4403000000,-0.001,,,,,-16000000,,-54000000,,,-49000000,,-4.16,,,,,,,,,,,,,,,,,,,,,,true,false,6,2014-04-01,2014-09-30,-1
2015-10-30,99690,2016-03-31,2,9359000000,0.026,,,,,209000000,0.499,167000000,1.777,,133000000,,11.57,,,,,,,,,,,,,,,,,,,,,,true,true,12,2015-04-01,2016-03-31,0
2015-10-30,99690,2015-03-31,2,,,,,,,,,,,,,,,,,,,,8714000000,2074000000,0.238,,2074000000,,,,,,,,,,,,true,false,12,2014-04-01,2015-03-31,-1
2015-10-30,99690,2015-03-31,2,,,,,,,,,,,,,,,,,,,,,,,,,,,,,8.00,,,,11856669,2252180,,false,false,12,2014-04-01,2015-03-31,-1
2015-10-30,99690,2016-03-31,2,,,,,,,,,,,,,,,,,,,,,,,,,,,,,4.00,,,,,,,false,false,12,2015-04-01,2016-03-31,0
2015-10-30,99690,2016-03-31,2,,,,,,,,,,,,,,,,,,,,,,,,,,,,,8.00,,,,,,,false,true,12,2015-04-01,2016-03-31,0
2015-10-30,99690,2016-03-31,2,,,,,,,,,,,,,,,,,,,,,,,,,,,,,,,,,11856669,2252265,9604453,false,false,6,2015-04-01,2015-09-30,0
2015-10-30,99690,2015-03-31,2,,,,,,,,,,,,,,,,,,,,,,,,,,,,,,,,,,,11849462,false,false,6,2014-04-01,2014-09-30,-1
2015-10-30,99690,2016-03-31,,4195000000,-0.056,,,,,-118000000,,-135000000,,,-103000000,,-10.73,,,,,,,,,,,,,,,,,,,,,,true,true,6,2015-04-01,2015-09-30,0
2015-10-30,99690,2015-03-31,,4403000000,,,,,,-16000000,,-54000000,,,-49000000,,-4.16,,,,,,,,,,,,,,,,,,,,,,true,false,6,2014-04-01,2014-09-30,-1
2015-10-30,99690,2016-03-31,,9359000000,-0.026,,,,,209000000,-0.462,167000000,-0.501,,133000000,,11.57,,,,,,,,,,,,,,,,,,,,,,true,true,12,2015-04-01,2016-03-31,0
2015-10-30,99690,2015-03-31,,9126000000,,,,,,139000000,,60000000,,,-313000000,,-27.12,,,,,,,,,,,,,,,,,,,,,,true,false,12,2014-04-01,2015-03-31,-1
2015-10-30,99690,2016-03-31,,4189000000,-0.056,,,,,-137000000,,-74000000,,-35000000,,,-3.68,,,,,,,,,,,,,,,,,,,,,,false,true,6,2015-04-01,2015-09-30,0
2015-10-30,99690,2015-03-31,,4397000000,,,,,,-44000000,,-53000000,,-38000000,,,-3.28,,,,,,,,,,,,,,,,,,,,,,false,false,6,2014-04-01,2014-09-30,-1
2015-10-30,99690,2016-03-31,,9336000000,-0.026,,,,,142000000,-0.545,180000000,-0.374,168000000,,-0.218,14.54,,,,,,,,,,,,,,,,,,,,,,false,true,12,2015-04-01,2016-03-31,0
2015-10-30,99690,2015-03-31,,9101000000,,,,,,63000000,,13000000,,-335000000,,,-29.08,,,,,,,,,,,,,,,,,,,,,,false,false,12,2014-04-01,2015-03-31,-1
2016-01-29,99690,2016-03-31,3,6717000000,-0.035,,,,,58000000,-0.394,29000000,-0.238,,55000000,,5.76,,,,,,8358000000,2006000000,0.240,,2006000000,,,,,,,,,,,,true,false,9,2015-04-01,2015-12-31,0
2016-01-29,99690,2015-03-31,3,6961000000,-0.015,,,,,95000000,-0.128,38000000,0.221,,-139000000,,-11.82,,,,,,,,,,,,,,,,,,,,,,true,false,9,2014-04-01,2014-12-31,-1
2016-01-29,99690,2016-03-31,3,9017000000,-0.037,,,,,132000000,-0.368,83000000,-0.503,,86000000,,8.95,,,,,,,,,,,,,,,,,,,,,,true,true,12,2015-04-01,2016-03-31,0
2016-01-29,99690,2015-03-31,3,,,,,,,,,,,,,,,,,,,,8714000000,2074000000,0.238,,2074000000,,,,,,,,,,,,true,false,12,2014-04-01,2015-03-31,-1
2016-01-29,99690,2015-03-31,3,,,,,,,,,,,,,,,,,,,,,,,,,,,,,8.00,,,,11856669,2252180,,false,false,12,2014-04-01,2015-03-31,-1
2016-01-29,99690,2016-03-31,3,,,,,,,,,,,,,,,,,,,,,,,,,,,,,4.00,,,,,,,false,false,12,2015-04-01,2016-03-31,0
2016-01-29,99690,2016-03-31,3,,,,,,,,,,,,,,,,,,,,,,,,,,,,,8.00,,,,,,,false,true,12,2015-04-01,2016-03-31,0
2016-01-29,99690,2016-03-31,3,,,,,,,,,,,,,,,,,,,,,,,,,,,,,,,,,11856669,2252286,9604434,false,false,9,2015-04-01,2015-12-31,0
2016-01-29,99690,2015-03-31,3,,,,,,,,,,,,,,,,,,,,,,,,,,,,,,,,,,,11770035,false,false,9,2014-04-01,2014-12-31,-1
2016-01-29,99690,2016-03-31,,9017000000,-0.037,,,,,132000000,-0.368,83000000,-0.503,,86000000,,8.95,,,,,,,,,,,,,,,,,,,,,,true,true,12,2015-04-01,2016-03-31,0
2016-01-29,99690,2015-03-31,,9126000000,,,,,,139000000,,60000000,,,-313000000,,-27.12,,,,,,,,,,,,,,,,,,,,,,true,false,12,2014-04-01,2015-03-31,-1
2016-01-29,99690,2016-03-31,,8994000000,-0.037,,,,,75000000,-0.472,103000000,-0.428,123000000,,-0.268,12.81,,,,,,,,,,,,,,,,,,,,,,false,true,12,2015-04-01,2016-03-31,0
2016-01-29,99690,2015-03-31,,9101000000,,,,,,63000000,,13000000,,-335000000,,,-29.08,,,,,,,,,,,,,,,,,,,,,,false,false,12,2014-04-01,2015-03-31,-1
2016-04-28,99690,2016-03-31,,8895000000,-0.014,,,,,177000000,0.346,136000000,0.640,,134000000,,14.04,,,,,,,,,,,,,,,,,,,,,,true,true,12,2015-04-01,2016-03-31,0
2016-04-28,99690,2015-03-31,,9126000000,,,,,,139000000,,60000000,,,-313000000,,-27.12,,,,,,,,,,,,,,,,,,,,,,true,false,12,2014-04-01,2015-03-31,-1
2016-04-28,99690,2016-03-31,,8882000000,-0.012,,,,,129000000,0.726,165000000,0.606,183000000,,0.488,19.06,,,,,,,,,,,,,,,,,,,,,,false,true,12,2015-04-01,2016-03-31,0
2016-04-28,99690,2015-03-31,,9101000000,,,,,,63000000,,13000000,,-335000000,,,-29.08,,,,,,,,,,,,,,,,,,,,,,false,false,12,2014-04-01,2015-03-31,-1
2016-05-10,99690,2016-03-31,,8895000000,-0.025,,,,,177000000,0.273,136000000,1.263,,134000000,,14.04,,0.066,0.016,0.020,,8177000000,2033000000,0.249,211.72,2033000000,67000000,231000000,-525000000,378000000,,0.570,,,,,,true,false,12,2015-04-01,2016-03-31,0
2016-05-10,99690,2015-03-31,,9126000000,-0.021,,,,,139000000,0.079,60000000,0.465,,-313000000,,-27.12,,-0.111,0.006,0.015,,8714000000,2074000000,0.238,216.03,2074000000,265000000,458000000,-1482000000,604000000,,,,,,,,true,false,12,2014-04-01,2015-03-31,-1
2016-05-10,99690,2017-03-31,,4467000000,0.065,,,,,75000000,,49000000,,,23000000,,2.42,,,,,,,,,,,,,,,,,,,,,,true,true,6,2016-04-01,2016-09-30,1
2016-05-10,99690,2017-03-31,,9468000000,0.064,,,,,435000000,1.450,381000000,1.801,,265000000,,27.60,,,,,,,,,,,,,,,,0.290,,,,,,true,true,12,2016-04-01,2017-03-31,1
2016-05-10,99690,2016-03-31,,8882000000,-0.024,,,,,129000000,1.039,165000000,10.871,183000000,,,19.05,,,,,,8061000000,1935000000,0.240,201.54,1935000000,,,,,8.00,,,,11856669,2252437,9604408,false,false,12,2015-04-01,2016-03-31,0
2016-05-10,99690,2015-03-31,,9101000000,-0.022,,,,,63000000,-0.216,13000000,-0.420,-335000000,,,-29.08,,,,,,8453000000,1869000000,0.221,194.69,1869000000,,,,,8.00,,,,11856669,2252180,11554606,false,false,12,2014-04-01,2015-03-31,-1
2016-05-10,99690,2017-03-31,,4462000000,0.065,,,,,56000000,,58000000,,38000000,,,4.05,,,,,,,,,,,,,,,,,,,,,,false,true,6,2016-04-01,2016-09-30,1
2016-05-10,99690,2017-03-31,,9455000000,0.065,,,,,387000000,1.991,362000000,1.189,253000000,,0.384,26.38,,,,,,,,,,,,,,,8.00,,,,,,,false,true,12,2016-04-01,2017-03-31,1
2016-07-29,99690,2017-03-31,1,2162000000,0.008,,,,,39000000,,28000000,,,12000000,,1.30,,,,,,8183000000,1992000000,0.244,,1992000000,,,,,,,,,,,,true,false,3,2016-04-01,2016-06-30,0
2016-07-29,99690,2016-03-31,1,2144000000,-0.052,,,,,-57000000,,-67000000,,,-19000000,,-1.99,,,,,,,,,,,,,,,,,,,,,,true,false,3,2015-04-01,2015-06-30,-1
2016-07-29,99690,2017-03-31,1,4467000000,0.065,,,,,75000000,,49000000,,,23000000,,2.42,,,,,,,,,,,,,,,,,,,,,,true,true,6,2016-04-01,2016-09-30,0
2016-07-29,99690,2017-03-31,1,9468000000,0.064,,,,,435000000,1.450,381000000,1.801,,265000000,,27.60,,,,,,,,,,,,,,,,,,,,,,true,true,12,2016-04-01,2017-03-31,0
2016-07-29,99690,2016-03-31,1,,,,,,,,,,,,,,,,,,,,8177000000,2033000000,0.249,,2033000000,,,,,,,,,,,,true,false,12,2015-04-01,2016-03-31,-1
2016-07-29,99690,2016-03-31,1,,,,,,,,,,,,,,,,,,,,,,,,,,,,,8.00,,,,11856669,2252437,,false,false,12,2015-04-01,2016-03-31,-1
2016-07-29,99690,2017-03-31,1,,,,,,,,,,,,,,,,,,,,,,,,,,,,,8.00,,,,,,,false,true,12,2016-04-01,2017-03-31,0
2016-07-29,99690,2017-03-31,1,,,,,,,,,,,,,,,,,,,,,,,,,,,,,,,,,11856669,2252487,9604195,false,false,3,2016-04-01,2016-06-30,0
2016-07-29,99690,2016-03-31,1,,,,,,,,,,,,,,,,,,,,,,,,,,,,,,,,,,,9604489,false,false,3,2015-04-01,2015-06-30,-1
2016-10-31,99690,2017-03-31,2,4238000000,0.010,,,,,58000000,,36000000,,,3000000,,0.36,,,,,,8208000000,1985000000,0.242,,1985000000,,,,,,,,,,,,true,false,6,2016-04-01,2016-09-30,0
2016-10-31,99690,2016-03-31,2,4195000000,-0.047,,,,,-118000000,,-135000000,,,-103000000,,-10.73,,,,,,,,,,,,,,,,,,,,,,true,false,6,2015-04-01,2015-09-30,-1
2016-10-31,99690,2017-03-31,2,9083000000,0.021,,,,,304000000,0.714,257000000,0.892,,176000000,,18.43,,,,,,,,,,,,,,,,,,,,,,true,true,12,2016-04-01,2017-03-31,0
2016-10-31,99690,2016-03-31,2,,,,,,,,,,,,,,,,,,,,8177000000,2033000000,0.249,,2033000000,,,,,,,,,,,,true,false,12,2015-04-01,2016-03-31,-1
2016-10-31,99690,2016-03-31,2,,,,,,,,,,,,,,,,,,,,,,,,,,,,,8.00,,,,11856669,2252437,,false,false,12,2015-04-01,2016-03-31,-1
2016-10-31,99690,2017-03-31,2,,,,,,,,,,,,,,,,,,,,,,,,,,,,,6.00,,,,,,,false,false,12,2016-04-01,2017-03-31,0
2016-10-31,99690,2017-03-31,2,,,,,,,,,,,,,,,,,,,,,,,,,,,,,12.00,,,,,,,false,true,12,2016-04-01,2017-03-31,0
2016-10-31,99690,2017-03-31,2,,,,,,,,,,,,,,,,,,,,,,,,,,,,,,,,,11856669,2252487,9604189,false,false,6,2016-04-01,2016-09-30,0
2016-10-31,99690,2016-03-31,2,,,,,,,,,,,,,,,,,,,,,,,,,,,,,,,,,,,9604453,false,false,6,2015-04-01,2015-09-30,-1
2016-10-31,99690,2017-03-31,,4238000000,-0.051,,,,,58000000,-0.232,36000000,-0.273,,3000000,,0.36,,,,,,,,,,,,,,,,,,,,,,true,true,6,2016-04-01,2016-09-30,0
2016-10-31,99690,2016-03-31,,4195000000,,,,,,-118000000,,-135000000,,,-103000000,,-10.73,,,,,,,,,,,,,,,,,,,,,,true,false,6,2015-04-01,2015-09-30,-1
2016-10-31,99690,2017-03-31,,9083000000,-0.041,,,,,304000000,-0.300,257000000,-0.324,,176000000,,18.43,,,,,,,,,,,,,,,,,,,,,,true,true,12,2016-04-01,2017-03-31,0
2016-10-31,99690,2016-03-31,,8895000000,,,,,,177000000,,136000000,,,134000000,,14.04,,,,,,,,,,,,,,,,,,,,,,true,false,12,2015-04-01,2016-03-31,-1
2016-10-31,99690,2017-03-31,,4233000000,-0.051,,,,,28000000,-0.501,37000000,-0.362,15000000,,-0.609,1.58,,,,,,,,,,,,,,,,,,,,,,false,true,6,2016-04-01,2016-09-30,0
2016-10-31,99690,2016-03-31,,4189000000,,,,,,-137000000,,-74000000,,-35000000,,,-3.68,,,,,,,,,,,,,,,,,,,,,,false,false,6,2015-04-01,2015-09-30,-1
2016-10-31,99690,2017-03-31,,9070000000,-0.041,,,,,256000000,-0.338,238000000,-0.342,165000000,,-0.348,17.21,,,,,,,,,,,,,,,12.00,,,,,,,false,true,12,2016-04-01,2017-03-31,0
2016-10-31,99690,2016-03-31,,8882000000,,,,,,129000000,,165000000,,183000000,,,19.05,,,,,,,,,,,,,,,8.00,,,,,,,false,false,12,2015-04-01,2016-03-31,-1
2016-10-31,99690,2017-03-31,,,,,,,,,,,,,,,,,,,,,,,,,,,,,,6.00,,,,,,,false,false,12,2016-04-01,2017-03-31,0
2017-01-31,99690,2017-03-31,3,6677000000,-0.006,,,,,128000000,1.209,94000000,2.217,,47000000,,4.94,,,,,,8543000000,1978000000,0.232,,1978000000,,,,,,,,,,,,true,false,9,2016-04-01,2016-12-31,0
2017-01-31,99690,2016-03-31,3,6717000000,-0.035,,,,,58000000,-0.394,29000000,-0.238,,55000000,,5.76,,,,,,,,,,,,,,,,,,,,,,true,false,9,2015-04-01,2015-12-31,-1
2017-01-31,99690,2017-03-31,3,9083000000,0.021,,,,,304000000,0.714,257000000,0.892,,176000000,,18.43,,,,,,,,,,,,,,,,,,,,,,true,true,12,2016-04-01,2017-03-31,0
2017-01-31,99690,2016-03-31,3,,,,,,,,,,,,,,,,,,,,8177000000,2033000000,0.249,,2033000000,,,,,,,,,,,,true,false,12,2015-04-01,2016-03-31,-1
2017-01-31,99690,2016-03-31,3,,,,,,,,,,,,,,,,,,,,,,,,,,,,,8.00,,,,11856669,2252437,,false,false,12,2015-04-01,2016-03-31,-1
2017-01-31,99690,2017-03-31,3,,,,,,,,,,,,,,,,,,,,,,,,,,,,,6.00,,,,,,,false,false,12,2016-04-01,2017-03-31,0
2017-01-31,99690,2017-03-31,3,,,,,,,,,,,,,,,,,,,,,,,,,,,,,12.00,,,,,,,false,true,12,2016-04-01,2017-03-31,0
2017-01-31,99690,2017-03-31,3,,,,,,,,,,,,,,,,,,,,,,,,,,,,,,,,,11856669,2252487,9604187,false,false,9,2016-04-01,2016-12-31,0
2017-01-31,99690,2016-03-31,3,,,,,,,,,,,,,,,,,,,,,,,,,,,,,,,,,,,9604434,false,false,9,2015-04-01,2015-12-31,-1
2017-04-28,99690,2017-03-31,,8791000000,-0.032,,,,,192000000,-0.367,147000000,-0.426,,101000000,,10.57,,,,,,,,,,,,,,,,,,,,,,true,true,12,2016-04-01,2017-03-31,0
2017-04-28,99690,2016-03-31,,8895000000,,,,,,177000000,,136000000,,,134000000,,14.04,,,,,,,,,,,,,,,,,,,,,,true,false,12,2015-04-01,2016-03-31,-1
2017-04-28,99690,2017-03-31,,8778000000,-0.032,,,,,131000000,-0.489,118000000,-0.503,90000000,,-0.454,9.40,,,,,,,,,,,,,,,,,,,,,,false,true,12,2016-04-01,2017-03-31,0
2017-04-28,99690,2016-03-31,,8882000000,,,,,,129000000,,165000000,,183000000,,,19.05,,,,,,,,,,,,,,,,,,,,,,false,false,12,2015-04-01,2016-03-31,-1
2017-05-10,99690,2017-03-31,,8791000000,-0.012,,,,,192000000,0.084,147000000,0.086,,101000000,,10.57,,0.050,0.018,0.022,,8439000000,2051000000,0.243,213.57,2051000000,235000000,-30000000,49000000,632000000,,1.135,,,,,,true,false,12,2016-04-01,2017-03-31,0
2017-05-10,99690,2016-03-31,,8895000000,-0.025,,,,,177000000,0.273,136000000,1.263,,134000000,,14.04,,0.066,0.016,0.020,,8177000000,2033000000,0.249,211.72,2033000000,67000000,231000000,-525000000,378000000,,0.570,,,,,,true,false,12,2015-04-01,2016-03-31,-1
2017-05-10,99690,2018-03-31,,4244000000,0.001,,,,,47000000,-0.180,28000000,-0.228,,1000000,,0.13,,,,,,,,,,,,,,,,,,,,,,true,true,6,2017-04-01,2017-09-30,1
2017-05-10,99690,2018-03-31,,9082000000,0.033,,,,,235000000,0.224,200000000,0.358,,142000000,,14.86,,,,,,,,,,,,,,,,0.673,,,,,,true,true,12,2017-04-01,2018-03-31,1
2017-05-10,99690,2017-03-31,,8778000000,-0.012,,,,,131000000,0.013,118000000,-0.284,90000000,,-0.507,9.40,,,,,,8304000000,1939000000,0.234,201.99,1939000000,,,,,12.00,,,,11856669,2252557,9604170,false,false,12,2016-04-01,2017-03-31,0
2017-05-10,99690,2016-03-31,,8882000000,-0.024,,,,,129000000,1.039,165000000,10.871,183000000,,,19.05,,,,,,8061000000,1935000000,0.240,201.54,1935000000,,,,,8.00,,,,11856669,2252437,9604408,false,false,12,2015-04-01,2016-03-31,-1
2017-05-10,99690,2018-03-31,,4239000000,0.001,,,,,17000000,-0.373,29000000,-0.223,12000000,,-0.147,1.35,,,,,,,,,,,,,,,,,,,,,,false,true,6,2017-04-01,2017-09-30,1
2017-05-10,99690,2018-03-31,,9069000000,0.033,,,,,173000000,0.327,170000000,0.444,131000000,,0.453,13.66,,,,,,,,,,,,,,,10.00,,,,,,,false,true,12,2017-04-01,2018-03-31,1
2017-07-31,99690,2018-03-31,1,2067000000,-0.044,,,,,-2000000,,-12000000,,,-40000000,,-4.20,,,,,,8256000000,1954000000,0.237,,1954000000,,,,,,,,,,,,true,false,3,2017-04-01,2017-06-30,0
2017-07-31,99690,2017-03-31,1,2162000000,0.008,,,,,39000000,,28000000,,,12000000,,1.30,,,,,,,,,,,,,,,,,,,,,,true,false,3,2016-04-01,2016-06-30,-1
2017-07-31,99690,2018-03-31,1,4244000000,0.001,,,,,47000000,-0.180,28000000,-0.228,,1000000,,0.13,,,,,,,,,,,,,,,,,,,,,,true,true,6,2017-04-01,2017-09-30,0
2017-07-31,99690,2018-03-31,1,9082000000,0.033,,,,,235000000,0.224,200000000,0.358,,142000000,,14.86,,,,,,,,,,,,,,,,,,,,,,true,true,12,2017-04-01,2018-03-31,0
2017-07-31,99690,2017-03-31,1,,,,,,,,,,,,,,,,,,,,8439000000,2051000000,0.243,,2051000000,,,,,,,,,,,,true,false,12,2016-04-01,2017-03-31,-1
2017-07-31,99690,2017-03-31,1,,,,,,,,,,,,,,,,,,,,,,,,,,,,,12.00,,,,11856669,2252557,,false,false,12,2016-04-01,2017-03-31,-1
2017-07-31,99690,2018-03-31,1,,,,,,,,,,,,,,,,,,,,,,,,,,,,,10.00,,,,,,,false,true,12,2017-04-01,2018-03-31,0
2017-07-31,99690,2018-03-31,1,,,,,,,,,,,,,,,,,,,,,,,,,,,,,,,,,11856669,2252557,9604112,false,false,3,2017-04-01,2017-06-30,0
2017-07-31,99690,2017-03-31,1,,,,,,,,,,,,,,,,,,,,,,,,,,,,,,,,,,,9604195,false,false,3,2016-04-01,2016-06-30,-1
2017-09-14,99690,2018-03-31,,4046000000,-0.047,,,,,-529000000,,-549000000,,,-1114000000,,-116.05,,,,,,,,,,,,,,,,,,,,,,true,true,6,2017-04-01,2017-09-30,0
2017-09-14,99690,2017-03-31,,4238000000,,,,,,58000000,,36000000,,,3000000,,0.36,,,,,,,,,,,,,,,,,,,,,,true,false,6,2016-04-01,2016-09-30,-1
2017-09-14,99690,2018-03-31,,8113000000,-0.107,,,,,-486000000,,-529000000,,,-1116000000,,-116.28,,,,,,,,,,,,,,,,,,,,,,true,true,12,2017-04-01,2018-03-31,0
2017-09-14,99690,2017-03-31,,8791000000,,,,,,192000000,,147000000,,,101000000,,10.57,,,,,,,,,,,,,,,,,,,,,,true,false,12,2016-04-01,2017-03-31,-1
2017-09-14,99690,2018-03-31,,4041000000,-0.047,,,,,-559000000,,-548000000,,-1120000000,,,-116.64,,,,,,,,,,,,,,,,,,,,,,false,true,6,2017-04-01,2017-09-30,0
2017-09-14,99690,2017-03-31,,4233000000,,,,,,28000000,,37000000,,15000000,,,1.58,,,,,,,,,,,,,,,,,,,,,,false,false,6,2016-04-01,2016-09-30,-1
2017-09-14,99690,2018-03-31,,8100000000,-0.107,,,,,-547000000,,-558000000,,-1128000000,,,-117.48,,,,,,,,,,,,,,,0.00,,,,,,,false,true,12,2017-04-01,2018-03-31,0
2017-09-14,99690,2017-03-31,,8778000000,,,,,,131000000,,118000000,,90000000,,,9.40,,,,,,,,,,,,,,,12.00,,,,,,,false,false,12,2016-04-01,2017-03-31,-1
2017-11-14,99690,2018-03-31,2,4014000000,-0.053,,,,,-65000000,,-83000000,,,-657000000,,-73.19,,,,,,7644000000,975000000,0.128,,975000000,,,,,,,,,,,,true,false,6,2017-04-01,2017-09-30,0
2017-11-14,99690,2017-03-31,2,4238000000,0.010,,,,,-67000000,,-88000000,,,-121000000,,-12.68,,,,,,,,,,,,,,,,,,,,,,true,false,6,2016-04-01,2016-09-30,-1
2017-11-14,99690,2018-03-31,2,8074000000,-0.082,,,,,110000000,,71000000,,,-561000000,,-58.47,,,,,,,,,,,,,,,,,,,,,,true,true,12,2017-04-01,2018-03-31,0
2017-11-14,99690,2017-03-31,2,,,,,,,,,,,,,,,,,,,,8409000000,1691000000,0.201,,1691000000,,,,,,,,,,,,true,false,12,2016-04-01,2017-03-31,-1
2017-11-14,99690,2017-03-31,2,,,,,,,,,,,,,,,,,,,,,,,,,,,,,12.00,,,,11856669,2252557,,false,false,12,2016-04-01,2017-03-31,-1
2017-11-14,99690,2018-03-31,2,,,,,,,,,,,,,,,,,,,,,,,,,,,,,0.00,,,,,,,false,false,12,2017-04-01,2018-03-31,0
2017-11-14,99690,2018-03-31,2,,,,,,,,,,,,,,,,,,,,,,,,,,,,,0.00,,,,,,,false,true,12,2017-04-01,2018-03-31,0
2017-11-14,99690,2018-03-31,2,,,,,,,,,,,,,,,,,,,,,,,,,,,,,,,,,11856669,2252627,9604098,false,false,6,2017-04-01,2017-09-30,0
2017-11-14,99690,2017-03-31,2,,,,,,,,,,,,,,,,,,,,,,,,,,,,,,,,,,,9604189,false,false,6,2016-04-01,2016-09-30,-1
2017-07-31,99690,2018-03-31,1,2067000000,-0.043,,,,,-42000000,,-52000000,,,-96000000,,-10.09,,,,,,8239000000,1568000000,0.190,,1568000000,,,,,,,,,,,,true,false,3,2017-04-01,2017-06-30,0
2017-07-31,99690,2017-03-31,1,2162000000,0.008,,,,,-22000000,,-33000000,,,-49000000,,-5.17,,,,,,,,,,,,,,,,,,,,,,true,false,3,2016-04-01,2016-06-30,-1
2017-07-31,99690,2018-03-31,1,4244000000,0.057,,,,,47000000,,28000000,,,1000000,,0.13,,,,,,,,,,,,,,,,,,,,,,true,true,6,2017-04-01,2017-09-30,0
2017-07-31,99690,2018-03-31,1,9082000000,0.033,,,,,235000000,,200000000,,,142000000,,14.86,,,,,,,,,,,,,,,,,,,,,,true,true,12,2017-04-01,2018-03-31,0
2017-07-31,99690,2017-03-31,1,,,,,,,,,,,,,,,,,,,,8409000000,1691000000,0.201,,1691000000,,,,,,,,,,,,true,false,12,2016-04-01,2017-03-31,-1
2017-07-31,99690,2017-03-31,1,,,,,,,,,,,,,,,,,,,,,,,,,,,,,12.00,,,,11856669,2252557,,false,false,12,2016-04-01,2017-03-31,-1
2017-07-31,99690,2018-03-31,1,,,,,,,,,,,,,,,,,,,,,,,,,,,,,10.00,,,,,,,false,true,12,2017-04-01,2018-03-31,0
2017-07-31,99690,2018-03-31,1,,,,,,,,,,,,,,,,,,,,,,,,,,,,,,,,,11856669,2252557,9604112,false,false,3,2017-04-01,2017-06-30,0
2017-07-31,99690,2017-03-31,1,,,,,,,,,,,,,,,,,,,,,,,,,,,,,,,,,,,9604195,false,false,3,2016-04-01,2016-06-30,-1
2017-05-10,99690,2017-03-31,,8791000000,-0.012,,,,,-27000000,,-72000000,,,-149000000,,-15.52,,-0.088,-0.009,-0.003,,8409000000,1691000000,0.201,176.16,1691000000,235000000,-30000000,49000000,632000000,,,,,,,,true,false,12,2016-04-01,2017-03-31,0
2017-05-10,99690,2016-03-31,,8895000000,-0.025,,,,,68000000,-0.506,27000000,-0.544,,26000000,,2.72,,0.014,0.003,0.007,,8177000000,1924000000,0.235,200.40,1924000000,67000000,231000000,-525000000,378000000,,2.941,,,,,,true,false,12,2015-04-01,2016-03-31,-1
2017-05-10,99690,2018-03-31,,4244000000,0.001,,,,,47000000,,28000000,,,1000000,,0.13,,,,,,,,,,,,,,,,,,,,,,true,true,6,2017-04-01,2017-09-30,1
2017-05-10,99690,2018-03-31,,9082000000,0.033,,,,,235000000,,200000000,,,142000000,,14.86,,,,,,,,,,,,,,,,0.673,,,,,,true,true,12,2017-04-01,2018-03-31,1
2017-05-10,99690,2017-03-31,,8778000000,-0.012,,,,,-89000000,,-102000000,,-160000000,,,-16.68,,,,,,8274000000,1580000000,0.191,164.60,1580000000,,,,,12.00,,,,11856669,2252557,9604170,false,false,12,2016-04-01,2017-03-31,0
2017-05-10,99690,2016-03-31,,8882000000,-0.024,,,,,20000000,-0.672,56000000,3.075,74000000,,,7.75,,,,,,8061000000,1827000000,0.227,190.23,1827000000,,,,,8.00,,,,11856669,2252437,9604408,false,false,12,2015-04-01,2016-03-31,-1
2017-05-10,99690,2018-03-31,,4239000000,0.001,,,,,17000000,,29000000,,12000000,,,1.35,,,,,,,,,,,,,,,,,,,,,,false,true,6,2017-04-01,2017-09-30,1
2017-05-10,99690,2018-03-31,,9069000000,0.031,,,,,173000000,,170000000,,131000000,,,13.66,,,,,,,,,,,,,,,10.00,,,,,,,false,true,12,2017-04-01,2018-03-31,1
2017-11-13,99690,2018-03-31,,4014000000,-0.008,,,,,-65000000,,-83000000,,,-657000000,,-68.51,,,,,,,,,,,,,,,,,,,,,,true,true,6,2017-04-01,2017-09-30,0
2017-11-13,99690,2017-03-31,,4238000000,,,,,,-67000000,,-88000000,,,-121000000,,-12.68,,,,,,,,,,,,,,,,,,,,,,true,false,6,2016-04-01,2016-09-30,-1
2017-11-13,99690,2018-03-31,,8074000000,-0.005,,,,,110000000,,71000000,,,-561000000,,-58.47,,,,,,,,,,,,,,,,,,,,,,true,true,12,2017-04-01,2018-03-31,0
2017-11-13,99690,2017-03-31,,8791000000,,,,,,-27000000,,-72000000,,,-149000000,,-11.45,,,,,,,,,,,,,,,,,,,,,,true,false,12,2016-04-01,2017-03-31,-1
2017-11-13,99690,2018-03-31,,4010000000,-0.056,,,,,-94000000,,-81000000,,-648000000,,,-67.52,,,,,,,,,,,,,,,,,,,,,,false,true,6,2017-04-01,2017-09-30,0
2017-11-13,99690,2017-03-31,,4233000000,,,,,,-96000000,,-87000000,,-109000000,,,-11.45,,,,,,,,,,,,,,,,,,,,,,false,false,6,2016-04-01,2016-09-30,-1
2017-11-13,99690,2018-03-31,,8061000000,-0.005,,,,,52000000,,41000000,,-573000000,,,-61.13,,,,,,,,,,,,,,,,,,,,,,false,true,12,2017-04-01,2018-03-31,0
2017-11-13,99690,2017-03-31,,8778000000,,,,,,-89000000,,-102000000,,-160000000,,,-16.68,,,,,,,,,,,,,,,,,,,,,,false,false,12,2016-04-01,2017-03-31,-1
2018-01-30,99690,2018-03-31,3,6206000000,-0.071,,,,,-14000000,,-39000000,,,-652000000,,-67.99,,,,,,7683000000,975000000,0.127,,975000000,,,,,,,,,,,,true,false,9,2017-04-01,2017-12-31,0
2018-01-30,99690,2017-03-31,3,6677000000,-0.006,,,,,-46000000,,-80000000,,,-127000000,,-13.25,,,,,,,,,,,,,,,,,,,,,,true,false,9,2016-04-01,2016-12-31,-1
2018-01-30,99690,2018-03-31,3,7999000000,-0.009,,,,,-73000000,,-106000000,,,-731000000,,-76.12,,,,,,,,,,,,,,,,,,,,,,true,true,12,2017-04-01,2018-03-31,0
2018-01-30,99690,2017-03-31,3,,,,,,,,,,,,,,,,,,,,8409000000,1691000000,0.201,,1691000000,,,,,,,,,,,,true,false,12,2016-04-01,2017-03-31,-1
2018-01-30,99690,2017-03-31,3,,,,,,,,,,,,,,,,,,,,,,,,,,,,,12.00,,,,11856669,2252557,,false,false,12,2016-04-01,2017-03-31,-1
2018-01-30,99690,2018-03-31,3,,,,,,,,,,,,,,,,,,,,,,,,,,,,,0.00,,,,,,,false,false,12,2017-04-01,2018-03-31,0
2018-01-30,99690,2018-03-31,3,,,,,,,,,,,,,,,,,,,,,,,,,,,,,0.00,,,,,,,false,true,12,2017-04-01,2018-03-31,0
2018-01-30,99690,2018-03-31,3,,,,,,,,,,,,,,,,,,,,,,,,,,,,,,,,,11856669,2252600,9604018,false,false,9,2017-04-01,2017-12-31,0
2018-01-30,99690,2017-03-31,3,,,,,,,,,,,,,,,,,,,,,,,,,,,,,,,,,,,9604187,false,false,9,2016-04-01,2016-12-31,-1
2018-01-30,99690,2018-03-31,,7999000000,-0.009,,,,,-73000000,,-106000000,,,-731000000,,-76.12,,,,,,,,,,,,,,,,,,,,,,true,true,12,2017-04-01,2018-03-31,0
2018-01-30,99690,2017-03-31,,8791000000,,,,,,-27000000,,-72000000,,,-149000000,,-15.52,,,,,,,,,,,,,,,,,,,,,,true,false,12,2016-04-01,2017-03-31,-1
2018-01-30,99690,2018-03-31,,7993000000,-0.008,,,,,-133000000,,-136000000,,-746000000,,,-77.68,,,,,,,,,,,,,,,,,,,,,,false,true,12,2017-04-01,2018-03-31,0
2018-01-30,99690,2017-03-31,,8778000000,,,,,,-89000000,,-102000000,,-160000000,,,-16.68,,,,,,,,,,,,,,,,,,,,,,false,false,12,2016-04-01,2017-03-31,-1
2018-02-26,99690,2018-03-31,,7999000000,,,,,,-73000000,,-106000000,,,-394000000,,-41.07,,,,,,,,,,,,,,,,,,,,,,true,true,12,2017-04-01,2018-03-31,0
2018-02-26,99690,2017-03-31,,8791000000,,,,,,-27000000,,-72000000,,,-149000000,,-15.52,,,,,,,,,,,,,,,,,,,,,,true,false,12,2016-04-01,2017-03-31,-1
2018-02-26,99690,2018-03-31,,7993000000,,,,,,-133000000,,-136000000,,-409000000,,,-42.64,,,,,,,,,,,,,,,,,,,,,,false,true,12,2017-04-01,2018-03-31,0
2018-02-26,99690,2017-03-31,,8778000000,,,,,,-89000000,,-102000000,,-160000000,,,-16.68,,,,,,,,,,,,,,,,,,,,,,false,false,12,2016-04-01,2017-03-31,-1
2018-02-26,99690,2018-03-31,,7999000000,,,,,,-73000000,,-106000000,,,-394000000,,-41.07,,,,,,,,,,,,,,,,,,,,,,true,true,12,2017-04-01,2018-03-31,0
2018-02-26,99690,2017-03-31,,8791000000,,,,,,-27000000,,-72000000,,,-149000000,,-15.52,,,,,,,,,,,,,,,,,,,,,,true,false,12,2016-04-01,2017-03-31,-1
2018-02-26,99690,2018-03-31,,7993000000,,,,,,-133000000,,-136000000,,-409000000,,,-42.64,,,,,,,,,,,,,,,,,,,,,,false,true,12,2017-04-01,2018-03-31,0
2018-02-26,99690,2017-03-31,,8778000000,,,,,,-89000000,,-102000000,,-160000000,,,-16.68,,,,,,,,,,,,,,,,,,,,,,false,false,12,2016-04-01,2017-03-31,-1
2018-05-01,99690,2018-03-31,,7970000000,-0.004,,,,,-44000000,,-109000000,,,-806000000,,-83.97,,,,,,,,,,,,,,,,,,,,,,true,true,12,2017-04-01,2018-03-31,0
2018-05-01,99690,2017-03-31,,8791000000,,,,,,-27000000,,-72000000,,,-149000000,,-15.52,,,,,,,,,,,,,,,,,,,,,,true,false,12,2016-04-01,2017-03-31,-1
2018-05-01,99690,2018-03-31,,7959000000,-0.004,,,,,-110000000,,-144000000,,-821000000,,,-85.51,,,,,,,,,,,,,,,,,,,,,,false,true,12,2017-04-01,2018-03-31,0
2018-05-01,99690,2017-03-31,,8778000000,,,,,,-89000000,,-102000000,,-160000000,,,-16.68,,,,,,,,,,,,,,,,,,,,,,false,false,12,2016-04-01,2017-03-31,-1
2018-05-15,99690,2018-03-31,,7970000000,-0.093,,,,,-44000000,,-109000000,,,-806000000,,-83.97,,-0.637,-0.014,-0.006,,7028000000,840000000,0.120,87.50,840000000,-404000000,668000000,-242000000,654000000,,,,,,,,true,false,12,2017-04-01,2018-03-31,0
2018-05-15,99690,2017-03-31,,8791000000,-0.012,,,,,-27000000,,-72000000,,,-149000000,,-15.52,,-0.088,-0.009,-0.003,,8409000000,1691000000,0.201,176.16,1691000000,235000000,-30000000,49000000,632000000,,,,,,,,true,false,12,2016-04-01,2017-03-31,-1
2018-05-15,99690,2019-03-31,,3627000000,-0.097,,,,,13000000,,13000000,,,22000000,,2.34,,,,,,,,,,,,,,,,,,,,,,true,true,6,2018-04-01,2018-09-30,1
2018-05-15,99690,2019-03-31,,7790000000,-0.023,,,,,249000000,,250000000,,,186000000,,19.40,,,,,,,,,,,,,,,,,,,,,,true,true,12,2018-04-01,2019-03-31,1
2018-05-15,99690,2018-03-31,,7959000000,-0.093,,,,,-110000000,,-144000000,,-821000000,,,-85.51,,,,,,6868000000,700000000,0.102,72.91,700000000,,,,,0.00,,,,11856669,2252936,9603955,false,false,12,2017-04-01,2018-03-31,0
2018-05-15,99690,2017-03-31,,8778000000,-0.012,,,,,-89000000,,-102000000,,-160000000,,,-16.68,,,,,,8274000000,1580000000,0.191,164.60,1580000000,,,,,12.00,,,,11856669,2252557,9604170,false,false,12,2016-04-01,2017-03-31,-1
2018-05-15,99690,2019-03-31,,3623000000,-0.097,,,,,-15000000,,14000000,,31000000,,,3.31,,,,,,,,,,,,,,,,,,,,,,false,true,6,2018-04-01,2018-09-30,1
2018-05-15,99690,2019-03-31,,7778000000,-0.023,,,,,183000000,,215000000,,171000000,,,17.82,,,,,,,,,,,,,,,0.00,,,,,,,false,true,12,2018-04-01,2019-03-31,1
2018-08-01,99690,2019-03-31,1,1753000000,-0.152,,,,,-5000000,,-2000000,,,33000000,,3.45,,,,,,6524000000,861000000,0.132,,861000000,,,,,,,,,,,,true,false,3,2018-04-01,2018-06-30,0
2018-08-01,99690,2018-03-31,1,2067000000,-0.043,,,,,-42000000,,-52000000,,,-96000000,,-10.09,,,,,,,,,,,,,,,,,,,,,,true,false,3,2017-04-01,2017-06-30,-1
2018-08-01,99690,2019-03-31,1,3627000000,-0.097,,,,,13000000,,13000000,,,22000000,,2.34,,,,,,,,,,,,,,,,,,,,,,true,true,6,2018-04-01,2018-09-30,0
2018-08-01,99690,2019-03-31,1,7790000000,-0.023,,,,,249000000,,250000000,,,186000000,,19.40,,,,,,,,,,,,,,,,,,,,,,true,true,12,2018-04-01,2019-03-31,0
2018-08-01,99690,2018-03-31,1,,,,,,,,,,,,,,,,,,,,7028000000,840000000,0.120,,840000000,,,,,,,,,,,,true,false,12,2017-04-01,2018-03-31,-1
2018-08-01,99690,2018-03-31,1,,,,,,,,,,,,,,,,,,,,,,,,,,,,,0.00,,,,11856669,2252936,,false,false,12,2017-04-01,2018-03-31,-1
2018-08-01,99690,2019-03-31,1,,,,,,,,,,,,,,,,,,,,,,,,,,,,,0.00,,,,,,,false,true,12,2018-04-01,2019-03-31,0
2018-08-01,99690,2019-03-31,1,,,,,,,,,,,,,,,,,,,,,,,,,,,,,,,,,11856669,2252961,9603749,false,false,3,2018-04-01,2018-06-30,0
2018-08-01,99690,2018-03-31,1,,,,,,,,,,,,,,,,,,,,,,,,,,,,,,,,,,,9604112,false,false,3,2017-04-01,2017-06-30,-1
2018-10-30,99690,2019-03-31,2,3425000000,-0.147,,,,,-95000000,,-92000000,,,-68000000,,-7.09,,,,,,6494000000,764000000,0.118,,764000000,,,,,,,,,,,,true,false,6,2018-04-01,2018-09-30,0
2018-10-30,99690,2018-03-31,2,4014000000,-0.053,,,,,-65000000,,-83000000,,,-657000000,,-68.51,,,,,,,,,,,,,,,,,,,,,,true,false,6,2017-04-01,2017-09-30,-1
2018-10-30,99690,2019-03-31,2,7229000000,-0.093,,,,,-152000000,,-150000000,,,-131000000,,-13.70,,,,,,,,,,,,,,,,,,,,,,true,true,12,2018-04-01,2019-03-31,0
2018-10-30,99690,2018-03-31,2,,,,,,,,,,,,,,,,,,,,7028000000,840000000,0.120,,840000000,,,,,,,,,,,,true,false,12,2017-04-01,2018-03-31,-1
2018-10-30,99690,2018-03-31,2,,,,,,,,,,,,,,,,,,,,,,,,,,,,,0.00,,,,11856669,2252936,,false,false,12,2017-04-01,2018-03-31,-1
2018-10-30,99690,2019-03-31,2,,,,,,,,,,,,,,,,,,,,,,,,,,,,,0.00,,,,,,,false,false,12,2018-04-01,2019-03-31,0
2018-10-30,99690,2019-03-31,2,,,,,,,,,,,,,,,,,,,,,,,,,,,,,0.00,,,,,,,false,true,12,2018-04-01,2019-03-31,0
2018-10-30,99690,2019-03-31,2,,,,,,,,,,,,,,,,,,,,,,,,,,,,,,,,,11856669,2253003,9603714,false,false,6,2018-04-01,2018-09-30,0
2018-10-30,99690,2018-03-31,2,,,,,,,,,,,,,,,,,,,,,,,,,,,,,,,,,,,9604098,false,false,6,2017-04-01,2017-09-30,-1
2018-10-30,99690,2019-03-31,,3425000000,-0.056,,,,,-95000000,,-92000000,,,-68000000,,-7.09,,,,,,,,,,,,,,,,,,,,,,true,true,6,2018-04-01,2018-09-30,0
2018-10-30,99690,2018-03-31,,4014000000,,,,,,-65000000,,-83000000,,,-657000000,,-73.19,,,,,,,,,,,,,,,,,,,,,,true,false,6,2017-04-01,2017-09-30,-1
2018-10-30,99690,2019-03-31,,7229000000,-0.072,,,,,-152000000,,-150000000,,,-131000000,,-13.70,,,,,,,,,,,,,,,,,,,,,,true,true,12,2018-04-01,2019-03-31,0
2018-10-30,99690,2018-03-31,,7970000000,,,,,,-44000000,,-109000000,,,-806000000,,-83.97,,,,,,,,,,,,,,,,,,,,,,true,false,12,2017-04-01,2018-03-31,-1
2018-10-30,99690,2019-03-31,,3420000000,-0.056,,,,,-125000000,,-90000000,,-55000000,,,-5.81,,,,,,,,,,,,,,,,,,,,,,false,true,6,2018-04-01,2018-09-30,0
2018-10-30,99690,2018-03-31,,4010000000,,,,,,-94000000,,-81000000,,-648000000,,,-67.52,,,,,,,,,,,,,,,,,,,,,,false,false,6,2017-04-01,2017-09-30,-1
2018-10-30,99690,2019-03-31,,7226000000,-0.071,,,,,-187000000,,-154000000,,-120000000,,,-12.59,,,,,,,,,,,,,,,,,,,,,,false,true,12,2018-04-01,2019-03-31,0
2018-10-30,99690,2018-03-31,,7959000000,,,,,,-110000000,,-144000000,,-821000000,,,-85.51,,,,,,,,,,,,,,,,,,,,,,false,false,12,2017-04-01,2018-03-31,-1
2019-01-31,99690,2019-03-31,3,5449000000,-0.122,,,,,-56000000,,-60000000,,,-22000000,,-2.33,,,,,,6885000000,774000000,0.112,,774000000,,,,,,,,,,,,true,false,9,2018-04-01,2018-12-31,0
2019-01-31,99690,2018-03-31,3,6206000000,-0.071,,,,,-14000000,,-39000000,,,-652000000,,-67.99,,,,,,,,,,,,,,,,,,,,,,true,false,9,2017-04-01,2017-12-31,-1
2019-01-31,99690,2019-03-31,3,7229000000,-0.093,,,,,-152000000,,-150000000,,,-131000000,,-13.70,,,,,,,,,,,,,,,,,,,,,,true,true,12,2018-04-01,2019-03-31,0
2019-01-31,99690,2018-03-31,3,,,,,,,,,,,,,,,,,,,,7028000000,840000000,0.120,,840000000,,,,,,,,,,,,true,false,12,2017-04-01,2018-03-31,-1
2019-01-31,99690,2018-03-31,3,,,,,,,,,,,,,,,,,,,,,,,,,,,,,0.00,,,,11856669,2252936,,false,false,12,2017-04-01,2018-03-31,-1
2019-01-31,99690,2019-03-31,3,,,,,,,,,,,,,,,,,,,,,,,,,,,,,0.00,,,,,,,false,false,12,2018-04-01,2019-03-31,0
2019-01-31,99690,2019-03-31,3,,,,,,,,,,,,,,,,,,,,,,,,,,,,,0.00,,,,,,,false,true,12,2018-04-01,2019-03-31,0
2019-01-31,99690,2019-03-31,3,,,,,,,,,,,,,,,,,,,,,,,,,,,,,,,,,11856669,2252958,9603726,false,false,9,2018-04-01,2018-12-31,0
2019-01-31,99690,2018-03-31,3,,,,,,,,,,,,,,,,,,,,,,,,,,,,,,,,,,,9604018,false,false,9,2017-04-01,2017-12-31,-1
2019-05-14,99690,2019-03-31,,7104000000,-0.108,,,,,-58000000,,-88000000,,,-382000000,,-39.83,,-0.613,-0.014,-0.008,,6107000000,407000000,0.067,42.43,407000000,-109000000,393000000,-416000000,521000000,,,,,,,,true,false,12,2018-04-01,2019-03-31,0
2019-05-14,99690,2018-03-31,,7970000000,-0.093,,,,,-44000000,,-109000000,,,-806000000,,-83.97,,-0.637,-0.014,-0.006,,7028000000,840000000,0.120,87.50,840000000,-404000000,668000000,-242000000,654000000,,,,,,,,true,false,12,2017-04-01,2018-03-31,-1
2019-05-14,99690,2020-03-31,,3190000000,-0.069,,,,,-60000000,,-68000000,,,-36000000,,-3.84,,,,,,,,,,,,,,,,,,,,,,true,true,6,2019-04-01,2019-09-30,1
2019-05-14,99690,2020-03-31,,6637000000,-0.066,,,,,-75000000,,-92000000,,,-79000000,,-8.28,,,,,,,,,,,,,,,,,,,,,,true,true,12,2019-04-01,2020-03-31,1
2019-05-14,99690,2019-03-31,,7092000000,-0.108,,,,,-99000000,,-97000000,,-379000000,,,-39.53,,,,,,5989000000,288000000,0.048,30.04,288000000,,,,,0.00,,,,11856669,2252969,9603722,false,false,12,2018-04-01,2019-03-31,0
2019-05-14,99690,2018-03-31,,7959000000,-0.093,,,,,-110000000,,-144000000,,-821000000,,,-85.51,,,,,,6868000000,700000000,0.102,72.91,700000000,,,,,0.00,,,,11856669,2252936,9603955,false,false,12,2017-04-01,2018-03-31,-1
2019-05-14,99690,2020-03-31,,3190000000,-0.068,,,,,-67000000,,-44000000,,-2000000,,,-0.23,,,,,,,,,,,,,,,,,,,,,,false,true,6,2019-04-01,2019-09-30,1
2019-05-14,99690,2020-03-31,,6637000000,-0.064,,,,,-90000000,,-75000000,,-50000000,,,-5.27,,,,,,,,,,,,,,,0.00,,,,,,,false,true,12,2019-04-01,2020-03-31,1
2019-05-14,99690,2019-03-31,,7104000000,-0.017,,,,,-58000000,,-88000000,,,-382000000,,-39.83,,,,,,,,,,,,,,,,,,,,,,true,true,12,2018-04-01,2019-03-31,0
2019-05-14,99690,2018-03-31,,7970000000,,,,,,-44000000,,-109000000,,,-806000000,,-83.97,,,,,,,,,,,,,,,,,,,,,,true,false,12,2017-04-01,2018-03-31,-1
2019-05-14,99690,2019-03-31,,7092000000,-0.019,,,,,-99000000,,-97000000,,-379000000,,,-39.53,,,,,,,,,,,,,,,,,,,,,,false,true,12,2018-04-01,2019-03-31,0
2019-05-14,99690,2018-03-31,,7959000000,,,,,,-110000000,,-144000000,,-821000000,,,-85.51,,,,,,,,,,,,,,,,,,,,,,false,false,12,2017-04-01,2018-03-31,-1
2019-07-30,99690,2020-03-31,1,1671000000,-0.047,,,,,10000000,,19000000,,,2000000,,0.31,,,,,,6110000000,404000000,0.066,,404000000,,,,,,,,,,,,true,false,3,2019-04-01,2019-06-30,0
2019-07-30,99690,2019-03-31,1,1753000000,-0.152,,,,,-5000000,,-2000000,,,33000000,,3.45,,,,,,,,,,,,,,,,,,,,,,true,false,3,2018-04-01,2018-06-30,-1
2019-07-30,99690,2020-03-31,1,3190000000,-0.069,,,,,-60000000,,-68000000,,,-36000000,,-3.84,,,,,,,,,,,,,,,,,,,,,,true,true,6,2019-04-01,2019-09-30,0
2019-07-30,99690,2020-03-31,1,6637000000,-0.066,,,,,-75000000,,-92000000,,,-79000000,,-8.28,,,,,,,,,,,,,,,,,,,,,,true,true,12,2019-04-01,2020-03-31,0
2019-07-30,99690,2019-03-31,1,,,,,,,,,,,,,,,,,,,,6107000000,407000000,0.067,,407000000,,,,,,,,,,,,true,false,12,2018-04-01,2019-03-31,-1
2019-07-30,99690,2019-03-31,1,,,,,,,,,,,,,,,,,,,,,,,,,,,,,0.00,,,,11856669,2252969,,false,false,12,2018-04-01,2019-03-31,-1
2019-07-30,99690,2020-03-31,1,,,,,,,,,,,,,,,,,,,,,,,,,,,,,0.00,,,,,,,false,true,12,2019-04-01,2020-03-31,0
2019-07-30,99690,2020-03-31,1,,,,,,,,,,,,,,,,,,,,,,,,,,,,,,,,,11856669,2252969,9603700,false,false,3,2019-04-01,2019-06-30,0
2019-07-30,99690,2019-03-31,1,,,,,,,,,,,,,,,,,,,,,,,,,,,,,,,,,,,9603749,false,false,3,2018-04-01,2018-06-30,-1
2019-10-30,99690,2020-03-31,2,3245000000,-0.053,,,,,24000000,,29000000,,,130000000,,13.59,,,,,,5756000000,530000000,0.092,,530000000,,,,,,,,,,,,true,false,6,2019-04-01,2019-09-30,0
2019-10-30,99690,2019-03-31,2,3425000000,-0.147,,,,,-95000000,,-92000000,,,-68000000,,-7.09,,,,,,,,,,,,,,,,,,,,,,true,false,6,2018-04-01,2018-09-30,-1
2019-10-30,99690,2020-03-31,2,6579000000,-0.074,,,,,78000000,,75000000,,,118000000,,12.37,,,,,,,,,,,,,,,,,,,,,,true,true,12,2019-04-01,2020-03-31,0
2019-10-30,99690,2019-03-31,2,,,,,,,,,,,,,,,,,,,,6107000000,407000000,0.067,,407000000,,,,,,,,,,,,true,false,12,2018-04-01,2019-03-31,-1
2019-10-30,99690,2019-03-31,2,,,,,,,,,,,,,,,,,,,,,,,,,,,,,0.00,,,,11856669,2252969,,false,false,12,2018-04-01,2019-03-31,-1
2019-10-30,99690,2020-03-31,2,,,,,,,,,,,,,,,,,,,,,,,,,,,,,0.00,,,,,,,false,false,12,2019-04-01,2020-03-31,0
2019-10-30,99690,2020-03-31,2,,,,,,,,,,,,,,,,,,,,,,,,,,,,,0.00,,,,,,,false,true,12,2019-04-01,2020-03-31,0
2019-10-30,99690,2020-03-31,2,,,,,,,,,,,,,,,,,,,,,,,,,,,,,,,,,11856669,2253024,9603692,false,false,6,2019-04-01,2019-09-30,0
2019-10-30,99690,2019-03-31,2,,,,,,,,,,,,,,,,,,,,,,,,,,,,,,,,,,,9603714,false,false,6,2018-04-01,2018-09-30,-1
2019-10-30,99690,2020-03-31,,3245000000,0.017,,,,,24000000,,29000000,,,130000000,,13.59,,,,,,,,,,,,,,,,,,,,,,true,true,6,2019-04-01,2019-09-30,0
2019-10-30,99690,2019-03-31,,3425000000,,,,,,-95000000,,-92000000,,,-68000000,,-7.09,,,,,,,,,,,,,,,,,,,,,,true,false,6,2018-04-01,2018-09-30,-1
2019-10-30,99690,2020-03-31,,6579000000,-0.009,,,,,78000000,,75000000,,,118000000,,12.37,,,,,,,,,,,,,,,,,,,,,,true,true,12,2019-04-01,2020-03-31,0
2019-10-30,99690,2019-03-31,,7104000000,,,,,,-58000000,,-88000000,,,-382000000,,-39.83,,,,,,,,,,,,,,,,,,,,,,true,false,12,2018-04-01,2019-03-31,-1
2019-10-30,99690,2020-03-31,,3240000000,0.016,,,,,16000000,,66000000,,177000000,,,18.47,,,,,,,,,,,,,,,,,,,,,,false,true,6,2019-04-01,2019-09-30,0
2019-10-30,99690,2019-03-31,,3240000000,,,,,,-125000000,,-90000000,,-59000000,,,-5.81,,,,,,,,,,,,,,,,,,,,,,false,false,6,2018-04-01,2018-09-30,-1
2019-10-30,99690,2020-03-31,,6569000000,-0.010,,,,,62000000,,104000000,,166000000,,,17.39,,,,,,,,,,,,,,,,,,,,,,false,true,12,2019-04-01,2020-03-31,0
2019-10-30,99690,2019-03-31,,7092000000,,,,,,-99000000,,-97000000,,-379000000,,,-39.53,,,,,,,,,,,,,,,,,,,,,,false,false,12,2018-04-01,2019-03-31,-1
2020-01-30,99690,2020-03-31,3,5111000000,-0.062,,,,,159000000,,163000000,,,190000000,,19.80,,,,,,5745000000,630000000,0.109,,,,,,,,,,,,,,true,false,9,2019-04-01,2019-12-31,0
2020-01-30,99690,2019-03-31,3,5449000000,-0.122,,,,,-56000000,,-60000000,,,-22000000,,-2.33,,,,,,,,,,,,,,,,,,,,,,true,false,9,2018-04-01,2018-12-31,-1
2020-01-30,99690,2020-03-31,3,6639000000,-0.066,,,,,143000000,,144000000,,,209000000,,21.84,,,,,,,,,,,,,,,,,,,,,,true,true,12,2019-04-01,2020-03-31,0
2020-01-30,99690,2019-03-31,3,,,,,,,,,,,,,,,,,,,,6107000000,407000000,0.067,,,,,,,,,,,,,,true,false,12,2018-04-01,2019-03-31,-1
2020-01-30,99690,2019-03-31,3,,,,,,,,,,,,,,,,,,,,,,,,,,,,,0.00,,,,11856669,2252969,,false,false,12,2018-04-01,2019-03-31,-1
2020-01-30,99690,2020-03-31,3,,,,,,,,,,,,,,,,,,,,,,,,,,,,,0.00,,,,,,,false,false,12,2019-04-01,2020-03-31,0
2020-01-30,99690,2020-03-31,3,,,,,,,,,,,,,,,,,,,,,,,,,,,,,0.00,,,,,,,false,true,12,2019-04-01,2020-03-31,0
2020-01-30,99690,2020-03-31,3,,,,,,,,,,,,,,,,,,,,,,,,,,,,,,,,,11856669,2253024,9603678,false,false,9,2019-04-01,2019-12-31,0
2020-01-30,99690,2019-03-31,3,,,,,,,,,,,,,,,,,,,,,,,,,,,,,,,,,,,9603726,false,false,9,2018-04-01,2018-12-31,-1
2020-01-30,99690,2020-03-31,,6639000000,0.009,,,,,143000000,0.833,144000000,0.913,,209000000,,21.84,,,,,,,,,,,,,,,,,,,,,,true,true,12,2019-04-01,2020-03-31,0
2020-01-30,99690,2019-03-31,,7104000000,,,,,,-58000000,,-88000000,,,-382000000,,-39.83,,,,,,,,,,,,,,,,,,,,,,true,false,12,2018-04-01,2019-03-31,-1
2020-01-30,99690,2020-03-31,,6629000000,0.009,,,127000000,1.043,,,173000000,0.655,257000000,,0.539,26.86,,,,,,,,,,,,,,,,,,,,,,false,true,12,2019-04-01,2020-03-31,0
2020-01-30,99690,2019-03-31,,7092000000,,,,-99000000,,,,-97000000,,-379000000,,,-39.53,,,,,,,,,,,,,,,,,,,,,,false,false,12,2018-04-01,2019-03-31,-1
2020-05-13,99690,2020-03-31,,6655000000,-0.063,,,,,167000000,,166000000,,,90000000,,9.39,,0.199,0.030,0.025,,4865000000,497000000,0.102,51.84,497000000,160000000,1298000000,-1416000000,563000000,,,,,,,,true,false,12,2019-04-01,2020-03-31,0
2020-05-13,99690,2019-03-31,,7104000000,-0.108,,,,,-58000000,,-88000000,,,-382000000,,-39.83,,-0.613,-0.014,-0.008,,6107000000,407000000,0.067,42.43,407000000,-109000000,393000000,-416000000,521000000,,,,,,,,true,false,12,2018-04-01,2019-03-31,-1
2020-05-13,99690,2021-03-31,,3146000000,-0.032,,,,,51000000,0.515,39000000,0.253,,21000000,,2.26,,,,,,,,,,,,,,,,,,,,,,true,true,6,2020-04-01,2020-09-30,1
2020-05-13,99690,2021-03-31,,6528000000,-0.020,,,,,167000000,0.001,143000000,-0.163,,108000000,,11.28,,,,,,,,,,,,,,,,,,,,,,true,true,12,2020-04-01,2021-03-31,1
2020-05-13,99690,2020-03-31,,6644000000,-0.063,,,,,151000000,,197000000,,139000000,,,14.52,,,,,,4828000000,456000000,0.095,47.56,456000000,,,,,0.00,,,,11856669,2253098,9603664,false,false,12,2019-04-01,2020-03-31,0
2020-05-13,99690,2019-03-31,,7092000000,-0.108,,,,,-99000000,,-97000000,,-379000000,,,-39.53,,,,,,5989000000,288000000,0.048,30.04,288000000,,,,,0.00,,,,11856669,2252969,9603722,false,false,12,2018-04-01,2019-03-31,-1
2020-05-13,99690,2021-03-31,,3141000000,-0.032,,,,,42000000,0.617,40000000,-0.636,29000000,,-0.835,3.05,,,,,,,,,,,,,,,,,,,,,,false,true,6,2020-04-01,2020-09-30,1
2020-05-13,99690,2021-03-31,,6518000000,-0.019,,,,,150000000,-0.007,136000000,-0.447,113000000,,-0.186,11.82,,,,,,,,,,,,,,,0.00,,,,,,,false,true,12,2020-04-01,2021-03-31,1
2020-07-31,99690,2021-03-31,1,1637000000,-0.020,,,,,41000000,2.893,47000000,1.420,,39000000,,4.07,,,,,,4877000000,534000000,0.110,,534000000,,,,,,,,,,,,true,false,3,2020-04-01,2020-06-30,0
2020-07-31,99690,2020-03-31,1,1671000000,-0.047,,,,,10000000,,19000000,,,2000000,,0.31,,,,,,,,,,,,,,,,,,,,,,true,false,3,2019-04-01,2019-06-30,-1
2020-07-31,99690,2021-03-31,1,3146000000,-0.032,,,,,51000000,0.515,39000000,0.253,,21000000,,2.26,,,,,,,,,,,,,,,,,,,,,,true,true,6,2020-04-01,2020-09-30,0
2020-07-31,99690,2021-03-31,1,6528000000,-0.020,,,,,167000000,0.001,143000000,-0.163,,108000000,,11.28,,,,,,,,,,,,,,,,,,,,,,true,true,12,2020-04-01,2021-03-31,0
2020-07-31,99690,2020-03-31,1,,,,,,,,,,,,,,,,,,,,4865000000,497000000,0.102,,497000000,,,,,,,,,,,,true,false,12,2019-04-01,2020-03-31,-1
2020-07-31,99690,2020-03-31,1,,,,,,,,,,,,,,,,,,,,,,,,,,,,,0.00,,,,11856669,2253098,,false,false,12,2019-04-01,2020-03-31,-1
2020-07-31,99690,2021-03-31,1,,,,,,,,,,,,,,,,,,,,,,,,,,,,,0.00,,,,,,,false,true,12,2020-04-01,2021-03-31,0
2020-07-31,99690,2021-03-31,1,,,,,,,,,,,,,,,,,,,,,,,,,,,,,,,,,11856669,2253164,9603522,false,false,3,2020-04-01,2020-06-30,0
2020-07-31,99690,2020-03-31,1,,,,,,,,,,,,,,,,,,,,,,,,,,,,,,,,,,,9603700,false,false,3,2019-04-01,2019-06-30,-1
2020-10-30,99690,2021-03-31,2,3265000000,0.006,,,,,58000000,1.379,69000000,1.371,,38000000,,4.06,,,,,,4671000000,532000000,0.114,,532000000,,,,,,,,,,,,true,false,6,2020-04-01,2020-09-30,0
2020-10-30,99690,2020-03-31,2,3245000000,-0.053,,,,,24000000,,29000000,,,130000000,,13.59,,,,,,,,,,,,,,,,,,,,,,true,false,6,2019-04-01,2019-09-30,-1
2020-10-30,99690,2021-03-31,2,6735000000,0.012,,,,,194000000,0.161,183000000,0.100,,120000000,,12.54,,,,,,,,,,,,,,,,,,,,,,true,true,12,2020-04-01,2021-03-31,0
2020-10-30,99690,2020-03-31,2,,,,,,,,,,,,,,,,,,,,4865000000,497000000,0.102,,497000000,,,,,,,,,,,,true,false,12,2019-04-01,2020-03-31,-1
2020-10-30,99690,2020-03-31,2,,,,,,,,,,,,,,,,,,,,,,,,,,,,,0.00,,,,11856669,2253098,,false,false,12,2019-04-01,2020-03-31,-1
2020-10-30,99690,2021-03-31,2,,,,,,,,,,,,,,,,,,,,,,,,,,,,,0.00,,,,,,,false,false,12,2020-04-01,2021-03-31,0
2020-10-30,99690,2021-03-31,2,,,,,,,,,,,,,,,,,,,,,,,,,,,,,0.00,,,,,,,false,true,12,2020-04-01,2021-03-31,0
2020-10-30,99690,2021-03-31,2,,,,,,,,,,,,,,,,,,,,,,,,,,,,,,,,,11856669,2253164,9603514,false,false,6,2020-04-01,2020-09-30,0
2020-10-30,99690,2020-03-31,2,,,,,,,,,,,,,,,,,,,,,,,,,,,,,,,,,,,9603692,false,false,6,2019-04-01,2019-09-30,-1
2020-10-30,99690,2021-03-31,,3265000000,0.038,,,,,58000000,0.156,69000000,0.775,,38000000,,4.06,,,,,,,,,,,,,,,,,,,,,,true,true,6,2020-04-01,2020-09-30,0
2020-10-30,99690,2020-03-31,,3245000000,,,,,,24000000,,29000000,,,130000000,,13.59,,,,,,,,,,,,,,,,,,,,,,true,false,6,2019-04-01,2019-09-30,-1
2020-10-30,99690,2021-03-31,,6735000000,0.032,,,,,194000000,0.162,183000000,0.280,,120000000,,12.54,,,,,,,,,,,,,,,,,,,,,,true,true,12,2020-04-01,2021-03-31,0
2020-10-30,99690,2020-03-31,,6655000000,,,,,,167000000,,166000000,,,90000000,,9.39,,,,,,,,,,,,,,,,,,,,,,true,false,12,2019-04-01,2020-03-31,-1
2020-10-30,99690,2021-03-31,,3260000000,0.038,,,,,51000000,0.216,75000000,0.877,47000000,,0.637,4.94,,,,,,,,,,,,,,,,,,,,,,false,true,6,2020-04-01,2020-09-30,0
2020-10-30,99690,2020-03-31,,3240000000,,,,,,16000000,,66000000,,177000000,,,18.47,,,,,,,,,,,,,,,,,,,,,,false,false,6,2019-04-01,2019-09-30,-1
2020-10-30,99690,2021-03-31,,6724000000,0.032,,,179000000,0.193,,,195000000,0.434,137000000,,0.212,14.31,,,,,,,,,,,,,,,,,,,,,,false,true,12,2020-04-01,2021-03-31,0
2020-10-30,99690,2020-03-31,,6644000000,,,,151000000,,,,197000000,,139000000,,,14.52,,,,,,,,,,,,,,,,,,,,,,false,false,12,2019-04-01,2020-03-31,-1
2021-01-29,99690,2021-03-31,3,5199000000,0.017,,,,,203000000,0.280,204000000,0.252,,170000000,,17.77,,,,,,4429000000,662000000,0.149,,662000000,,,,,,,,,,,,true,false,9,2020-04-01,2020-12-31,0
2021-01-29,99690,2020-03-31,3,5111000000,-0.062,,,,,159000000,,163000000,,,190000000,,19.80,,,,,,,,,,,,,,,,,,,,,,true,false,9,2019-04-01,2019-12-31,-1
2021-01-29,99690,2021-03-31,3,6735000000,0.012,,,,,194000000,0.161,183000000,0.100,,120000000,,12.54,,,,,,,,,,,,,,,,,,,,,,true,true,12,2020-04-01,2021-03-31,0
2021-01-29,99690,2020-03-31,3,,,,,,,,,,,,,,,,,,,,4865000000,497000000,0.102,,497000000,,,,,,,,,,,,true,false,12,2019-04-01,2020-03-31,-1
2021-01-29,99690,2020-03-31,3,,,,,,,,,,,,,,,,,,,,,,,,,,,,,0.00,,,,11856669,2253098,,false,false,12,2019-04-01,2020-03-31,-1
2021-01-29,99690,2021-03-31,3,,,,,,,,,,,,,,,,,,,,,,,,,,,,,0.00,,,,,,,false,false,12,2020-04-01,2021-03-31,0
2021-01-29,99690,2021-03-31,3,,,,,,,,,,,,,,,,,,,,,,,,,,,,,0.00,,,,,,,false,true,12,2020-04-01,2021-03-31,0
2021-01-29,99690,2021-03-31,3,,,,,,,,,,,,,,,,,,,,,,,,,,,,,,,,,11856669,2253230,9603505,false,false,9,2020-04-01,2020-12-31,0
2021-01-29,99690,2020-03-31,3,,,,,,,,,,,,,,,,,,,,,,,,,,,,,,,,,,,9603678,false,false,9,2019-04-01,2019-12-31,-1
2021-05-14,99690,2021-03-31,,6839000000,0.028,,,,,230000000,0.377,194000000,0.169,,194000000,,19.32,,0.138,0.036,0.034,,5859000000,2311000000,0.394,149.72,2311000000,388000000,619000000,530000000,2101000000,,,,,,,,true,false,12,2020-04-01,2021-03-31,0
2021-05-14,99690,2020-03-31,,6655000000,-0.063,,,,,167000000,,166000000,,,90000000,,9.39,,0.199,0.030,0.025,,4865000000,497000000,0.102,51.84,497000000,160000000,1298000000,-1416000000,563000000,,,,,,,,true,false,12,2019-04-01,2020-03-31,-1
2021-05-14,99690,2022-03-31,,3335000000,0.021,,,,,55000000,-0.065,65000000,-0.057,,40000000,,2.61,,,,,,,,,,,,,,,,,,,,,,true,true,6,2021-04-01,2021-09-30,1
2021-05-14,99690,2022-03-31,,7000000000,0.024,,,,,255000000,0.111,277000000,0.428,,227000000,,14.76,,,,,,,,,,,,,,,,,,,,,,true,true,12,2021-04-01,2022-03-31,1
2021-05-14,99690,2021-03-31,,6827000000,0.028,,,,,214000000,0.416,193000000,-0.019,186000000,,0.339,18.58,,,,,,5748000000,2218000000,0.386,143.73,2218000000,,,,,0.00,,,,17691669,2253230,10052335,false,false,12,2020-04-01,2021-03-31,0
2021-05-14,99690,2020-03-31,,6644000000,-0.063,,,,,151000000,,197000000,,139000000,,,14.52,,,,,,4828000000,456000000,0.095,47.56,456000000,,,,,0.00,,,,11856669,2253098,9603665,false,false,12,2019-04-01,2020-03-31,-1
2021-05-14,99690,2022-03-31,,3330000000,0.022,,,,,46000000,-0.086,66000000,-0.109,44000000,,-0.065,2.87,,,,,,,,,,,,,,,,,,,,,,false,true,6,2021-04-01,2021-09-30,1
2021-05-14,99690,2022-03-31,,6991000000,0.024,,,,,238000000,0.115,271000000,0.401,226000000,,0.211,14.64,,,,,,,,,,,,,,,0.00,,,,,,,false,true,12,2021-04-01,2022-03-31,1
2021-07-30,99690,2022-03-31,1,1656000000,0.012,,,,,44000000,0.084,44000000,-0.067,,16000000,,1.07,,,,,,5749000000,2324000000,0.404,,2324000000,,,,,,,,,,,,true,false,3,2021-04-01,2021-06-30,0
2021-07-30,99690,2021-03-31,1,1637000000,-0.020,,,,,41000000,2.893,47000000,1.420,,39000000,,4.07,,,,,,,,,,,,,,,,,,,,,,true,false,3,2020-04-01,2020-06-30,-1
2021-07-30,99690,2022-03-31,1,3335000000,0.021,,,,,55000000,-0.065,65000000,-0.057,,40000000,,2.61,,,,,,,,,,,,,,,,,,,,,,true,true,6,2021-04-01,2021-09-30,0
2021-07-30,99690,2022-03-31,1,7000000000,0.024,,,,,255000000,0.111,277000000,0.428,,227000000,,14.76,,,,,,,,,,,,,,,,,,,,,,true,true,12,2021-04-01,2022-03-31,0
2021-07-30,99690,2021-03-31,1,,,,,,,,,,,,,,,,,,,,5859000000,2311000000,0.394,,2311000000,,,,,,,,,,,,true,false,12,2020-04-01,2021-03-31,-1
2021-07-30,99690,2021-03-31,1,,,,,,,,,,,,,,,,,,,,,,,,,,,,,0.00,,,,17691669,2253230,,false,false,12,2020-04-01,2021-03-31,-1
2021-07-30,99690,2022-03-31,1,,,,,,,,,,,,,,,,,,,,,,,,,,,,,0.00,,,,,,,false,true,12,2021-04-01,2022-03-31,0
2021-07-30,99690,2022-03-31,1,,,,,,,,,,,,,,,,,,,,,,,,,,,,,,,,,17691669,2253316,15438390,false,false,3,2021-04-01,2021-06-30,0
2021-07-30,99690,2021-03-31,1,,,,,,,,,,,,,,,,,,,,,,,,,,,,,,,,,,,9603522,false,false,3,2020-04-01,2020-06-30,-1
2021-10-29,99690,2022-03-31,2,3318000000,0.016,,,,,80000000,0.360,73000000,0.058,,46000000,,3.04,,,,,,5648000000,2350000000,0.416,,2350000000,,,,,,,,,,,,true,false,6,2021-04-01,2021-09-30,0
2021-10-29,99690,2021-03-31,2,3265000000,0.006,,,,,58000000,1.379,69000000,1.371,,38000000,,4.06,,,,,,,,,,,,,,,,,,,,,,true,false,6,2020-04-01,2020-09-30,-1
2021-10-29,99690,2022-03-31,2,7000000000,0.024,,,,,255000000,0.111,277000000,0.428,,227000000,,14.76,,,,,,,,,,,,,,,,,,,,,,true,true,12,2021-04-01,2022-03-31,0
2021-10-29,99690,2021-03-31,2,,,,,,,,,,,,,,,,,,,,5859000000,2311000000,0.394,,2311000000,,,,,,,,,,,,true,false,12,2020-04-01,2021-03-31,-1
2021-10-29,99690,2021-03-31,2,,,,,,,,,,,,,,,,,,,,,,,,,,,,,0.00,,,,17691669,2253230,,false,false,12,2020-04-01,2021-03-31,-1
2021-10-29,99690,2022-03-31,2,,,,,,,,,,,,,,,,,,,,,,,,,,,,,0.00,,,,,,,false,false,12,2021-04-01,2022-03-31,0
2021-10-29,99690,2022-03-31,2,,,,,,,,,,,,,,,,,,,,,,,,,,,,,0.00,,,,,,,false,true,12,2021-04-01,2022-03-31,0
2021-10-29,99690,2022-03-31,2,,,,,,,,,,,,,,,,,,,,,,,,,,,,,,,,,17691669,2253316,15438374,false,false,6,2021-04-01,2021-09-30,0
2021-10-29,99690,2021-03-31,2,,,,,,,,,,,,,,,,,,,,,,,,,,,,,,,,,,,9603514,false,false,6,2020-04-01,2020-09-30,-1
2021-10-29,99690,2022-03-31,,3318000000,-0.005,,,,,80000000,0.455,73000000,0.122,,46000000,,3.04,,,,,,,,,,,,,,,,,,,,,,true,true,6,2021-04-01,2021-09-30,0
2021-10-29,99690,2021-03-31,,3265000000,,,,,,58000000,,69000000,,,38000000,,4.06,,,,,,,,,,,,,,,,,,,,,,true,false,6,2020-04-01,2020-09-30,-1
2021-10-29,99690,2022-03-31,,3309000000,-0.006,,,,,70000000,0.519,85000000,0.274,58000000,,0.327,3.81,,,,,,,,,,,,,,,,,,,,,,false,true,6,2021-04-01,2021-09-30,0
2021-10-29,99690,2021-03-31,,3260000000,,,,,,51000000,,75000000,,47000000,,,4.94,,,,,,,,,,,,,,,,,,,,,,false,false,6,2020-04-01,2020-09-30,-1
2022-01-28,99690,2022-03-31,3,5233000000,0.007,,,,,174000000,-0.143,169000000,-0.171,,121000000,,7.90,,,,,,5903000000,2421000000,0.410,,2421000000,,,,,,,,,,,,true,false,9,2021-04-01,2021-12-31,0
2022-01-28,99690,2021-03-31,3,5199000000,0.017,,,,,203000000,0.280,204000000,0.252,,170000000,,17.77,,,,,,,,,,,,,,,,,,,,,,true,false,9,2020-04-01,2020-12-31,-1
2022-01-28,99690,2022-03-31,3,7000000000,0.024,,,,,255000000,0.111,277000000,0.428,,227000000,,14.76,,,,,,,,,,,,,,,,,,,,,,true,true,12,2021-04-01,2022-03-31,0
2022-01-28,99690,2021-03-31,3,,,,,,,,,,,,,,,,,,,,5859000000,2311000000,0.394,,2311000000,,,,,,,,,,,,true,false,12,2020-04-01,2021-03-31,-1
2022-01-28,99690,2021-03-31,3,,,,,,,,,,,,,,,,,,,,,,,,,,,,,0.00,,,,17691669,2253230,,false,false,12,2020-04-01,2021-03-31,-1
2022-01-28,99690,2022-03-31,3,,,,,,,,,,,,,,,,,,,,,,,,,,,,,0.00,,,,,,,false,false,12,2021-04-01,2022-03-31,0
2022-01-28,99690,2022-03-31,3,,,,,,,,,,,,,,,,,,,,,,,,,,,,,5.00,,,,,,,false,true,12,2021-04-01,2022-03-31,0
2022-01-28,99690,2022-03-31,3,,,,,,,,,,,,,,,,,,,,,,,,,,,,,,,,,17691669,2253371,15438351,false,false,9,2021-04-01,2021-12-31,0
2022-01-28,99690,2021-03-31,3,,,,,,,,,,,,,,,,,,,,,,,,,,,,,,,,,,,9603505,false,false,9,2020-04-01,2020-12-31,-1
2022-05-11,99690,2022-03-31,,6875000000,0.005,,,,,254000000,0.107,252000000,0.299,,221000000,,14.37,,0.092,0.043,0.037,,5839000000,2510000000,0.430,162.61,2510000000,174000000,19000000,-230000000,2064000000,,0.348,,,,,,true,false,12,2021-04-01,2022-03-31,0
2022-05-11,99690,2021-03-31,,6839000000,0.028,,,,,230000000,0.377,194000000,0.169,,194000000,,19.32,,0.138,0.036,0.034,,5859000000,2311000000,0.394,149.72,2311000000,388000000,619000000,530000000,2101000000,,,,,,,,true,false,12,2020-04-01,2021-03-31,-1
2022-05-11,99690,2023-03-31,,3457000000,0.042,,,,,91000000,0.139,91000000,0.248,,80000000,,5.18,,,,,,,,,,,,,,,,,,,,,,true,true,6,2022-04-01,2022-09-30,1
2022-05-11,99690,2023-03-31,,7318000000,0.064,,,,,263000000,0.035,263000000,0.044,,239000000,,15.52,,,,,,,,,,,,,,,,0.322,,,,,,true,true,12,2022-04-01,2023-03-31,1
2022-05-11,99690,2022-03-31,,6857000000,0.004,,,,,236000000,0.105,256000000,0.327,232000000,,0.246,15.07,,,,,,5772000000,2451000000,0.425,158.80,2451000000,,,,,5.00,,,,17691669,2253428,15438335,false,false,12,2021-04-01,2022-03-31,0
2022-05-11,99690,2021-03-31,,6827000000,0.028,,,,,214000000,0.416,193000000,-0.019,186000000,,0.339,18.58,,,,,,5748000000,2218000000,0.386,143.73,2218000000,,,,,0.00,,,,17691669,2253230,10052335,false,false,12,2020-04-01,2021-03-31,-1
2022-05-11,99690,2023-03-31,,3448000000,0.042,,,,,82000000,0.157,98000000,0.154,86000000,,0.477,5.63,,,,,,,,,,,,,,,,,,,,,,false,true,6,2022-04-01,2022-09-30,1
2022-05-11,99690,2023-03-31,,7300000000,0.065,,,,,245000000,0.036,262000000,0.024,240000000,,0.032,15.55,,,,,,,,,,,,,,,5.00,,,,,,,false,true,12,2022-04-01,2023-03-31,1
2022-07-28,99690,2023-03-31,1,1632000000,-0.014,,,,,-12000000,,-15000000,,,-30000000,,-1.99,,,,,,5871000000,2401000000,0.409,,2401000000,,,,,,,,,,,,true,false,3,2022-04-01,2022-06-30,0
2022-07-28,99690,2022-03-31,1,1656000000,0.012,,,,,44000000,0.084,44000000,-0.067,,16000000,,1.07,,,,,,,,,,,,,,,,,,,,,,true,false,3,2021-04-01,2021-06-30,-1
2022-07-28,99690,2023-03-31,1,3457000000,0.042,,,,,91000000,0.139,91000000,0.248,,80000000,,5.18,,,,,,,,,,,,,,,,,,,,,,true,true,6,2022-04-01,2022-09-30,0
2022-07-28,99690,2023-03-31,1,7318000000,0.064,,,,,263000000,0.035,263000000,0.044,,239000000,,15.52,,,,,,,,,,,,,,,,,,,,,,true,true,12,2022-04-01,2023-03-31,0
2022-07-28,99690,2022-03-31,1,,,,,,,,,,,,,,,,,,,,5839000000,2510000000,0.430,,2510000000,,,,,,,,,,,,true,false,12,2021-04-01,2022-03-31,-1
2022-07-28,99690,2022-03-31,1,,,,,,,,,,,,,,,,,,,,,,,,,,,,,5.00,,,,17691669,2253428,,false,false,12,2021-04-01,2022-03-31,-1
2022-07-28,99690,2023-03-31,1,,,,,,,,,,,,,,,,,,,,,,,,,,,,,5.00,,,,,,,false,true,12,2022-04-01,2023-03-31,0
2022-07-28,99690,2023-03-31,1,,,,,,,,,,,,,,,,,,,,,,,,,,,,,,,,,17691669,2253522,15438171,false,false,3,2022-04-01,2022-06-30,0
2022-07-28,99690,2022-03-31,1,,,,,,,,,,,,,,,,,,,,,,,,,,,,,,,,,,,15438390,false,false,3,2021-04-01,2021-06-30,-1
2022-09-30,99690,2023-03-31,,3295000000,-0.047,,,,,4000000,-0.949,-11000000,-1.122,,73000000,,4.77,,,,,,,,,,,,,,,,,,,,,,true,true,6,2022-04-01,2022-09-30,0
2022-09-30,99690,2022-03-31,,3318000000,,,,,,80000000,,73000000,,,46000000,,3.04,,,,,,,,,,,,,,,,,,,,,,true,false,6,2021-04-01,2021-09-30,-1
2022-09-30,99690,2023-03-31,,7318000000,,,,,,263000000,,244000000,-0.072,,292000000,,18.91,,,,,,,,,,,,,,,,,,,,,,true,true,12,2022-04-01,2023-03-31,0
2022-09-30,99690,2022-03-31,,6875000000,,,,,,254000000,,252000000,,,221000000,,14.37,,,,,,,,,,,,,,,,,,,,,,true,false,12,2021-04-01,2022-03-31,-1
2022-09-30,99690,2023-03-31,,3291000000,-0.046,,,,,0,-0.998,13000000,-0.862,98000000,,0.131,6.37,,,,,,,,,,,,,,,,,,,,,,false,true,6,2022-04-01,2022-09-30,0
2022-09-30,99690,2022-03-31,,3330000000,,,,,,46000000,,66000000,,44000000,,,2.87,,,,,,,,,,,,,,,,,,,,,,false,false,6,2021-04-01,2021-09-30,-1
2022-09-30,99690,2023-03-31,,7300000000,,,,,,245000000,,256000000,-0.023,305000000,,0.271,19.76,,,,,,,,,,,,,,,,,,,,,,false,true,12,2022-04-01,2023-03-31,0
2022-09-30,99690,2022-03-31,,6857000000,,,,,,236000000,,256000000,,232000000,,,15.07,,,,,,,,,,,,,,,,,,,,,,false,false,12,2021-04-01,2022-03-31,-1
2022-10-31,99690,2023-03-31,2,3317000000,0.000,,,,,2000000,-0.972,-14000000,,,81000000,,5.30,,,,,,5882000000,2512000000,0.427,,2512000000,,,,,,,,,,,,true,false,6,2022-04-01,2022-09-30,0
2022-10-31,99690,2022-03-31,2,3318000000,0.016,,,,,80000000,0.360,73000000,0.058,,46000000,,3.04,,,,,,,,,,,,,,,,,,,,,,true,false,6,2021-04-01,2021-09-30,-1
2022-10-31,99690,2023-03-31,2,7318000000,0.064,,,,,263000000,0.035,244000000,-0.032,,292000000,,18.91,,,,,,,,,,,,,,,,,,,,,,true,true,12,2022-04-01,2023-03-31,0
2022-10-31,99690,2022-03-31,2,,,,,,,,,,,,,,,,,,,,5839000000,2510000000,0.430,,2510000000,,,,,,,,,,,,true,false,12,2021-04-01,2022-03-31,-1
2022-10-31,99690,2022-03-31,2,,,,,,,,,,,,,,,,,,,,,,,,,,,,,5.00,,,,17691669,2253428,,false,false,12,2021-04-01,2022-03-31,-1
2022-10-31,99690,2023-03-31,2,,,,,,,,,,,,,,,,,,,,,,,,,,,,,2.50,,,,,,,false,false,12,2022-04-01,2023-03-31,0
2022-10-31,99690,2023-03-31,2,,,,,,,,,,,,,,,,,,,,,,,,,,,,,5.00,,,,,,,false,true,12,2022-04-01,2023-03-31,0
2022-10-31,99690,2023-03-31,2,,,,,,,,,,,,,,,,,,,,,,,,,,,,,,,,,17691669,2253522,15438160,false,false,6,2022-04-01,2022-09-30,0
2022-10-31,99690,2022-03-31,2,,,,,,,,,,,,,,,,,,,,,,,,,,,,,,,,,,,15438374,false,false,6,2021-04-01,2021-09-30,-1
2023-01-30,99690,2023-03-31,3,5338000000,0.020,,,,,153000000,-0.122,140000000,-0.174,,222000000,,14.42,,,,,,6222000000,2591000000,0.416,,2591000000,,,,,,,,,,,,true,false,9,2022-04-01,2022-12-31,0
2023-01-30,99690,2022-03-31,3,5233000000,0.007,,,,,174000000,-0.143,169000000,-0.171,,121000000,,7.90,,,,,,,,,,,,,,,,,,,,,,true,false,9,2021-04-01,2021-12-31,-1
2023-01-30,99690,2023-03-31,3,7318000000,0.064,,,,,263000000,0.035,244000000,-0.032,,292000000,,18.91,,,,,,,,,,,,,,,,,,,,,,true,true,12,2022-04-01,2023-03-31,0
2023-01-30,99690,2022-03-31,3,,,,,,,,,,,,,,,,,,,,5839000000,2510000000,0.430,,2510000000,,,,,,,,,,,,true,false,12,2021-04-01,2022-03-31,-1
2023-01-30,99690,2022-03-31,3,,,,,,,,,,,,,,,,,,,,,,,,,,,,,5.00,,,,17691669,2253428,,false,false,12,2021-04-01,2022-03-31,-1
2023-01-30,99690,2023-03-31,3,,,,,,,,,,,,,,,,,,,,,,,,,,,,,2.50,,,,,,,false,false,12,2022-04-01,2023-03-31,0
2023-01-30,99690,2023-03-31,3,,,,,,,,,,,,,,,,,,,,,,,,,,,,,5.00,,,,,,,false,true,12,2022-04-01,2023-03-31,0
2023-01-30,99690,2023-03-31,3,,,,,,,,,,,,,,,,,,,,,,,,,,,,,,,,,17691669,2353577,15418145,false,false,9,2022-04-01,2022-12-31,0
2023-01-30,99690,2022-03-31,3,,,,,,,,,,,,,,,,,,,,,,,,,,,,,,,,,,,15438351,false,false,9,2021-04-01,2021-12-31,-1
2023-04-17,99690,2023-03-31,,7022000000,-0.040,,,,,204000000,-0.225,191000000,-0.216,,255000000,,16.60,,,,,,,,,,,,,,,,,,,,,,true,true,12,2022-04-01,2023-03-31,0
2023-04-17,99690,2022-03-31,,6875000000,,,,,,254000000,,252000000,,,221000000,,14.37,,,,,,,,,,,,,,,,,,,,,,true,false,12,2021-04-01,2022-03-31,-1
2023-04-17,99690,2023-03-31,,7015000000,-0.039,,,,,198000000,-0.189,216000000,-0.156,282000000,,-0.073,18.37,,,,,,,,,,,,,,,,,,,,,,false,true,12,2022-04-01,2023-03-31,0
2023-04-17,99690,2022-03-31,,6857000000,,,,,,236000000,,256000000,,232000000,,,15.07,,,,,,,,,,,,,,,,,,,,,,false,false,12,2021-04-01,2022-03-31,-1
2023-05-10,99690,2023-03-31,,7017000000,0.021,,,,,203000000,-0.201,190000000,-0.246,,268000000,,17.41,,0.104,0.033,0.029,,5710000000,2629000000,0.461,171.44,2629000000,83000000,314000000,-605000000,1858000000,,0.287,,,,,,true,false,12,2022-04-01,2023-03-31,0
2023-05-10,99690,2022-03-31,,6875000000,0.005,,,,,254000000,0.107,252000000,0.299,,221000000,,14.37,,0.092,0.043,0.037,,5839000000,2510000000,0.430,162.61,2510000000,174000000,19000000,-230000000,2064000000,,0.348,,,,,,true,false,12,2021-04-01,2022-03-31,-1
2023-05-10,99690,2024-03-31,,3449000000,0.040,,,,,21000000,8.441,22000000,,,7000000,,0.47,,,,,,,,,,,,,,,,,,,,,,true,true,6,2023-04-01,2023-09-30,1
2023-05-10,99690,2024-03-31,,7500000000,0.069,,,,,230000000,0.133,233000000,0.226,,203000000,,13.19,,,,,,,,,,,,,,,,0.379,,,,,,true,true,12,2023-04-01,2024-03-31,1
2023-05-10,99690,2023-03-31,,7010000000,0.022,,,,,197000000,-0.165,214000000,-0.164,294000000,,0.267,19.15,,,,,,5682000000,2608000000,0.459,170.06,2608000000,,,,,5.00,,,,17691669,2353629,15399674,false,false,12,2022-04-01,2023-03-31,0
2023-05-10,99690,2022-03-31,,6857000000,0.004,,,,,236000000,0.105,256000000,0.327,232000000,,0.246,15.07,,,,,,5772000000,2451000000,0.425,158.80,2451000000,,,,,5.00,,,,17691669,2253428,15438335,false,false,12,2021-04-01,2022-03-31,-1
2023-05-10,99690,2024-03-31,,3449000000,0.041,,,,,21000000,,22000000,1.046,7000000,,-0.932,0.47,,,,,,,,,,,,,,,,,,,,,,false,true,6,2023-04-01,2023-09-30,1
2023-05-10,99690,2024-03-31,,7500000000,0.070,,,,,231000000,0.169,234000000,0.090,204000000,,-0.308,13.22,,,,,,,,,,,,,,,5.00,,,,,,,false,true,12,2023-04-01,2024-03-31,1
2023-07-31,99690,2024-03-31,1,1592000000,-0.025,,,,,-0,,0,,,-13000000,,-0.89,,,,,,5662000000,2577000000,0.455,,2577000000,,,,,,,,,,,,true,false,3,2023-04-01,2023-06-30,0
2023-07-31,99690,2023-03-31,1,1632000000,-0.014,,,,,-12000000,,-15000000,,,-30000000,,-1.99,,,,,,,,,,,,,,,,,,,,,,true,false,3,2022-04-01,2022-06-30,-1
2023-07-31,99690,2024-03-31,1,3449000000,0.040,,,,,21000000,8.441,22000000,,,7000000,,0.47,,,,,,,,,,,,,,,,,,,,,,true,true,6,2023-04-01,2023-09-30,0
2023-07-31,99690,2024-03-31,1,7500000000,0.069,,,,,230000000,0.133,233000000,0.226,,203000000,,13.19,,,,,,,,,,,,,,,,,,,,,,true,true,12,2023-04-01,2024-03-31,0
2023-07-31,99690,2023-03-31,1,,,,,,,,,,,,,,,,,,,,5710000000,2629000000,0.461,,2629000000,,,,,,,,,,,,true,false,12,2022-04-01,2023-03-31,-1
2023-07-31,99690,2023-03-31,1,,,,,,,,,,,,,,,,,,,,,,,,,,,,,5.00,,,,17691669,2353629,,false,false,12,2022-04-01,2023-03-31,-1
2023-07-31,99690,2024-03-31,1,,,,,,,,,,,,,,,,,,,,,,,,,,,,,5.00,,,,,,,false,true,12,2023-04-01,2024-03-31,0
2023-07-31,99690,2024-03-31,1,,,,,,,,,,,,,,,,,,,,,,,,,,,,,,,,,17691669,2353656,15338033,false,false,3,2023-04-01,2023-06-30,0
2023-07-31,99690,2023-03-31,1,,,,,,,,,,,,,,,,,,,,,,,,,,,,,,,,,,,15438171,false,false,3,2022-04-01,2022-06-30,-1
2023-10-18,99690,2024-03-31,,3109000000,-0.099,,,,,-31000000,,-33000000,,,-48000000,,-3.15,,,,,,,,,,,,,,,,,,,,,,true,true,6,2023-04-01,2023-09-30,0
2023-10-18,99690,2023-03-31,,3317000000,,,,,,2000000,,-14000000,,,81000000,,5.34,,,,,,,,,,,,,,,,,,,,,,true,false,6,2022-04-01,2022-09-30,-1
2023-10-18,99690,2024-03-31,,3109000000,-0.099,,,,,-30000000,,-31000000,,-45000000,,,-2.97,,,,,,,,,,,,,,,,,,,,,,false,true,6,2023-04-01,2023-09-30,0
2023-10-18,99690,2023-03-31,,3314000000,,,,,,-2000000,,10000000,,106000000,,,6.91,,,,,,,,,,,,,,,,,,,,,,false,false,6,2022-04-01,2022-09-30,-1
2023-10-30,99690,2024-03-31,2,3109000000,-0.063,,,,,-30000000,,-32000000,,,-47000000,,-3.08,,,,,,5523000000,2542000000,0.460,,2542000000,,,,,,,,,,,,true,false,6,2023-04-01,2023-09-30,0
2023-10-30,99690,2023-03-31,2,3317000000,0.000,,,,,2000000,-0.972,-14000000,,,81000000,,5.30,,,,,,,,,,,,,,,,,,,,,,true,false,6,2022-04-01,2022-09-30,-1
2023-10-30,99690,2024-03-31,2,7500000000,0.069,,,,,230000000,0.133,233000000,0.226,,203000000,,13.19,,,,,,,,,,,,,,,,,,,,,,true,true,12,2023-04-01,2024-03-31,0
2023-10-30,99690,2023-03-31,2,,,,,,,,,,,,,,,,,,,,5710000000,2629000000,0.461,,2629000000,,,,,,,,,,,,true,false,12,2022-04-01,2023-03-31,-1
2023-10-30,99690,2023-03-31,2,,,,,,,,,,,,,,,,,,,,,,,,,,,,,5.00,,,,17691669,2353629,,false,false,12,2022-04-01,2023-03-31,-1
2023-10-30,99690,2024-03-31,2,,,,,,,,,,,,,,,,,,,,,,,,,,,,,2.50,,,,,,,false,false,12,2023-04-01,2024-03-31,0
2023-10-30,99690,2024-03-31,2,,,,,,,,,,,,,,,,,,,,,,,,,,,,,5.00,,,,,,,false,true,12,2023-04-01,2024-03-31,0
2023-10-30,99690,2024-03-31,2,,,,,,,,,,,,,,,,,,,,,,,,,,,,,,,,,17691669,2353656,15338025,false,false,6,2023-04-01,2023-09-30,0
2023-10-30,99690,2023-03-31,2,,,,,,,,,,,,,,,,,,,,,,,,,,,,,,,,,,,15438160,false,false,6,2022-04-01,2022-09-30,-1
2023-10-30,99690,2024-03-31,2,3109000000,-0.063,,,,,-30000000,,-32000000,,,-47000000,,-3.08,,,,,,5523000000,2542000000,0.460,,2542000000,,,,,,,,,,,,true,false,6,2023-04-01,2023-09-30,0
2023-10-30,99690,2023-03-31,2,3317000000,0.000,,,,,2000000,-0.972,-14000000,,,81000000,,5.30,,,,,,,,,,,,,,,,,,,,,,true,false,6,2022-04-01,2022-09-30,-1
2023-10-30,99690,2024-03-31,2,7500000000,0.069,,,,,230000000,0.133,233000000,0.226,,203000000,,13.19,,,,,,,,,,,,,,,,,,,,,,true,true,12,2023-04-01,2024-03-31,0
2023-10-30,99690,2023-03-31,2,,,,,,,,,,,,,,,,,,,,5710000000,2629000000,0.461,,2629000000,,,,,,,,,,,,true,false,12,2022-04-01,2023-03-31,-1
2023-10-30,99690,2023-03-31,2,,,,,,,,,,,,,,,,,,,,,,,,,,,,,5.00,,,,17691669,2353629,,false,false,12,2022-04-01,2023-03-31,-1
2023-10-30,99690,2024-03-31,2,,,,,,,,,,,,,,,,,,,,,,,,,,,,,2.50,,,,,,,false,false,12,2023-04-01,2024-03-31,0
2023-10-30,99690,2024-03-31,2,,,,,,,,,,,,,,,,,,,,,,,,,,,,,5.00,,,,,,,false,true,12,2023-04-01,2024-03-31,0
2023-10-30,99690,2024-03-31,2,,,,,,,,,,,,,,,,,,,,,,,,,,,,,,,,,17691669,2353656,15338025,false,false,6,2023-04-01,2023-09-30,0
2023-10-30,99690,2023-03-31,2,,,,,,,,,,,,,,,,,,,,,,,,,,,,,,,,,,,15438160,false,false,6,2022-04-01,2022-09-30,-1
2024-01-31,99690,2024-03-31,3,4890000000,-0.084,,,,,39000000,-0.744,39000000,-0.717,,-38000000,,-2.51,,,,,,5642000000,2512000000,0.445,,2512000000,,,,,,,,,,,,true,false,9,2023-04-01,2023-12-31,0
2024-01-31,99690,2023-03-31,3,5338000000,0.020,,,,,153000000,-0.122,140000000,-0.174,,222000000,,14.42,,,,,,,,,,,,,,,,,,,,,,true,false,9,2022-04-01,2022-12-31,-1
2024-01-31,99690,2024-03-31,3,6419000000,-0.085,,,,,66000000,-0.676,67000000,-0.648,,5000000,,0.30,,,,,,,,,,,,,,,,,,,,,,true,true,12,2023-04-01,2024-03-31,0
2024-01-31,99690,2023-03-31,3,,,,,,,,,,,,,,,,,,,,5710000000,2629000000,0.461,,2629000000,,,,,,,,,,,,true,false,12,2022-04-01,2023-03-31,-1
2024-01-31,99690,2023-03-31,3,,,,,,,,,,,,,,,,,,,,,,,,,,,,,5.00,,,,17691669,2353629,,false,false,12,2022-04-01,2023-03-31,-1
2024-01-31,99690,2024-03-31,3,,,,,,,,,,,,,,,,,,,,,,,,,,,,,2.50,,,,,,,false,false,12,2023-04-01,2024-03-31,0
2024-01-31,99690,2024-03-31,3,,,,,,,,,,,,,,,,,,,,,,,,,,,,,5.00,,,,,,,false,true,12,2023-04-01,2024-03-31,0
2024-01-31,99690,2024-03-31,3,,,,,,,,,,,,,,,,,,,,,,,,,,,,,,,,,17691669,2353718,15338008,false,false,9,2023-04-01,2023-12-31,0
2024-01-31,99690,2023-03-31,3,,,,,,,,,,,,,,,,,,,,,,,,,,,,,,,,,,,15418145,false,false,9,2022-04-01,2022-12-31,-1
2024-01-31,99690,2024-03-31,,6419000000,-0.144,,,,,66000000,-0.713,67000000,-0.712,,5000000,,0.30,,,,,,,,,,,,,,,,,,,,,,true,true,12,2023-04-01,2024-03-31,0
2024-01-31,99690,2023-03-31,,7017000000,,,,,,203000000,,190000000,,,268000000,,17.41,,,,,,,,,,,,,,,,,,,,,,true,false,12,2022-04-01,2023-03-31,-1
2024-01-31,99690,2024-03-31,,6419000000,-0.144,,,,,67000000,-0.710,70000000,-0.701,8000000,,-0.961,0.47,,,,,,,,,,,,,,,,,,,,,,false,true,12,2023-04-01,2024-03-31,0
2024-01-31,99690,2023-03-31,,7010000000,,,,,,197000000,,214000000,,294000000,,,19.15,,,,,,,,,,,,,,,,,,,,,,false,false,12,2022-04-01,2023-03-31,-1
2024-04-24,99690,2024-03-31,,6394000000,-0.004,,,,,52000000,-0.223,50000000,-0.257,,-15000000,,-0.96,,,,,,,,,,,,,,,,,,,,,,true,true,12,2023-04-01,2024-03-31,0
2024-04-24,99690,2023-03-31,,7017000000,,,,,,203000000,,190000000,,,268000000,,17.41,,,,,,,,,,,,,,,,,,,,,,true,false,12,2022-04-01,2023-03-31,-1
2024-04-24,99690,2024-03-31,,6391000000,-0.004,,,,,52000000,-0.223,53000000,-0.244,-13000000,,,-0.86,,,,,,,,,,,,,,,,,,,,,,false,true,12,2023-04-01,2024-03-31,0
2024-04-24,99690,2023-03-31,,7010000000,,,,,,197000000,,214000000,,294000000,,,19.15,,,,,,,,,,,,,,,,,,,,,,false,false,12,2022-04-01,2023-03-31,-1
2024-05-13,99690,2024-03-31,,6393000000,-0.089,,,,,51000000,-0.747,50000000,-0.737,,-15000000,,-1.03,,-0.006,0.009,0.008,,5534000000,2597000000,0.469,169.36,2597000000,219000000,-63000000,-326000000,1687000000,,,,,,,,true,false,12,2023-04-01,2024-03-31,0
2024-05-13,99690,2023-03-31,,7017000000,0.021,,,,,203000000,-0.201,190000000,-0.246,,268000000,,17.41,,0.104,0.033,0.029,,5710000000,2629000000,0.461,171.44,2629000000,83000000,314000000,-605000000,1858000000,,0.287,,,,,,true,false,12,2022-04-01,2023-03-31,-1
2024-05-13,99690,2025-03-31,,3265000000,0.050,,,,,40000000,,40000000,,,30000000,,1.96,,,,,,,,,,,,,,,,,,,,,,true,true,6,2024-04-01,2024-09-30,1
2024-05-13,99690,2025-03-31,,6754000000,0.057,,,,,145000000,1.843,145000000,1.900,,145000000,,9.45,,,,,,,,,,,,,,,,0.526,,,,,,true,true,12,2024-04-01,2025-03-31,1
2024-05-13,99690,2024-03-31,,6390000000,-0.088,,,,,52000000,-0.735,53000000,-0.752,-14000000,,,-0.94,,,,,,5423000000,2517000000,0.464,164.12,2517000000,,,,,5.00,,,,17691669,2353773,15337982,false,false,12,2023-04-01,2024-03-31,0
2024-05-13,99690,2023-03-31,,7010000000,0.022,,,,,197000000,-0.165,214000000,-0.164,294000000,,0.267,19.15,,,,,,5682000000,2608000000,0.459,170.06,2608000000,,,,,5.00,,,,17691669,2353629,15399674,false,false,12,2022-04-01,2023-03-31,-1
2024-05-13,99690,2025-03-31,,3265000000,0.050,,,,,40000000,,40000000,,30000000,,,1.96,,,,,,,,,,,,,,,,,,,,,,false,true,6,2024-04-01,2024-09-30,1
2024-05-13,99690,2025-03-31,,6754000000,0.057,,,,,145000000,1.789,145000000,1.736,145000000,,,9.45,,,,,,,,,,,,,,,5.00,,,,,,,false,true,12,2024-04-01,2025-03-31,1
2024-07-31,99690,2025-03-31,1,1478000000,-0.072,,,,,-9000000,,-10000000,,,-21000000,,-1.45,,,,,,5446000000,2531000000,0.465,,2531000000,,,,,,,,,,,,true,false,3,2024-04-01,2024-06-30,0
2024-07-31,99690,2024-03-31,1,1592000000,-0.025,,,,,-0,,0,,,-13000000,,-0.89,,,,,,,,,,,,,,,,,,,,,,true,false,3,2023-04-01,2023-06-30,-1
2024-07-31,99690,2025-03-31,1,3265000000,0.050,,,,,40000000,,40000000,,,30000000,,1.96,,,,,,,,,,,,,,,,,,,,,,true,true,6,2024-04-01,2024-09-30,0
2024-07-31,99690,2025-03-31,1,6754000000,0.057,,,,,145000000,1.843,145000000,1.900,,145000000,,9.45,,,,,,,,,,,,,,,,,,,,,,true,true,12,2024-04-01,2025-03-31,0
2024-07-31,99690,2024-03-31,1,,,,,,,,,,,,,,,,,,,,5534000000,2597000000,0.469,,2597000000,,,,,,,,,,,,true,false,12,2023-04-01,2024-03-31,-1
2024-07-31,99690,2024-03-31,1,,,,,,,,,,,,,,,,,,,,,,,,,,,,,5.00,,,,17691669,2353773,,false,false,12,2023-04-01,2024-03-31,-1
2024-07-31,99690,2025-03-31,1,,,,,,,,,,,,,,,,,,,,,,,,,,,,,5.00,,,,,,,false,true,12,2024-04-01,2025-03-31,0
2024-07-31,99690,2025-03-31,1,,,,,,,,,,,,,,,,,,,,,,,,,,,,,,,,,17691669,2353773,15337896,false,false,3,2024-04-01,2024-06-30,0
2024-07-31,99690,2024-03-31,1,,,,,,,,,,,,,,,,,,,,,,,,,,,,,,,,,,,15338033,false,false,3,2023-04-01,2023-06-30,-1
2024-10-18,99690,2025-03-31,,2899000000,-0.112,,,,,-63000000,,-68000000,,,-124000000,,-8.09,,,,,,,,,,,,,,,,,,,,,,true,true,6,2024-04-01,2024-09-30,0
2024-10-18,99690,2024-03-31,,3109000000,,,,,,-30000000,,-32000000,,,-47000000,,-3.08,,,,,,,,,,,,,,,,,,,,,,true,false,6,2023-04-01,2023-09-30,-1
2024-10-18,99690,2025-03-31,,6072000000,-0.101,,,,,0,,-13000000,,,-80000000,,-5.23,,,,,,,,,,,,,,,,,,,,,,true,true,12,2024-04-01,2025-03-31,0
2024-10-18,99690,2024-03-31,,6393000000,,,,,,51000000,,50000000,,,-15000000,,-1.03,,,,,,,,,,,,,,,,,,,,,,true,false,12,2023-04-01,2024-03-31,-1
2024-10-18,99690,2025-03-31,,2897000000,-0.113,,,,,-63000000,,-66000000,,-122000000,,,-7.96,,,,,,,,,,,,,,,,,,,,,,false,true,6,2024-04-01,2024-09-30,0
2024-10-18,99690,2024-03-31,,3109000000,,,,,,-29000000,,-30000000,,-44000000,,,-2.89,,,,,,,,,,,,,,,,,,,,,,false,false,6,2023-04-01,2023-09-30,-1
2024-10-18,99690,2025-03-31,,6069000000,-0.101,,,,,1000000,,-9000000,,-76000000,,,-4.98,,,,,,,,,,,,,,,,,,,,,,false,true,12,2024-04-01,2025-03-31,0
2024-10-18,99690,2024-03-31,,6390000000,,,,,,52000000,,53000000,,-14000000,,,-0.94,,,,,,,,,,,,,,,,,,,,,,false,false,12,2023-04-01,2024-03-31,-1
2024-10-31,99690,2025-03-31,2,2899000000,-0.068,,,,,-63000000,,-68000000,,,-124000000,,-8.12,,,,,,5307000000,2421000000,0.456,,2421000000,,,,,,,,,,,,true,false,6,2024-04-01,2024-09-30,0
2024-10-31,99690,2024-03-31,2,3109000000,-0.063,,,,,-30000000,,-32000000,,,-47000000,,-3.08,,,,,,,,,,,,,,,,,,,,,,true,false,6,2023-04-01,2023-09-30,-1
2024-10-31,99690,2025-03-31,2,6072000000,-0.050,,,,,0,,-13000000,,,-80000000,,-5.23,,,,,,,,,,,,,,,,,,,,,,true,true,12,2024-04-01,2025-03-31,0
2024-10-31,99690,2024-03-31,2,,,,,,,,,,,,,,,,,,,,5534000000,2597000000,0.469,,2597000000,,,,,,,,,,,,true,false,12,2023-04-01,2024-03-31,-1
2024-10-31,99690,2024-03-31,2,,,,,,,,,,,,,,,,,,,,,,,,,,,,,5.00,,,,17691669,2353773,,false,false,12,2023-04-01,2024-03-31,-1
2024-10-31,99690,2025-03-31,2,,,,,,,,,,,,,,,,,,,,,,,,,,,,,0.00,,,,,,,false,false,12,2024-04-01,2025-03-31,0
2024-10-31,99690,2025-03-31,2,,,,,,,,,,,,,,,,,,,,,,,,,,,,,2.50,,,,,,,false,true,12,2024-04-01,2025-03-31,0
2024-10-31,99690,2025-03-31,2,,,,,,,,,,,,,,,,,,,,,,,,,,,,,,,,,17691669,2353773,15337896,false,false,6,2024-04-01,2024-09-30,0
2024-10-31,99690,2024-03-31,2,,,,,,,,,,,,,,,,,,,,,,,,,,,,,,,,,,,15338025,false,false,6,2023-04-01,2023-09-30,-1
2025-01-31,99690,2025-03-31,3,4580000000,-0.063,,,,,20000000,-0.484,7000000,-0.822,,-69000000,,-4.53,,,,,,5455000000,2470000000,0.453,,2470000000,,,,,,,,,,,,true,false,9,2024-04-01,2024-12-31,0
2025-01-31,99690,2024-03-31,3,4890000000,-0.084,,,,,39000000,-0.744,39000000,-0.717,,-38000000,,-2.51,,,,,,,,,,,,,,,,,,,,,,true,false,9,2023-04-01,2023-12-31,-1
2025-01-31,99690,2025-03-31,3,6072000000,-0.050,,,,,0,,-13000000,,,-80000000,,-5.23,,,,,,,,,,,,,,,,,,,,,,true,true,12,2024-04-01,2025-03-31,0
2025-01-31,99690,2024-03-31,3,,,,,,,,,,,,,,,,,,,,5534000000,2597000000,0.469,,2597000000,,,,,,,,,,,,true,false,12,2023-04-01,2024-03-31,-1
2025-01-31,99690,2024-03-31,3,,,,,,,,,,,,,,,,,,,,,,,,,,,,,5.00,,,,17691669,2353773,,false,false,12,2023-04-01,2024-03-31,-1
2025-01-31,99690,2025-03-31,3,,,,,,,,,,,,,,,,,,,,,,,,,,,,,0.00,,,,,,,false,false,12,2024-04-01,2025-03-31,0
2025-01-31,99690,2025-03-31,3,,,,,,,,,,,,,,,,,,,,,,,,,,,,,2.50,,,,,,,false,true,12,2024-04-01,2025-03-31,0
2025-01-31,99690,2025-03-31,3,,,,,,,,,,,,,,,,,,,,,,,,,,,,,,,,,17691669,2353914,15337865,false,false,9,2024-04-01,2024-12-31,0
2025-01-31,99690,2024-03-31,3,,,,,,,,,,,,,,,,,,,,,,,,,,,,,,,,,,,15338008,false,false,9,2023-04-01,2023-12-31,-1
2025-05-13,99690,2025-03-31,,6060000000,-0.052,,,,,16000000,-0.674,2000000,-0.954,,-69000000,,-4.56,,-0.028,0.000,0.003,,5209000000,2430000000,0.467,158.47,2430000000,13000000,-15000000,-294000000,1390000000,,,,,,,,true,false,12,2024-04-01,2025-03-31,0
2025-05-13,99690,2024-03-31,,6393000000,-0.089,,,,,51000000,-0.747,50000000,-0.737,,-15000000,,-1.03,,-0.006,0.009,0.008,,5534000000,2597000000,0.469,169.36,2597000000,219000000,-63000000,-326000000,1687000000,,,,,,,,true,false,12,2023-04-01,2024-03-31,-1
2025-05-13,99690,2026-03-31,,3109000000,0.072,,,,,0,,-5000000,,,-15000000,,-0.85,,,,,,,,,,,,,,,,,,,,,,true,true,6,2025-04-01,2025-09-30,1
2025-05-13,99690,2026-03-31,,6531000000,0.078,,,,,119000000,6.089,107000000,,,87000000,,4.96,,,,,,,,,,,,,,,,,,,,,,true,true,12,2025-04-01,2026-03-31,1
2025-05-13,99690,2025-03-31,,6057000000,-0.052,,,,,18000000,-0.652,6000000,-0.886,-65000000,,,-4.29,,,,,,5193000000,2412000000,0.465,157.32,2412000000,,,,,2.50,,,,17691669,2353941,15337841,false,false,12,2024-04-01,2025-03-31,0
2025-05-13,99690,2024-03-31,,6390000000,-0.088,,,,,52000000,-0.735,53000000,-0.752,-14000000,,,-0.94,,,,,,5423000000,2517000000,0.464,164.12,2517000000,,,,,5.00,,,,17691669,2353773,15337982,false,false,12,2023-04-01,2024-03-31,-1
2025-05-13,99690,2026-03-31,,,,,,,,,,,,,,,,,,,,,,,,,,,,,,2.50,,,,,,,false,true,12,2025-04-01,2026-03-31,1
2025-07-31,99690,2026-03-31,1,1524000000,0.031,,,,,37000000,,32000000,,,27000000,,1.77,,,,,,5176000000,2418000000,0.467,,2418000000,,,,,,,,,,,,true,false,3,2025-04-01,2025-06-30,0
2025-07-31,99690,2025-03-31,1,1478000000,-0.072,,,,,-9000000,,-10000000,,,-21000000,,-1.45,,,,,,,,,,,,,,,,,,,,,,true,false,3,2024-04-01,2024-06-30,-1
2025-07-31,99690,2026-03-31,1,3109000000,0.072,,,,,0,,-5000000,,,-15000000,,-0.85,,,,,,,,,,,,,,,,,,,,,,true,true,6,2025-04-01,2025-09-30,0
2025-07-31,99690,2026-03-31,1,6531000000,0.078,,,,,119000000,6.089,107000000,,,87000000,,4.96,,,,,,,,,,,,,,,,,,,,,,true,true,12,2025-04-01,2026-03-31,0
2025-07-31,99690,2025-03-31,1,,,,,,,,,,,,,,,,,,,,5209000000,2430000000,0.467,,2430000000,,,,,,,,,,,,true,false,12,2024-04-01,2025-03-31,-1
2025-07-31,99690,2025-03-31,1,,,,,,,,,,,,,,,,,,,,,,,,,,,,,2.50,,,,17691669,2353941,,false,false,12,2024-04-01,2025-03-31,-1
2025-07-31,99690,2026-03-31,1,,,,,,,,,,,,,,,,,,,,,,,,,,,,,2.50,,,,,,,false,true,12,2025-04-01,2026-03-31,0
2025-07-31,99690,2026-03-31,1,,,,,,,,,,,,,,,,,,,,,,,,,,,,,,,,,17691669,2353996,15337714,false,false,3,2025-04-01,2025-06-30,0
2025-07-31,99690,2025-03-31,1,,,,,,,,,,,,,,,,,,,,,,,,,,,,,,,,,,,15337896,false,false,3,2024-04-01,2024-06-30,-1
