filing_date,code,fiscal_year_end,quarterly_period,net_sales,net_sales_change,revenue,revenue_change,operating_revenue,operating_revenue_change,operating_profit,operating_profit_change,ordinary_profit,ordinary_profit_change,net_income,net_income_of_parent,net_income_change,eps,diluted_eps,roe,roa,operating_profit_to_net_sales,operating_profit_to_revenue,total_assets,net_assets,equity_ratio,bps,owner_equity,operating_cash_flow,investing_cash_flow,financing_cash_flow,cash,dividend_per_share,payout_ratio,commemorative_dividend,extra_dividend,number_of_shares,number_of_treqsury_shares,avg_number_of_shares,is_consolidated,is_forecast,duration,period_start,period_end,period_pos
2015-07-30,99860,2016-03-31,1,1598000000,-0.001,,,,,220000000,0.041,223000000,-0.003,,138000000,,22.17,,,,,,11990000000,10237000000,0.854,1634.18,10237000000,,,,,,,,,,,,true,false,3,2015-04-01,2015-06-30,0
2015-07-30,99860,2015-03-31,1,1600000000,0.083,,,,,211000000,0.122,223000000,0.118,,139000000,,23.86,,,,,,,,,,,,,,,,,,,,,,true,false,3,2014-04-01,2014-06-30,-1
2015-07-30,99860,2016-03-31,1,3439000000,0.042,,,,,419000000,-0.056,424000000,-0.083,,273000000,,43.71,,,,,,,,,,,,,,,,,,,,,,true,true,6,2015-04-01,2015-09-30,0
2015-07-30,99860,2016-03-31,1,7585000000,0.042,,,,,1036000000,0.025,1050000000,0.019,,647000000,,103.28,,,,,,,,,,,,,,,,,,,,,,true,true,12,2015-04-01,2016-03-31,0
2015-07-30,99860,2015-03-31,1,,,,,,,,,,,,,,,,,,,,12314000000,10259000000,0.833,1637.74,10259000000,,,,,,,,,,,,true,false,12,2014-04-01,2015-03-31,-1
2015-07-30,99860,2015-03-31,1,,,,,,,,,,,,,,,,,,,,,,,,,,,,,50.00,,,,6266000,1278,,false,false,12,2014-04-01,2015-03-31,-1
2015-07-30,99860,2016-03-31,1,,,,,,,,,,,,,,,,,,,,,,,,,,,,,55.00,,,,,,,false,true,12,2015-04-01,2016-03-31,0
2015-07-30,99860,2016-03-31,1,,,,,,,,,,,,,,,,,,,,,,,,,,,,,,,,,6266000,1278,6264722,false,false,3,2015-04-01,2015-06-30,0
2015-07-30,99860,2015-03-31,1,,,,,,,,,,,,,,,,,,,,,,,,,,,,,,,,,,,5838722,false,false,3,2014-04-01,2014-06-30,-1
2015-10-30,99860,2016-03-31,2,3199000000,-0.030,,,,,439000000,-0.009,453000000,-0.018,,284000000,,45.48,,,,,,12199000000,10383000000,0.851,1657.38,10383000000,,,,,,,,,,,,true,false,6,2015-04-01,2015-09-30,0
2015-10-30,99860,2015-03-31,2,3300000000,0.085,,,,,443000000,0.086,462000000,0.085,,281000000,,48.16,,,,,,,,,,,,,,,,,,,,,,true,false,6,2014-04-01,2014-09-30,-1
2015-10-30,99860,2016-03-31,2,7585000000,0.042,,,,,1036000000,0.025,1050000000,0.019,,647000000,,103.28,,,,,,,,,,,,,,,,,,,,,,true,true,12,2015-04-01,2016-03-31,0
2015-10-30,99860,2015-03-31,2,,,,,,,,,,,,,,,,,,,,12314000000,10259000000,0.833,1637.74,10259000000,,,,,,,,,,,,true,false,12,2014-04-01,2015-03-31,-1
2015-10-30,99860,2015-03-31,2,,,,,,,,,,,,,,,,,,,,,,,,,,,,,50.00,,,,6266000,1278,,false,false,12,2014-04-01,2015-03-31,-1
2015-10-30,99860,2016-03-31,2,,,,,,,,,,,,,,,,,,,,,,,,,,,,,24.00,,,,,,,false,false,12,2015-04-01,2016-03-31,0
2015-10-30,99860,2016-03-31,2,,,,,,,,,,,,,,,,,,,,,,,,,,,,,55.00,,,,,,,false,true,12,2015-04-01,2016-03-31,0
2015-10-30,99860,2016-03-31,2,,,,,,,,,,,,,,,,,,,,,,,,,,,,,,,,,6266000,1278,6264722,false,false,6,2015-04-01,2015-09-30,0
2015-10-30,99860,2015-03-31,2,,,,,,,,,,,,,,,,,,,,,,,,,,,,,,,,,,,5838722,false,false,6,2014-04-01,2014-09-30,-1
2016-01-29,99860,2016-03-31,3,4952000000,-0.063,,,,,659000000,-0.048,678000000,-0.070,,427000000,,68.22,,,,,,11962000000,10376000000,0.867,1656.39,10376000000,,,,,,,,,,,,true,false,9,2015-04-01,2015-12-31,0
2016-01-29,99860,2015-03-31,3,5288000000,0.053,,,,,692000000,0.071,729000000,0.085,,442000000,,75.71,,,,,,,,,,,,,,,,,,,,,,true,false,9,2014-04-01,2014-12-31,-1
2016-01-29,99860,2016-03-31,3,7585000000,0.042,,,,,1036000000,0.025,1050000000,0.019,,647000000,,103.28,,,,,,,,,,,,,,,,,,,,,,true,true,12,2015-04-01,2016-03-31,0
2016-01-29,99860,2015-03-31,3,,,,,,,,,,,,,,,,,,,,12314000000,10259000000,0.833,1637.74,10259000000,,,,,,,,,,,,true,false,12,2014-04-01,2015-03-31,-1
2016-01-29,99860,2015-03-31,3,,,,,,,,,,,,,,,,,,,,,,,,,,,,,50.00,,,,6266000,1278,,false,false,12,2014-04-01,2015-03-31,-1
2016-01-29,99860,2016-03-31,3,,,,,,,,,,,,,,,,,,,,,,,,,,,,,24.00,,,,,,,false,false,12,2015-04-01,2016-03-31,0
2016-01-29,99860,2016-03-31,3,,,,,,,,,,,,,,,,,,,,,,,,,,,,,55.00,,,,,,,false,true,12,2015-04-01,2016-03-31,0
2016-01-29,99860,2016-03-31,3,,,,,,,,,,,,,,,,,,,,,,,,,,,,,,,,,6266000,1278,6264722,false,false,9,2015-04-01,2015-12-31,0
2016-01-29,99860,2015-03-31,3,,,,,,,,,,,,,,,,,,,,,,,,,,,,,,,,,,,5838722,false,false,9,2014-04-01,2014-12-31,-1
2016-04-28,99860,2016-03-31,,6833000000,-0.061,,,,,1029000000,0.019,1061000000,0.030,,657000000,,104.87,,0.063,0.086,0.151,,12402000000,10610000000,0.856,1693.72,10610000000,569000000,-249000000,-334000000,4833000000,,0.524,,,,,,true,false,12,2015-04-01,2016-03-31,0
2016-04-28,99860,2015-03-31,,7276000000,0.049,,,,,1010000000,0.031,1030000000,0.031,,577000000,,98.31,,0.059,0.088,0.139,,12314000000,10259000000,0.833,1637.74,10259000000,730000000,297000000,256000000,4849000000,,0.509,,,,,,true,false,12,2014-04-01,2015-03-31,-1
2016-04-28,99860,2017-03-31,,3632000000,0.135,,,,,472000000,0.074,465000000,0.027,,302000000,,48.27,,,,,,,,,,,,,,,,,,,,,,true,true,6,2016-04-01,2016-09-30,1
2016-04-28,99860,2017-03-31,,7500000000,0.098,,,,,1058000000,0.028,1071000000,0.009,,695000000,,111.01,,,,,,,,,,,,,,,,0.495,,,,,,true,true,12,2016-04-01,2017-03-31,1
2016-04-28,99860,2016-03-31,,6552000000,-0.066,,,,,994000000,0.018,1032000000,0.030,638000000,,0.137,101.87,,,,,,12356000000,10638000000,0.861,1698.20,10638000000,,,,,55.00,,,,6266000,1278,6264722,false,false,12,2015-04-01,2016-03-31,0
2016-04-28,99860,2015-03-31,,7016000000,0.050,,,,,977000000,0.028,1001000000,0.028,561000000,,0.013,95.53,,,,,,12294000000,10306000000,0.838,1645.20,10306000000,,,,,50.00,,,,6266000,1278,5874222,false,false,12,2014-04-01,2015-03-31,-1
2016-04-28,99860,2017-03-31,,,,,,,,,,,,,,,,,,,,,,,,,,,,,,55.00,,,,,,,false,true,12,2016-04-01,2017-03-31,1
2016-07-29,99860,2017-03-31,1,1600000000,0.002,,,,,186000000,-0.155,206000000,-0.073,,127000000,,20.40,,,,,,12231000000,10517000000,0.860,1678.92,10517000000,,,,,,,,,,,,true,false,3,2016-04-01,2016-06-30,0
2016-07-29,99860,2016-03-31,1,1598000000,-0.001,,,,,220000000,0.041,223000000,-0.003,,138000000,,22.17,,,,,,,,,,,,,,,,,,,,,,true,false,3,2015-04-01,2015-06-30,-1
2016-07-29,99860,2017-03-31,1,3632000000,0.135,,,,,472000000,0.074,465000000,0.027,,302000000,,48.27,,,,,,,,,,,,,,,,,,,,,,true,true,6,2016-04-01,2016-09-30,0
2016-07-29,99860,2017-03-31,1,7500000000,0.098,,,,,1058000000,0.028,1071000000,0.009,,695000000,,111.01,,,,,,,,,,,,,,,,,,,,,,true,true,12,2016-04-01,2017-03-31,0
2016-07-29,99860,2016-03-31,1,,,,,,,,,,,,,,,,,,,,12402000000,10610000000,0.856,1693.72,10610000000,,,,,,,,,,,,true,false,12,2015-04-01,2016-03-31,-1
2016-07-29,99860,2016-03-31,1,,,,,,,,,,,,,,,,,,,,,,,,,,,,,55.00,,,,6266000,1278,,false,false,12,2015-04-01,2016-03-31,-1
2016-07-29,99860,2017-03-31,1,,,,,,,,,,,,,,,,,,,,,,,,,,,,,55.00,,,,,,,false,true,12,2016-04-01,2017-03-31,0
2016-07-29,99860,2017-03-31,1,,,,,,,,,,,,,,,,,,,,,,,,,,,,,,,,,6266000,1278,6264722,false,false,3,2016-04-01,2016-06-30,0
2016-07-29,99860,2016-03-31,1,,,,,,,,,,,,,,,,,,,,,,,,,,,,,,,,,,,6264722,false,false,3,2015-04-01,2015-06-30,-1
2016-10-28,99860,2017-03-31,2,3202000000,0.001,,,,,434000000,-0.013,465000000,0.025,,294000000,,47.03,,,,,,12485000000,10692000000,0.856,1706.72,10692000000,,,,,,,,,,,,true,false,6,2016-04-01,2016-09-30,0
2016-10-28,99860,2016-03-31,2,3199000000,-0.030,,,,,439000000,-0.009,453000000,-0.018,,284000000,,45.48,,,,,,,,,,,,,,,,,,,,,,true,false,6,2015-04-01,2015-09-30,-1
2016-10-28,99860,2017-03-31,2,7000000000,0.024,,,,,1058000000,0.028,1071000000,0.009,,695000000,,111.01,,,,,,,,,,,,,,,,,,,,,,true,true,12,2016-04-01,2017-03-31,0
2016-10-28,99860,2016-03-31,2,,,,,,,,,,,,,,,,,,,,12402000000,10610000000,0.856,1693.72,10610000000,,,,,,,,,,,,true,false,12,2015-04-01,2016-03-31,-1
2016-10-28,99860,2016-03-31,2,,,,,,,,,,,,,,,,,,,,,,,,,,,,,55.00,,,,6266000,1278,,false,false,12,2015-04-01,2016-03-31,-1
2016-10-28,99860,2017-03-31,2,,,,,,,,,,,,,,,,,,,,,,,,,,,,,27.00,,,,,,,false,false,12,2016-04-01,2017-03-31,0
2016-10-28,99860,2017-03-31,2,,,,,,,,,,,,,,,,,,,,,,,,,,,,,55.00,,,,,,,false,true,12,2016-04-01,2017-03-31,0
2016-10-28,99860,2017-03-31,2,,,,,,,,,,,,,,,,,,,,,,,,,,,,,,,,,6266000,1278,6264722,false,false,6,2016-04-01,2016-09-30,0
2016-10-28,99860,2016-03-31,2,,,,,,,,,,,,,,,,,,,,,,,,,,,,,,,,,,,6264722,false,false,6,2015-04-01,2015-09-30,-1
2017-01-30,99860,2017-03-31,3,5087000000,0.027,,,,,712000000,0.081,745000000,0.098,,477000000,,76.20,,,,,,12358000000,10750000000,0.870,1715.97,10750000000,,,,,,,,,,,,true,false,9,2016-04-01,2016-12-31,0
2017-01-30,99860,2016-03-31,3,4952000000,-0.063,,,,,659000000,-0.048,678000000,-0.070,,427000000,,68.22,,,,,,,,,,,,,,,,,,,,,,true,false,9,2015-04-01,2015-12-31,-1
2017-01-30,99860,2017-03-31,3,7000000000,0.024,,,,,1058000000,0.028,1071000000,0.009,,695000000,,111.01,,,,,,,,,,,,,,,,,,,,,,true,true,12,2016-04-01,2017-03-31,0
2017-01-30,99860,2016-03-31,3,,,,,,,,,,,,,,,,,,,,12402000000,10610000000,0.856,1693.72,10610000000,,,,,,,,,,,,true,false,12,2015-04-01,2016-03-31,-1
2017-01-30,99860,2016-03-31,3,,,,,,,,,,,,,,,,,,,,,,,,,,,,,55.00,,,,6266000,1278,,false,false,12,2015-04-01,2016-03-31,-1
2017-01-30,99860,2017-03-31,3,,,,,,,,,,,,,,,,,,,,,,,,,,,,,27.00,,,,,,,false,false,12,2016-04-01,2017-03-31,0
2017-01-30,99860,2017-03-31,3,,,,,,,,,,,,,,,,,,,,,,,,,,,,,55.00,,,,,,,false,true,12,2016-04-01,2017-03-31,0
2017-01-30,99860,2017-03-31,3,,,,,,,,,,,,,,,,,,,,,,,,,,,,,,,,,6266000,1278,6264722,false,false,9,2016-04-01,2016-12-31,0
2017-01-30,99860,2016-03-31,3,,,,,,,,,,,,,,,,,,,,,,,,,,,,,,,,,,,6264722,false,false,9,2015-04-01,2015-12-31,-1
2017-04-28,99860,2017-03-31,,6944000000,0.016,,,,,1073000000,0.043,1115000000,0.051,,761000000,,121.56,,0.070,0.088,0.155,,12982000000,11020000000,0.849,1759.19,11020000000,931000000,-451000000,-370000000,4942000000,,0.452,,,,,,true,false,12,2016-04-01,2017-03-31,0
2017-04-28,99860,2016-03-31,,6833000000,-0.061,,,,,1029000000,0.019,1061000000,0.030,,657000000,,104.87,,0.063,0.086,0.151,,12402000000,10610000000,0.856,1693.72,10610000000,569000000,-249000000,-334000000,4833000000,,0.524,,,,,,true,false,12,2015-04-01,2016-03-31,-1
2017-04-28,99860,2018-03-31,,3336000000,0.042,,,,,465000000,0.073,471000000,0.013,,300000000,,47.98,,,,,,,,,,,,,,,,,,,,,,true,true,6,2017-04-01,2017-09-30,1
2017-04-28,99860,2018-03-31,,7200000000,0.037,,,,,1123000000,0.046,1134000000,0.017,,749000000,,119.59,,,,,,,,,,,,,,,,0.460,,,,,,true,true,12,2017-04-01,2018-03-31,1
2017-04-28,99860,2016-03-31,,,,,,,,,,,,,,,,,,,,,,,,,,,,,,55.00,,,,6266000,1278,6264722,false,false,12,2015-04-01,2016-03-31,-1
2017-04-28,99860,2017-03-31,,,,,,,,,,,,,,,,,,,,,,,,,,,,,,55.00,,,,6266000,1278,6264722,false,false,12,2016-04-01,2017-03-31,0
2017-04-28,99860,2018-03-31,,,,,,,,,,,,,,,,,,,,,,,,,,,,,,55.00,,,,,,,false,true,12,2017-04-01,2018-03-31,1
2017-07-28,99860,2018-03-31,1,1706000000,0.066,,,,,240000000,0.289,247000000,0.197,,163000000,,26.11,,,,,,12703000000,11014000000,0.867,1758.14,11014000000,,,,,,,,,,,,true,false,3,2017-04-01,2017-06-30,0
2017-07-28,99860,2017-03-31,1,1600000000,0.002,,,,,186000000,-0.155,206000000,-0.073,,127000000,,20.40,,,,,,,,,,,,,,,,,,,,,,true,false,3,2016-04-01,2016-06-30,-1
2017-07-28,99860,2018-03-31,1,3336000000,0.042,,,,,465000000,0.073,471000000,0.013,,300000000,,47.98,,,,,,,,,,,,,,,,,,,,,,true,true,6,2017-04-01,2017-09-30,0
2017-07-28,99860,2018-03-31,1,7200000000,0.037,,,,,1123000000,0.046,1134000000,0.017,,749000000,,119.59,,,,,,,,,,,,,,,,,,,,,,true,true,12,2017-04-01,2018-03-31,0
2017-07-28,99860,2017-03-31,1,,,,,,,,,,,,,,,,,,,,12982000000,11020000000,0.849,1759.19,11020000000,,,,,,,,,,,,true,false,12,2016-04-01,2017-03-31,-1
2017-07-28,99860,2017-03-31,1,,,,,,,,,,,,,,,,,,,,,,,,,,,,,55.00,,,,6266000,1278,,false,false,12,2016-04-01,2017-03-31,-1
2017-07-28,99860,2018-03-31,1,,,,,,,,,,,,,,,,,,,,,,,,,,,,,55.00,,,,,,,false,true,12,2017-04-01,2018-03-31,0
2017-07-28,99860,2018-03-31,1,,,,,,,,,,,,,,,,,,,,,,,,,,,,,,,,,6266000,1278,6264722,false,false,3,2017-04-01,2017-06-30,0
2017-07-28,99860,2017-03-31,1,,,,,,,,,,,,,,,,,,,,,,,,,,,,,,,,,,,6264722,false,false,3,2016-04-01,2016-06-30,-1
2017-10-30,99860,2018-03-31,2,3443000000,0.075,,,,,528000000,0.218,539000000,0.160,,352000000,,56.32,,,,,,12897000000,11202000000,0.869,1788.25,11202000000,,,,,,,,,,,,true,false,6,2017-04-01,2017-09-30,0
2017-10-30,99860,2017-03-31,2,3202000000,0.001,,,,,434000000,-0.013,465000000,0.025,,294000000,,47.03,,,,,,,,,,,,,,,,,,,,,,true,false,6,2016-04-01,2016-09-30,-1
2017-10-30,99860,2018-03-31,2,7200000000,0.037,,,,,1123000000,0.046,1134000000,0.017,,749000000,,119.59,,,,,,,,,,,,,,,,,,,,,,true,true,12,2017-04-01,2018-03-31,0
2017-10-30,99860,2017-03-31,2,,,,,,,,,,,,,,,,,,,,12982000000,11020000000,0.849,1759.19,11020000000,,,,,,,,,,,,true,false,12,2016-04-01,2017-03-31,-1
2017-10-30,99860,2017-03-31,2,,,,,,,,,,,,,,,,,,,,,,,,,,,,,55.00,,,,6266000,1278,,false,false,12,2016-04-01,2017-03-31,-1
2017-10-30,99860,2018-03-31,2,,,,,,,,,,,,,,,,,,,,,,,,,,,,,27.00,,,,,,,false,false,12,2017-04-01,2018-03-31,0
2017-10-30,99860,2018-03-31,2,,,,,,,,,,,,,,,,,,,,,,,,,,,,,55.00,,,,,,,false,true,12,2017-04-01,2018-03-31,0
2017-10-30,99860,2018-03-31,2,,,,,,,,,,,,,,,,,,,,,,,,,,,,,,,,,6266000,1326,6264714,false,false,6,2017-04-01,2017-09-30,0
2017-10-30,99860,2017-03-31,2,,,,,,,,,,,,,,,,,,,,,,,,,,,,,,,,,,,6264722,false,false,6,2016-04-01,2016-09-30,-1
2018-01-30,99860,2018-03-31,3,5348000000,0.051,,,,,833000000,0.170,847000000,0.137,,554000000,,88.59,,,,,,12844000000,11230000000,0.874,1792.60,11230000000,,,,,,,,,,,,true,false,9,2017-04-01,2017-12-31,0
2018-01-30,99860,2017-03-31,3,5087000000,0.027,,,,,712000000,0.081,745000000,0.098,,477000000,,76.20,,,,,,,,,,,,,,,,,,,,,,true,false,9,2016-04-01,2016-12-31,-1
2018-01-30,99860,2018-03-31,3,7200000000,0.037,,,,,1123000000,0.046,1134000000,0.017,,749000000,,119.59,,,,,,,,,,,,,,,,,,,,,,true,true,12,2017-04-01,2018-03-31,0
2018-01-30,99860,2017-03-31,3,,,,,,,,,,,,,,,,,,,,12982000000,11020000000,0.849,1759.19,11020000000,,,,,,,,,,,,true,false,12,2016-04-01,2017-03-31,-1
2018-01-30,99860,2017-03-31,3,,,,,,,,,,,,,,,,,,,,,,,,,,,,,55.00,,,,6266000,1278,,false,false,12,2016-04-01,2017-03-31,-1
2018-01-30,99860,2018-03-31,3,,,,,,,,,,,,,,,,,,,,,,,,,,,,,27.00,,,,,,,false,false,12,2017-04-01,2018-03-31,0
2018-01-30,99860,2018-03-31,3,,,,,,,,,,,,,,,,,,,,,,,,,,,,,55.00,,,,,,,false,true,12,2017-04-01,2018-03-31,0
2018-01-30,99860,2018-03-31,3,,,,,,,,,,,,,,,,,,,,,,,,,,,,,,,,,6266000,1326,6264701,false,false,9,2017-04-01,2017-12-31,0
2018-01-30,99860,2017-03-31,3,,,,,,,,,,,,,,,,,,,,,,,,,,,,,,,,,,,6264722,false,false,9,2016-04-01,2016-12-31,-1
2018-04-27,99860,2018-03-31,,7200000000,0.037,,,,,1173000000,0.092,1196000000,0.073,,783000000,,125.07,,0.070,0.091,0.163,,13352000000,11447000000,0.857,1827.31,11447000000,822000000,-2000000,-348000000,5413000000,,0.488,,,,,,true,false,12,2017-04-01,2018-03-31,0
2018-04-27,99860,2017-03-31,,6944000000,0.016,,,,,1073000000,0.043,1115000000,0.051,,761000000,,121.56,,0.070,0.088,0.155,,12982000000,11020000000,0.849,1759.19,11020000000,931000000,-451000000,-370000000,4942000000,,0.452,,,,,,true,false,12,2016-04-01,2017-03-31,-1
2018-04-27,99860,2019-03-31,,3495000000,0.015,,,,,539000000,0.020,547000000,0.014,,363000000,,58.08,,,,,,,,,,,,,,,,,,,,,,true,true,6,2018-04-01,2018-09-30,1
2018-04-27,99860,2019-03-31,,7470000000,0.037,,,,,1180000000,0.006,1196000000,0.000,,794000000,,126.77,,,,,,,,,,,,,,,,0.481,,,,,,true,true,12,2018-04-01,2019-03-31,1
2018-04-27,99860,2017-03-31,,,,,,,,,,,,,,,,,,,,,,,,,,,,,,55.00,,,,6266000,1278,6264722,false,false,12,2016-04-01,2017-03-31,-1
2018-04-27,99860,2018-03-31,,,,,,,,,,,,,,,,,,,,,,,,,,,,,,61.00,,,,6266000,1326,6264694,false,false,12,2017-04-01,2018-03-31,0
2018-04-27,99860,2019-03-31,,,,,,,,,,,,,,,,,,,,,,,,,,,,,,61.00,,,,,,,false,true,12,2018-04-01,2019-03-31,1
2018-07-27,99860,2019-03-31,1,1535000000,-0.100,,,,,213000000,-0.111,223000000,-0.099,,148000000,,23.68,,,,,,13016000000,11391000000,0.875,1818.37,11391000000,,,,,,,,,,,,true,false,3,2018-04-01,2018-06-30,0
2018-07-27,99860,2018-03-31,1,1706000000,0.066,,,,,240000000,0.289,247000000,0.197,,163000000,,26.11,,,,,,,,,,,,,,,,,,,,,,true,false,3,2017-04-01,2017-06-30,-1
2018-07-27,99860,2019-03-31,1,3495000000,0.015,,,,,539000000,0.020,547000000,0.014,,363000000,,58.08,,,,,,,,,,,,,,,,,,,,,,true,true,6,2018-04-01,2018-09-30,0
2018-07-27,99860,2019-03-31,1,7470000000,0.037,,,,,1180000000,0.006,1196000000,0.000,,794000000,,126.77,,,,,,,,,,,,,,,,,,,,,,true,true,12,2018-04-01,2019-03-31,0
2018-07-27,99860,2018-03-31,1,,,,,,,,,,,,,,,,,,,,13352000000,11447000000,0.857,1827.31,11447000000,,,,,,,,,,,,true,false,12,2017-04-01,2018-03-31,-1
2018-07-27,99860,2018-03-31,1,,,,,,,,,,,,,,,,,,,,,,,,,,,,,61.00,,,,6266000,1326,,false,false,12,2017-04-01,2018-03-31,-1
2018-07-27,99860,2019-03-31,1,,,,,,,,,,,,,,,,,,,,,,,,,,,,,61.00,,,,,,,false,true,12,2018-04-01,2019-03-31,0
2018-07-27,99860,2019-03-31,1,,,,,,,,,,,,,,,,,,,,,,,,,,,,,,,,,6266000,1326,6264674,false,false,3,2018-04-01,2018-06-30,0
2018-07-27,99860,2018-03-31,1,,,,,,,,,,,,,,,,,,,,,,,,,,,,,,,,,,,6264722,false,false,3,2017-04-01,2017-06-30,-1
2018-10-30,99860,2019-03-31,2,3273000000,-0.049,,,,,486000000,-0.080,503000000,-0.068,,331000000,,52.87,,,,,,13315000000,11580000000,0.870,1848.58,11580000000,,,,,,,,,,,,true,false,6,2018-04-01,2018-09-30,0
2018-10-30,99860,2018-03-31,2,3443000000,0.075,,,,,528000000,0.218,539000000,0.160,,352000000,,56.32,,,,,,,,,,,,,,,,,,,,,,true,false,6,2017-04-01,2017-09-30,-1
2018-10-30,99860,2019-03-31,2,7470000000,0.037,,,,,1180000000,0.006,1196000000,0.000,,794000000,,126.77,,,,,,,,,,,,,,,,,,,,,,true,true,12,2018-04-01,2019-03-31,0
2018-10-30,99860,2018-03-31,2,,,,,,,,,,,,,,,,,,,,13352000000,11447000000,0.857,1827.31,11447000000,,,,,,,,,,,,true,false,12,2017-04-01,2018-03-31,-1
2018-10-30,99860,2018-03-31,2,,,,,,,,,,,,,,,,,,,,,,,,,,,,,61.00,,,,6266000,1326,,false,false,12,2017-04-01,2018-03-31,-1
2018-10-30,99860,2019-03-31,2,,,,,,,,,,,,,,,,,,,,,,,,,,,,,30.00,,,,,,,false,false,12,2018-04-01,2019-03-31,0
2018-10-30,99860,2019-03-31,2,,,,,,,,,,,,,,,,,,,,,,,,,,,,,61.00,,,,,,,false,true,12,2018-04-01,2019-03-31,0
2018-10-30,99860,2019-03-31,2,,,,,,,,,,,,,,,,,,,,,,,,,,,,,,,,,6266000,1326,6264674,false,false,6,2018-04-01,2018-09-30,0
2018-10-30,99860,2018-03-31,2,,,,,,,,,,,,,,,,,,,,,,,,,,,,,,,,,,,6264714,false,false,6,2017-04-01,2017-09-30,-1
2019-01-30,99860,2019-03-31,3,5085000000,-0.049,,,,,726000000,-0.128,751000000,-0.113,,493000000,,78.79,,,,,,13213000000,11547000000,0.874,1843.32,11547000000,,,,,,,,,,,,true,false,9,2018-04-01,2018-12-31,0
2019-01-30,99860,2018-03-31,3,5348000000,0.051,,,,,833000000,0.170,847000000,0.137,,554000000,,88.59,,,,,,,,,,,,,,,,,,,,,,true,false,9,2017-04-01,2017-12-31,-1
2019-01-30,99860,2019-03-31,3,7470000000,0.037,,,,,1180000000,0.006,1196000000,0.000,,794000000,,126.77,,,,,,,,,,,,,,,,,,,,,,true,true,12,2018-04-01,2019-03-31,0
2019-01-30,99860,2018-03-31,3,,,,,,,,,,,,,,,,,,,,13352000000,11447000000,0.857,1827.31,11447000000,,,,,,,,,,,,true,false,12,2017-04-01,2018-03-31,-1
2019-01-30,99860,2018-03-31,3,,,,,,,,,,,,,,,,,,,,,,,,,,,,,61.00,,,,6266000,1326,,false,false,12,2017-04-01,2018-03-31,-1
2019-01-30,99860,2019-03-31,3,,,,,,,,,,,,,,,,,,,,,,,,,,,,,30.00,,,,,,,false,false,12,2018-04-01,2019-03-31,0
2019-01-30,99860,2019-03-31,3,,,,,,,,,,,,,,,,,,,,,,,,,,,,,61.00,,,,,,,false,true,12,2018-04-01,2019-03-31,0
2019-01-30,99860,2019-03-31,3,,,,,,,,,,,,,,,,,,,,,,,,,,,,,,,,,6266000,1327,6264673,false,false,9,2018-04-01,2018-12-31,0
2019-01-30,99860,2018-03-31,3,,,,,,,,,,,,,,,,,,,,,,,,,,,,,,,,,,,6264701,false,false,9,2017-04-01,2017-12-31,-1
2019-04-26,99860,2019-03-31,,6949000000,-0.035,,,,,1090000000,-0.070,1123000000,-0.061,,738000000,,117.90,,0.064,0.083,0.157,,13604000000,11795000000,0.867,1882.94,11795000000,845000000,-18000000,-400000000,5839000000,,0.517,,,,,,true,false,12,2018-04-01,2019-03-31,0
2019-04-26,99860,2018-03-31,,7200000000,0.037,,,,,1173000000,0.092,1196000000,0.073,,783000000,,125.07,,0.070,0.091,0.163,,13352000000,11447000000,0.857,1827.31,11447000000,822000000,-2000000,-348000000,5413000000,,0.488,,,,,,true,false,12,2017-04-01,2018-03-31,-1
2019-04-26,99860,2020-03-31,,3674000000,0.122,,,,,543000000,0.116,550000000,0.094,,376000000,,60.12,,,,,,,,,,,,,,,,,,,,,,true,true,6,2019-04-01,2019-09-30,1
2019-04-26,99860,2020-03-31,,7520000000,0.082,,,,,1114000000,0.021,1128000000,0.005,,772000000,,123.31,,,,,,,,,,,,,,,,0.495,,,,,,true,true,12,2019-04-01,2020-03-31,1
2019-04-26,99860,2018-03-31,,,,,,,,,,,,,,,,,,,,,,,,,,,,,,61.00,,,,6266000,1326,6264694,false,false,12,2017-04-01,2018-03-31,-1
2019-04-26,99860,2019-03-31,,,,,,,,,,,,,,,,,,,,,,,,,,,,,,61.00,,,,6266000,1327,6264674,false,false,12,2018-04-01,2019-03-31,0
2019-04-26,99860,2020-03-31,,,,,,,,,,,,,,,,,,,,,,,,,,,,,,61.00,,,,,,,false,true,12,2019-04-01,2020-03-31,1
2019-07-26,99860,2020-03-31,1,1617000000,0.053,,,,,209000000,-0.020,220000000,-0.011,,152000000,,24.30,,,,,,13939000000,11750000000,0.843,1875.65,11750000000,,,,,,,,,,,,true,false,3,2019-04-01,2019-06-30,0
2019-07-26,99860,2019-03-31,1,1535000000,-0.100,,,,,213000000,-0.111,223000000,-0.099,,148000000,,23.68,,,,,,,,,,,,,,,,,,,,,,true,false,3,2018-04-01,2018-06-30,-1
2019-07-26,99860,2020-03-31,1,3674000000,0.122,,,,,543000000,0.116,550000000,0.094,,376000000,,60.12,,,,,,,,,,,,,,,,,,,,,,true,true,6,2019-04-01,2019-09-30,0
2019-07-26,99860,2020-03-31,1,7520000000,0.082,,,,,1114000000,0.021,1128000000,0.005,,772000000,,123.31,,,,,,,,,,,,,,,,,,,,,,true,true,12,2019-04-01,2020-03-31,0
2019-07-26,99860,2019-03-31,1,,,,,,,,,,,,,,,,,,,,13604000000,11795000000,0.867,1882.94,11795000000,,,,,,,,,,,,true,false,12,2018-04-01,2019-03-31,-1
2019-07-26,99860,2019-03-31,1,,,,,,,,,,,,,,,,,,,,,,,,,,,,,61.00,,,,6266000,1327,,false,false,12,2018-04-01,2019-03-31,-1
2019-07-26,99860,2020-03-31,1,,,,,,,,,,,,,,,,,,,,,,,,,,,,,61.00,,,,,,,false,true,12,2019-04-01,2020-03-31,0
2019-07-26,99860,2020-03-31,1,,,,,,,,,,,,,,,,,,,,,,,,,,,,,,,,,6266000,1327,6264673,false,false,3,2019-04-01,2019-06-30,0
2019-07-26,99860,2019-03-31,1,,,,,,,,,,,,,,,,,,,,,,,,,,,,,,,,,,,6264674,false,false,3,2018-04-01,2018-06-30,-1
2019-10-30,99860,2020-03-31,2,3341000000,0.021,,,,,474000000,-0.026,494000000,-0.018,,331000000,,52.87,,,,,,13681000000,11929000000,0.872,1904.22,11929000000,,,,,,,,,,,,true,false,6,2019-04-01,2019-09-30,0
2019-10-30,99860,2019-03-31,2,3273000000,-0.049,,,,,486000000,-0.080,503000000,-0.068,,331000000,,52.87,,,,,,,,,,,,,,,,,,,,,,true,false,6,2018-04-01,2018-09-30,-1
2019-10-30,99860,2020-03-31,2,7520000000,0.082,,,,,1114000000,0.021,1128000000,0.005,,772000000,,123.31,,,,,,,,,,,,,,,,,,,,,,true,true,12,2019-04-01,2020-03-31,0
2019-10-30,99860,2019-03-31,2,,,,,,,,,,,,,,,,,,,,13604000000,11795000000,0.867,1882.94,11795000000,,,,,,,,,,,,true,false,12,2018-04-01,2019-03-31,-1
2019-10-30,99860,2019-03-31,2,,,,,,,,,,,,,,,,,,,,,,,,,,,,,61.00,,,,6266000,1327,,false,false,12,2018-04-01,2019-03-31,-1
2019-10-30,99860,2020-03-31,2,,,,,,,,,,,,,,,,,,,,,,,,,,,,,30.00,,,,,,,false,false,12,2019-04-01,2020-03-31,0
2019-10-30,99860,2020-03-31,2,,,,,,,,,,,,,,,,,,,,,,,,,,,,,61.00,,,,,,,false,true,12,2019-04-01,2020-03-31,0
2019-10-30,99860,2020-03-31,2,,,,,,,,,,,,,,,,,,,,,,,,,,,,,,,,,6266000,1327,6264673,false,false,6,2019-04-01,2019-09-30,0
2019-10-30,99860,2019-03-31,2,,,,,,,,,,,,,,,,,,,,,,,,,,,,,,,,,,,6264674,false,false,6,2018-04-01,2018-09-30,-1
2020-01-30,99860,2020-03-31,3,5198000000,0.022,,,,,691000000,-0.048,732000000,-0.025,,487000000,,77.79,,,,,,13660000000,11898000000,0.871,1899.34,11898000000,,,,,,,,,,,,true,false,9,2019-04-01,2019-12-31,0
2020-01-30,99860,2019-03-31,3,5085000000,-0.049,,,,,726000000,-0.128,751000000,-0.113,,493000000,,78.79,,,,,,,,,,,,,,,,,,,,,,true,false,9,2018-04-01,2018-12-31,-1
2020-01-30,99860,2020-03-31,3,7520000000,0.082,,,,,1114000000,0.021,1128000000,0.005,,772000000,,123.31,,,,,,,,,,,,,,,,,,,,,,true,true,12,2019-04-01,2020-03-31,0
2020-01-30,99860,2019-03-31,3,,,,,,,,,,,,,,,,,,,,13604000000,11795000000,0.867,1882.94,11795000000,,,,,,,,,,,,true,false,12,2018-04-01,2019-03-31,-1
2020-01-30,99860,2019-03-31,3,,,,,,,,,,,,,,,,,,,,,,,,,,,,,61.00,,,,6266000,1327,,false,false,12,2018-04-01,2019-03-31,-1
2020-01-30,99860,2020-03-31,3,,,,,,,,,,,,,,,,,,,,,,,,,,,,,30.00,,,,,,,false,false,12,2019-04-01,2020-03-31,0
2020-01-30,99860,2020-03-31,3,,,,,,,,,,,,,,,,,,,,,,,,,,,,,61.00,,,,,,,false,true,12,2019-04-01,2020-03-31,0
2020-01-30,99860,2020-03-31,3,,,,,,,,,,,,,,,,,,,,,,,,,,,,,,,,,6266000,1327,6264673,false,false,9,2019-04-01,2019-12-31,0
2020-01-30,99860,2019-03-31,3,,,,,,,,,,,,,,,,,,,,,,,,,,,,,,,,,,,6264673,false,false,9,2018-04-01,2018-12-31,-1
2020-05-11,99860,2020-03-31,,7079000000,0.019,,,,,1020000000,-0.064,1070000000,-0.047,,700000000,,111.89,,0.059,0.077,0.144,,14062000000,12110000000,0.861,1933.16,12110000000,873000000,-221000000,-381000000,6109000000,,0.545,,,,,,true,false,12,2019-04-01,2020-03-31,0
2020-05-11,99860,2019-03-31,,6949000000,-0.035,,,,,1090000000,-0.070,1123000000,-0.061,,738000000,,117.90,,0.064,0.083,0.157,,13604000000,11795000000,0.867,1882.94,11795000000,845000000,-18000000,-400000000,5839000000,,0.517,,,,,,true,false,12,2018-04-01,2019-03-31,-1
2020-05-11,99860,2019-03-31,,,,,,,,,,,,,,,,,,,,,,,,,,,,,,61.00,,,,6266000,1327,6264674,false,false,12,2018-04-01,2019-03-31,-1
2020-05-11,99860,2020-03-31,,,,,,,,,,,,,,,,,,,,,,,,,,,,,,61.00,,,,6266000,1327,6264673,false,false,12,2019-04-01,2020-03-31,0
2020-07-30,99860,2021-03-31,1,1387000000,-0.142,,,,,114000000,-0.452,123000000,-0.439,,84000000,,13.45,,,,,,13699000000,12001000000,0.876,1915.76,12001000000,,,,,,,,,,,,true,false,3,2020-04-01,2020-06-30,0
2020-07-30,99860,2020-03-31,1,1617000000,0.053,,,,,209000000,-0.020,220000000,-0.011,,152000000,,24.30,,,,,,,,,,,,,,,,,,,,,,true,false,3,2019-04-01,2019-06-30,-1
2020-07-30,99860,2020-03-31,1,,,,,,,,,,,,,,,,,,,,14062000000,12110000000,0.861,1933.16,12110000000,,,,,,,,,,,,true,false,12,2019-04-01,2020-03-31,-1
2020-07-30,99860,2020-03-31,1,,,,,,,,,,,,,,,,,,,,,,,,,,,,,61.00,,,,6266000,1327,,false,false,12,2019-04-01,2020-03-31,-1
2020-07-30,99860,2021-03-31,1,,,,,,,,,,,,,,,,,,,,,,,,,,,,,,,,,6266000,1327,6264673,false,false,3,2020-04-01,2020-06-30,0
2020-07-30,99860,2020-03-31,1,,,,,,,,,,,,,,,,,,,,,,,,,,,,,,,,,,,6264673,false,false,3,2019-04-01,2019-06-30,-1
2020-10-30,99860,2021-03-31,2,3183000000,-0.047,,,,,395000000,-0.166,406000000,-0.178,,269000000,,43.69,,,,,,13285000000,11427000000,0.860,1995.72,11427000000,,,,,,,,,,,,true,false,6,2020-04-01,2020-09-30,0
2020-10-30,99860,2020-03-31,2,3341000000,0.021,,,,,474000000,-0.026,494000000,-0.018,,331000000,,52.87,,,,,,,,,,,,,,,,,,,,,,true,false,6,2019-04-01,2019-09-30,-1
2020-10-30,99860,2021-03-31,2,6480000000,-0.085,,,,,747000000,-0.268,773000000,-0.278,,515000000,,86.55,,,,,,,,,,,,,,,,,,,,,,true,true,12,2020-04-01,2021-03-31,0
2020-10-30,99860,2020-03-31,2,,,,,,,,,,,,,,,,,,,,14062000000,12110000000,0.861,1933.16,12110000000,,,,,,,,,,,,true,false,12,2019-04-01,2020-03-31,-1
2020-10-30,99860,2020-03-31,2,,,,,,,,,,,,,,,,,,,,,,,,,,,,,61.00,,,,6266000,1327,,false,false,12,2019-04-01,2020-03-31,-1
2020-10-30,99860,2021-03-31,2,,,,,,,,,,,,,,,,,,,,,,,,,,,,,22.00,,,,,,,false,false,12,2020-04-01,2021-03-31,0
2020-10-30,99860,2021-03-31,2,,,,,,,,,,,,,,,,,,,,,,,,,,,,,45.00,,,,,,,false,true,12,2020-04-01,2021-03-31,0
2020-10-30,99860,2021-03-31,2,,,,,,,,,,,,,,,,,,,,,,,,,,,,,,,,,6266000,539857,6174918,false,false,6,2020-04-01,2020-09-30,0
2020-10-30,99860,2020-03-31,2,,,,,,,,,,,,,,,,,,,,,,,,,,,,,,,,,,,6264673,false,false,6,2019-04-01,2019-09-30,-1
2020-10-30,99860,2021-03-31,,6480000000,,,,,,747000000,,773000000,,515000000,,,86.55,,,,,,,,,,,,,,,,,,,,,,true,true,12,2020-04-01,2021-03-31,0
2020-10-30,99860,2020-03-31,,7079000000,,,,,,1020000000,,1070000000,,700000000,,,111.89,,,,,,,,,,,,,,,,,,,,,,true,false,12,2019-04-01,2020-03-31,-1
2020-10-30,99860,2021-03-31,,,,,,,,,,,,,,,,,,,,,,,,,,,,,,45.00,,,,,,,false,true,12,2020-04-01,2021-03-31,0
2020-10-30,99860,2020-03-31,,,,,,,,,,,,,,,,,,,,,,,,,,,,,,61.00,,,,,,,false,false,12,2019-04-01,2020-03-31,-1
2021-01-29,99860,2021-03-31,3,5120000000,-0.015,,,,,689000000,-0.003,706000000,-0.036,,467000000,,77.66,,,,,,13261000000,11498000000,0.867,2008.16,11498000000,,,,,,,,,,,,true,false,9,2020-04-01,2020-12-31,0
2021-01-29,99860,2020-03-31,3,5198000000,0.022,,,,,691000000,-0.048,732000000,-0.025,,487000000,,77.79,,,,,,,,,,,,,,,,,,,,,,true,false,9,2019-04-01,2019-12-31,-1
2021-01-29,99860,2021-03-31,3,6480000000,-0.085,,,,,747000000,-0.268,773000000,-0.278,,515000000,,86.55,,,,,,,,,,,,,,,,,,,,,,true,true,12,2020-04-01,2021-03-31,0
2021-01-29,99860,2020-03-31,3,,,,,,,,,,,,,,,,,,,,14062000000,12110000000,0.861,1933.16,12110000000,,,,,,,,,,,,true,false,12,2019-04-01,2020-03-31,-1
2021-01-29,99860,2020-03-31,3,,,,,,,,,,,,,,,,,,,,,,,,,,,,,61.00,,,,6266000,1327,,false,false,12,2019-04-01,2020-03-31,-1
2021-01-29,99860,2021-03-31,3,,,,,,,,,,,,,,,,,,,,,,,,,,,,,22.00,,,,,,,false,false,12,2020-04-01,2021-03-31,0
2021-01-29,99860,2021-03-31,3,,,,,,,,,,,,,,,,,,,,,,,,,,,,,45.00,,,,,,,false,true,12,2020-04-01,2021-03-31,0
2021-01-29,99860,2021-03-31,3,,,,,,,,,,,,,,,,,,,,,,,,,,,,,,,,,6266000,539857,6025326,false,false,9,2020-04-01,2020-12-31,0
2021-01-29,99860,2020-03-31,3,,,,,,,,,,,,,,,,,,,,,,,,,,,,,,,,,,,6264673,false,false,9,2019-04-01,2019-12-31,-1
2021-01-29,99860,2021-03-31,3,5120000000,-0.015,,,,,692000000,0.002,706000000,-0.036,,467000000,,77.66,,,,,,13261000000,11498000000,0.867,2008.16,11498000000,,,,,,,,,,,,true,false,9,2020-04-01,2020-12-31,0
2021-01-29,99860,2020-03-31,3,5198000000,0.022,,,,,691000000,-0.048,732000000,-0.025,,487000000,,77.79,,,,,,,,,,,,,,,,,,,,,,true,false,9,2019-04-01,2019-12-31,-1
2021-01-29,99860,2021-03-31,3,6480000000,-0.085,,,,,747000000,-0.268,773000000,-0.278,,515000000,,86.55,,,,,,,,,,,,,,,,,,,,,,true,true,12,2020-04-01,2021-03-31,0
2021-01-29,99860,2020-03-31,3,,,,,,,,,,,,,,,,,,,,14062000000,12110000000,0.861,1933.16,12110000000,,,,,,,,,,,,true,false,12,2019-04-01,2020-03-31,-1
2021-01-29,99860,2020-03-31,3,,,,,,,,,,,,,,,,,,,,,,,,,,,,,61.00,,,,6266000,1327,,false,false,12,2019-04-01,2020-03-31,-1
2021-01-29,99860,2021-03-31,3,,,,,,,,,,,,,,,,,,,,,,,,,,,,,22.00,,,,,,,false,false,12,2020-04-01,2021-03-31,0
2021-01-29,99860,2021-03-31,3,,,,,,,,,,,,,,,,,,,,,,,,,,,,,45.00,,,,,,,false,true,12,2020-04-01,2021-03-31,0
2021-01-29,99860,2021-03-31,3,,,,,,,,,,,,,,,,,,,,,,,,,,,,,,,,,6266000,539857,6025326,false,false,9,2020-04-01,2020-12-31,0
2021-01-29,99860,2020-03-31,3,,,,,,,,,,,,,,,,,,,,,,,,,,,,,,,,,,,6264673,false,false,9,2019-04-01,2019-12-31,-1
2021-04-27,99860,2021-03-31,,7075000000,0.092,,,,,1000000000,0.340,1024000000,0.325,793000000,,0.541,133.38,,,,,,,,,,,,,,,,,,,,,,true,true,12,2020-04-01,2021-03-31,0
2021-04-27,99860,2020-03-31,,7079000000,,,,,,1020000000,,1070000000,,700000000,,,111.89,,,,,,,,,,,,,,,,,,,,,,true,false,12,2019-04-01,2020-03-31,-1
2021-04-27,99860,2021-03-31,,,,,,,,,,,,,,,,,,,,,,,,,,,,,,53.00,,,,,,,false,true,12,2020-04-01,2021-03-31,0
2021-04-27,99860,2021-03-31,,,,,,,,,,,,,,,,,,,,,,,,,,,,,,22.00,,,,,,,false,false,12,2020-04-01,2021-03-31,0
2021-04-27,99860,2020-03-31,,,,,,,,,,,,,,,,,,,,,,,,,,,,,,61.00,,,,,,,false,false,12,2019-04-01,2020-03-31,-1
2021-04-28,99860,2021-03-31,,7075000000,-0.001,,,,,1000000000,-0.020,1024000000,-0.043,,793000000,,133.38,,0.066,0.074,0.141,,13714000000,11833000000,0.863,2066.64,11833000000,798000000,865000000,-1081000000,6691000000,,0.397,,,,,,true,false,12,2020-04-01,2021-03-31,0
2021-04-28,99860,2020-03-31,,7079000000,0.019,,,,,1020000000,-0.064,1070000000,-0.047,,700000000,,111.89,,0.059,0.077,0.144,,14062000000,12110000000,0.861,1933.16,12110000000,873000000,-221000000,-381000000,6109000000,,0.545,,,,,,true,false,12,2019-04-01,2020-03-31,-1
2021-04-28,99860,2022-03-31,,3605000000,0.132,,,,,456000000,0.154,463000000,0.140,,393000000,,68.63,,,,,,,,,,,,,,,,,,,,,,true,true,6,2021-04-01,2021-09-30,1
2021-04-28,99860,2022-03-31,,7100000000,0.003,,,,,888000000,-0.113,902000000,-0.120,,755000000,,131.85,,,,,,,,,,,,,,,,0.402,,,,,,true,true,12,2021-04-01,2022-03-31,1
2021-04-28,99860,2020-03-31,,,,,,,,,,,,,,,,,,,,,,,,,,,,,,61.00,,,,6266000,1327,6264673,false,false,12,2019-04-01,2020-03-31,-1
2021-04-28,99860,2021-03-31,,,,,,,,,,,,,,,,,,,,,,,,,,,,,,53.00,,,,6266000,539857,5950530,false,false,12,2020-04-01,2021-03-31,0
2021-04-28,99860,2022-03-31,,,,,,,,,,,,,,,,,,,,,,,,,,,,,,53.00,,,,,,,false,true,12,2021-04-01,2022-03-31,1
2021-07-30,99860,2022-03-31,1,1948000000,0.404,,,,,236000000,1.064,242000000,0.958,,167000000,,29.30,,,,,,13655000000,11819000000,0.866,2064.07,11819000000,,,,,,,,,,,,true,false,3,2021-04-01,2021-06-30,0
2021-07-30,99860,2021-03-31,1,1387000000,-0.142,,,,,114000000,-0.452,123000000,-0.439,,84000000,,13.45,,,,,,,,,,,,,,,,,,,,,,true,false,3,2020-04-01,2020-06-30,-1
2021-07-30,99860,2021-03-31,1,,,,,,,,,,,,,,,,,,,,13714000000,11833000000,0.863,2066.64,11833000000,,,,,,,,,,,,true,false,12,2020-04-01,2021-03-31,-1
2021-07-30,99860,2021-03-31,1,,,,,,,,,,,,,,,,,,,,,,,,,,,,,53.00,,,,6266000,539857,,false,false,12,2020-04-01,2021-03-31,-1
2021-07-30,99860,2022-03-31,1,,,,,,,,,,,,,,,,,,,,,,,,,,,,,53.00,,,,,,,false,true,12,2021-04-01,2022-03-31,0
2021-07-30,99860,2022-03-31,1,,,,,,,,,,,,,,,,,,,,,,,,,,,,,,,,,6266000,539857,5726143,false,false,3,2021-04-01,2021-06-30,0
2021-07-30,99860,2021-03-31,1,,,,,,,,,,,,,,,,,,,,,,,,,,,,,,,,,,,6264673,false,false,3,2020-04-01,2020-06-30,-1
2021-07-30,99860,2022-03-31,,3605000000,,,,,,456000000,,463000000,,393000000,,,68.63,,,,,,,,,,,,,,,,,,,,,,false,true,6,2021-04-01,2021-09-30,0
2021-07-30,99860,2021-03-31,,3054000000,,,,,,375000000,,402000000,,273000000,,,44.29,,,,,,,,,,,,,,,,,,,,,,false,false,6,2020-04-01,2020-09-30,-1
2021-07-30,99860,2022-03-31,,7100000000,,,,,,888000000,,902000000,,755000000,,,131.85,,,,,,,,,,,,,,,,,,,,,,false,true,12,2021-04-01,2022-03-31,0
2021-07-30,99860,2021-03-31,,6823000000,,,,,,968000000,,1007000000,,789000000,,,132.66,,,,,,,,,,,,,,,,,,,,,,false,false,12,2020-04-01,2021-03-31,-1
2021-10-29,99860,2022-03-31,2,4101000000,,,,,,560000000,,588000000,,505000000,,,88.35,,,,,,13955000000,12111000000,0.868,2115.15,12111000000,,,,,,,,,6266000,539857,5726143,false,false,6,2021-04-01,2021-09-30,0
2021-10-29,99860,2022-03-31,2,8450000000,,,,,,1119000000,,1153000000,,983000000,,,171.67,,,,,,,,,,,,,,,64.00,,,,,,,false,true,12,2021-04-01,2022-03-31,0
2021-10-29,99860,2021-03-31,2,,,,,,,,,,,,,,,,,,,,13618000000,11788000000,0.866,2058.75,11788000000,,,,,53.00,,,,6266000,539857,,false,false,12,2020-04-01,2021-03-31,-1
2021-10-29,99860,2022-03-31,2,,,,,,,,,,,,,,,,,,,,,,,,,,,,,32.00,,,,,,,false,false,12,2021-04-01,2022-03-31,0
2021-10-29,99860,2021-03-31,2,,,,,,,,,,,,,,,,,,,,,,,,,,,,,,,,,,,6174918,false,false,6,2020-04-01,2020-09-30,-1
2022-01-31,99860,2022-03-31,3,6478000000,,,,,,908000000,,945000000,,789000000,,,137.83,,,,,,14150000000,12218000000,0.863,2133.79,12218000000,,,,,,,,,6266000,539857,5726143,false,false,9,2021-04-01,2021-12-31,0
2022-01-31,99860,2022-03-31,3,8450000000,,,,,,1119000000,,1153000000,,983000000,,,171.67,,,,,,,,,,,,,,,64.00,,,,,,,false,true,12,2021-04-01,2022-03-31,0
2022-01-31,99860,2021-03-31,3,,,,,,,,,,,,,,,,,,,,13618000000,11788000000,0.866,2058.75,11788000000,,,,,53.00,,,,6266000,539857,,false,false,12,2020-04-01,2021-03-31,-1
2022-01-31,99860,2022-03-31,3,,,,,,,,,,,,,,,,,,,,,,,,,,,,,32.00,,,,,,,false,false,12,2021-04-01,2022-03-31,0
2022-01-31,99860,2021-03-31,3,,,,,,,,,,,,,,,,,,,,,,,,,,,,,,,,,,,6025326,false,false,9,2020-04-01,2020-12-31,-1
,99860,2022-03-31,,,,,,,,,,,,,,,,,,,,,,,,,,,,,,78.00,,,,,,,false,true,12,2021-04-01,2022-03-31,0
,99860,2022-03-31,,,,,,,,,,,,,,,,,,,,,,,,,,,,,,32.00,,,,,,,false,false,12,2021-04-01,2022-03-31,0
,99860,2021-03-31,,,,,,,,,,,,,,,,,,,,,,,,,,,,,,53.00,,,,,,,false,false,12,2020-04-01,2021-03-31,-1
2022-04-28,99860,2022-03-31,,8949000000,0.311,,,,,1286000000,0.329,1335000000,0.325,1170000000,,0.483,204.46,,0.096,0.094,0.144,,14740000000,12595000000,0.855,2199.74,12595000000,1295000000,-87000000,-361000000,7538000000,78.00,0.381,,,6266000,539879,5726141,false,false,12,2021-04-01,2022-03-31,0
2022-04-28,99860,2021-03-31,,6823000000,0.010,,,,,968000000,-0.003,1007000000,-0.025,789000000,,0.155,132.66,,0.066,,,,13618000000,11788000000,0.866,2058.75,11788000000,,,,,53.00,,,,6266000,539857,5950530,false,false,12,2020-04-01,2021-03-31,-1
2022-04-28,99860,2023-03-31,,3888000000,-0.052,,,,,517000000,-0.077,525000000,-0.108,429000000,,-0.152,74.92,,,,,,,,,,,,,,,,,,,,,,false,true,6,2022-04-01,2022-09-30,1
2022-04-28,99860,2023-03-31,,8100000000,-0.095,,,,,1150000000,-0.106,1166000000,-0.127,953000000,,-0.186,166.43,,,,,,,,,,,,,,,68.00,0.409,,,,,,false,true,12,2022-04-01,2023-03-31,1
2022-07-29,99860,2023-03-31,1,2239000000,,,,,,323000000,,337000000,,245000000,,,42.94,,,,,,14530000000,12571000000,0.865,2195.39,12571000000,,,,,,,,,6266000,539879,5726121,false,false,3,2022-04-01,2022-06-30,0
2022-07-29,99860,2023-03-31,1,3888000000,-0.052,,,,,517000000,-0.077,525000000,-0.108,429000000,,-0.152,74.92,,,,,,,,,,,,,,,,,,,,,,false,true,6,2022-04-01,2022-09-30,0
2022-07-29,99860,2023-03-31,1,8100000000,-0.095,,,,,1150000000,-0.106,1166000000,-0.127,953000000,,-0.186,166.43,,,,,,,,,,,,,,,68.00,,,,,,,false,true,12,2022-04-01,2023-03-31,0
2022-07-29,99860,2022-03-31,1,,,,,,,,,,,,,,,,,,,,14740000000,12595000000,0.855,2199.74,12595000000,,,,,78.00,,,,6266000,539879,,false,false,12,2021-04-01,2022-03-31,-1
2022-07-29,99860,2022-03-31,1,,,,,,,,,,,,,,,,,,,,,,,,,,,,,,,,,,,5726143,false,false,3,2021-04-01,2021-06-30,-1
2022-10-31,99860,2023-03-31,2,4375000000,0.067,,,,,606000000,0.083,631000000,0.074,499000000,,-0.013,87.12,,,,,,14788000000,12834000000,0.868,2237.96,12834000000,,,,,,,,,6266000,531249,5728998,false,false,6,2022-04-01,2022-09-30,0
2022-10-31,99860,2022-03-31,2,4101000000,,,,,,560000000,,588000000,,505000000,,,88.35,,,,,,,,,,,,,,,,,,,,,5726143,false,false,6,2021-04-01,2021-09-30,-1
2022-10-31,99860,2023-03-31,2,8100000000,-0.095,,,,,1150000000,-0.106,1166000000,-0.127,953000000,,-0.186,166.43,,,,,,,,,,,,,,,68.00,,,,,,,false,true,12,2022-04-01,2023-03-31,0
2022-10-31,99860,2022-03-31,2,,,,,,,,,,,,,,,,,,,,14740000000,12595000000,0.855,2199.74,12595000000,,,,,78.00,,,,6266000,539879,,false,false,12,2021-04-01,2022-03-31,-1
2022-10-31,99860,2023-03-31,2,,,,,,,,,,,,,,,,,,,,,,,,,,,,,34.00,,,,,,,false,false,12,2022-04-01,2023-03-31,0
2023-01-27,99860,2023-03-31,,9435000000,0.165,,,,,1365000000,0.187,1385000000,0.188,1150000000,,0.207,200.63,,,,,,,,,,,,,,,81.00,,,,,,,false,true,12,2022-04-01,2023-03-31,0
2023-01-27,99860,2022-03-31,,8949000000,,,,,,1286000000,,1335000000,,1170000000,,,204.46,,,,,,,,,,,,,,,78.00,,,,,,,false,false,12,2021-04-01,2022-03-31,-1
2023-01-27,99860,2023-03-31,,,,,,,,,,,,,,,,,,,,,,,,,,,,,,34.00,,,,,,,false,false,12,2022-04-01,2023-03-31,0
2023-01-31,99860,2023-03-31,3,7179000000,0.108,,,,,1030000000,0.133,1054000000,0.116,839000000,,0.063,146.45,,,,,,14837000000,12922000000,0.871,2253.30,12922000000,,,,,,,,,6266000,531249,5730916,false,false,9,2022-04-01,2022-12-31,0
2023-01-31,99860,2022-03-31,3,6478000000,,,,,,908000000,,945000000,,789000000,,,137.83,,,,,,,,,,,,,,,,,,,,,5726143,false,false,9,2021-04-01,2021-12-31,-1
2023-01-31,99860,2023-03-31,3,9435000000,0.054,,,,,1365000000,0.061,1385000000,0.037,1150000000,,-0.018,200.63,,,,,,,,,,,,,,,81.00,,,,,,,false,true,12,2022-04-01,2023-03-31,0
2023-01-31,99860,2022-03-31,3,,,,,,,,,,,,,,,,,,,,14740000000,12595000000,0.855,2199.74,12595000000,,,,,78.00,,,,6266000,539879,,false,false,12,2021-04-01,2022-03-31,-1
2023-01-31,99860,2023-03-31,3,,,,,,,,,,,,,,,,,,,,,,,,,,,,,34.00,,,,,,,false,false,12,2022-04-01,2023-03-31,0
,99860,2023-03-31,,,,,,,,,,,,,,,,,,,,,,,,,,,,,,100.00,,,,,,,false,true,12,2022-04-01,2023-03-31,0
,99860,2023-03-31,,,,,,,,,,,,,,,,,,,,,,,,,,,,,,34.00,,,,,,,false,false,12,2022-04-01,2023-03-31,0
,99860,2022-03-31,,,,,,,,,,,,,,,,,,,,,,,,,,,,,,78.00,,,,,,,false,false,12,2021-04-01,2022-03-31,-1
2023-04-28,99860,2023-03-31,,9647000000,0.078,,,,,1378000000,0.072,1406000000,0.053,1054000000,,-0.099,184.00,,0.082,0.094,0.143,,15121000000,13170000000,0.871,2296.65,13170000000,178000000,-92000000,-459000000,7163000000,109.00,0.592,,,6266000,531249,5731874,false,false,12,2022-04-01,2023-03-31,0
2023-04-28,99860,2022-03-31,,8949000000,0.311,,,,,1286000000,0.329,1335000000,0.325,1170000000,,0.483,204.46,,0.096,0.094,0.144,,14740000000,12595000000,0.855,2199.74,12595000000,1295000000,-87000000,-361000000,7538000000,78.00,0.381,,,6266000,539879,5726141,false,false,12,2021-04-01,2022-03-31,-1
2023-04-28,99860,2024-03-31,,4209000000,-0.038,,,,,628000000,0.035,635000000,0.005,475000000,,-0.048,82.83,,,,,,,,,,,,,,,,,,,,,,false,true,6,2023-04-01,2023-09-30,1
2023-04-28,99860,2024-03-31,,9150000000,-0.052,,,,,1367000000,-0.008,1381000000,-0.018,1035000000,,-0.019,180.48,,,,,,,,,,,,,,,100.00,0.554,,,,,,false,true,12,2023-04-01,2024-03-31,1
2023-08-09,99860,2024-03-31,1,1894000000,-0.154,,,,,147000000,-0.543,149000000,-0.557,97000000,,-0.603,17.34,,,,,,14650000000,12147000000,0.829,2240.71,12147000000,,,,,,,,,6266000,844915,5630158,false,false,3,2023-04-01,2023-06-30,0
2023-08-09,99860,2023-03-31,1,2239000000,,,,,,323000000,,337000000,,245000000,,,42.94,,,,,,,,,,,,,,,,,,,,,5726121,false,false,3,2022-04-01,2022-06-30,-1
2023-08-09,99860,2024-03-31,1,4209000000,-0.038,,,,,628000000,0.035,635000000,0.005,475000000,,-0.048,82.83,,,,,,,,,,,,,,,,,,,,,,false,true,6,2023-04-01,2023-09-30,0
2023-08-09,99860,2024-03-31,1,9150000000,-0.052,,,,,1367000000,-0.008,1381000000,-0.018,1035000000,,-0.019,180.48,,,,,,,,,,,,,,,100.00,,,,,,,false,true,12,2023-04-01,2024-03-31,0
2023-08-09,99860,2023-03-31,1,,,,,,,,,,,,,,,,,,,,15121000000,13170000000,0.871,2296.65,13170000000,,,,,109.00,,,,6266000,531249,,false,false,12,2022-04-01,2023-03-31,-1
2023-11-09,99860,2024-03-31,2,4174000000,-0.046,,,,,473000000,-0.221,481000000,-0.238,314000000,,-0.369,56.95,,,,,,14191000000,12375000000,0.872,2279.94,12375000000,,,,,,,,,6266000,838205,5527858,false,false,6,2023-04-01,2023-09-30,0
2023-11-09,99860,2023-03-31,2,4375000000,0.067,,,,,606000000,0.083,631000000,0.074,499000000,,-0.013,87.12,,,,,,,,,,,,,,,,,,,,,5728998,false,false,6,2022-04-01,2022-09-30,-1
2023-11-09,99860,2024-03-31,2,9150000000,-0.052,,,,,1367000000,-0.008,1381000000,-0.018,1035000000,,-0.019,180.48,,,,,,,,,,,,,,,100.00,,,,,,,false,true,12,2023-04-01,2024-03-31,0
2023-11-09,99860,2023-03-31,2,,,,,,,,,,,,,,,,,,,,15121000000,13170000000,0.871,2296.65,13170000000,,,,,109.00,,,,6266000,531249,,false,false,12,2022-04-01,2023-03-31,-1
2023-11-09,99860,2024-03-31,2,,,,,,,,,,,,,,,,,,,,,,,,,,,,,50.00,,,,,,,false,false,12,2023-04-01,2024-03-31,0
2024-02-08,99860,2024-03-31,3,6963000000,-0.030,,,,,839000000,-0.185,857000000,-0.188,566000000,,-0.324,103.19,,,,,,14168000000,12322000000,0.870,2270.29,12322000000,,,,,,,,,6266000,838240,5494496,false,false,9,2023-04-01,2023-12-31,0
2024-02-08,99860,2023-03-31,3,7179000000,0.108,,,,,1030000000,0.133,1054000000,0.116,839000000,,0.063,146.45,,,,,,,,,,,,,,,,,,,,,5730916,false,false,9,2022-04-01,2022-12-31,-1
2024-02-08,99860,2024-03-31,3,9150000000,-0.052,,,,,1367000000,-0.008,1381000000,-0.018,1035000000,,-0.019,180.48,,,,,,,,,,,,,,,100.00,,,,,,,false,true,12,2023-04-01,2024-03-31,0
2024-02-08,99860,2023-03-31,3,,,,,,,,,,,,,,,,,,,,15121000000,13170000000,0.871,2296.65,13170000000,,,,,109.00,,,,6266000,531249,,false,false,12,2022-04-01,2023-03-31,-1
2024-02-08,99860,2024-03-31,3,,,,,,,,,,,,,,,,,,,,,,,,,,,,,50.00,,,,,,,false,false,12,2023-04-01,2024-03-31,0
2024-05-10,99860,2024-03-31,,9425000000,-0.023,,,,,1210000000,-0.122,1234000000,-0.122,1017000000,,-0.035,185.73,,0.078,0.083,0.128,,14801000000,12796000000,0.865,2357.72,12796000000,1186000000,-159000000,-1442000000,6748000000,100.00,0.538,,,6266000,838374,5477791,false,false,12,2023-04-01,2024-03-31,0
2024-05-10,99860,2023-03-31,,9647000000,0.078,,,,,1378000000,0.072,1406000000,0.053,1054000000,,-0.099,184.00,,0.082,0.094,0.143,,15121000000,13170000000,0.871,2296.65,13170000000,178000000,-92000000,-459000000,7163000000,109.00,0.592,,,6266000,531249,5731874,false,false,12,2022-04-01,2023-03-31,-1
2024-05-10,99860,2025-03-31,,4320000000,0.035,,,,,585000000,0.237,595000000,0.237,405000000,,0.287,74.62,,,,,,,,,,,,,,,,,,,,,,false,true,6,2024-04-01,2024-09-30,1
2024-05-10,99860,2025-03-31,,9600000000,0.019,,,,,1300000000,0.074,1320000000,0.069,900000000,,-0.115,165.82,,,,,,,,,,,,,,,100.00,0.603,,,,,,false,true,12,2024-04-01,2025-03-31,1
2024-08-08,99860,2025-03-31,1,1788000000,-0.056,,,,,106000000,-0.278,92000000,-0.380,55000000,,-0.427,10.30,,,,,,14399000000,12603000000,0.875,2322.05,12603000000,,,,,,,,,6266000,838401,5427607,false,false,3,2024-04-01,2024-06-30,0
2024-08-08,99860,2024-03-31,1,1894000000,-0.154,,,,,147000000,-0.543,149000000,-0.557,97000000,,-0.603,17.34,,,,,,,,,,,,,,,,,,,,,5630158,false,false,3,2023-04-01,2023-06-30,-1
2024-08-08,99860,2025-03-31,1,4320000000,0.035,,,,,585000000,0.237,595000000,0.237,405000000,,0.287,74.62,,,,,,,,,,,,,,,,,,,,,,false,true,6,2024-04-01,2024-09-30,0
2024-08-08,99860,2025-03-31,1,9600000000,0.019,,,,,1300000000,0.074,1320000000,0.069,900000000,,-0.115,165.82,,,,,,,,,,,,,,,100.00,,,,,,,false,true,12,2024-04-01,2025-03-31,0
2024-08-08,99860,2024-03-31,1,,,,,,,,,,,,,,,,,,,,14801000000,12796000000,0.865,2357.72,12796000000,,,,,100.00,,,,6266000,838374,,false,false,12,2023-04-01,2024-03-31,-1
2024-11-11,99860,2025-03-31,2,3644000000,-0.127,,,,,245000000,-0.482,241000000,-0.498,153000000,,-0.513,28.26,,,,,,14510000000,12670000000,0.873,2331.83,12670000000,,,,,,,,,6266000,832233,5429650,false,false,6,2024-04-01,2024-09-30,0
2024-11-11,99860,2024-03-31,2,4174000000,-0.046,,,,,473000000,-0.221,481000000,-0.238,314000000,,-0.369,56.95,,,,,,,,,,,,,,,,,,,,,5527858,false,false,6,2023-04-01,2023-09-30,-1
2024-11-11,99860,2025-03-31,2,8020000000,-0.149,,,,,964000000,-0.204,966000000,-0.218,660000000,,-0.351,121.51,,,,,,,,,,,,,,,100.00,,,,,,,false,true,12,2024-04-01,2025-03-31,0
2024-11-11,99860,2024-03-31,2,,,,,,,,,,,,,,,,,,,,14801000000,12796000000,0.865,2357.72,12796000000,,,,,100.00,,,,6266000,838374,,false,false,12,2023-04-01,2024-03-31,-1
2024-11-11,99860,2025-03-31,2,,,,,,,,,,,,,,,,,,,,,,,,,,,,,50.00,,,,,,,false,false,12,2024-04-01,2025-03-31,0
2025-02-10,99860,2025-03-31,3,6148000000,-0.117,,,,,569000000,-0.322,583000000,-0.319,381000000,,-0.327,70.25,,,,,,14436000000,12654000000,0.877,2328.99,12654000000,,,,,,,,,6266000,832362,5430994,false,false,9,2024-04-01,2024-12-31,0
2025-02-10,99860,2024-03-31,3,6963000000,-0.030,,,,,839000000,-0.185,857000000,-0.188,566000000,,-0.324,103.19,,,,,,,,,,,,,,,,,,,,,5494496,false,false,9,2023-04-01,2023-12-31,-1
2025-02-10,99860,2025-03-31,3,8020000000,-0.149,,,,,964000000,-0.204,966000000,-0.218,660000000,,-0.351,121.51,,,,,,,,,,,,,,,100.00,,,,,,,false,true,12,2024-04-01,2025-03-31,0
2025-02-10,99860,2024-03-31,3,,,,,,,,,,,,,,,,,,,,14801000000,12796000000,0.865,2357.72,12796000000,,,,,100.00,,,,6266000,838374,,false,false,12,2023-04-01,2024-03-31,-1
2025-02-10,99860,2025-03-31,3,,,,,,,,,,,,,,,,,,,,,,,,,,,,,50.00,,,,,,,false,false,12,2024-04-01,2025-03-31,0
2025-05-12,99860,2025-03-31,,8449000000,-0.103,,,,,911000000,-0.247,929000000,-0.247,616000000,,-0.394,113.52,,0.048,0.063,0.108,,14757000000,12876000000,0.873,2369.86,12876000000,513000000,52000000,-550000000,6761000000,100.00,0.881,,,6266000,832454,5431643,false,false,12,2024-04-01,2025-03-31,0
2025-05-12,99860,2024-03-31,,9425000000,-0.023,,,,,1210000000,-0.122,1234000000,-0.122,1017000000,,-0.035,185.73,,0.078,0.083,0.128,,14801000000,12796000000,0.865,2357.72,12796000000,1186000000,-159000000,-1442000000,6748000000,100.00,0.538,,,6266000,838374,5477791,false,false,12,2023-04-01,2024-03-31,-1
2025-05-12,99860,2026-03-31,,4302000000,0.181,,,,,387000000,0.580,396000000,0.640,260000000,,0.698,47.94,,,,,,,,,,,,,,,,,,,,,,false,true,6,2025-04-01,2025-09-30,1
2025-05-12,99860,2026-03-31,,9300000000,0.101,,,,,1106000000,0.214,1125000000,0.211,740000000,,0.200,136.21,,,,,,,,,,,,,,,100.00,0.734,,,,,,false,true,12,2025-04-01,2026-03-31,1
