filing_date,code,fiscal_year_end,quarterly_period,net_sales,net_sales_change,revenue,revenue_change,operating_revenue,operating_revenue_change,operating_profit,operating_profit_change,ordinary_profit,ordinary_profit_change,net_income,net_income_of_parent,net_income_change,eps,diluted_eps,roe,roa,operating_profit_to_net_sales,operating_profit_to_revenue,total_assets,net_assets,equity_ratio,bps,owner_equity,operating_cash_flow,investing_cash_flow,financing_cash_flow,cash,dividend_per_share,payout_ratio,commemorative_dividend,extra_dividend,number_of_shares,number_of_treqsury_shares,avg_number_of_shares,is_consolidated,is_forecast,duration,period_start,period_end,period_pos
2015-05-11,99900,2015-03-31,,53434000000,0.060,,,,,4700000000,0.090,4716000000,0.098,2762000000,,0.180,94.83,94.56,0.134,0.143,0.088,,34377000000,21915000000,0.637,743.72,21909000000,2656000000,-1498000000,-1268000000,5104000000,,0.264,,,,,,true,false,12,2014-04-01,2015-03-31,0
2015-05-11,99900,2014-03-31,,50397000000,0.103,,,,,4314000000,0.163,4295000000,0.155,2340000000,,0.138,80.76,80.43,0.128,0.144,0.086,,31781000000,19196000000,0.604,661.60,19193000000,2549000000,-916000000,262000000,5214000000,,0.231,,,,,,true,false,12,2013-04-01,2014-03-31,-1
2015-05-11,99900,2016-03-31,,27211000000,0.065,,,,,2376000000,0.110,2375000000,0.104,,1396000000,,47.95,,,,,,,,,,,,,,,,,,,,,,true,true,6,2015-04-01,2015-09-30,1
2015-05-11,99900,2016-03-31,,56463000000,0.057,,,,,5159000000,0.098,5153000000,0.093,,3035000000,,104.20,,,,,,,,,,,,,,,,0.259,,,,,,true,true,12,2015-04-01,2016-03-31,1
2015-05-11,99900,2014-03-31,,,,,,,,,,,,,,,,,,,,,,,,,,,,,,28.00,,,,29859900,849879,28981211,false,false,12,2013-04-01,2014-03-31,-1
2015-05-11,99900,2015-03-31,,,,,,,,,,,,,,,,,,,,,,,,,,,,,,25.00,,,,29859900,401010,29127387,false,false,12,2014-04-01,2015-03-31,0
2015-05-11,99900,2016-03-31,,,,,,,,,,,,,,,,,,,,,,,,,,,,,,27.00,,,,,,,false,true,12,2015-04-01,2016-03-31,1
2015-07-30,99900,2016-03-31,1,13336000000,0.080,,,,,970000000,0.069,979000000,0.073,,604000000,,20.53,20.53,,,,,33477000000,21801000000,0.651,,21779000000,,,,,,,,,,,,true,false,3,2015-04-01,2015-06-30,0
2015-07-30,99900,2015-03-31,1,12351000000,0.073,,,,,908000000,0.105,913000000,0.111,,524000000,,18.08,18.02,,,,,,,,,,,,,,,,,,,,,true,false,3,2014-04-01,2014-06-30,-1
2015-07-30,99900,2016-03-31,1,27211000000,0.065,,,,,2376000000,0.110,2375000000,0.104,,1396000000,,47.41,,,,,,,,,,,,,,,,,,,,,,true,true,6,2015-04-01,2015-09-30,0
2015-07-30,99900,2016-03-31,1,56463000000,0.057,,,,,5159000000,0.098,5153000000,0.093,,3035000000,,103.03,,,,,,,,,,,,,,,,,,,,,,true,true,12,2015-04-01,2016-03-31,0
2015-07-30,99900,2015-03-31,1,,,,,,,,,,,,,,,,,,,,34377000000,21915000000,0.637,,21909000000,,,,,,,,,,,,true,false,12,2014-04-01,2015-03-31,-1
2015-07-30,99900,2015-03-31,1,,,,,,,,,,,,,,,,,,,,,,,,,,,,,25.00,,,,29859900,401010,,false,false,12,2014-04-01,2015-03-31,-1
2015-07-30,99900,2016-03-31,1,,,,,,,,,,,,,,,,,,,,,,,,,,,,,27.00,,,,,,,false,true,12,2015-04-01,2016-03-31,0
2015-07-30,99900,2016-03-31,1,,,,,,,,,,,,,,,,,,,,,,,,,,,,,,,,,29859900,401410,29458634,false,false,3,2015-04-01,2015-06-30,0
2015-07-30,99900,2015-03-31,1,,,,,,,,,,,,,,,,,,,,,,,,,,,,,,,,,,,29013384,false,false,3,2014-04-01,2014-06-30,-1
2015-10-30,99900,2016-03-31,2,27673000000,0.084,,,,,2365000000,0.105,2380000000,0.106,,1474000000,,50.06,50.04,,,,,35037000000,22689000000,0.646,,22651000000,,,,,,,,,,,,true,false,6,2015-04-01,2015-09-30,0
2015-10-30,99900,2015-03-31,2,25540000000,0.066,,,,,2141000000,0.084,2152000000,0.085,,1232000000,,42.48,42.35,,,,,,,,,,,,,,,,,,,,,true,false,6,2014-04-01,2014-09-30,-1
2015-10-30,99900,2016-03-31,2,56463000000,0.057,,,,,5159000000,0.098,5153000000,0.093,,3035000000,,103.03,,,,,,,,,,,,,,,,,,,,,,true,true,12,2015-04-01,2016-03-31,0
2015-10-30,99900,2015-03-31,2,,,,,,,,,,,,,,,,,,,,34377000000,21915000000,0.637,,21909000000,,,,,,,,,,,,true,false,12,2014-04-01,2015-03-31,-1
2015-10-30,99900,2015-03-31,2,,,,,,,,,,,,,,,,,,,,,,,,,,,,,25.00,,,,29859900,401010,,false,false,12,2014-04-01,2015-03-31,-1
2015-10-30,99900,2016-03-31,2,,,,,,,,,,,,,,,,,,,,,,,,,,,,,0.00,,,,,,,false,false,12,2015-04-01,2016-03-31,0
2015-10-30,99900,2016-03-31,2,,,,,,,,,,,,,,,,,,,,,,,,,,,,,27.00,,,,,,,false,true,12,2015-04-01,2016-03-31,0
2015-10-30,99900,2016-03-31,2,,,,,,,,,,,,,,,,,,,,,,,,,,,,,,,,,29859900,401710,29458474,false,false,6,2015-04-01,2015-09-30,0
2015-10-30,99900,2015-03-31,2,,,,,,,,,,,,,,,,,,,,,,,,,,,,,,,,,,,29020939,false,false,6,2014-04-01,2014-09-30,-1
2016-01-29,99900,2016-03-31,3,41934000000,0.079,,,,,3437000000,0.061,3455000000,0.064,,2144000000,,72.81,72.79,,,,,37881000000,23389000000,0.616,,23336000000,,,,,,,,,,,,true,false,9,2015-04-01,2015-12-31,0
2016-01-29,99900,2015-03-31,3,38877000000,0.071,,,,,3238000000,0.122,3248000000,0.122,,1863000000,,64.18,63.99,,,,,,,,,,,,,,,,,,,,,true,false,9,2014-04-01,2014-12-31,-1
2016-01-29,99900,2016-03-31,3,56463000000,0.057,,,,,5159000000,0.098,5153000000,0.093,,3035000000,,103.03,,,,,,,,,,,,,,,,,,,,,,true,true,12,2015-04-01,2016-03-31,0
2016-01-29,99900,2015-03-31,3,,,,,,,,,,,,,,,,,,,,34377000000,21915000000,0.637,,21909000000,,,,,,,,,,,,true,false,12,2014-04-01,2015-03-31,-1
2016-01-29,99900,2015-03-31,3,,,,,,,,,,,,,,,,,,,,,,,,,,,,,25.00,,,,29859900,401010,,false,false,12,2014-04-01,2015-03-31,-1
2016-01-29,99900,2016-03-31,3,,,,,,,,,,,,,,,,,,,,,,,,,,,,,0.00,,,,,,,false,false,12,2015-04-01,2016-03-31,0
2016-01-29,99900,2016-03-31,3,,,,,,,,,,,,,,,,,,,,,,,,,,,,,27.00,,,,,,,false,true,12,2015-04-01,2016-03-31,0
2016-01-29,99900,2016-03-31,3,,,,,,,,,,,,,,,,,,,,,,,,,,,,,,,,,29859900,401760,29458367,false,false,9,2015-04-01,2015-12-31,0
2016-01-29,99900,2015-03-31,3,,,,,,,,,,,,,,,,,,,,,,,,,,,,,,,,,,,29030387,false,false,9,2014-04-01,2014-12-31,-1
2016-05-10,99900,2016-03-31,,56963000000,0.066,,,,,4765000000,0.014,4844000000,0.027,,2982000000,,101.24,,0.130,0.135,0.084,,37234000000,24209000000,0.648,819.53,24141000000,2048000000,-3140000000,-977000000,3034000000,,0.267,,,,,,true,false,12,2015-04-01,2016-03-31,0
2016-05-10,99900,2015-03-31,,53434000000,0.060,,,,,4700000000,0.090,4716000000,0.098,,2762000000,,94.83,94.56,0.134,0.143,0.088,,34377000000,21915000000,0.637,743.72,21909000000,2656000000,-1498000000,-1268000000,5104000000,,0.264,,,,,,true,false,12,2014-04-01,2015-03-31,-1
2016-05-10,99900,2017-03-31,,29029000000,0.049,,,,,2398000000,0.014,2413000000,0.014,,1483000000,,50.35,,,,,,,,,,,,,,,,,,,,,,true,true,6,2016-04-01,2016-09-30,1
2016-05-10,99900,2017-03-31,,59330000000,0.042,,,,,4866000000,0.021,4896000000,0.011,,3008000000,,102.13,,,,,,,,,,,,,,,,0.264,,,,,,true,true,12,2016-04-01,2017-03-31,1
2016-05-10,99900,2015-03-31,,,,,,,,,,,,,,,,,,,,,,,,,,,,,,25.00,,,,29859900,401010,29127387,false,false,12,2014-04-01,2015-03-31,-1
2016-05-10,99900,2016-03-31,,,,,,,,,,,,,,,,,,,,,,,,,,,,,,27.00,,,,29859900,401910,29458289,false,false,12,2015-04-01,2016-03-31,0
2016-05-10,99900,2017-03-31,,,,,,,,,,,,,,,,,,,,,,,,,,,,,,27.00,,,,,,,false,true,12,2016-04-01,2017-03-31,1
2016-07-29,99900,2017-03-31,1,13328000000,-0.001,,,,,911000000,-0.060,925000000,-0.056,,584000000,,19.86,,,,,,36661000000,24049000000,0.654,,23967000000,,,,,,,,,,,,true,false,3,2016-04-01,2016-06-30,0
2016-07-29,99900,2016-03-31,1,13336000000,0.080,,,,,970000000,0.069,979000000,0.073,,604000000,,20.53,20.53,,,,,,,,,,,,,,,,,,,,,true,false,3,2015-04-01,2015-06-30,-1
2016-07-29,99900,2017-03-31,1,29029000000,0.049,,,,,2398000000,0.014,2413000000,0.014,,1483000000,,50.36,,,,,,,,,,,,,,,,,,,,,,true,true,6,2016-04-01,2016-09-30,0
2016-07-29,99900,2017-03-31,1,59330000000,0.042,,,,,4866000000,0.021,4896000000,0.011,,3008000000,,102.13,,,,,,,,,,,,,,,,,,,,,,true,true,12,2016-04-01,2017-03-31,0
2016-07-29,99900,2016-03-31,1,,,,,,,,,,,,,,,,,,,,37234000000,24209000000,0.648,,24141000000,,,,,,,,,,,,true,false,12,2015-04-01,2016-03-31,-1
2016-07-29,99900,2016-03-31,1,,,,,,,,,,,,,,,,,,,,,,,,,,,,,27.00,,,,29859900,401910,,false,false,12,2015-04-01,2016-03-31,-1
2016-07-29,99900,2017-03-31,1,,,,,,,,,,,,,,,,,,,,,,,,,,,,,27.00,,,,,,,false,true,12,2016-04-01,2017-03-31,0
2016-07-29,99900,2017-03-31,1,,,,,,,,,,,,,,,,,,,,,,,,,,,,,,,,,29859900,401960,29457959,false,false,3,2016-04-01,2016-06-30,0
2016-07-29,99900,2016-03-31,1,,,,,,,,,,,,,,,,,,,,,,,,,,,,,,,,,,,29458634,false,false,3,2015-04-01,2015-06-30,-1
2016-10-31,99900,2017-03-31,2,27417000000,-0.009,,,,,2102000000,-0.111,2129000000,-0.105,,1326000000,,45.01,,,,,,37455000000,24848000000,0.661,,24751000000,,,,,,,,,,,,true,false,6,2016-04-01,2016-09-30,0
2016-10-31,99900,2016-03-31,2,27673000000,0.084,,,,,2365000000,0.105,2380000000,0.106,,1474000000,,50.06,50.04,,,,,,,,,,,,,,,,,,,,,true,false,6,2015-04-01,2015-09-30,-1
2016-10-31,99900,2017-03-31,2,57794000000,0.015,,,,,4635000000,-0.027,4686000000,-0.033,,2888000000,,98.06,,,,,,,,,,,,,,,,,,,,,,true,true,12,2016-04-01,2017-03-31,0
2016-10-31,99900,2016-03-31,2,,,,,,,,,,,,,,,,,,,,37234000000,24209000000,0.648,,24141000000,,,,,,,,,,,,true,false,12,2015-04-01,2016-03-31,-1
2016-10-31,99900,2016-03-31,2,,,,,,,,,,,,,,,,,,,,,,,,,,,,,27.00,,,,29859900,401910,,false,false,12,2015-04-01,2016-03-31,-1
2016-10-31,99900,2017-03-31,2,,,,,,,,,,,,,,,,,,,,,,,,,,,,,0.00,,,,,,,false,false,12,2016-04-01,2017-03-31,0
2016-10-31,99900,2017-03-31,2,,,,,,,,,,,,,,,,,,,,,,,,,,,,,27.00,,,,,,,false,true,12,2016-04-01,2017-03-31,0
2016-10-31,99900,2017-03-31,2,,,,,,,,,,,,,,,,,,,,,,,,,,,,,,,,,29859900,402010,29457932,false,false,6,2016-04-01,2016-09-30,0
2016-10-31,99900,2016-03-31,2,,,,,,,,,,,,,,,,,,,,,,,,,,,,,,,,,,,29458474,false,false,6,2015-04-01,2015-09-30,-1
2017-01-30,99900,2017-03-31,3,41765000000,-0.004,,,,,3207000000,-0.067,3250000000,-0.059,,2026000000,,68.80,,,,,,40007000000,25577000000,0.637,,25467000000,,,,,,,,,,,,true,false,9,2016-04-01,2016-12-31,0
2017-01-30,99900,2016-03-31,3,41934000000,0.079,,,,,3437000000,0.061,3455000000,0.064,,2144000000,,72.81,72.79,,,,,,,,,,,,,,,,,,,,,true,false,9,2015-04-01,2015-12-31,-1
2017-01-30,99900,2017-03-31,3,57794000000,0.015,,,,,4635000000,-0.027,4686000000,-0.033,,2888000000,,98.06,,,,,,,,,,,,,,,,,,,,,,true,true,12,2016-04-01,2017-03-31,0
2017-01-30,99900,2016-03-31,3,,,,,,,,,,,,,,,,,,,,37234000000,24209000000,0.648,,24141000000,,,,,,,,,,,,true,false,12,2015-04-01,2016-03-31,-1
2017-01-30,99900,2016-03-31,3,,,,,,,,,,,,,,,,,,,,,,,,,,,,,27.00,,,,29859900,401910,,false,false,12,2015-04-01,2016-03-31,-1
2017-01-30,99900,2017-03-31,3,,,,,,,,,,,,,,,,,,,,,,,,,,,,,0.00,,,,,,,false,false,12,2016-04-01,2017-03-31,0
2017-01-30,99900,2017-03-31,3,,,,,,,,,,,,,,,,,,,,,,,,,,,,,27.00,,,,,,,false,true,12,2016-04-01,2017-03-31,0
2017-01-30,99900,2017-03-31,3,,,,,,,,,,,,,,,,,,,,,,,,,,,,,,,,,29859900,402165,29457899,false,false,9,2016-04-01,2016-12-31,0
2017-01-30,99900,2016-03-31,3,,,,,,,,,,,,,,,,,,,,,,,,,,,,,,,,,,,29458367,false,false,9,2015-04-01,2015-12-31,-1
2017-05-10,99900,2017-03-31,,56747000000,-0.004,,,,,4465000000,-0.063,4526000000,-0.066,,2658000000,,90.25,,0.106,0.119,0.079,,38671000000,26235000000,0.675,886.75,26121000000,3002000000,-1312000000,-1282000000,3440000000,,0.299,,,,,,true,false,12,2016-04-01,2017-03-31,0
2017-05-10,99900,2016-03-31,,56963000000,0.066,,,,,4765000000,0.014,4844000000,0.027,,2982000000,,101.24,,0.130,0.135,0.084,,37234000000,24209000000,0.648,819.53,24141000000,2048000000,-3140000000,-977000000,3034000000,,0.267,,,,,,true,false,12,2015-04-01,2016-03-31,-1
2017-05-10,99900,2018-03-31,,28420000000,0.037,,,,,2116000000,0.007,2131000000,0.001,,1313000000,,44.60,,,,,,,,,,,,,,,,,,,,,,true,true,6,2017-04-01,2017-09-30,1
2017-05-10,99900,2018-03-31,,58634000000,0.033,,,,,4575000000,0.025,4606000000,0.018,,2781000000,,94.43,,,,,,,,,,,,,,,,0.286,,,,,,true,true,12,2017-04-01,2018-03-31,1
2017-05-10,99900,2016-03-31,,,,,,,,,,,,,,,,,,,,,,,,,,,,,,27.00,,,,29859900,401910,29458289,false,false,12,2015-04-01,2016-03-31,-1
2017-05-10,99900,2017-03-31,,,,,,,,,,,,,,,,,,,,,,,,,,,,,,27.00,,,,29859900,402465,29457822,false,false,12,2016-04-01,2017-03-31,0
2017-05-10,99900,2018-03-31,,,,,,,,,,,,,,,,,,,,,,,,,,,,,,27.00,,,,,,,false,true,12,2017-04-01,2018-03-31,1
2017-07-28,99900,2018-03-31,1,13346000000,0.001,,,,,862000000,-0.054,875000000,-0.054,,543000000,,18.45,,,,,,38014000000,25999000000,0.681,,25888000000,,,,,,,,,,,,true,false,3,2017-04-01,2017-06-30,0
2017-07-28,99900,2017-03-31,1,13328000000,-0.001,,,,,911000000,-0.060,925000000,-0.056,,584000000,,19.86,,,,,,,,,,,,,,,,,,,,,,true,false,3,2016-04-01,2016-06-30,-1
2017-07-28,99900,2018-03-31,1,28420000000,0.037,,,,,2116000000,0.007,2131000000,0.001,,1313000000,,44.60,,,,,,,,,,,,,,,,,,,,,,true,true,6,2017-04-01,2017-09-30,0
2017-07-28,99900,2018-03-31,1,58634000000,0.033,,,,,4575000000,0.025,4606000000,0.018,,2781000000,,94.43,,,,,,,,,,,,,,,,,,,,,,true,true,12,2017-04-01,2018-03-31,0
2017-07-28,99900,2017-03-31,1,,,,,,,,,,,,,,,,,,,,38671000000,26235000000,0.675,,26121000000,,,,,,,,,,,,true,false,12,2016-04-01,2017-03-31,-1
2017-07-28,99900,2017-03-31,1,,,,,,,,,,,,,,,,,,,,,,,,,,,,,27.00,,,,29859900,402465,,false,false,12,2016-04-01,2017-03-31,-1
2017-07-28,99900,2018-03-31,1,,,,,,,,,,,,,,,,,,,,,,,,,,,,,27.00,,,,,,,false,true,12,2017-04-01,2018-03-31,0
2017-07-28,99900,2018-03-31,1,,,,,,,,,,,,,,,,,,,,,,,,,,,,,,,,,29859900,402465,29457435,false,false,3,2017-04-01,2017-06-30,0
2017-07-28,99900,2017-03-31,1,,,,,,,,,,,,,,,,,,,,,,,,,,,,,,,,,,,29457959,false,false,3,2016-04-01,2016-06-30,-1
2017-10-31,99900,2018-03-31,2,27426000000,0.000,,,,,1894000000,-0.099,1918000000,-0.099,,1168000000,,39.67,,,,,,39650000000,26634000000,0.669,,26525000000,,,,,,,,,,,,true,false,6,2017-04-01,2017-09-30,0
2017-10-31,99900,2017-03-31,2,27417000000,-0.009,,,,,2102000000,-0.111,2129000000,-0.105,,1326000000,,45.01,,,,,,,,,,,,,,,,,,,,,,true,false,6,2016-04-01,2016-09-30,-1
2017-10-31,99900,2018-03-31,2,57640000000,0.016,,,,,4352000000,-0.025,4393000000,-0.029,,2636000000,,89.50,,,,,,,,,,,,,,,,,,,,,,true,true,12,2017-04-01,2018-03-31,0
2017-10-31,99900,2017-03-31,2,,,,,,,,,,,,,,,,,,,,38671000000,26235000000,0.675,,26121000000,,,,,,,,,,,,true,false,12,2016-04-01,2017-03-31,-1
2017-10-31,99900,2017-03-31,2,,,,,,,,,,,,,,,,,,,,,,,,,,,,,27.00,,,,29859900,402465,,false,false,12,2016-04-01,2017-03-31,-1
2017-10-31,99900,2018-03-31,2,,,,,,,,,,,,,,,,,,,,,,,,,,,,,0.00,,,,,,,false,false,12,2017-04-01,2018-03-31,0
2017-10-31,99900,2018-03-31,2,,,,,,,,,,,,,,,,,,,,,,,,,,,,,27.00,,,,,,,false,true,12,2017-04-01,2018-03-31,0
2017-10-31,99900,2018-03-31,2,,,,,,,,,,,,,,,,,,,,,,,,,,,,,,,,,29859900,402465,29457435,false,false,6,2017-04-01,2017-09-30,0
2017-10-31,99900,2017-03-31,2,,,,,,,,,,,,,,,,,,,,,,,,,,,,,,,,,,,29457932,false,false,6,2016-04-01,2016-09-30,-1
2018-01-30,99900,2018-03-31,3,41152000000,-0.015,,,,,2709000000,-0.155,2758000000,-0.152,,1676000000,,56.92,,,,,,41267000000,27139000000,0.655,,27030000000,,,,,,,,,,,,true,false,9,2017-04-01,2017-12-31,0
2018-01-30,99900,2017-03-31,3,41765000000,-0.004,,,,,3207000000,-0.067,3250000000,-0.059,,2026000000,,68.80,,,,,,,,,,,,,,,,,,,,,,true,false,9,2016-04-01,2016-12-31,-1
2018-01-30,99900,2018-03-31,3,56082000000,-0.012,,,,,3749000000,-0.160,3802000000,-0.160,,2298000000,,78.02,,,,,,,,,,,,,,,,,,,,,,true,true,12,2017-04-01,2018-03-31,0
2018-01-30,99900,2017-03-31,3,,,,,,,,,,,,,,,,,,,,38671000000,26235000000,0.675,,26121000000,,,,,,,,,,,,true,false,12,2016-04-01,2017-03-31,-1
2018-01-30,99900,2017-03-31,3,,,,,,,,,,,,,,,,,,,,,,,,,,,,,27.00,,,,29859900,402465,,false,false,12,2016-04-01,2017-03-31,-1
2018-01-30,99900,2018-03-31,3,,,,,,,,,,,,,,,,,,,,,,,,,,,,,0.00,,,,,,,false,false,12,2017-04-01,2018-03-31,0
2018-01-30,99900,2018-03-31,3,,,,,,,,,,,,,,,,,,,,,,,,,,,,,27.00,,,,,,,false,true,12,2017-04-01,2018-03-31,0
2018-01-30,99900,2018-03-31,3,,,,,,,,,,,,,,,,,,,,,,,,,,,,,,,,,29859900,402515,29457432,false,false,9,2017-04-01,2017-12-31,0
2018-01-30,99900,2017-03-31,3,,,,,,,,,,,,,,,,,,,,,,,,,,,,,,,,,,,29457899,false,false,9,2016-04-01,2016-12-31,-1
2018-05-09,99900,2018-03-31,,55756000000,-0.017,,,,,3800000000,-0.149,3860000000,-0.147,,2221000000,,75.40,,0.083,0.098,0.068,,40114000000,27634000000,0.686,934.46,27526000000,2568000000,-939000000,-1226000000,3846000000,,0.358,,,,,,true,false,12,2017-04-01,2018-03-31,0
2018-05-09,99900,2017-03-31,,56747000000,-0.004,,,,,4465000000,-0.063,4526000000,-0.066,,2658000000,,90.25,,0.106,0.119,0.079,,38671000000,26235000000,0.675,886.75,26121000000,3002000000,-1312000000,-1282000000,3440000000,,0.299,,,,,,true,false,12,2016-04-01,2017-03-31,-1
2018-05-09,99900,2019-03-31,,27819000000,0.014,,,,,1925000000,0.017,1947000000,0.015,,1183000000,,40.18,,,,,,,,,,,,,,,,,,,,,,true,true,6,2018-04-01,2018-09-30,1
2018-05-09,99900,2019-03-31,,56524000000,0.014,,,,,3929000000,0.034,3939000000,0.021,,2304000000,,78.22,,,,,,,,,,,,,,,,0.345,,,,,,true,true,12,2018-04-01,2019-03-31,1
2018-05-09,99900,2017-03-31,,,,,,,,,,,,,,,,,,,,,,,,,,,,,,27.00,,,,29859900,402465,29457822,false,false,12,2016-04-01,2017-03-31,-1
2018-05-09,99900,2018-03-31,,,,,,,,,,,,,,,,,,,,,,,,,,,,,,27.00,,,,29859900,402565,29457413,false,false,12,2017-04-01,2018-03-31,0
2018-05-09,99900,2019-03-31,,,,,,,,,,,,,,,,,,,,,,,,,,,,,,27.00,,,,,,,false,true,12,2018-04-01,2019-03-31,1
2018-07-30,99900,2019-03-31,1,13169000000,-0.013,,,,,739000000,-0.142,754000000,-0.138,,453000000,,15.38,,,,,,39730000000,27294000000,0.684,,27186000000,,,,,,,,,,,,true,false,3,2018-04-01,2018-06-30,0
2018-07-30,99900,2018-03-31,1,13346000000,0.001,,,,,862000000,-0.054,875000000,-0.054,,543000000,,18.45,,,,,,,,,,,,,,,,,,,,,,true,false,3,2017-04-01,2017-06-30,-1
2018-07-30,99900,2019-03-31,1,27819000000,0.014,,,,,1925000000,0.017,1947000000,0.015,,1183000000,,40.18,,,,,,,,,,,,,,,,,,,,,,true,true,6,2018-04-01,2018-09-30,0
2018-07-30,99900,2019-03-31,1,56524000000,0.014,,,,,3929000000,0.034,3939000000,0.021,,2304000000,,78.22,,,,,,,,,,,,,,,,,,,,,,true,true,12,2018-04-01,2019-03-31,0
2018-07-30,99900,2018-03-31,1,,,,,,,,,,,,,,,,,,,,40114000000,27634000000,0.686,,27526000000,,,,,,,,,,,,true,false,12,2017-04-01,2018-03-31,-1
2018-07-30,99900,2018-03-31,1,,,,,,,,,,,,,,,,,,,,,,,,,,,,,27.00,,,,29859900,402565,,false,false,12,2017-04-01,2018-03-31,-1
2018-07-30,99900,2019-03-31,1,,,,,,,,,,,,,,,,,,,,,,,,,,,,,27.00,,,,,,,false,true,12,2018-04-01,2019-03-31,0
2018-07-30,99900,2019-03-31,1,,,,,,,,,,,,,,,,,,,,,,,,,,,,,,,,,29859900,402615,29457317,false,false,3,2018-04-01,2018-06-30,0
2018-07-30,99900,2018-03-31,1,,,,,,,,,,,,,,,,,,,,,,,,,,,,,,,,,,,29457435,false,false,3,2017-04-01,2017-06-30,-1
2018-10-31,99900,2019-03-31,2,26972000000,-0.017,,,,,1722000000,-0.090,1758000000,-0.083,,1051000000,,35.69,,,,,,40243000000,27867000000,0.690,,27761000000,,,,,,,,,,,,true,false,6,2018-04-01,2018-09-30,0
2018-10-31,99900,2018-03-31,2,27426000000,0.000,,,,,1894000000,-0.099,1918000000,-0.099,,1168000000,,39.67,,,,,,,,,,,,,,,,,,,,,,true,false,6,2017-04-01,2017-09-30,-1
2018-10-31,99900,2019-03-31,2,56524000000,0.014,,,,,3929000000,0.034,3939000000,0.021,,2304000000,,78.22,,,,,,,,,,,,,,,,,,,,,,true,true,12,2018-04-01,2019-03-31,0
2018-10-31,99900,2018-03-31,2,,,,,,,,,,,,,,,,,,,,40114000000,27634000000,0.686,,27526000000,,,,,,,,,,,,true,false,12,2017-04-01,2018-03-31,-1
2018-10-31,99900,2018-03-31,2,,,,,,,,,,,,,,,,,,,,,,,,,,,,,27.00,,,,29859900,402565,,false,false,12,2017-04-01,2018-03-31,-1
2018-10-31,99900,2019-03-31,2,,,,,,,,,,,,,,,,,,,,,,,,,,,,,0.00,,,,,,,false,false,12,2018-04-01,2019-03-31,0
2018-10-31,99900,2019-03-31,2,,,,,,,,,,,,,,,,,,,,,,,,,,,,,27.00,,,,,,,false,true,12,2018-04-01,2019-03-31,0
2018-10-31,99900,2019-03-31,2,,,,,,,,,,,,,,,,,,,,,,,,,,,,,,,,,29859900,402715,29457287,false,false,6,2018-04-01,2018-09-30,0
2018-10-31,99900,2018-03-31,2,,,,,,,,,,,,,,,,,,,,,,,,,,,,,,,,,,,29457435,false,false,6,2017-04-01,2017-09-30,-1
2019-01-30,99900,2019-03-31,3,40871000000,-0.007,,,,,2614000000,-0.035,2653000000,-0.038,,1605000000,,54.49,,,,,,43273000000,28446000000,0.655,,28342000000,,,,,,,,,,,,true,false,9,2018-04-01,2018-12-31,0
2019-01-30,99900,2018-03-31,3,41152000000,-0.015,,,,,2709000000,-0.155,2758000000,-0.152,,1676000000,,56.92,,,,,,,,,,,,,,,,,,,,,,true,false,9,2017-04-01,2017-12-31,-1
2019-01-30,99900,2019-03-31,3,56524000000,0.014,,,,,3929000000,0.034,3939000000,0.021,,2304000000,,78.22,,,,,,,,,,,,,,,,,,,,,,true,true,12,2018-04-01,2019-03-31,0
2019-01-30,99900,2018-03-31,3,,,,,,,,,,,,,,,,,,,,40114000000,27634000000,0.686,,27526000000,,,,,,,,,,,,true,false,12,2017-04-01,2018-03-31,-1
2019-01-30,99900,2018-03-31,3,,,,,,,,,,,,,,,,,,,,,,,,,,,,,27.00,,,,29859900,402565,,false,false,12,2017-04-01,2018-03-31,-1
2019-01-30,99900,2019-03-31,3,,,,,,,,,,,,,,,,,,,,,,,,,,,,,0.00,,,,,,,false,false,12,2018-04-01,2019-03-31,0
2019-01-30,99900,2019-03-31,3,,,,,,,,,,,,,,,,,,,,,,,,,,,,,27.00,,,,,,,false,true,12,2018-04-01,2019-03-31,0
2019-01-30,99900,2019-03-31,3,,,,,,,,,,,,,,,,,,,,,,,,,,,,,,,,,29859900,402814,29457243,false,false,9,2018-04-01,2018-12-31,0
2019-01-30,99900,2018-03-31,3,,,,,,,,,,,,,,,,,,,,,,,,,,,,,,,,,,,29457432,false,false,9,2017-04-01,2017-12-31,-1
2019-05-10,99900,2019-03-31,,55774000000,0.000,,,,,3723000000,-0.020,3775000000,-0.022,,2177000000,,73.93,,0.077,0.092,0.067,,41541000000,29070000000,0.697,983.42,28968000000,3451000000,-2452000000,-1391000000,3485000000,,0.406,,,,,,true,false,12,2018-04-01,2019-03-31,0
2019-05-10,99900,2018-03-31,,55756000000,-0.017,,,,,3800000000,-0.149,3860000000,-0.147,,2221000000,,75.40,,0.083,0.098,0.068,,40114000000,27634000000,0.686,934.46,27526000000,2568000000,-939000000,-1226000000,3846000000,,0.358,,,,,,true,false,12,2017-04-01,2018-03-31,-1
2019-05-10,99900,2020-03-31,,27456000000,0.018,,,,,1723000000,0.000,1741000000,-0.010,,1043000000,,35.41,,,,,,,,,,,,,,,,,,,,,,true,true,6,2019-04-01,2019-09-30,1
2019-05-10,99900,2020-03-31,,57077000000,0.023,,,,,3877000000,0.041,3913000000,0.037,,2280000000,,77.40,,,,,,,,,,,,,,,,0.388,,,,,,true,true,12,2019-04-01,2020-03-31,1
2019-05-10,99900,2018-03-31,,,,,,,,,,,,,,,,,,,,,,,,,,,,,,27.00,,,,29859900,402565,29457413,false,false,12,2017-04-01,2018-03-31,-1
2019-05-10,99900,2019-03-31,,,,,,,,,,,,,,,,,,,,,,,,,,,,,,30.00,,,,29859900,402864,29457200,false,false,12,2018-04-01,2019-03-31,0
2019-05-10,99900,2020-03-31,,,,,,,,,,,,,,,,,,,,,,,,,,,,,,30.00,,,,,,,false,true,12,2019-04-01,2020-03-31,1
2019-07-30,99900,2020-03-31,1,12992000000,-0.013,,,,,744000000,0.007,786000000,0.042,,500000000,,16.99,,,,,,40267000000,28601000000,0.708,,28502000000,,,,,,,,,,,,true,false,3,2019-04-01,2019-06-30,0
2019-07-30,99900,2019-03-31,1,13169000000,-0.013,,,,,739000000,-0.142,754000000,-0.138,,453000000,,15.38,,,,,,,,,,,,,,,,,,,,,,true,false,3,2018-04-01,2018-06-30,-1
2019-07-30,99900,2020-03-31,1,27456000000,0.018,,,,,1723000000,0.000,1741000000,-0.010,,1043000000,,35.42,,,,,,,,,,,,,,,,,,,,,,true,true,6,2019-04-01,2019-09-30,0
2019-07-30,99900,2020-03-31,1,57077000000,0.023,,,,,3877000000,0.041,3913000000,0.037,,2280000000,,77.43,,,,,,,,,,,,,,,,,,,,,,true,true,12,2019-04-01,2020-03-31,0
2019-07-30,99900,2019-03-31,1,,,,,,,,,,,,,,,,,,,,41541000000,29070000000,0.697,,28968000000,,,,,,,,,,,,true,false,12,2018-04-01,2019-03-31,-1
2019-07-30,99900,2019-03-31,1,,,,,,,,,,,,,,,,,,,,,,,,,,,,,30.00,,,,29859900,402864,,false,false,12,2018-04-01,2019-03-31,-1
2019-07-30,99900,2020-03-31,1,,,,,,,,,,,,,,,,,,,,,,,,,,,,,30.00,,,,,,,false,true,12,2019-04-01,2020-03-31,0
2019-07-30,99900,2020-03-31,1,,,,,,,,,,,,,,,,,,,,,,,,,,,,,,,,,29859900,479864,29447457,false,false,3,2019-04-01,2019-06-30,0
2019-07-30,99900,2019-03-31,1,,,,,,,,,,,,,,,,,,,,,,,,,,,,,,,,,,,29457317,false,false,3,2018-04-01,2018-06-30,-1
2019-10-31,99900,2020-03-31,2,27108000000,0.005,,,,,1821000000,0.057,1877000000,0.067,,1157000000,,39.43,,,,,,41287000000,28968000000,0.699,,28869000000,,,,,,,,,,,,true,false,6,2019-04-01,2019-09-30,0
2019-10-31,99900,2019-03-31,2,26972000000,-0.017,,,,,1722000000,-0.090,1758000000,-0.083,,1051000000,,35.69,,,,,,,,,,,,,,,,,,,,,,true,false,6,2018-04-01,2018-09-30,-1
2019-10-31,99900,2020-03-31,2,57077000000,0.023,,,,,3877000000,0.041,3913000000,0.037,,2280000000,,77.68,,,,,,,,,,,,,,,,,,,,,,true,true,12,2019-04-01,2020-03-31,0
2019-10-31,99900,2019-03-31,2,,,,,,,,,,,,,,,,,,,,41541000000,29070000000,0.697,,28968000000,,,,,,,,,,,,true,false,12,2018-04-01,2019-03-31,-1
2019-10-31,99900,2019-03-31,2,,,,,,,,,,,,,,,,,,,,,,,,,,,,,30.00,,,,29859900,402864,,false,false,12,2018-04-01,2019-03-31,-1
2019-10-31,99900,2020-03-31,2,,,,,,,,,,,,,,,,,,,,,,,,,,,,,0.00,,,,,,,false,false,12,2019-04-01,2020-03-31,0
2019-10-31,99900,2020-03-31,2,,,,,,,,,,,,,,,,,,,,,,,,,,,,,30.00,,,,,,,false,true,12,2019-04-01,2020-03-31,0
2019-10-31,99900,2020-03-31,2,,,,,,,,,,,,,,,,,,,,,,,,,,,,,,,,,29859900,657214,29353328,false,false,6,2019-04-01,2019-09-30,0
2019-10-31,99900,2019-03-31,2,,,,,,,,,,,,,,,,,,,,,,,,,,,,,,,,,,,29457287,false,false,6,2018-04-01,2018-09-30,-1
2020-01-30,99900,2020-03-31,3,40032000000,-0.021,,,,,2327000000,-0.110,2406000000,-0.093,,1465000000,,50.03,,,,,,42710000000,29168000000,0.681,,29070000000,,,,,,,,,,,,true,false,9,2019-04-01,2019-12-31,0
2020-01-30,99900,2019-03-31,3,40871000000,-0.007,,,,,2614000000,-0.035,2653000000,-0.038,,1605000000,,54.49,,,,,,,,,,,,,,,,,,,,,,true,false,9,2018-04-01,2018-12-31,-1
2020-01-30,99900,2020-03-31,3,55361000000,-0.007,,,,,3492000000,-0.062,3560000000,-0.057,,2083000000,,71.12,,,,,,,,,,,,,,,,,,,,,,true,true,12,2019-04-01,2020-03-31,0
2020-01-30,99900,2019-03-31,3,,,,,,,,,,,,,,,,,,,,41541000000,29070000000,0.697,,28968000000,,,,,,,,,,,,true,false,12,2018-04-01,2019-03-31,-1
2020-01-30,99900,2019-03-31,3,,,,,,,,,,,,,,,,,,,,,,,,,,,,,30.00,,,,29859900,402864,,false,false,12,2018-04-01,2019-03-31,-1
2020-01-30,99900,2020-03-31,3,,,,,,,,,,,,,,,,,,,,,,,,,,,,,0.00,,,,,,,false,false,12,2019-04-01,2020-03-31,0
2020-01-30,99900,2020-03-31,3,,,,,,,,,,,,,,,,,,,,,,,,,,,,,30.00,,,,,,,false,true,12,2019-04-01,2020-03-31,0
2020-01-30,99900,2020-03-31,3,,,,,,,,,,,,,,,,,,,,,,,,,,,,,,,,,29859900,735214,29289946,false,false,9,2019-04-01,2019-12-31,0
2020-01-30,99900,2019-03-31,3,,,,,,,,,,,,,,,,,,,,,,,,,,,,,,,,,,,29457243,false,false,9,2018-04-01,2018-12-31,-1
2020-04-28,99900,2020-03-31,,52523000000,-0.051,,,,,2606000000,-0.253,2698000000,-0.242,,1626000000,,55.62,,,,,,,,,,,,,,,,,,,,,,true,true,12,2019-04-01,2020-03-31,0
2020-04-28,99900,2019-03-31,,55774000000,,,,,,3723000000,,3775000000,,,2177000000,,73.93,,,,,,,,,,,,,,,,,,,,,,true,false,12,2018-04-01,2019-03-31,-1
2020-05-11,99900,2020-03-31,,52523000000,-0.058,,,,,2670000000,-0.283,2762000000,-0.268,,1668000000,,57.05,,0.057,0.068,0.051,,40108000000,29240000000,0.729,1006.33,29240000000,2693000000,-1179000000,-1783000000,3216000000,,0.526,,,,,,true,false,12,2019-04-01,2020-03-31,0
2020-05-11,99900,2019-03-31,,55774000000,0.000,,,,,3723000000,-0.020,3775000000,-0.022,,2177000000,,73.93,,0.077,0.092,0.067,,41541000000,29070000000,0.697,983.42,28968000000,3451000000,-2452000000,-1391000000,3485000000,,0.406,,,,,,true,false,12,2018-04-01,2019-03-31,-1
2020-05-11,99900,2019-03-31,,,,,,,,,,,,,,,,,,,,,,,,,,,,,,30.00,,,,29859900,402864,29457200,false,false,12,2018-04-01,2019-03-31,-1
2020-05-11,99900,2020-03-31,,,,,,,,,,,,,,,,,,,,,,,,,,,,,,30.00,,,,29859900,803164,29237533,false,false,12,2019-04-01,2020-03-31,0
2020-07-30,99900,2021-03-31,1,5467000000,-0.579,,,,,-750000000,,-725000000,,,-728000000,,-25.07,,,,,,39149000000,27626000000,0.706,,27626000000,,,,,,,,,,,,true,false,3,2020-04-01,2020-06-30,0
2020-07-30,99900,2020-03-31,1,12992000000,-0.013,,,,,744000000,0.007,786000000,0.042,,500000000,,16.99,,,,,,,,,,,,,,,,,,,,,,true,false,3,2019-04-01,2019-06-30,-1
2020-07-30,99900,2021-03-31,1,16532000000,-0.390,,,,,-655000000,,-608000000,,,-662000000,,-22.82,,,,,,,,,,,,,,,,,,,,,,true,true,6,2020-04-01,2020-09-30,0
2020-07-30,99900,2021-03-31,1,44763000000,-0.148,,,,,1181000000,-0.558,1255000000,-0.546,,410000000,,14.14,,,,,,,,,,,,,,,,,,,,,,true,true,12,2020-04-01,2021-03-31,0
2020-07-30,99900,2020-03-31,1,,,,,,,,,,,,,,,,,,,,40108000000,29240000000,0.729,,29240000000,,,,,,,,,,,,true,false,12,2019-04-01,2020-03-31,-1
2020-07-30,99900,2020-03-31,1,,,,,,,,,,,,,,,,,,,,,,,,,,,,,30.00,,,,29859900,803164,,false,false,12,2019-04-01,2020-03-31,-1
2020-07-30,99900,2021-03-31,1,,,,,,,,,,,,,,,,,,,,,,,,,,,,,30.00,,,,,,,false,true,12,2020-04-01,2021-03-31,0
2020-07-30,99900,2021-03-31,1,,,,,,,,,,,,,,,,,,,,,,,,,,,,,,,,,29859900,803164,29056736,false,false,3,2020-04-01,2020-06-30,0
2020-07-30,99900,2020-03-31,1,,,,,,,,,,,,,,,,,,,,,,,,,,,,,,,,,,,29447457,false,false,3,2019-04-01,2019-06-30,-1
2020-10-30,99900,2021-03-31,2,14930000000,-0.449,,,,,-1348000000,,-1253000000,,,-1095000000,,-37.72,,,,,,38251000000,27269000000,0.713,,27269000000,,,,,,,,,,,,true,false,6,2020-04-01,2020-09-30,0
2020-10-30,99900,2020-03-31,2,27108000000,0.005,,,,,1821000000,0.057,1877000000,0.067,,1157000000,,39.43,,,,,,,,,,,,,,,,,,,,,,true,false,6,2019-04-01,2019-09-30,-1
2020-10-30,99900,2021-03-31,2,41136000000,-0.217,,,,,-108000000,,14000000,-0.995,,-356000000,,-12.27,,,,,,,,,,,,,,,,,,,,,,true,true,12,2020-04-01,2021-03-31,0
2020-10-30,99900,2020-03-31,2,,,,,,,,,,,,,,,,,,,,40108000000,29240000000,0.729,,29240000000,,,,,,,,,,,,true,false,12,2019-04-01,2020-03-31,-1
2020-10-30,99900,2020-03-31,2,,,,,,,,,,,,,,,,,,,,,,,,,,,,,30.00,,,,29859900,803164,,false,false,12,2019-04-01,2020-03-31,-1
2020-10-30,99900,2021-03-31,2,,,,,,,,,,,,,,,,,,,,,,,,,,,,,0.00,,,,,,,false,false,12,2020-04-01,2021-03-31,0
2020-10-30,99900,2021-03-31,2,,,,,,,,,,,,,,,,,,,,,,,,,,,,,30.00,,,,,,,false,true,12,2020-04-01,2021-03-31,0
2020-10-30,99900,2021-03-31,2,,,,,,,,,,,,,,,,,,,,,,,,,,,,,,,,,29859900,803164,29056736,false,false,6,2020-04-01,2020-09-30,0
2020-10-30,99900,2020-03-31,2,,,,,,,,,,,,,,,,,,,,,,,,,,,,,,,,,,,29353328,false,false,6,2019-04-01,2019-09-30,-1
2021-01-29,99900,2021-03-31,3,24942000000,-0.377,,,,,-1645000000,,-1508000000,,,-1484000000,,-51.08,,,,,,39990000000,26896000000,0.673,,26896000000,,,,,,,,,,,,true,false,9,2020-04-01,2020-12-31,0
2021-01-29,99900,2020-03-31,3,40032000000,-0.021,,,,,2327000000,-0.110,2406000000,-0.093,,1465000000,,50.03,,,,,,,,,,,,,,,,,,,,,,true,false,9,2019-04-01,2019-12-31,-1
2021-01-29,99900,2021-03-31,3,34554000000,-0.342,,,,,-2125000000,,-1953000000,,,-1785000000,,-61.45,,,,,,,,,,,,,,,,,,,,,,true,true,12,2020-04-01,2021-03-31,0
2021-01-29,99900,2020-03-31,3,,,,,,,,,,,,,,,,,,,,40108000000,29240000000,0.729,,29240000000,,,,,,,,,,,,true,false,12,2019-04-01,2020-03-31,-1
2021-01-29,99900,2020-03-31,3,,,,,,,,,,,,,,,,,,,,,,,,,,,,,30.00,,,,29859900,803164,,false,false,12,2019-04-01,2020-03-31,-1
2021-01-29,99900,2021-03-31,3,,,,,,,,,,,,,,,,,,,,,,,,,,,,,0.00,,,,,,,false,false,12,2020-04-01,2021-03-31,0
2021-01-29,99900,2021-03-31,3,,,,,,,,,,,,,,,,,,,,,,,,,,,,,15.00,,,,,,,false,true,12,2020-04-01,2021-03-31,0
2021-01-29,99900,2021-03-31,3,,,,,,,,,,,,,,,,,,,,,,,,,,,,,,,,,29859900,803214,29056727,false,false,9,2020-04-01,2020-12-31,0
2021-01-29,99900,2020-03-31,3,,,,,,,,,,,,,,,,,,,,,,,,,,,,,,,,,,,29289946,false,false,9,2019-04-01,2019-12-31,-1
2021-05-10,99900,2021-03-31,,34836000000,-0.337,,,,,-2036000000,,-1839000000,,,-1847000000,,-63.57,,-0.066,-0.047,-0.058,,37505000000,26514000000,0.707,912.52,26514000000,-1173000000,-774000000,-176000000,1092000000,,,,,,,,true,false,12,2020-04-01,2021-03-31,0
2021-05-10,99900,2020-03-31,,52523000000,-0.058,,,,,2670000000,-0.283,2762000000,-0.268,,1668000000,,57.05,,0.057,0.068,0.051,,40108000000,29240000000,0.729,1006.33,29240000000,2693000000,-1179000000,-1783000000,3216000000,,0.526,,,,,,true,false,12,2019-04-01,2020-03-31,-1
2021-05-10,99900,2020-03-31,,,,,,,,,,,,,,,,,,,,,,,,,,,,,,30.00,,,,29859900,803164,29237533,false,false,12,2019-04-01,2020-03-31,-1
2021-05-10,99900,2021-03-31,,,,,,,,,,,,,,,,,,,,,,,,,,,,,,15.00,,,,29859900,803214,29056717,false,false,12,2020-04-01,2021-03-31,0
2021-08-02,99900,2022-03-31,1,7667000000,0.402,,,,,-642000000,,-615000000,,,-566000000,,-19.49,,,,,,37536000000,25519000000,0.679,,25519000000,,,,,,,,,,,,true,false,3,2021-04-01,2021-06-30,0
2021-08-02,99900,2021-03-31,1,5467000000,-0.579,,,,,-750000000,,-725000000,,,-728000000,,-25.07,,,,,,,,,,,,,,,,,,,,,,true,false,3,2020-04-01,2020-06-30,-1
2021-08-02,99900,2021-03-31,1,,,,,,,,,,,,,,,,,,,,37505000000,26514000000,0.707,,26514000000,,,,,,,,,,,,true,false,12,2020-04-01,2021-03-31,-1
2021-08-02,99900,2021-03-31,1,,,,,,,,,,,,,,,,,,,,,,,,,,,,,15.00,,,,29859900,803214,,false,false,12,2020-04-01,2021-03-31,-1
2021-08-02,99900,2022-03-31,1,,,,,,,,,,,,,,,,,,,,,,,,,,,,,,,,,29859900,803264,29056640,false,false,3,2021-04-01,2021-06-30,0
2021-08-02,99900,2021-03-31,1,,,,,,,,,,,,,,,,,,,,,,,,,,,,,,,,,,,29056736,false,false,3,2020-04-01,2020-06-30,-1
2021-11-01,99900,2022-03-31,2,15744000000,0.055,,,,,-1323000000,,-1259000000,,,-1101000000,,-37.91,,,,,,36517000000,24976000000,0.684,,24976000000,,,,,,,,,,,,true,false,6,2021-04-01,2021-09-30,0
2021-11-01,99900,2021-03-31,2,14930000000,-0.449,,,,,-1348000000,,-1253000000,,,-1095000000,,-37.72,,,,,,,,,,,,,,,,,,,,,,true,false,6,2020-04-01,2020-09-30,-1
2021-11-01,99900,2022-03-31,2,39347000000,0.129,,,,,-591000000,,-492000000,,,-756000000,,-26.02,,,,,,,,,,,,,,,,,,,,,,true,true,12,2021-04-01,2022-03-31,0
2021-11-01,99900,2021-03-31,2,,,,,,,,,,,,,,,,,,,,37505000000,26514000000,0.707,,26514000000,,,,,,,,,,,,true,false,12,2020-04-01,2021-03-31,-1
2021-11-01,99900,2021-03-31,2,,,,,,,,,,,,,,,,,,,,,,,,,,,,,15.00,,,,29859900,803214,,false,false,12,2020-04-01,2021-03-31,-1
2021-11-01,99900,2022-03-31,2,,,,,,,,,,,,,,,,,,,,,,,,,,,,,0.00,,,,,,,false,false,12,2021-04-01,2022-03-31,0
2021-11-01,99900,2022-03-31,2,,,,,,,,,,,,,,,,,,,,,,,,,,,,,15.00,,,,,,,false,true,12,2021-04-01,2022-03-31,0
2021-11-01,99900,2022-03-31,2,,,,,,,,,,,,,,,,,,,,,,,,,,,,,,,,,29859900,803314,29056633,false,false,6,2021-04-01,2021-09-30,0
2021-11-01,99900,2021-03-31,2,,,,,,,,,,,,,,,,,,,,,,,,,,,,,,,,,,,29056736,false,false,6,2020-04-01,2020-09-30,-1
2022-01-31,99900,2022-03-31,3,25936000000,0.040,,,,,-1219000000,,-1117000000,,,-1008000000,,-34.70,,,,,,39711000000,25067000000,0.631,,25067000000,,,,,,,,,,,,true,false,9,2021-04-01,2021-12-31,0
2022-01-31,99900,2021-03-31,3,24942000000,-0.377,,,,,-1645000000,,-1508000000,,,-1484000000,,-51.08,,,,,,,,,,,,,,,,,,,,,,true,false,9,2020-04-01,2020-12-31,-1
2022-01-31,99900,2022-03-31,3,39347000000,0.129,,,,,-591000000,,-492000000,,,-756000000,,-26.02,,,,,,,,,,,,,,,,,,,,,,true,true,12,2021-04-01,2022-03-31,0
2022-01-31,99900,2021-03-31,3,,,,,,,,,,,,,,,,,,,,37505000000,26514000000,0.707,,26514000000,,,,,,,,,,,,true,false,12,2020-04-01,2021-03-31,-1
2022-01-31,99900,2021-03-31,3,,,,,,,,,,,,,,,,,,,,,,,,,,,,,15.00,,,,29859900,803214,,false,false,12,2020-04-01,2021-03-31,-1
2022-01-31,99900,2022-03-31,3,,,,,,,,,,,,,,,,,,,,,,,,,,,,,0.00,,,,,,,false,false,12,2021-04-01,2022-03-31,0
2022-01-31,99900,2022-03-31,3,,,,,,,,,,,,,,,,,,,,,,,,,,,,,15.00,,,,,,,false,true,12,2021-04-01,2022-03-31,0
2022-01-31,99900,2022-03-31,3,,,,,,,,,,,,,,,,,,,,,,,,,,,,,,,,,29859900,803314,29056617,false,false,9,2021-04-01,2021-12-31,0
2022-01-31,99900,2021-03-31,3,,,,,,,,,,,,,,,,,,,,,,,,,,,,,,,,,,,29056727,false,false,9,2020-04-01,2020-12-31,-1
2022-05-10,99900,2022-03-31,,36798000000,0.056,,,,,-903000000,,-776000000,,,-888000000,,-30.56,,-0.034,-0.021,-0.025,,38115000000,25098000000,0.658,863.78,25098000000,713000000,-391000000,998000000,2416000000,,,,,,,,true,false,12,2021-04-01,2022-03-31,0
2022-05-10,99900,2021-03-31,,34836000000,-0.337,,,,,-2036000000,,-1839000000,,,-1847000000,,-63.57,,-0.066,-0.047,-0.058,,37505000000,26514000000,0.707,912.52,26514000000,-1173000000,-774000000,-176000000,1092000000,,,,,,,,true,false,12,2020-04-01,2021-03-31,-1
2022-05-10,99900,2023-03-31,,23320000000,0.481,,,,,800000000,,821000000,,,473000000,,16.28,,,,,,,,,,,,,,,,,,,,,,true,true,6,2022-04-01,2022-09-30,1
2022-05-10,99900,2023-03-31,,49123000000,0.335,,,,,2092000000,,2132000000,,,1164000000,,40.08,,,,,,,,,,,,,,,,0.374,,,,,,true,true,12,2022-04-01,2023-03-31,1
2022-05-10,99900,2021-03-31,,,,,,,,,,,,,,,,,,,,,,,,,,,,,,15.00,,,,29859900,803214,29056717,false,false,12,2020-04-01,2021-03-31,-1
2022-05-10,99900,2022-03-31,,,,,,,,,,,,,,,,,,,,,,,,,,,,,,15.00,,,,29859900,803314,29056610,false,false,12,2021-04-01,2022-03-31,0
2022-05-10,99900,2023-03-31,,,,,,,,,,,,,,,,,,,,,,,,,,,,,,15.00,,,,,,,false,true,12,2022-04-01,2023-03-31,1
2022-08-01,99900,2023-03-31,1,10381000000,0.354,,,,,217000000,,286000000,,,149000000,,5.15,,,,,,38057000000,24797000000,0.652,,24797000000,,,,,,,,,,,,true,false,3,2022-04-01,2022-06-30,0
2022-08-01,99900,2022-03-31,1,7667000000,0.402,,,,,-642000000,,-615000000,,,-566000000,,-19.49,,,,,,,,,,,,,,,,,,,,,,true,false,3,2021-04-01,2021-06-30,-1
2022-08-01,99900,2023-03-31,1,23320000000,0.481,,,,,800000000,,821000000,,,473000000,,16.28,,,,,,,,,,,,,,,,,,,,,,true,true,6,2022-04-01,2022-09-30,0
2022-08-01,99900,2023-03-31,1,49123000000,0.335,,,,,2092000000,,2132000000,,,1164000000,,40.08,,,,,,,,,,,,,,,,,,,,,,true,true,12,2022-04-01,2023-03-31,0
2022-08-01,99900,2022-03-31,1,,,,,,,,,,,,,,,,,,,,38115000000,25098000000,0.658,,25098000000,,,,,,,,,,,,true,false,12,2021-04-01,2022-03-31,-1
2022-08-01,99900,2022-03-31,1,,,,,,,,,,,,,,,,,,,,,,,,,,,,,15.00,,,,29859900,803314,,false,false,12,2021-04-01,2022-03-31,-1
2022-08-01,99900,2023-03-31,1,,,,,,,,,,,,,,,,,,,,,,,,,,,,,15.00,,,,,,,false,true,12,2022-04-01,2023-03-31,0
2022-08-01,99900,2023-03-31,1,,,,,,,,,,,,,,,,,,,,,,,,,,,,,,,,,29859900,803314,29056586,false,false,3,2022-04-01,2022-06-30,0
2022-08-01,99900,2022-03-31,1,,,,,,,,,,,,,,,,,,,,,,,,,,,,,,,,,,,29056640,false,false,3,2021-04-01,2021-06-30,-1
2022-11-01,99900,2023-03-31,2,21022000000,0.335,,,,,528000000,,622000000,,,343000000,,11.81,,,,,,38219000000,24972000000,0.653,,24972000000,,,,,,,,,,,,true,false,6,2022-04-01,2022-09-30,0
2022-11-01,99900,2022-03-31,2,15744000000,0.055,,,,,-1323000000,,-1259000000,,,-1101000000,,-37.91,,,,,,,,,,,,,,,,,,,,,,true,false,6,2021-04-01,2021-09-30,-1
2022-11-01,99900,2023-03-31,2,47836000000,0.300,,,,,2142000000,,2255000000,,,1253000000,,43.13,,,,,,,,,,,,,,,,,,,,,,true,true,12,2022-04-01,2023-03-31,0
2022-11-01,99900,2022-03-31,2,,,,,,,,,,,,,,,,,,,,38115000000,25098000000,0.658,,25098000000,,,,,,,,,,,,true,false,12,2021-04-01,2022-03-31,-1
2022-11-01,99900,2022-03-31,2,,,,,,,,,,,,,,,,,,,,,,,,,,,,,15.00,,,,29859900,803314,,false,false,12,2021-04-01,2022-03-31,-1
2022-11-01,99900,2023-03-31,2,,,,,,,,,,,,,,,,,,,,,,,,,,,,,0.00,,,,,,,false,false,12,2022-04-01,2023-03-31,0
2022-11-01,99900,2023-03-31,2,,,,,,,,,,,,,,,,,,,,,,,,,,,,,15.00,,,,,,,false,true,12,2022-04-01,2023-03-31,0
2022-11-01,99900,2023-03-31,2,,,,,,,,,,,,,,,,,,,,,,,,,,,,,,,,,29859900,803414,29056556,false,false,6,2022-04-01,2022-09-30,0
2022-11-01,99900,2022-03-31,2,,,,,,,,,,,,,,,,,,,,,,,,,,,,,,,,,,,29056633,false,false,6,2021-04-01,2021-09-30,-1
2023-02-01,99900,2023-03-31,3,33011000000,0.273,,,,,1387000000,,1499000000,,,880000000,,30.32,,,,,,40690000000,25467000000,0.626,,25467000000,,,,,,,,,,,,true,false,9,2022-04-01,2022-12-31,0
2023-02-01,99900,2022-03-31,3,25936000000,0.040,,,,,-1219000000,,-1117000000,,,-1008000000,,-34.70,,,,,,,,,,,,,,,,,,,,,,true,false,9,2021-04-01,2021-12-31,-1
2023-02-01,99900,2023-03-31,3,47836000000,0.300,,,,,2142000000,,2255000000,,,1253000000,,43.13,,,,,,,,,,,,,,,,,,,,,,true,true,12,2022-04-01,2023-03-31,0
2023-02-01,99900,2022-03-31,3,,,,,,,,,,,,,,,,,,,,38115000000,25098000000,0.658,,25098000000,,,,,,,,,,,,true,false,12,2021-04-01,2022-03-31,-1
2023-02-01,99900,2022-03-31,3,,,,,,,,,,,,,,,,,,,,,,,,,,,,,15.00,,,,29859900,803314,,false,false,12,2021-04-01,2022-03-31,-1
2023-02-01,99900,2023-03-31,3,,,,,,,,,,,,,,,,,,,,,,,,,,,,,0.00,,,,,,,false,false,12,2022-04-01,2023-03-31,0
2023-02-01,99900,2023-03-31,3,,,,,,,,,,,,,,,,,,,,,,,,,,,,,15.00,,,,,,,false,true,12,2022-04-01,2023-03-31,0
2023-02-01,99900,2023-03-31,3,,,,,,,,,,,,,,,,,,,,,,,,,,,,,,,,,29859900,803514,29056528,false,false,9,2022-04-01,2022-12-31,0
2023-02-01,99900,2022-03-31,3,,,,,,,,,,,,,,,,,,,,,,,,,,,,,,,,,,,29056617,false,false,9,2021-04-01,2021-12-31,-1
2023-05-10,99900,2023-03-31,,47236000000,0.284,,,,,2484000000,,2666000000,,,1291000000,,44.44,,0.051,0.069,0.053,,39142000000,25918000000,0.662,892.02,25918000000,3461000000,-484000000,-2987000000,2406000000,,0.506,,,,,,true,false,12,2022-04-01,2023-03-31,0
2023-05-10,99900,2022-03-31,,36798000000,0.056,,,,,-903000000,,-776000000,,,-888000000,,-30.56,,-0.034,-0.021,-0.025,,38115000000,25098000000,0.658,863.78,25098000000,713000000,-391000000,998000000,2416000000,,,,,,,,true,false,12,2021-04-01,2022-03-31,-1
2023-05-10,99900,2024-03-31,,24701000000,0.175,,,,,1454000000,1.753,1478000000,1.374,,898000000,,30.92,,,,,,,,,,,,,,,,,,,,,,true,true,6,2023-04-01,2023-09-30,1
2023-05-10,99900,2024-03-31,,53379000000,0.130,,,,,3589000000,0.445,3624000000,0.359,,2166000000,,74.56,,,,,,,,,,,,,,,,0.402,,,,,,true,true,12,2023-04-01,2024-03-31,1
2023-05-10,99900,2022-03-31,,,,,,,,,,,,,,,,,,,,,,,,,,,,,,15.00,,,,29859900,803314,29056610,false,false,12,2021-04-01,2022-03-31,-1
2023-05-10,99900,2023-03-31,,,,,,,,,,,,,,,,,,,,,,,,,,,,,,22.50,,,,29859900,803514,29056493,false,false,12,2022-04-01,2023-03-31,0
2023-05-10,99900,2024-03-31,,,,,,,,,,,,,,,,,,,,,,,,,,,,,,30.00,,,,,,,false,true,12,2023-04-01,2024-03-31,1
2023-05-10,99900,2023-03-31,,47236000000,0.284,,,,,2484000000,,2666000000,,,1291000000,,44.44,,0.051,0.069,0.053,,39142000000,25918000000,0.662,892.02,25918000000,3461000000,-484000000,-2987000000,2406000000,,0.506,,,,,,true,false,12,2022-04-01,2023-03-31,0
2023-05-10,99900,2022-03-31,,36798000000,0.056,,,,,-903000000,,-776000000,,,-888000000,,-30.56,,-0.034,-0.021,-0.025,,38115000000,25098000000,0.658,863.78,25098000000,713000000,-391000000,998000000,2416000000,,,,,,,,true,false,12,2021-04-01,2022-03-31,-1
2023-05-10,99900,2024-03-31,,25596000000,0.218,,,,,1486000000,1.815,1510000000,1.426,,925000000,,31.86,,,,,,,,,,,,,,,,,,,,,,true,true,6,2023-04-01,2023-09-30,1
2023-05-10,99900,2024-03-31,,53379000000,0.130,,,,,3589000000,0.445,3624000000,0.359,,2166000000,,74.56,,,,,,,,,,,,,,,,0.402,,,,,,true,true,12,2023-04-01,2024-03-31,1
2023-05-10,99900,2022-03-31,,,,,,,,,,,,,,,,,,,,,,,,,,,,,,15.00,,,,29859900,803314,29056610,false,false,12,2021-04-01,2022-03-31,-1
2023-05-10,99900,2023-03-31,,,,,,,,,,,,,,,,,,,,,,,,,,,,,,22.50,,,,29859900,803514,29056493,false,false,12,2022-04-01,2023-03-31,0
2023-05-10,99900,2024-03-31,,,,,,,,,,,,,,,,,,,,,,,,,,,,,,30.00,,,,,,,false,true,12,2023-04-01,2024-03-31,1
2023-08-01,99900,2024-03-31,1,12427000000,0.197,,,,,831000000,2.820,848000000,1.961,,517000000,,17.82,,,,,,37961000000,25792000000,0.679,,25792000000,,,,,,,,,,,,true,false,3,2023-04-01,2023-06-30,0
2023-08-01,99900,2023-03-31,1,10381000000,0.354,,,,,217000000,,286000000,,,149000000,,5.15,,,,,,,,,,,,,,,,,,,,,,true,false,3,2022-04-01,2022-06-30,-1
2023-08-01,99900,2024-03-31,1,25596000000,0.218,,,,,1486000000,1.815,1510000000,1.426,,925000000,,31.86,,,,,,,,,,,,,,,,,,,,,,true,true,6,2023-04-01,2023-09-30,0
2023-08-01,99900,2024-03-31,1,53379000000,0.130,,,,,3589000000,0.445,3624000000,0.359,,2166000000,,74.56,,,,,,,,,,,,,,,,,,,,,,true,true,12,2023-04-01,2024-03-31,0
2023-08-01,99900,2023-03-31,1,,,,,,,,,,,,,,,,,,,,39142000000,25918000000,0.662,,25918000000,,,,,,,,,,,,true,false,12,2022-04-01,2023-03-31,-1
2023-08-01,99900,2023-03-31,1,,,,,,,,,,,,,,,,,,,,,,,,,,,,,22.50,,,,29859900,803514,,false,false,12,2022-04-01,2023-03-31,-1
2023-08-01,99900,2024-03-31,1,,,,,,,,,,,,,,,,,,,,,,,,,,,,,30.00,,,,,,,false,true,12,2023-04-01,2024-03-31,0
2023-08-01,99900,2024-03-31,1,,,,,,,,,,,,,,,,,,,,,,,,,,,,,,,,,29859900,803564,29056381,false,false,3,2023-04-01,2023-06-30,0
2023-08-01,99900,2023-03-31,1,,,,,,,,,,,,,,,,,,,,,,,,,,,,,,,,,,,29056586,false,false,3,2022-04-01,2022-06-30,-1
2023-11-01,99900,2024-03-31,2,25191000000,0.198,,,,,1739000000,2.294,1781000000,1.861,,1150000000,,39.60,,,,,,37937000000,26415000000,0.696,,26415000000,,,,,,,,,,,,true,false,6,2023-04-01,2023-09-30,0
2023-11-01,99900,2023-03-31,2,21022000000,0.335,,,,,528000000,,622000000,,,343000000,,11.81,,,,,,,,,,,,,,,,,,,,,,true,false,6,2022-04-01,2022-09-30,-1
2023-11-01,99900,2024-03-31,2,53776000000,0.138,,,,,3983000000,0.604,4017000000,0.507,,2467000000,,84.91,,,,,,,,,,,,,,,,,,,,,,true,true,12,2023-04-01,2024-03-31,0
2023-11-01,99900,2023-03-31,2,,,,,,,,,,,,,,,,,,,,39142000000,25918000000,0.662,,25918000000,,,,,,,,,,,,true,false,12,2022-04-01,2023-03-31,-1
2023-11-01,99900,2023-03-31,2,,,,,,,,,,,,,,,,,,,,,,,,,,,,,22.50,,,,29859900,803514,,false,false,12,2022-04-01,2023-03-31,-1
2023-11-01,99900,2024-03-31,2,,,,,,,,,,,,,,,,,,,,,,,,,,,,,0.00,,,,,,,false,false,12,2023-04-01,2024-03-31,0
2023-11-01,99900,2024-03-31,2,,,,,,,,,,,,,,,,,,,,,,,,,,,,,30.00,,,,,,,false,true,12,2023-04-01,2024-03-31,0
2023-11-01,99900,2024-03-31,2,,,,,,,,,,,,,,,,,,,,,,,,,,,,,,,,,29859900,803664,29056326,false,false,6,2023-04-01,2023-09-30,0
2023-11-01,99900,2023-03-31,2,,,,,,,,,,,,,,,,,,,,,,,,,,,,,,,,,,,29056556,false,false,6,2022-04-01,2022-09-30,-1
2024-02-01,99900,2024-03-31,3,37983000000,0.151,,,,,2615000000,0.885,2677000000,0.786,,1698000000,,58.47,,,,,,39354000000,26976000000,0.685,,26976000000,,,,,,,,,,,,true,false,9,2023-04-01,2023-12-31,0
2024-02-01,99900,2023-03-31,3,33011000000,0.273,,,,,1387000000,,1499000000,,,880000000,,30.32,,,,,,,,,,,,,,,,,,,,,,true,false,9,2022-04-01,2022-12-31,-1
2024-02-01,99900,2024-03-31,3,53776000000,0.138,,,,,3983000000,0.604,4017000000,0.507,,2467000000,,84.91,,,,,,,,,,,,,,,,,,,,,,true,true,12,2023-04-01,2024-03-31,0
2024-02-01,99900,2023-03-31,3,,,,,,,,,,,,,,,,,,,,39142000000,25918000000,0.662,,25918000000,,,,,,,,,,,,true,false,12,2022-04-01,2023-03-31,-1
2024-02-01,99900,2023-03-31,3,,,,,,,,,,,,,,,,,,,,,,,,,,,,,22.50,,,,29859900,803514,,false,false,12,2022-04-01,2023-03-31,-1
2024-02-01,99900,2024-03-31,3,,,,,,,,,,,,,,,,,,,,,,,,,,,,,0.00,,,,,,,false,false,12,2023-04-01,2024-03-31,0
2024-02-01,99900,2024-03-31,3,,,,,,,,,,,,,,,,,,,,,,,,,,,,,30.00,,,,,,,false,true,12,2023-04-01,2024-03-31,0
2024-02-01,99900,2024-03-31,3,,,,,,,,,,,,,,,,,,,,,,,,,,,,,,,,,29859900,803664,29056296,false,false,9,2023-04-01,2023-12-31,0
2024-02-01,99900,2023-03-31,3,,,,,,,,,,,,,,,,,,,,,,,,,,,,,,,,,,,29056528,false,false,9,2022-04-01,2022-12-31,-1
2024-05-10,99900,2024-03-31,,52093000000,0.103,,,,,3764000000,0.515,3848000000,0.443,,2487000000,,85.59,,0.093,0.098,0.072,,39385000000,27826000000,0.707,957.67,27826000000,4949000000,-489000000,-2728000000,4139000000,,0.350,,,,,,true,false,12,2023-04-01,2024-03-31,0
2024-05-10,99900,2023-03-31,,47236000000,0.284,,,,,2484000000,,2666000000,,,1291000000,,44.44,,0.051,0.069,0.053,,39142000000,25918000000,0.662,892.02,25918000000,3461000000,-484000000,-2987000000,2406000000,,0.506,,,,,,true,false,12,2022-04-01,2023-03-31,-1
2024-05-10,99900,2025-03-31,,25871000000,0.027,,,,,1854000000,0.066,1887000000,0.059,,1132000000,,38.96,,,,,,,,,,,,,,,,,,,,,,true,true,6,2024-04-01,2024-09-30,1
2024-05-10,99900,2025-03-31,,53654000000,0.030,,,,,4056000000,0.078,4128000000,0.073,,2455000000,,84.52,,,,,,,,,,,,,,,,0.355,,,,,,true,true,12,2024-04-01,2025-03-31,1
2024-05-10,99900,2023-03-31,,,,,,,,,,,,,,,,,,,,,,,,,,,,,,22.50,,,,29859900,803514,29056493,false,false,12,2022-04-01,2023-03-31,-1
2024-05-10,99900,2024-03-31,,,,,,,,,,,,,,,,,,,,,,,,,,,,,,30.00,,,,29859900,803714,29056278,false,false,12,2023-04-01,2024-03-31,0
2024-05-10,99900,2025-03-31,,,,,,,,,,,,,,,,,,,,,,,,,,,,,,30.00,,,,,,,false,true,12,2024-04-01,2025-03-31,1
2024-08-01,99900,2025-03-31,1,12299000000,-0.010,,,,,815000000,-0.019,827000000,-0.024,,515000000,,17.75,,,,,,38288000000,27463000000,0.717,,27463000000,,,,,,,,,,,,true,false,3,2024-04-01,2024-06-30,0
2024-08-01,99900,2024-03-31,1,12427000000,0.197,,,,,831000000,2.820,848000000,1.961,,517000000,,17.82,,,,,,,,,,,,,,,,,,,,,,true,false,3,2023-04-01,2023-06-30,-1
2024-08-01,99900,2025-03-31,1,25871000000,0.027,,,,,1854000000,0.066,1887000000,0.059,,1132000000,,38.96,,,,,,,,,,,,,,,,,,,,,,true,true,6,2024-04-01,2024-09-30,0
2024-08-01,99900,2025-03-31,1,53654000000,0.030,,,,,4056000000,0.078,4128000000,0.073,,2455000000,,84.52,,,,,,,,,,,,,,,,,,,,,,true,true,12,2024-04-01,2025-03-31,0
2024-08-01,99900,2024-03-31,1,,,,,,,,,,,,,,,,,,,,39385000000,27826000000,0.707,,27826000000,,,,,,,,,,,,true,false,12,2023-04-01,2024-03-31,-1
2024-08-01,99900,2024-03-31,1,,,,,,,,,,,,,,,,,,,,,,,,,,,,,30.00,,,,29859900,803714,,false,false,12,2023-04-01,2024-03-31,-1
2024-08-01,99900,2025-03-31,1,,,,,,,,,,,,,,,,,,,,,,,,,,,,,30.00,,,,,,,false,true,12,2024-04-01,2025-03-31,0
2024-08-01,99900,2025-03-31,1,,,,,,,,,,,,,,,,,,,,,,,,,,,,,,,,,29859900,803764,29056150,false,false,3,2024-04-01,2024-06-30,0
2024-08-01,99900,2024-03-31,1,,,,,,,,,,,,,,,,,,,,,,,,,,,,,,,,,,,29056381,false,false,3,2023-04-01,2023-06-30,-1
2024-11-01,99900,2025-03-31,2,25514000000,0.013,,,,,1911000000,0.099,1949000000,0.094,,1231000000,,42.40,,,,,,38833000000,28185000000,0.726,,28185000000,,,,,,,,,,,,true,false,6,2024-04-01,2024-09-30,0
2024-11-01,99900,2024-03-31,2,25191000000,0.198,,,,,1739000000,2.294,1781000000,1.861,,1150000000,,39.60,,,,,,,,,,,,,,,,,,,,,,true,false,6,2023-04-01,2023-09-30,-1
2024-11-01,99900,2025-03-31,2,53654000000,0.030,,,,,4056000000,0.078,4128000000,0.073,,2455000000,,84.52,,,,,,,,,,,,,,,,,,,,,,true,true,12,2024-04-01,2025-03-31,0
2024-11-01,99900,2024-03-31,2,,,,,,,,,,,,,,,,,,,,39385000000,27826000000,0.707,,27826000000,,,,,,,,,,,,true,false,12,2023-04-01,2024-03-31,-1
2024-11-01,99900,2024-03-31,2,,,,,,,,,,,,,,,,,,,,,,,,,,,,,30.00,,,,29859900,803714,,false,false,12,2023-04-01,2024-03-31,-1
2024-11-01,99900,2025-03-31,2,,,,,,,,,,,,,,,,,,,,,,,,,,,,,0.00,,,,,,,false,false,12,2024-04-01,2025-03-31,0
2024-11-01,99900,2025-03-31,2,,,,,,,,,,,,,,,,,,,,,,,,,,,,,30.00,,,,,,,false,true,12,2024-04-01,2025-03-31,0
2024-11-01,99900,2025-03-31,2,,,,,,,,,,,,,,,,,,,,,,,,,,,,,,,,,29859900,803764,29056143,false,false,6,2024-04-01,2024-09-30,0
2024-11-01,99900,2024-03-31,2,,,,,,,,,,,,,,,,,,,,,,,,,,,,,,,,,,,29056326,false,false,6,2023-04-01,2023-09-30,-1
2025-02-03,99900,2025-03-31,3,38516000000,0.014,,,,,2883000000,0.103,2945000000,0.100,,1806000000,,62.17,,,,,,40749000000,28747000000,0.705,,28747000000,,,,,,,,,,,,true,false,9,2024-04-01,2024-12-31,0
2025-02-03,99900,2024-03-31,3,37983000000,0.151,,,,,2615000000,0.885,2677000000,0.786,,1698000000,,58.47,,,,,,,,,,,,,,,,,,,,,,true,false,9,2023-04-01,2023-12-31,-1
2025-02-03,99900,2025-03-31,3,53654000000,0.030,,,,,4056000000,0.078,4128000000,0.073,,2455000000,,84.52,,,,,,,,,,,,,,,,,,,,,,true,true,12,2024-04-01,2025-03-31,0
2025-02-03,99900,2024-03-31,3,,,,,,,,,,,,,,,,,,,,39385000000,27826000000,0.707,,27826000000,,,,,,,,,,,,true,false,12,2023-04-01,2024-03-31,-1
2025-02-03,99900,2024-03-31,3,,,,,,,,,,,,,,,,,,,,,,,,,,,,,30.00,,,,29859900,803714,,false,false,12,2023-04-01,2024-03-31,-1
2025-02-03,99900,2025-03-31,3,,,,,,,,,,,,,,,,,,,,,,,,,,,,,0.00,,,,,,,false,false,12,2024-04-01,2025-03-31,0
2025-02-03,99900,2025-03-31,3,,,,,,,,,,,,,,,,,,,,,,,,,,,,,30.00,,,,,,,false,true,12,2024-04-01,2025-03-31,0
2025-02-03,99900,2025-03-31,3,,,,,,,,,,,,,,,,,,,,,,,,,,,,,,,,,29859900,803764,29056141,false,false,9,2024-04-01,2024-12-31,0
2025-02-03,99900,2024-03-31,3,,,,,,,,,,,,,,,,,,,,,,,,,,,,,,,,,,,29056296,false,false,9,2023-04-01,2023-12-31,-1
2025-05-12,99900,2025-03-31,,52289000000,0.004,,,,,4044000000,0.074,4130000000,0.073,,2545000000,,87.59,,0.089,0.104,0.077,,40313000000,29541000000,0.733,1016.71,29541000000,3125000000,-437000000,-1095000000,5733000000,,0.343,,,,,,true,false,12,2024-04-01,2025-03-31,0
2025-05-12,99900,2024-03-31,,52093000000,0.103,,,,,3764000000,0.515,3848000000,0.443,,2487000000,,85.59,,0.093,0.098,0.072,,39385000000,27826000000,0.707,957.67,27826000000,4949000000,-489000000,-2728000000,4139000000,,0.350,,,,,,true,false,12,2023-04-01,2024-03-31,-1
2025-05-12,99900,2026-03-31,,25925000000,0.016,,,,,1991000000,0.042,2025000000,0.039,,1286000000,,44.27,,,,,,,,,,,,,,,,,,,,,,true,true,6,2025-04-01,2025-09-30,1
2025-05-12,99900,2026-03-31,,53455000000,0.022,,,,,4153000000,0.027,4219000000,0.021,,2658000000,,91.50,,,,,,,,,,,,,,,,0.383,,,,,,true,true,12,2025-04-01,2026-03-31,1
2025-05-12,99900,2024-03-31,,,,,,,,,,,,,,,,,,,,,,,,,,,,,,30.00,,,,29859900,803714,29056278,false,false,12,2023-04-01,2024-03-31,-1
2025-05-12,99900,2025-03-31,,,,,,,,,,,,,,,,,,,,,,,,,,,,,,30.00,,,,29859900,803764,29056139,false,false,12,2024-04-01,2025-03-31,0
2025-05-12,99900,2026-03-31,,,,,,,,,,,,,,,,,,,,,,,,,,,,,,35.00,,,,,,,false,true,12,2025-04-01,2026-03-31,1
2025-08-04,99900,2026-03-31,1,11815000000,-0.039,,,,,557000000,-0.316,580000000,-0.298,,338000000,,11.66,,,,,,39185000000,29014000000,0.740,,29014000000,,,,,,,,,,,,true,false,3,2025-04-01,2025-06-30,0
2025-08-04,99900,2025-03-31,1,12299000000,-0.010,,,,,815000000,-0.019,827000000,-0.024,,515000000,,17.75,,,,,,,,,,,,,,,,,,,,,,true,false,3,2024-04-01,2024-06-30,-1
2025-08-04,99900,2026-03-31,1,25925000000,0.016,,,,,1991000000,0.042,2025000000,0.039,,1286000000,,44.27,,,,,,,,,,,,,,,,,,,,,,true,true,6,2025-04-01,2025-09-30,0
2025-08-04,99900,2026-03-31,1,53455000000,0.022,,,,,4153000000,0.027,4219000000,0.021,,2658000000,,91.50,,,,,,,,,,,,,,,,,,,,,,true,true,12,2025-04-01,2026-03-31,0
2025-08-04,99900,2025-03-31,1,,,,,,,,,,,,,,,,,,,,40313000000,29541000000,0.733,,29541000000,,,,,,,,,,,,true,false,12,2024-04-01,2025-03-31,-1
2025-08-04,99900,2025-03-31,1,,,,,,,,,,,,,,,,,,,,,,,,,,,,,30.00,,,,29859900,803764,,false,false,12,2024-04-01,2025-03-31,-1
2025-08-04,99900,2026-03-31,1,,,,,,,,,,,,,,,,,,,,,,,,,,,,,35.00,,,,,,,false,true,12,2025-04-01,2026-03-31,0
2025-08-04,99900,2026-03-31,1,,,,,,,,,,,,,,,,,,,,,,,,,,,,,,,,,29859900,803814,29056107,false,false,3,2025-04-01,2025-06-30,0
2025-08-04,99900,2025-03-31,1,,,,,,,,,,,,,,,,,,,,,,,,,,,,,,,,,,,29056150,false,false,3,2024-04-01,2024-06-30,-1
