filing_date,code,fiscal_year_end,quarterly_period,net_sales,net_sales_change,revenue,revenue_change,operating_revenue,operating_revenue_change,operating_profit,operating_profit_change,ordinary_profit,ordinary_profit_change,net_income,net_income_of_parent,net_income_change,eps,diluted_eps,roe,roa,operating_profit_to_net_sales,operating_profit_to_revenue,total_assets,net_assets,equity_ratio,bps,owner_equity,operating_cash_flow,investing_cash_flow,financing_cash_flow,cash,dividend_per_share,payout_ratio,commemorative_dividend,extra_dividend,number_of_shares,number_of_treqsury_shares,avg_number_of_shares,is_consolidated,is_forecast,duration,period_start,period_end,period_pos
2015-05-15,99970,2015-03-31,,120689000000,-0.038,,,,,6376000000,-0.182,10052000000,-0.036,6394000000,,-0.088,65.77,,0.084,0.071,0.053,,152224000000,79510000000,0.521,814.97,79246000000,9089000000,-20191000000,12571000000,16102000000,,0.190,,,,,,true,false,12,2014-04-01,2015-03-31,0
2015-05-15,99970,2014-03-31,,125412000000,0.064,,,,,7798000000,0.101,10431000000,0.171,7013000000,,0.195,72.12,,0.100,0.085,0.062,,130648000000,73480000000,0.562,755.67,73480000000,5766000000,-15397000000,10721000000,14500000000,,0.173,,,,,,true,false,12,2013-04-01,2014-03-31,-1
2015-05-15,99970,2016-03-31,,61000000000,0.083,,,,,2300000000,0.835,3100000000,0.046,,2000000000,,20.57,,,,,,,,,,,,,,,,,,,,,,true,true,6,2015-04-01,2015-09-30,1
2015-05-15,99970,2016-03-31,,130000000000,0.077,,,,,8500000000,0.333,10200000000,0.015,,6750000000,,69.42,,,,,,,,,,,,,,,,0.180,,,,,,true,true,12,2015-04-01,2016-03-31,1
2015-05-15,99970,2015-03-31,,88910000000,-0.094,,,,,3754000000,-0.165,7340000000,0.127,4630000000,,-0.325,47.62,,,,,,137746000000,61871000000,0.449,636.29,61871000000,,,,,12.50,,,,113184548,15946915,97238194,false,false,12,2014-04-01,2015-03-31,0
2015-05-15,99970,2014-03-31,,98105000000,0.015,,,,,4497000000,-0.095,6511000000,0.010,6856000000,,0.598,70.51,,,,,,117745000000,57843000000,0.491,594.86,57843000000,,,,,6.25,,,,113184548,15945918,97239290,false,false,12,2013-04-01,2014-03-31,-1
2015-05-15,99970,2016-03-31,,,,,,,,,,,,,,,,,,,,,,,,,,,,,,12.50,,,,,,,false,true,12,2015-04-01,2016-03-31,1
2015-07-31,99970,2016-03-31,1,34044000000,0.030,,,,,1846000000,0.669,2369000000,0.869,,1567000000,,16.12,,,,,,157837000000,80712000000,0.509,,80376000000,,,,,,,,,,,,true,false,3,2015-04-01,2015-06-30,0
2015-07-31,99970,2015-03-31,1,33068000000,-0.108,,,,,1106000000,-0.510,1267000000,-0.486,,874000000,,8.99,,,,,,,,,,,,,,,,,,,,,,true,false,3,2014-04-01,2014-06-30,-1
2015-07-31,99970,2016-03-31,1,61000000000,0.083,,,,,2300000000,0.835,3100000000,0.046,,2000000000,,20.57,,,,,,,,,,,,,,,,,,,,,,true,true,6,2015-04-01,2015-09-30,0
2015-07-31,99970,2016-03-31,1,130000000000,0.077,,,,,8500000000,0.333,10200000000,0.015,,6750000000,,69.42,,,,,,,,,,,,,,,,,,,,,,true,true,12,2015-04-01,2016-03-31,0
2015-07-31,99970,2015-03-31,1,,,,,,,,,,,,,,,,,,,,152224000000,79510000000,0.521,,79246000000,,,,,,,,,,,,true,false,12,2014-04-01,2015-03-31,-1
2015-07-31,99970,2015-03-31,1,,,,,,,,,,,,,,,,,,,,,,,,,,,,,12.50,,,,113184548,15946915,,false,false,12,2014-04-01,2015-03-31,-1
2015-07-31,99970,2016-03-31,1,,,,,,,,,,,,,,,,,,,,,,,,,,,,,12.50,,,,,,,false,true,12,2015-04-01,2016-03-31,0
2015-07-31,99970,2016-03-31,1,,,,,,,,,,,,,,,,,,,,,,,,,,,,,,,,,113184548,15947119,97237536,false,false,3,2015-04-01,2015-06-30,0
2015-07-31,99970,2015-03-31,1,,,,,,,,,,,,,,,,,,,,,,,,,,,,,,,,,,,97238623,false,false,3,2014-04-01,2014-06-30,-1
2015-10-28,99970,2016-03-31,,62150000000,0.019,,,,,3100000000,0.348,3170000000,0.023,1850000000,,-0.075,19.03,,,,,,,,,,,,,,,,,,,,,,true,true,6,2015-04-01,2015-09-30,0
2015-10-28,99970,2015-03-31,,56314000000,,,,,,1253000000,,2964000000,,2051000000,,,21.09,,,,,,,,,,,,,,,,,,,,,,true,false,6,2014-04-01,2014-09-30,-1
2015-10-30,99970,2016-03-31,2,62158000000,0.104,,,,,3107000000,1.478,3170000000,0.070,,1855000000,,19.08,,,,,,158830000000,80209000000,0.503,,79848000000,,,,,,,,,,,,true,false,6,2015-04-01,2015-09-30,0
2015-10-30,99970,2015-03-31,2,56314000000,-0.068,,,,,1253000000,-0.504,2964000000,-0.053,,2051000000,,21.09,,,,,,,,,,,,,,,,,,,,,,true,false,6,2014-04-01,2014-09-30,-1
2015-10-30,99970,2016-03-31,2,130000000000,0.077,,,,,8500000000,0.333,10200000000,0.015,,6750000000,,69.42,,,,,,,,,,,,,,,,,,,,,,true,true,12,2015-04-01,2016-03-31,0
2015-10-30,99970,2015-03-31,2,,,,,,,,,,,,,,,,,,,,152224000000,79510000000,0.521,,79246000000,,,,,,,,,,,,true,false,12,2014-04-01,2015-03-31,-1
2015-10-30,99970,2015-03-31,2,,,,,,,,,,,,,,,,,,,,,,,,,,,,,12.50,,,,113184548,15946915,,false,false,12,2014-04-01,2015-03-31,-1
2015-10-30,99970,2016-03-31,2,,,,,,,,,,,,,,,,,,,,,,,,,,,,,6.25,,,,,,,false,false,12,2015-04-01,2016-03-31,0
2015-10-30,99970,2016-03-31,2,,,,,,,,,,,,,,,,,,,,,,,,,,,,,12.50,,,,,,,false,true,12,2015-04-01,2016-03-31,0
2015-10-30,99970,2016-03-31,2,,,,,,,,,,,,,,,,,,,,,,,,,,,,,,,,,113184548,15947496,97237366,false,false,6,2015-04-01,2015-09-30,0
2015-10-30,99970,2015-03-31,2,,,,,,,,,,,,,,,,,,,,,,,,,,,,,,,,,,,97238495,false,false,6,2014-04-01,2014-09-30,-1
2016-01-29,99970,2016-03-31,3,100928000000,0.089,,,,,6401000000,0.240,7108000000,-0.185,,4590000000,,47.21,,,,,,168040000000,82244000000,0.487,,81793000000,,,,,,,,,,,,true,false,9,2015-04-01,2015-12-31,0
2016-01-29,99970,2015-03-31,3,92688000000,-0.035,,,,,5163000000,-0.177,8720000000,0.065,,5397000000,,55.51,,,,,,,,,,,,,,,,,,,,,,true,false,9,2014-04-01,2014-12-31,-1
2016-01-29,99970,2016-03-31,3,130000000000,0.077,,,,,8500000000,0.333,10200000000,0.015,,6750000000,,69.42,,,,,,,,,,,,,,,,,,,,,,true,true,12,2015-04-01,2016-03-31,0
2016-01-29,99970,2015-03-31,3,,,,,,,,,,,,,,,,,,,,152224000000,79510000000,0.521,,79246000000,,,,,,,,,,,,true,false,12,2014-04-01,2015-03-31,-1
2016-01-29,99970,2015-03-31,3,,,,,,,,,,,,,,,,,,,,,,,,,,,,,12.50,,,,113184548,15946915,,false,false,12,2014-04-01,2015-03-31,-1
2016-01-29,99970,2016-03-31,3,,,,,,,,,,,,,,,,,,,,,,,,,,,,,6.25,,,,,,,false,false,12,2015-04-01,2016-03-31,0
2016-01-29,99970,2016-03-31,3,,,,,,,,,,,,,,,,,,,,,,,,,,,,,12.50,,,,,,,false,true,12,2015-04-01,2016-03-31,0
2016-01-29,99970,2016-03-31,3,,,,,,,,,,,,,,,,,,,,,,,,,,,,,,,,,113184548,15947496,97237259,false,false,9,2015-04-01,2015-12-31,0
2016-01-29,99970,2015-03-31,3,,,,,,,,,,,,,,,,,,,,,,,,,,,,,,,,,,,97238339,false,false,9,2014-04-01,2014-12-31,-1
2016-05-10,99970,2016-03-31,,131742000000,0.013,,,,,8366000000,-0.016,7105000000,-0.303,,3544000000,,36.45,,,,,,,,,,,,,,,,,,,,,,true,true,12,2015-04-01,2016-03-31,0
2016-05-10,99970,2015-03-31,,120689000000,,,,,,6376000000,,10052000000,,,6394000000,,65.77,,,,,,,,,,,,,,,,,,,,,,true,false,12,2014-04-01,2015-03-31,-1
2016-05-11,99970,2016-03-31,,131742000000,0.092,,,,,8366000000,0.312,7105000000,-0.293,,3544000000,,36.45,,0.044,0.045,0.064,,161055000000,80646000000,0.498,824.56,80177000000,9176000000,-9497000000,3059000000,18239000000,,0.343,,,,,,true,false,12,2015-04-01,2016-03-31,0
2016-05-11,99970,2015-03-31,,120689000000,-0.038,,,,,6376000000,-0.182,10052000000,-0.036,,6394000000,,65.77,,0.084,0.071,0.053,,152224000000,79510000000,0.521,814.97,79246000000,9089000000,-20191000000,12571000000,16102000000,,0.190,,,,,,true,false,12,2014-04-01,2015-03-31,-1
2016-05-11,99970,2017-03-31,,66000000000,0.062,,,,,4000000000,0.287,4000000000,0.262,,2500000000,,25.71,,,,,,,,,,,,,,,,,,,,,,true,true,6,2016-04-01,2016-09-30,1
2016-05-11,99970,2017-03-31,,140000000000,0.063,,,,,11000000000,0.315,11000000000,0.548,,7000000000,,71.99,,,,,,,,,,,,,,,,0.174,,,,,,true,true,12,2016-04-01,2017-03-31,1
2016-05-11,99970,2016-03-31,,92899000000,0.045,,,,,5404000000,0.439,4871000000,-0.336,2178000000,,-0.530,22.40,,,,,,145457000000,62122000000,0.427,638.88,62122000000,,,,,12.50,,,,113184548,15947724,97237192,false,false,12,2015-04-01,2016-03-31,0
2016-05-11,99970,2015-03-31,,88910000000,-0.094,,,,,3754000000,-0.165,7340000000,0.127,4630000000,,-0.325,47.62,,,,,,137746000000,61871000000,0.449,636.29,61871000000,,,,,12.50,,,,113184548,15946915,97238194,false,false,12,2014-04-01,2015-03-31,-1
2016-05-11,99970,2017-03-31,,,,,,,,,,,,,,,,,,,,,,,,,,,,,,12.50,,,,,,,false,true,12,2016-04-01,2017-03-31,1
2016-07-29,99970,2017-03-31,1,37193000000,0.092,,,,,2411000000,0.306,-1377000000,,,-1084000000,,-11.16,,,,,,167960000000,77848000000,0.460,,77320000000,,,,,,,,,,,,true,false,3,2016-04-01,2016-06-30,0
2016-07-29,99970,2016-03-31,1,34044000000,0.030,,,,,1846000000,0.669,2369000000,0.869,,1567000000,,16.12,,,,,,,,,,,,,,,,,,,,,,true,false,3,2015-04-01,2015-06-30,-1
2016-07-29,99970,2017-03-31,1,66000000000,0.062,,,,,4000000000,0.287,4000000000,0.262,,2500000000,,25.71,,,,,,,,,,,,,,,,,,,,,,true,true,6,2016-04-01,2016-09-30,0
2016-07-29,99970,2017-03-31,1,140000000000,0.063,,,,,11000000000,0.315,11000000000,0.548,,7000000000,,71.99,,,,,,,,,,,,,,,,,,,,,,true,true,12,2016-04-01,2017-03-31,0
2016-07-29,99970,2016-03-31,1,,,,,,,,,,,,,,,,,,,,161055000000,80646000000,0.498,,80177000000,,,,,,,,,,,,true,false,12,2015-04-01,2016-03-31,-1
2016-07-29,99970,2016-03-31,1,,,,,,,,,,,,,,,,,,,,,,,,,,,,,12.50,,,,113184548,15947724,,false,false,12,2015-04-01,2016-03-31,-1
2016-07-29,99970,2017-03-31,1,,,,,,,,,,,,,,,,,,,,,,,,,,,,,12.50,,,,,,,false,true,12,2016-04-01,2017-03-31,0
2016-07-29,99970,2017-03-31,1,,,,,,,,,,,,,,,,,,,,,,,,,,,,,,,,,113184548,15947744,97236819,false,false,3,2016-04-01,2016-06-30,0
2016-07-29,99970,2016-03-31,1,,,,,,,,,,,,,,,,,,,,,,,,,,,,,,,,,,,97237536,false,false,3,2015-04-01,2015-06-30,-1
2016-10-31,99970,2017-03-31,2,66679000000,0.073,,,,,3145000000,0.012,-802000000,,,-827000000,,-8.51,,,,,,172880000000,77803000000,0.447,,77233000000,,,,,,,,,,,,true,false,6,2016-04-01,2016-09-30,0
2016-10-31,99970,2016-03-31,2,62158000000,0.104,,,,,3107000000,1.478,3170000000,0.070,,1855000000,,19.08,,,,,,,,,,,,,,,,,,,,,,true,false,6,2015-04-01,2015-09-30,-1
2016-10-31,99970,2017-03-31,2,140000000000,0.063,,,,,11000000000,0.315,11000000000,0.548,,7000000000,,71.99,,,,,,,,,,,,,,,,,,,,,,true,true,12,2016-04-01,2017-03-31,0
2016-10-31,99970,2016-03-31,2,,,,,,,,,,,,,,,,,,,,161055000000,80646000000,0.498,,80177000000,,,,,,,,,,,,true,false,12,2015-04-01,2016-03-31,-1
2016-10-31,99970,2016-03-31,2,,,,,,,,,,,,,,,,,,,,,,,,,,,,,12.50,,,,113184548,15947724,,false,false,12,2015-04-01,2016-03-31,-1
2016-10-31,99970,2017-03-31,2,,,,,,,,,,,,,,,,,,,,,,,,,,,,,6.25,,,,,,,false,false,12,2016-04-01,2017-03-31,0
2016-10-31,99970,2017-03-31,2,,,,,,,,,,,,,,,,,,,,,,,,,,,,,12.50,,,,,,,false,true,12,2016-04-01,2017-03-31,0
2016-10-31,99970,2017-03-31,2,,,,,,,,,,,,,,,,,,,,,,,,,,,,,,,,,113184548,15947812,97236788,false,false,6,2016-04-01,2016-09-30,0
2016-10-31,99970,2016-03-31,2,,,,,,,,,,,,,,,,,,,,,,,,,,,,,,,,,,,97237366,false,false,6,2015-04-01,2015-09-30,-1
2016-10-31,99970,2017-03-31,,66679000000,0.010,,,,,3145000000,-0.214,-802000000,,,-827000000,,-8.51,,,,,,,,,,,,,,,,,,,,,,true,true,12,2016-04-01,2017-03-31,0
2016-10-31,99970,2016-03-31,,62158000000,,,,,,3107000000,,3170000000,,,1855000000,,19.08,,,,,,,,,,,,,,,,,,,,,,true,false,12,2015-04-01,2016-03-31,-1
2017-01-31,99970,2017-03-31,3,109639000000,0.086,,,,,7711000000,0.205,9423000000,0.326,,6321000000,,65.01,,,,,,179491000000,86044000000,0.476,,85400000000,,,,,,,,,,,,true,false,9,2016-04-01,2016-12-31,0
2017-01-31,99970,2016-03-31,3,100928000000,0.089,,,,,6401000000,0.240,7108000000,-0.185,,4590000000,,47.21,,,,,,,,,,,,,,,,,,,,,,true,false,9,2015-04-01,2015-12-31,-1
2017-01-31,99970,2017-03-31,3,140000000000,0.063,,,,,11000000000,0.315,11000000000,0.548,,7000000000,,71.99,,,,,,,,,,,,,,,,,,,,,,true,true,12,2016-04-01,2017-03-31,0
2017-01-31,99970,2016-03-31,3,,,,,,,,,,,,,,,,,,,,161055000000,80646000000,0.498,,80177000000,,,,,,,,,,,,true,false,12,2015-04-01,2016-03-31,-1
2017-01-31,99970,2016-03-31,3,,,,,,,,,,,,,,,,,,,,,,,,,,,,,12.50,,,,113184548,15947724,,false,false,12,2015-04-01,2016-03-31,-1
2017-01-31,99970,2017-03-31,3,,,,,,,,,,,,,,,,,,,,,,,,,,,,,6.25,,,,,,,false,false,12,2016-04-01,2017-03-31,0
2017-01-31,99970,2017-03-31,3,,,,,,,,,,,,,,,,,,,,,,,,,,,,,12.50,,,,,,,false,true,12,2016-04-01,2017-03-31,0
2017-01-31,99970,2017-03-31,3,,,,,,,,,,,,,,,,,,,,,,,,,,,,,,,,,113184548,15947964,97236757,false,false,9,2016-04-01,2016-12-31,0
2017-01-31,99970,2016-03-31,3,,,,,,,,,,,,,,,,,,,,,,,,,,,,,,,,,,,97237259,false,false,9,2015-04-01,2015-12-31,-1
2017-05-11,99970,2017-03-31,,146083000000,0.109,,,,,10882000000,0.301,12188000000,0.715,,5802000000,,59.68,,0.070,0.072,0.074,,179024000000,87773000000,0.474,872.86,84873000000,8214000000,-9945000000,2995000000,19416000000,,0.209,,,,,,true,false,12,2016-04-01,2017-03-31,0
2017-05-11,99970,2016-03-31,,131742000000,0.092,,,,,8366000000,0.312,7105000000,-0.293,,3544000000,,36.45,,0.044,0.045,0.064,,161055000000,80646000000,0.498,824.56,80177000000,9176000000,-9497000000,3059000000,18239000000,,0.343,,,,,,true,false,12,2015-04-01,2016-03-31,-1
2017-05-11,99970,2018-03-31,,73000000000,0.095,,,,,4200000000,0.335,4500000000,,,2900000000,,29.82,,,,,,,,,,,,,,,,,,,,,,true,true,6,2017-04-01,2017-09-30,1
2017-05-11,99970,2018-03-31,,160000000000,0.095,,,,,13000000000,0.195,13500000000,0.108,,8800000000,,90.50,,,,,,,,,,,,,,,,0.138,,,,,,true,true,12,2017-04-01,2018-03-31,1
2017-05-11,99970,2017-03-31,,99599000000,0.072,,,,,6992000000,0.294,8114000000,0.666,2917000000,,0.339,30.00,,,,,,156529000000,64292000000,0.411,661.19,64292000000,,,,,12.50,,,,97236456,20,97236692,false,false,12,2016-04-01,2017-03-31,0
2017-05-11,99970,2016-03-31,,92899000000,0.045,,,,,5404000000,0.439,4871000000,-0.336,2178000000,,-0.530,22.40,,,,,,145457000000,62122000000,0.427,638.88,62122000000,,,,,12.50,,,,113184548,15947724,97237192,false,false,12,2015-04-01,2016-03-31,-1
2017-05-11,99970,2018-03-31,,,,,,,,,,,,,,,,,,,,,,,,,,,,,,12.50,,,,,,,false,true,12,2017-04-01,2018-03-31,1
2017-07-31,99970,2018-03-31,1,41153000000,0.106,,,,,2870000000,0.190,3544000000,,,3105000000,,31.94,,,,,,182619000000,89332000000,0.478,,87347000000,,,,,,,,,,,,true,false,3,2017-04-01,2017-06-30,0
2017-07-31,99970,2017-03-31,1,37193000000,0.092,,,,,2411000000,0.306,-1377000000,,,-1084000000,,-11.16,,,,,,,,,,,,,,,,,,,,,,true,false,3,2016-04-01,2016-06-30,-1
2017-07-31,99970,2018-03-31,1,73000000000,0.095,,,,,4200000000,0.335,4500000000,,,2900000000,,29.82,,,,,,,,,,,,,,,,,,,,,,true,true,6,2017-04-01,2017-09-30,0
2017-07-31,99970,2018-03-31,1,160000000000,0.095,,,,,13000000000,0.195,13500000000,0.108,,8800000000,,90.50,,,,,,,,,,,,,,,,,,,,,,true,true,12,2017-04-01,2018-03-31,0
2017-07-31,99970,2017-03-31,1,,,,,,,,,,,,,,,,,,,,179024000000,87773000000,0.474,,84873000000,,,,,,,,,,,,true,false,12,2016-04-01,2017-03-31,-1
2017-07-31,99970,2017-03-31,1,,,,,,,,,,,,,,,,,,,,,,,,,,,,,12.50,,,,97236456,20,,false,false,12,2016-04-01,2017-03-31,-1
2017-07-31,99970,2018-03-31,1,,,,,,,,,,,,,,,,,,,,,,,,,,,,,12.50,,,,,,,false,true,12,2017-04-01,2018-03-31,0
2017-07-31,99970,2018-03-31,1,,,,,,,,,,,,,,,,,,,,,,,,,,,,,,,,,97236456,260,97236328,false,false,3,2017-04-01,2017-06-30,0
2017-07-31,99970,2017-03-31,1,,,,,,,,,,,,,,,,,,,,,,,,,,,,,,,,,,,97236819,false,false,3,2016-04-01,2016-06-30,-1
2017-10-30,99970,2018-03-31,,74860000000,0.025,,,,,4230000000,0.007,5530000000,0.229,4330000000,,0.493,44.53,,,,,,,,,,,,,,,,,,,,,,true,true,6,2017-04-01,2017-09-30,0
2017-10-30,99970,2017-03-31,,66679000000,,,,,,3145000000,,-802000000,,-827000000,,,-8.51,,,,,,,,,,,,,,,,,,,,,,true,false,6,2016-04-01,2016-09-30,-1
2017-10-31,99970,2018-03-31,2,74863000000,0.123,,,,,4231000000,0.345,5531000000,,,4333000000,,44.56,,,,,,187307000000,89785000000,0.474,,88788000000,,,,,,,,,,,,true,false,6,2017-04-01,2017-09-30,0
2017-10-31,99970,2017-03-31,2,66679000000,0.073,,,,,3145000000,0.012,-802000000,,,-827000000,,-8.51,,,,,,,,,,,,,,,,,,,,,,true,false,6,2016-04-01,2016-09-30,-1
2017-10-31,99970,2018-03-31,2,160000000000,0.095,,,,,13000000000,0.195,13500000000,0.108,,8800000000,,90.50,,,,,,,,,,,,,,,,,,,,,,true,true,12,2017-04-01,2018-03-31,0
2017-10-31,99970,2017-03-31,2,,,,,,,,,,,,,,,,,,,,179024000000,87773000000,0.474,,84873000000,,,,,,,,,,,,true,false,12,2016-04-01,2017-03-31,-1
2017-10-31,99970,2017-03-31,2,,,,,,,,,,,,,,,,,,,,,,,,,,,,,12.50,,,,97236456,20,,false,false,12,2016-04-01,2017-03-31,-1
2017-10-31,99970,2018-03-31,2,,,,,,,,,,,,,,,,,,,,,,,,,,,,,6.25,,,,,,,false,false,12,2017-04-01,2018-03-31,0
2017-10-31,99970,2018-03-31,2,,,,,,,,,,,,,,,,,,,,,,,,,,,,,12.50,,,,,,,false,true,12,2017-04-01,2018-03-31,0
2017-10-31,99970,2018-03-31,2,,,,,,,,,,,,,,,,,,,,,,,,,,,,,,,,,97236456,496,97236197,false,false,6,2017-04-01,2017-09-30,0
2017-10-31,99970,2017-03-31,2,,,,,,,,,,,,,,,,,,,,,,,,,,,,,,,,,,,97236788,false,false,6,2016-04-01,2016-09-30,-1
2018-01-31,99970,2018-03-31,3,121997000000,0.113,,,,,9352000000,0.213,11530000000,0.224,,8318000000,,85.55,,,,,,203700000000,93775000000,0.454,,92505000000,,,,,,,,,,,,true,false,9,2017-04-01,2017-12-31,0
2018-01-31,99970,2017-03-31,3,109639000000,0.086,,,,,7711000000,0.205,9423000000,0.326,,6321000000,,65.01,,,,,,,,,,,,,,,,,,,,,,true,false,9,2016-04-01,2016-12-31,-1
2018-01-31,99970,2018-03-31,3,160000000000,0.095,,,,,13000000000,0.195,13500000000,0.108,,8800000000,,90.50,,,,,,,,,,,,,,,,,,,,,,true,true,12,2017-04-01,2018-03-31,0
2018-01-31,99970,2017-03-31,3,,,,,,,,,,,,,,,,,,,,179024000000,87773000000,0.474,,84873000000,,,,,,,,,,,,true,false,12,2016-04-01,2017-03-31,-1
2018-01-31,99970,2017-03-31,3,,,,,,,,,,,,,,,,,,,,,,,,,,,,,12.50,,,,97236456,20,,false,false,12,2016-04-01,2017-03-31,-1
2018-01-31,99970,2018-03-31,3,,,,,,,,,,,,,,,,,,,,,,,,,,,,,6.25,,,,,,,false,false,12,2017-04-01,2018-03-31,0
2018-01-31,99970,2018-03-31,3,,,,,,,,,,,,,,,,,,,,,,,,,,,,,12.50,,,,,,,false,true,12,2017-04-01,2018-03-31,0
2018-01-31,99970,2018-03-31,3,,,,,,,,,,,,,,,,,,,,,,,,,,,,,,,,,97236456,616,97236101,false,false,9,2017-04-01,2017-12-31,0
2018-01-31,99970,2017-03-31,3,,,,,,,,,,,,,,,,,,,,,,,,,,,,,,,,,,,97236757,false,false,9,2016-04-01,2016-12-31,-1
2018-05-11,99970,2018-03-31,,161673000000,0.107,,,,,13008000000,0.195,13248000000,0.087,,9665000000,,99.41,,0.109,0.071,0.080,,195946000000,93058000000,0.471,949.70,92344000000,8924000000,-12853000000,6942000000,22028000000,,0.126,,,,,,true,false,12,2017-04-01,2018-03-31,0
2018-05-11,99970,2017-03-31,,146083000000,0.109,,,,,10882000000,0.301,12188000000,0.715,,5802000000,,59.68,,0.070,0.072,0.074,,179024000000,87773000000,0.474,872.86,84873000000,8214000000,-9945000000,2995000000,19416000000,,0.209,,,,,,true,false,12,2016-04-01,2017-03-31,-1
2018-05-11,99970,2019-03-31,,79000000000,0.055,,,,,3800000000,-0.102,4100000000,-0.259,,2800000000,,28.80,,,,,,,,,,,,,,,,,,,,,,true,true,6,2018-04-01,2018-09-30,1
2018-05-11,99970,2019-03-31,,180000000000,0.113,,,,,15000000000,0.153,15500000000,0.170,,10500000000,,107.99,,,,,,,,,,,,,,,,0.139,,,,,,true,true,12,2018-04-01,2019-03-31,1
2018-05-11,99970,2018-03-31,,108020000000,0.085,,,,,7629000000,0.091,8714000000,0.074,6365000000,,1.182,65.46,,,,,,175362000000,69675000000,0.397,716.56,69675000000,,,,,12.50,,,,97236456,740,97236018,false,false,12,2017-04-01,2018-03-31,0
2018-05-11,99970,2017-03-31,,99599000000,0.072,,,,,6992000000,0.294,8114000000,0.666,2917000000,,0.339,30.00,,,,,,156529000000,64292000000,0.411,661.19,64292000000,,,,,12.50,,,,97236456,20,97236692,false,false,12,2016-04-01,2017-03-31,-1
2018-05-11,99970,2019-03-31,,,,,,,,,,,,,,,,,,,,,,,,,,,,,,15.00,,,,,,,false,true,12,2018-04-01,2019-03-31,1
2018-07-31,99970,2019-03-31,1,41979000000,0.020,,,,,2476000000,-0.137,4517000000,0.274,,2866000000,,29.48,,,,,,207405000000,96108000000,0.457,,94757000000,,,,,,,,,,,,true,false,3,2018-04-01,2018-06-30,0
2018-07-31,99970,2018-03-31,1,41153000000,0.106,,,,,2870000000,0.190,3544000000,,,3105000000,,31.94,,,,,,,,,,,,,,,,,,,,,,true,false,3,2017-04-01,2017-06-30,-1
2018-07-31,99970,2019-03-31,1,79000000000,0.055,,,,,3800000000,-0.102,4100000000,-0.259,,2800000000,,28.80,,,,,,,,,,,,,,,,,,,,,,true,true,6,2018-04-01,2018-09-30,0
2018-07-31,99970,2019-03-31,1,180000000000,0.113,,,,,15000000000,0.153,15500000000,0.170,,10500000000,,107.99,,,,,,,,,,,,,,,,,,,,,,true,true,12,2018-04-01,2019-03-31,0
2018-07-31,99970,2018-03-31,1,,,,,,,,,,,,,,,,,,,,195946000000,93058000000,0.471,,92344000000,,,,,,,,,,,,true,false,12,2017-04-01,2018-03-31,-1
2018-07-31,99970,2018-03-31,1,,,,,,,,,,,,,,,,,,,,,,,,,,,,,12.50,,,,97236456,740,,false,false,12,2017-04-01,2018-03-31,-1
2018-07-31,99970,2019-03-31,1,,,,,,,,,,,,,,,,,,,,,,,,,,,,,15.00,,,,,,,false,true,12,2018-04-01,2019-03-31,0
2018-07-31,99970,2019-03-31,1,,,,,,,,,,,,,,,,,,,,,,,,,,,,,,,,,97236456,792,97235670,false,false,3,2018-04-01,2018-06-30,0
2018-07-31,99970,2018-03-31,1,,,,,,,,,,,,,,,,,,,,,,,,,,,,,,,,,,,97236328,false,false,3,2017-04-01,2017-06-30,-1
2018-10-30,99970,2019-03-31,,79161000000,0.002,,,,,3850000000,0.013,6618000000,0.614,,4228000000,,43.49,,,,,,,,,,,,,,,,,,,,,,true,true,6,2018-04-01,2018-09-30,0
2018-10-30,99970,2018-03-31,,74863000000,,,,,,4231000000,,5531000000,,,4333000000,,44.56,,,,,,,,,,,,,,,,,,,,,,true,false,6,2017-04-01,2017-09-30,-1
2018-10-31,99970,2019-03-31,2,79161000000,0.057,,,,,3850000000,-0.090,6618000000,0.196,,4228000000,,43.49,,,,,,209031000000,97579000000,0.460,,96183000000,,,,,,,,,,,,true,false,6,2018-04-01,2018-09-30,0
2018-10-31,99970,2018-03-31,2,74863000000,0.123,,,,,4231000000,0.345,5531000000,,,4333000000,,44.56,,,,,,,,,,,,,,,,,,,,,,true,false,6,2017-04-01,2017-09-30,-1
2018-10-31,99970,2019-03-31,2,180000000000,0.113,,,,,15000000000,0.153,15500000000,0.170,,10500000000,,107.98,,,,,,,,,,,,,,,,,,,,,,true,true,12,2018-04-01,2019-03-31,0
2018-10-31,99970,2018-03-31,2,,,,,,,,,,,,,,,,,,,,195946000000,93058000000,0.471,,92344000000,,,,,,,,,,,,true,false,12,2017-04-01,2018-03-31,-1
2018-10-31,99970,2018-03-31,2,,,,,,,,,,,,,,,,,,,,,,,,,,,,,12.50,,,,97236456,740,,false,false,12,2017-04-01,2018-03-31,-1
2018-10-31,99970,2019-03-31,2,,,,,,,,,,,,,,,,,,,,,,,,,,,,,7.50,,,,,,,false,false,12,2018-04-01,2019-03-31,0
2018-10-31,99970,2019-03-31,2,,,,,,,,,,,,,,,,,,,,,,,,,,,,,15.00,,,,,,,false,true,12,2018-04-01,2019-03-31,0
2018-10-31,99970,2019-03-31,2,,,,,,,,,,,,,,,,,,,,,,,,,,,,,,,,,97244472,932,97237271,false,false,6,2018-04-01,2018-09-30,0
2018-10-31,99970,2018-03-31,2,,,,,,,,,,,,,,,,,,,,,,,,,,,,,,,,,,,97236197,false,false,6,2017-04-01,2017-09-30,-1
2019-01-31,99970,2019-03-31,3,133555000000,0.095,,,,,8460000000,-0.095,11308000000,-0.019,,7177000000,,73.81,,,,,,214682000000,96866000000,0.448,,96182000000,,,,,,,,,,,,true,false,9,2018-04-01,2018-12-31,0
2019-01-31,99970,2018-03-31,3,121997000000,0.113,,,,,9352000000,0.213,11530000000,0.224,,8318000000,,85.55,,,,,,,,,,,,,,,,,,,,,,true,false,9,2017-04-01,2017-12-31,-1
2019-01-31,99970,2019-03-31,3,180000000000,0.113,,,,,15000000000,0.153,15500000000,0.170,,10500000000,,107.98,,,,,,,,,,,,,,,,,,,,,,true,true,12,2018-04-01,2019-03-31,0
2019-01-31,99970,2018-03-31,3,,,,,,,,,,,,,,,,,,,,195946000000,93058000000,0.471,,92344000000,,,,,,,,,,,,true,false,12,2017-04-01,2018-03-31,-1
2019-01-31,99970,2018-03-31,3,,,,,,,,,,,,,,,,,,,,,,,,,,,,,12.50,,,,97236456,740,,false,false,12,2017-04-01,2018-03-31,-1
2019-01-31,99970,2019-03-31,3,,,,,,,,,,,,,,,,,,,,,,,,,,,,,7.50,,,,,,,false,false,12,2018-04-01,2019-03-31,0
2019-01-31,99970,2019-03-31,3,,,,,,,,,,,,,,,,,,,,,,,,,,,,,15.00,,,,,,,false,true,12,2018-04-01,2019-03-31,0
2019-01-31,99970,2019-03-31,3,,,,,,,,,,,,,,,,,,,,,,,,,,,,,,,,,97244472,934,97239368,false,false,9,2018-04-01,2018-12-31,0
2019-01-31,99970,2018-03-31,3,,,,,,,,,,,,,,,,,,,,,,,,,,,,,,,,,,,97236101,false,false,9,2017-04-01,2017-12-31,-1
2019-05-07,99970,2019-03-31,,177000000000,-0.017,,,,,12000000000,-0.200,15000000000,-0.032,,10000000000,,102.85,,,,,,,,,,,,,,,,,,,,,,true,true,12,2018-04-01,2019-03-31,0
2019-05-07,99970,2018-03-31,,161673000000,,,,,,13008000000,,13248000000,,,9665000000,,99.41,,,,,,,,,,,,,,,,,,,,,,true,false,12,2017-04-01,2018-03-31,-1
2019-05-13,99970,2019-03-31,,177648000000,0.099,,,,,12005000000,-0.077,15309000000,0.156,,10343000000,,106.39,,0.108,0.075,0.068,,213786000000,100533000000,0.467,1028.56,99830000000,8558000000,-12724000000,3577000000,21351000000,,0.141,,,,,,true,false,12,2018-04-01,2019-03-31,0
2019-05-13,99970,2018-03-31,,161673000000,0.107,,,,,13008000000,0.195,13248000000,0.087,,9665000000,,99.41,,0.109,0.071,0.080,,195946000000,93058000000,0.471,949.70,92344000000,8924000000,-12853000000,6942000000,22028000000,,0.126,,,,,,true,false,12,2017-04-01,2018-03-31,-1
2019-05-13,99970,2020-03-31,,87000000000,0.099,,,,,4500000000,0.169,4800000000,-0.275,,3340000000,,34.35,,,,,,,,,,,,,,,,,,,,,,true,true,6,2019-04-01,2019-09-30,1
2019-05-13,99970,2020-03-31,,185000000000,0.041,,,,,14000000000,0.166,15000000000,-0.020,,10500000000,,107.99,,,,,,,,,,,,,,,,0.148,,,,,,true,true,12,2019-04-01,2020-03-31,1
2019-05-13,99970,2019-03-31,,107949000000,-0.001,,,,,7181000000,-0.059,10218000000,0.173,7167000000,,0.126,73.72,,,,,,187382000000,74764000000,0.399,770.31,74764000000,,,,,15.00,,,,97244472,186254,97229170,false,false,12,2018-04-01,2019-03-31,0
2019-05-13,99970,2018-03-31,,108020000000,0.085,,,,,7629000000,0.091,8714000000,0.074,6365000000,,1.182,65.46,,,,,,175362000000,69675000000,0.397,716.56,69675000000,,,,,12.50,,,,97236456,740,97236018,false,false,12,2017-04-01,2018-03-31,-1
2019-05-13,99970,2020-03-31,,,,,,,,,,,,,,,,,,,,,,,,,,,,,,16.00,,,,,,,false,true,12,2019-04-01,2020-03-31,1
2019-07-31,99970,2020-03-31,1,46155000000,0.099,,,,,1951000000,-0.212,1775000000,-0.607,,1113000000,,11.50,,,,,,213897000000,100063000000,0.465,,99397000000,,,,,,,,,,,,true,false,3,2019-04-01,2019-06-30,0
2019-07-31,99970,2019-03-31,1,41979000000,0.020,,,,,2476000000,-0.137,4517000000,0.274,,2866000000,,29.48,,,,,,,,,,,,,,,,,,,,,,true,false,3,2018-04-01,2018-06-30,-1
2019-07-31,99970,2020-03-31,1,87000000000,0.099,,,,,4500000000,0.169,4800000000,-0.275,,3340000000,,34.49,,,,,,,,,,,,,,,,,,,,,,true,true,6,2019-04-01,2019-09-30,0
2019-07-31,99970,2020-03-31,1,185000000000,0.041,,,,,14000000000,0.166,15000000000,-0.020,,10500000000,,108.43,,,,,,,,,,,,,,,,,,,,,,true,true,12,2019-04-01,2020-03-31,0
2019-07-31,99970,2019-03-31,1,,,,,,,,,,,,,,,,,,,,213786000000,100533000000,0.467,,99830000000,,,,,,,,,,,,true,false,12,2018-04-01,2019-03-31,-1
2019-07-31,99970,2019-03-31,1,,,,,,,,,,,,,,,,,,,,,,,,,,,,,15.00,,,,97244472,186254,,false,false,12,2018-04-01,2019-03-31,-1
2019-07-31,99970,2020-03-31,1,,,,,,,,,,,,,,,,,,,,,,,,,,,,,16.00,,,,,,,false,true,12,2019-04-01,2020-03-31,0
2019-07-31,99970,2020-03-31,1,,,,,,,,,,,,,,,,,,,,,,,,,,,,,,,,,97244472,547210,96838256,false,false,3,2019-04-01,2019-06-30,0
2019-07-31,99970,2019-03-31,1,,,,,,,,,,,,,,,,,,,,,,,,,,,,,,,,,,,97235670,false,false,3,2018-04-01,2018-06-30,-1
2019-10-30,99970,2020-03-31,,86222000000,-0.009,,,,,3863000000,-0.142,3296000000,-0.313,,1678000000,,17.35,,,,,,,,,,,,,,,,,,,,,,true,true,6,2019-04-01,2019-09-30,0
2019-10-30,99970,2019-03-31,,79161000000,,,,,,3850000000,,6618000000,,,4228000000,,43.49,,,,,,,,,,,,,,,,,,,,,,true,false,6,2018-04-01,2018-09-30,-1
2019-10-31,99970,2020-03-31,2,86222000000,0.089,,,,,3863000000,0.004,3296000000,-0.502,,1678000000,,17.35,,,,,,219100000000,100359000000,0.455,,99721000000,,,,,,,,,,,,true,false,6,2019-04-01,2019-09-30,0
2019-10-31,99970,2019-03-31,2,79161000000,0.057,,,,,3850000000,-0.090,6618000000,0.196,,4228000000,,43.49,,,,,,,,,,,,,,,,,,,,,,true,false,6,2018-04-01,2018-09-30,-1
2019-10-31,99970,2020-03-31,2,185000000000,0.041,,,,,14000000000,0.166,15000000000,-0.020,,10500000000,,108.52,,,,,,,,,,,,,,,,,,,,,,true,true,12,2019-04-01,2020-03-31,0
2019-10-31,99970,2019-03-31,2,,,,,,,,,,,,,,,,,,,,213786000000,100533000000,0.467,,99830000000,,,,,,,,,,,,true,false,12,2018-04-01,2019-03-31,-1
2019-10-31,99970,2019-03-31,2,,,,,,,,,,,,,,,,,,,,,,,,,,,,,15.00,,,,97244472,186254,,false,false,12,2018-04-01,2019-03-31,-1
2019-10-31,99970,2020-03-31,2,,,,,,,,,,,,,,,,,,,,,,,,,,,,,8.00,,,,,,,false,false,12,2019-04-01,2020-03-31,0
2019-10-31,99970,2020-03-31,2,,,,,,,,,,,,,,,,,,,,,,,,,,,,,16.00,,,,,,,false,true,12,2019-04-01,2020-03-31,0
2019-10-31,99970,2020-03-31,2,,,,,,,,,,,,,,,,,,,,,,,,,,,,,,,,,97244472,587185,96754149,false,false,6,2019-04-01,2019-09-30,0
2019-10-31,99970,2019-03-31,2,,,,,,,,,,,,,,,,,,,,,,,,,,,,,,,,,,,97237271,false,false,6,2018-04-01,2018-09-30,-1
2020-01-31,99970,2020-03-31,3,137578000000,0.030,,,,,7274000000,-0.140,7389000000,-0.347,,4594000000,,47.51,,,,,,227411000000,102850000000,0.449,,102206000000,,,,,,,,,,,,true,false,9,2019-04-01,2019-12-31,0
2020-01-31,99970,2019-03-31,3,133555000000,0.095,,,,,8460000000,-0.095,11308000000,-0.019,,7177000000,,73.81,,,,,,,,,,,,,,,,,,,,,,true,false,9,2018-04-01,2018-12-31,-1
2020-01-31,99970,2020-03-31,3,180000000000,0.013,,,,,11000000000,-0.084,11000000000,-0.282,,7000000000,,72.37,,,,,,,,,,,,,,,,,,,,,,true,true,12,2019-04-01,2020-03-31,0
2020-01-31,99970,2019-03-31,3,,,,,,,,,,,,,,,,,,,,213786000000,100533000000,0.467,,99830000000,,,,,,,,,,,,true,false,12,2018-04-01,2019-03-31,-1
2020-01-31,99970,2019-03-31,3,,,,,,,,,,,,,,,,,,,,,,,,,,,,,15.00,,,,97244472,186254,,false,false,12,2018-04-01,2019-03-31,-1
2020-01-31,99970,2020-03-31,3,,,,,,,,,,,,,,,,,,,,,,,,,,,,,8.00,,,,,,,false,false,12,2019-04-01,2020-03-31,0
2020-01-31,99970,2020-03-31,3,,,,,,,,,,,,,,,,,,,,,,,,,,,,,16.00,,,,,,,false,true,12,2019-04-01,2020-03-31,0
2020-01-31,99970,2020-03-31,3,,,,,,,,,,,,,,,,,,,,,,,,,,,,,,,,,97244472,587369,96721721,false,false,9,2019-04-01,2019-12-31,0
2020-01-31,99970,2019-03-31,3,,,,,,,,,,,,,,,,,,,,,,,,,,,,,,,,,,,97239368,false,false,9,2018-04-01,2018-12-31,-1
2020-05-13,99970,2020-03-31,,179948000000,0.013,,,,,10311000000,-0.141,10365000000,-0.323,,5862000000,,60.62,,0.058,0.047,0.057,,223128000000,102525000000,0.457,1054.14,101889000000,6624000000,-11108000000,5712000000,22292000000,,0.264,,,,,,true,false,12,2019-04-01,2020-03-31,0
2020-05-13,99970,2019-03-31,,177648000000,0.099,,,,,12005000000,-0.077,15309000000,0.156,,10343000000,,106.39,,0.108,0.075,0.068,,213786000000,100533000000,0.467,1028.56,99830000000,8558000000,-12724000000,3577000000,21351000000,,0.141,,,,,,true,false,12,2018-04-01,2019-03-31,-1
2020-05-13,99970,2021-03-31,,77900000000,-0.097,,,,,-600000000,,-100000000,,,-60000000,,-0.62,,,,,,,,,,,,,,,,,,,,,,true,true,6,2020-04-01,2020-09-30,1
2020-05-13,99970,2021-03-31,,175000000000,-0.028,,,,,7000000000,-0.321,7800000000,-0.248,,5200000000,,53.77,,,,,,,,,,,,,,,,0.298,,,,,,true,true,12,2020-04-01,2021-03-31,1
2020-05-13,99970,2020-03-31,,105738000000,-0.020,,,,,5595000000,-0.221,6098000000,-0.403,3533000000,,-0.507,36.54,,,,,,196997000000,75965000000,0.386,785.93,75965000000,,,,,16.00,,,,97244472,587369,96705654,false,false,12,2019-04-01,2020-03-31,0
2020-05-13,99970,2019-03-31,,107949000000,-0.001,,,,,7181000000,-0.059,10218000000,0.173,7167000000,,0.126,73.72,,,,,,187382000000,74764000000,0.399,770.31,74764000000,,,,,15.00,,,,97244472,186254,97229170,false,false,12,2018-04-01,2019-03-31,-1
2020-05-13,99970,2021-03-31,,,,,,,,,,,,,,,,,,,,,,,,,,,,,,16.00,,,,,,,false,true,12,2020-04-01,2021-03-31,1
2020-07-31,99970,2021-03-31,1,48534000000,0.052,,,,,2468000000,0.265,2669000000,0.503,,1492000000,,15.44,,,,,,230242000000,103798000000,0.448,,103162000000,,,,,,,,,,,,true,false,3,2020-04-01,2020-06-30,0
2020-07-31,99970,2020-03-31,1,46155000000,0.099,,,,,1951000000,-0.212,1775000000,-0.607,,1113000000,,11.50,,,,,,,,,,,,,,,,,,,,,,true,false,3,2019-04-01,2019-06-30,-1
2020-07-31,99970,2021-03-31,1,77900000000,-0.097,,,,,-600000000,,-100000000,,,-60000000,,-0.62,,,,,,,,,,,,,,,,,,,,,,true,true,6,2020-04-01,2020-09-30,0
2020-07-31,99970,2021-03-31,1,175000000000,-0.028,,,,,7000000000,-0.321,7800000000,-0.248,,5200000000,,53.80,,,,,,,,,,,,,,,,,,,,,,true,true,12,2020-04-01,2021-03-31,0
2020-07-31,99970,2020-03-31,1,,,,,,,,,,,,,,,,,,,,223128000000,102525000000,0.457,,101889000000,,,,,,,,,,,,true,false,12,2019-04-01,2020-03-31,-1
2020-07-31,99970,2020-03-31,1,,,,,,,,,,,,,,,,,,,,,,,,,,,,,16.00,,,,97244472,587369,,false,false,12,2019-04-01,2020-03-31,-1
2020-07-31,99970,2021-03-31,1,,,,,,,,,,,,,,,,,,,,,,,,,,,,,16.00,,,,,,,false,true,12,2020-04-01,2021-03-31,0
2020-07-31,99970,2021-03-31,1,,,,,,,,,,,,,,,,,,,,,,,,,,,,,,,,,97244472,587411,96657070,false,false,3,2020-04-01,2020-06-30,0
2020-07-31,99970,2020-03-31,1,,,,,,,,,,,,,,,,,,,,,,,,,,,,,,,,,,,96838256,false,false,3,2019-04-01,2019-06-30,-1
2020-10-29,99970,2021-03-31,,91139000000,0.170,,,,,4565000000,,5124000000,,2923000000,,,30.24,,,,,,,,,,,,,,,,,,,,,,true,true,6,2020-04-01,2020-09-30,0
2020-10-29,99970,2020-03-31,,86222000000,,,,,,3863000000,,3296000000,,1678000000,,,17.35,,,,,,,,,,,,,,,,,,,,,,true,false,6,2019-04-01,2019-09-30,-1
2020-10-29,99970,2021-03-31,,197000000000,0.126,,,,,12500000000,0.786,13300000000,0.705,9500000000,,0.827,98.28,,,,,,,,,,,,,,,,,,,,,,true,true,12,2020-04-01,2021-03-31,0
2020-10-29,99970,2020-03-31,,179948000000,,,,,,10311000000,,10365000000,,5862000000,,,60.62,,,,,,,,,,,,,,,,,,,,,,true,false,12,2019-04-01,2020-03-31,-1
2020-10-30,99970,2021-03-31,2,91139000000,0.057,,,,,4565000000,0.182,5124000000,0.555,,2923000000,,30.24,,,,,,228526000000,105489000000,0.459,,104870000000,,,,,,,,,,,,true,false,6,2020-04-01,2020-09-30,0
2020-10-30,99970,2020-03-31,2,86222000000,0.089,,,,,3863000000,0.004,3296000000,-0.502,,1678000000,,17.35,,,,,,,,,,,,,,,,,,,,,,true,false,6,2019-04-01,2019-09-30,-1
2020-10-30,99970,2021-03-31,2,197000000000,0.095,,,,,12500000000,0.212,13300000000,0.283,,9500000000,,98.28,,,,,,,,,,,,,,,,,,,,,,true,true,12,2020-04-01,2021-03-31,0
2020-10-30,99970,2020-03-31,2,,,,,,,,,,,,,,,,,,,,223128000000,102525000000,0.457,,101889000000,,,,,,,,,,,,true,false,12,2019-04-01,2020-03-31,-1
2020-10-30,99970,2020-03-31,2,,,,,,,,,,,,,,,,,,,,,,,,,,,,,16.00,,,,97244472,587369,,false,false,12,2019-04-01,2020-03-31,-1
2020-10-30,99970,2021-03-31,2,,,,,,,,,,,,,,,,,,,,,,,,,,,,,8.00,,,,,,,false,false,12,2020-04-01,2021-03-31,0
2020-10-30,99970,2021-03-31,2,,,,,,,,,,,,,,,,,,,,,,,,,,,,,16.00,,,,,,,false,true,12,2020-04-01,2021-03-31,0
2020-10-30,99970,2021-03-31,2,,,,,,,,,,,,,,,,,,,,,,,,,,,,,,,,,97244472,571586,96660785,false,false,6,2020-04-01,2020-09-30,0
2020-10-30,99970,2020-03-31,2,,,,,,,,,,,,,,,,,,,,,,,,,,,,,,,,,,,96754149,false,false,6,2019-04-01,2019-09-30,-1
2021-01-28,99970,2021-03-31,,200000000000,0.015,,,,,14000000000,0.120,14800000000,0.113,10500000000,,0.105,108.62,,,,,,,,,,,,,,,,,,,,,,true,true,12,2020-04-01,2021-03-31,0
2021-01-28,99970,2020-03-31,,179948000000,,,,,,10311000000,,10365000000,,5862000000,,,60.62,,,,,,,,,,,,,,,,,,,,,,true,false,12,2019-04-01,2020-03-31,-1
2021-01-28,99970,2021-03-31,,,,,,,,,,,,,,,,,,,,,,,,,,,,,,16.50,,,,,,,false,true,12,2020-04-01,2021-03-31,0
2021-01-28,99970,2021-03-31,,,,,,,,,,,,,,,,,,,,,,,,,,,,,,8.00,,,,,,,false,false,12,2020-04-01,2021-03-31,0
2021-01-28,99970,2020-03-31,,,,,,,,,,,,,,,,,,,,,,,,,,,,,,16.00,,,,,,,false,false,12,2019-04-01,2020-03-31,-1
2021-01-29,99970,2021-03-31,3,154145000000,0.120,,,,,11607000000,0.596,12487000000,0.690,,8620000000,,89.18,,,,,,241219000000,109945000000,0.453,,109342000000,,,,,,,,,,,,true,false,9,2020-04-01,2020-12-31,0
2021-01-29,99970,2020-03-31,3,137578000000,0.030,,,,,7274000000,-0.140,7389000000,-0.347,,4594000000,,47.51,,,,,,,,,,,,,,,,,,,,,,true,false,9,2019-04-01,2019-12-31,-1
2021-01-29,99970,2021-03-31,3,200000000000,0.111,,,,,14000000000,0.358,14800000000,0.428,,10500000000,,108.62,,,,,,,,,,,,,,,,,,,,,,true,true,12,2020-04-01,2021-03-31,0
2021-01-29,99970,2020-03-31,3,,,,,,,,,,,,,,,,,,,,223128000000,102525000000,0.457,,101889000000,,,,,,,,,,,,true,false,12,2019-04-01,2020-03-31,-1
2021-01-29,99970,2020-03-31,3,,,,,,,,,,,,,,,,,,,,,,,,,,,,,16.00,,,,97244472,587369,,false,false,12,2019-04-01,2020-03-31,-1
2021-01-29,99970,2021-03-31,3,,,,,,,,,,,,,,,,,,,,,,,,,,,,,8.00,,,,,,,false,false,12,2020-04-01,2021-03-31,0
2021-01-29,99970,2021-03-31,3,,,,,,,,,,,,,,,,,,,,,,,,,,,,,16.50,,,,,,,false,true,12,2020-04-01,2021-03-31,0
2021-01-29,99970,2021-03-31,3,,,,,,,,,,,,,,,,,,,,,,,,,,,,,,,,,97244472,571610,96664827,false,false,9,2020-04-01,2020-12-31,0
2021-01-29,99970,2020-03-31,3,,,,,,,,,,,,,,,,,,,,,,,,,,,,,,,,,,,96721721,false,false,9,2019-04-01,2019-12-31,-1
2021-05-13,99970,2021-03-31,,206499000000,0.148,,,,,15734000000,0.526,16872000000,0.628,,11036000000,,114.17,,0.103,0.073,0.076,,240211000000,113231000000,0.469,1164.97,112620000000,20772000000,-5185000000,-6996000000,30958000000,,0.145,,,,,,true,false,12,2020-04-01,2021-03-31,0
2021-05-13,99970,2020-03-31,,179948000000,0.013,,,,,10311000000,-0.141,10365000000,-0.323,,5862000000,,60.62,,0.058,0.047,0.057,,223128000000,102525000000,0.457,1054.14,101889000000,6624000000,-11108000000,5712000000,22292000000,,0.264,,,,,,true,false,12,2019-04-01,2020-03-31,-1
2021-05-13,99970,2022-03-31,,108000000000,0.185,,,,,5450000000,0.194,5800000000,0.132,,4000000000,,41.38,,,,,,,,,,,,,,,,,,,,,,true,true,6,2021-04-01,2021-09-30,1
2021-05-13,99970,2022-03-31,,246000000000,0.191,,,,,17500000000,0.112,18200000000,0.079,,12500000000,,129.31,,,,,,,,,,,,,,,,0.147,,,,,,true,true,12,2021-04-01,2022-03-31,1
2021-05-13,99970,2021-03-31,,129198000000,0.222,,,,,9932000000,0.775,10946000000,0.795,7441000000,,1.106,76.98,,,,,,213733000000,83656000000,0.391,865.36,83656000000,,,,,16.50,,,,97244472,571852,96666782,false,false,12,2020-04-01,2021-03-31,0
2021-05-13,99970,2020-03-31,,105738000000,-0.020,,,,,5595000000,-0.221,6098000000,-0.403,3533000000,,-0.507,36.54,,,,,,196997000000,75965000000,0.386,785.93,75965000000,,,,,16.00,,,,97244472,587369,96705654,false,false,12,2019-04-01,2020-03-31,-1
2021-05-13,99970,2022-03-31,,,,,,,,,,,,,,,,,,,,,,,,,,,,,,19.00,,,,,,,false,true,12,2021-04-01,2022-03-31,1
2021-07-30,99970,2022-03-31,1,58926000000,0.214,,,,,2316000000,-0.062,2660000000,-0.003,,1663000000,,17.21,,,,,,251446000000,114821000000,0.454,,114210000000,,,,,,,,,,,,true,false,3,2021-04-01,2021-06-30,0
2021-07-30,99970,2021-03-31,1,48534000000,0.052,,,,,2468000000,0.265,2669000000,0.503,,1492000000,,15.44,,,,,,,,,,,,,,,,,,,,,,true,false,3,2020-04-01,2020-06-30,-1
2021-07-30,99970,2022-03-31,1,108000000000,0.185,,,,,5450000000,0.194,5800000000,0.132,,4000000000,,41.38,,,,,,,,,,,,,,,,,,,,,,true,true,6,2021-04-01,2021-09-30,0
2021-07-30,99970,2022-03-31,1,246000000000,0.191,,,,,17500000000,0.112,18200000000,0.079,,12500000000,,129.30,,,,,,,,,,,,,,,,,,,,,,true,true,12,2021-04-01,2022-03-31,0
2021-07-30,99970,2021-03-31,1,,,,,,,,,,,,,,,,,,,,240211000000,113231000000,0.469,,112620000000,,,,,,,,,,,,true,false,12,2020-04-01,2021-03-31,-1
2021-07-30,99970,2021-03-31,1,,,,,,,,,,,,,,,,,,,,,,,,,,,,,16.50,,,,97244472,571852,,false,false,12,2020-04-01,2021-03-31,-1
2021-07-30,99970,2022-03-31,1,,,,,,,,,,,,,,,,,,,,,,,,,,,,,19.00,,,,,,,false,true,12,2021-04-01,2022-03-31,0
2021-07-30,99970,2022-03-31,1,,,,,,,,,,,,,,,,,,,,,,,,,,,,,,,,,97244472,571892,96672603,false,false,3,2021-04-01,2021-06-30,0
2021-07-30,99970,2021-03-31,1,,,,,,,,,,,,,,,,,,,,,,,,,,,,,,,,,,,96657070,false,false,3,2020-04-01,2020-06-30,-1
2021-10-29,99970,2022-03-31,2,105808000000,0.161,,,,,4756000000,0.042,5100000000,-0.005,,3210000000,,33.21,,,,,,249131000000,116553000000,0.465,,115810000000,,,,,,,,,,,,true,false,6,2021-04-01,2021-09-30,0
2021-10-29,99970,2021-03-31,2,91139000000,0.057,,,,,4565000000,0.182,5124000000,0.555,,2923000000,,30.24,,,,,,,,,,,,,,,,,,,,,,true,false,6,2020-04-01,2020-09-30,-1
2021-10-29,99970,2022-03-31,2,246000000000,0.191,,,,,17500000000,0.112,18200000000,0.079,,12500000000,,129.30,,,,,,,,,,,,,,,,,,,,,,true,true,12,2021-04-01,2022-03-31,0
2021-10-29,99970,2021-03-31,2,,,,,,,,,,,,,,,,,,,,240211000000,113231000000,0.469,,112620000000,,,,,,,,,,,,true,false,12,2020-04-01,2021-03-31,-1
2021-10-29,99970,2021-03-31,2,,,,,,,,,,,,,,,,,,,,,,,,,,,,,16.50,,,,97244472,571852,,false,false,12,2020-04-01,2021-03-31,-1
2021-10-29,99970,2022-03-31,2,,,,,,,,,,,,,,,,,,,,,,,,,,,,,9.50,,,,,,,false,false,12,2021-04-01,2022-03-31,0
2021-10-29,99970,2022-03-31,2,,,,,,,,,,,,,,,,,,,,,,,,,,,,,19.00,,,,,,,false,true,12,2021-04-01,2022-03-31,0
2021-10-29,99970,2022-03-31,2,,,,,,,,,,,,,,,,,,,,,,,,,,,,,,,,,97244472,559121,96675519,false,false,6,2021-04-01,2021-09-30,0
2021-10-29,99970,2021-03-31,2,,,,,,,,,,,,,,,,,,,,,,,,,,,,,,,,,,,96660785,false,false,6,2020-04-01,2020-09-30,-1
2022-01-31,99970,2022-03-31,3,168627000000,0.094,,,,,10218000000,-0.120,10992000000,-0.120,,7745000000,,80.12,,,,,,259637000000,120065000000,0.459,,119267000000,,,,,,,,,,,,true,false,9,2021-04-01,2021-12-31,0
2022-01-31,99970,2021-03-31,3,154145000000,0.120,,,,,11607000000,0.596,12487000000,0.690,,8620000000,,89.18,,,,,,,,,,,,,,,,,,,,,,true,false,9,2020-04-01,2020-12-31,-1
2022-01-31,99970,2022-03-31,3,217100000000,0.051,,,,,13500000000,-0.142,14400000000,-0.147,,9800000000,,101.37,,,,,,,,,,,,,,,,,,,,,,true,true,12,2021-04-01,2022-03-31,0
2022-01-31,99970,2021-03-31,3,,,,,,,,,,,,,,,,,,,,240211000000,113231000000,0.469,,112620000000,,,,,,,,,,,,true,false,12,2020-04-01,2021-03-31,-1
2022-01-31,99970,2021-03-31,3,,,,,,,,,,,,,,,,,,,,,,,,,,,,,16.50,,,,97244472,571852,,false,false,12,2020-04-01,2021-03-31,-1
2022-01-31,99970,2022-03-31,3,,,,,,,,,,,,,,,,,,,,,,,,,,,,,9.50,,,,,,,false,false,12,2021-04-01,2022-03-31,0
2022-01-31,99970,2022-03-31,3,,,,,,,,,,,,,,,,,,,,,,,,,,,,,19.00,,,,,,,false,true,12,2021-04-01,2022-03-31,0
2022-01-31,99970,2022-03-31,3,,,,,,,,,,,,,,,,,,,,,,,,,,,,,,,,,97244472,559165,96678798,false,false,9,2021-04-01,2021-12-31,0
2022-01-31,99970,2021-03-31,3,,,,,,,,,,,,,,,,,,,,,,,,,,,,,,,,,,,96664827,false,false,9,2020-04-01,2020-12-31,-1
2022-05-13,99970,2022-03-31,,220128000000,0.066,,,,,13827000000,-0.121,14537000000,-0.138,,10204000000,,105.55,,0.088,0.059,0.063,,254178000000,119044000000,0.465,1223.24,118269000000,7154000000,-17033000000,8652000000,29569000000,,0.180,,,,,,true,false,12,2021-04-01,2022-03-31,0
2022-05-13,99970,2021-03-31,,206499000000,0.148,,,,,15734000000,0.526,16872000000,0.628,,11036000000,,114.17,,0.103,0.073,0.076,,240211000000,113231000000,0.469,1164.97,112620000000,20772000000,-5185000000,-6996000000,30958000000,,0.145,,,,,,true,false,12,2020-04-01,2021-03-31,-1
2022-05-13,99970,2023-03-31,,102500000000,-0.031,,,,,5500000000,0.156,5800000000,0.137,,4000000000,,41.37,,,,,,,,,,,,,,,,,,,,,,true,true,6,2022-04-01,2022-09-30,1
2022-05-13,99970,2023-03-31,,219000000000,-0.005,,,,,15000000000,0.085,15700000000,0.080,,10600000000,,109.64,,,,,,,,,,,,,,,,0.182,,,,,,true,true,12,2022-04-01,2023-03-31,1
2022-05-13,99970,2022-03-31,,131579000000,0.018,,,,,6908000000,-0.305,7280000000,-0.335,5730000000,,-0.230,59.27,,,,,,224587000000,87008000000,0.387,899.91,87008000000,,,,,19.00,,,,97244472,559217,96680397,false,false,12,2021-04-01,2022-03-31,0
2022-05-13,99970,2021-03-31,,129198000000,0.222,,,,,9932000000,0.775,10946000000,0.795,7441000000,,1.106,76.98,,,,,,213733000000,83656000000,0.391,865.36,83656000000,,,,,16.50,,,,97244472,571852,96666782,false,false,12,2020-04-01,2021-03-31,-1
2022-05-13,99970,2023-03-31,,,,,,,,,,,,,,,,,,,,,,,,,,,,,,20.00,,,,,,,false,true,12,2022-04-01,2023-03-31,1
2022-07-29,99970,2023-03-31,1,53439000000,-0.093,,,,,1753000000,-0.243,2452000000,-0.078,,1382000000,,14.30,,,,,,259265000000,119526000000,0.458,,118740000000,,,,,,,,,,,,true,false,3,2022-04-01,2022-06-30,0
2022-07-29,99970,2022-03-31,1,58926000000,0.214,,,,,2316000000,-0.062,2660000000,-0.003,,1663000000,,17.21,,,,,,,,,,,,,,,,,,,,,,true,false,3,2021-04-01,2021-06-30,-1
2022-07-29,99970,2023-03-31,1,102500000000,-0.031,,,,,5500000000,0.156,5800000000,0.137,,4000000000,,41.37,,,,,,,,,,,,,,,,,,,,,,true,true,6,2022-04-01,2022-09-30,0
2022-07-29,99970,2023-03-31,1,219000000000,-0.005,,,,,15000000000,0.085,15700000000,0.080,,10600000000,,109.63,,,,,,,,,,,,,,,,,,,,,,true,true,12,2022-04-01,2023-03-31,0
2022-07-29,99970,2022-03-31,1,,,,,,,,,,,,,,,,,,,,254178000000,119044000000,0.465,,118269000000,,,,,,,,,,,,true,false,12,2021-04-01,2022-03-31,-1
2022-07-29,99970,2022-03-31,1,,,,,,,,,,,,,,,,,,,,,,,,,,,,,19.00,,,,94244472,559217,,false,false,12,2021-04-01,2022-03-31,-1
2022-07-29,99970,2023-03-31,1,,,,,,,,,,,,,,,,,,,,,,,,,,,,,20.00,,,,,,,false,true,12,2022-04-01,2023-03-31,0
2022-07-29,99970,2023-03-31,1,,,,,,,,,,,,,,,,,,,,,,,,,,,,,,,,,94244472,559257,96685233,false,false,3,2022-04-01,2022-06-30,0
2022-07-29,99970,2022-03-31,1,,,,,,,,,,,,,,,,,,,,,,,,,,,,,,,,,,,96672603,false,false,3,2021-04-01,2021-06-30,-1
2022-07-29,99970,2023-03-31,1,53439000000,-0.093,,,,,1753000000,-0.243,2452000000,-0.078,,1382000000,,14.30,,,,,,259265000000,119526000000,0.458,,118740000000,,,,,,,,,,,,true,false,3,2022-04-01,2022-06-30,0
2022-07-29,99970,2022-03-31,1,58926000000,0.214,,,,,2316000000,-0.062,2660000000,-0.003,,1663000000,,17.21,,,,,,,,,,,,,,,,,,,,,,true,false,3,2021-04-01,2021-06-30,-1
2022-07-29,99970,2023-03-31,1,102500000000,-0.031,,,,,5500000000,0.156,5800000000,0.137,,4000000000,,41.37,,,,,,,,,,,,,,,,,,,,,,true,true,6,2022-04-01,2022-09-30,0
2022-07-29,99970,2023-03-31,1,219000000000,-0.005,,,,,15000000000,0.085,15700000000,0.080,,10600000000,,109.63,,,,,,,,,,,,,,,,,,,,,,true,true,12,2022-04-01,2023-03-31,0
2022-07-29,99970,2022-03-31,1,,,,,,,,,,,,,,,,,,,,254178000000,119044000000,0.465,,118269000000,,,,,,,,,,,,true,false,12,2021-04-01,2022-03-31,-1
2022-07-29,99970,2022-03-31,1,,,,,,,,,,,,,,,,,,,,,,,,,,,,,19.00,,,,97244472,559217,,false,false,12,2021-04-01,2022-03-31,-1
2022-07-29,99970,2023-03-31,1,,,,,,,,,,,,,,,,,,,,,,,,,,,,,20.00,,,,,,,false,true,12,2022-04-01,2023-03-31,0
2022-07-29,99970,2023-03-31,1,,,,,,,,,,,,,,,,,,,,,,,,,,,,,,,,,97244472,559257,96685233,false,false,3,2022-04-01,2022-06-30,0
2022-07-29,99970,2022-03-31,1,,,,,,,,,,,,,,,,,,,,,,,,,,,,,,,,,,,96672603,false,false,3,2021-04-01,2021-06-30,-1
2022-10-28,99970,2023-03-31,,98779000000,-0.036,,,,,3689000000,-0.329,4671000000,-0.195,2849000000,,-0.288,29.47,,,,,,,,,,,,,,,,,,,,,,true,true,6,2022-04-01,2022-09-30,0
2022-10-28,99970,2022-03-31,,105808000000,,,,,,4756000000,,5100000000,,3210000000,,,33.21,,,,,,,,,,,,,,,,,,,,,,true,false,6,2021-04-01,2021-09-30,-1
2022-10-28,99970,2023-03-31,,215000000000,-0.018,,,,,14000000000,-0.067,15000000000,-0.045,10000000000,,-0.057,103.43,,,,,,,,,,,,,,,,,,,,,,true,true,12,2022-04-01,2023-03-31,0
2022-10-28,99970,2022-03-31,,220128000000,,,,,,13827000000,,14537000000,,10204000000,,,105.55,,,,,,,,,,,,,,,,,,,,,,true,false,12,2021-04-01,2022-03-31,-1
2022-10-31,99970,2023-03-31,2,98779000000,-0.066,,,,,3689000000,-0.224,4671000000,-0.084,,2849000000,,29.47,,,,,,260812000000,122653000000,0.467,,121825000000,,,,,,,,,,,,true,false,6,2022-04-01,2022-09-30,0
2022-10-31,99970,2022-03-31,2,105808000000,0.161,,,,,4756000000,0.042,5100000000,-0.005,,3210000000,,33.21,,,,,,,,,,,,,,,,,,,,,,true,false,6,2021-04-01,2021-09-30,-1
2022-10-31,99970,2023-03-31,2,215000000000,-0.023,,,,,14000000000,0.012,15000000000,0.032,,10000000000,,103.43,,,,,,,,,,,,,,,,,,,,,,true,true,12,2022-04-01,2023-03-31,0
2022-10-31,99970,2022-03-31,2,,,,,,,,,,,,,,,,,,,,254178000000,119044000000,0.465,,118269000000,,,,,,,,,,,,true,false,12,2021-04-01,2022-03-31,-1
2022-10-31,99970,2022-03-31,2,,,,,,,,,,,,,,,,,,,,,,,,,,,,,19.00,,,,97244472,559217,,false,false,12,2021-04-01,2022-03-31,-1
2022-10-31,99970,2023-03-31,2,,,,,,,,,,,,,,,,,,,,,,,,,,,,,10.00,,,,,,,false,false,12,2022-04-01,2023-03-31,0
2022-10-31,99970,2023-03-31,2,,,,,,,,,,,,,,,,,,,,,,,,,,,,,20.00,,,,,,,false,true,12,2022-04-01,2023-03-31,0
2022-10-31,99970,2023-03-31,2,,,,,,,,,,,,,,,,,,,,,,,,,,,,,,,,,97244472,554132,96686252,false,false,6,2022-04-01,2022-09-30,0
2022-10-31,99970,2022-03-31,2,,,,,,,,,,,,,,,,,,,,,,,,,,,,,,,,,,,96675519,false,false,6,2021-04-01,2021-09-30,-1
2023-01-31,99970,2023-03-31,3,160454000000,-0.048,,,,,7874000000,-0.229,8836000000,-0.196,,5382000000,,55.67,,,,,,279930000000,123282000000,0.438,,122486000000,,,,,,,,,,,,true,false,9,2022-04-01,2022-12-31,0
2023-01-31,99970,2022-03-31,3,168627000000,0.094,,,,,10218000000,-0.120,10992000000,-0.120,,7745000000,,80.12,,,,,,,,,,,,,,,,,,,,,,true,false,9,2021-04-01,2021-12-31,-1
2023-01-31,99970,2023-03-31,3,215000000000,-0.023,,,,,14000000000,0.012,15000000000,0.032,,10000000000,,103.43,,,,,,,,,,,,,,,,,,,,,,true,true,12,2022-04-01,2023-03-31,0
2023-01-31,99970,2022-03-31,3,,,,,,,,,,,,,,,,,,,,254178000000,119044000000,0.465,,118269000000,,,,,,,,,,,,true,false,12,2021-04-01,2022-03-31,-1
2023-01-31,99970,2022-03-31,3,,,,,,,,,,,,,,,,,,,,,,,,,,,,,19.00,,,,97244472,559217,,false,false,12,2021-04-01,2022-03-31,-1
2023-01-31,99970,2023-03-31,3,,,,,,,,,,,,,,,,,,,,,,,,,,,,,10.00,,,,,,,false,false,12,2022-04-01,2023-03-31,0
2023-01-31,99970,2023-03-31,3,,,,,,,,,,,,,,,,,,,,,,,,,,,,,20.00,,,,,,,false,true,12,2022-04-01,2023-03-31,0
2023-01-31,99970,2023-03-31,3,,,,,,,,,,,,,,,,,,,,,,,,,,,,,,,,,97244472,554232,96687614,false,false,9,2022-04-01,2022-12-31,0
2023-01-31,99970,2022-03-31,3,,,,,,,,,,,,,,,,,,,,,,,,,,,,,,,,,,,96678798,false,false,9,2021-04-01,2021-12-31,-1
2023-05-12,99970,2023-03-31,,212376000000,-0.035,,,,,11217000000,-0.189,12459000000,-0.143,,7417000000,,76.71,,0.061,0.046,0.053,,285592000000,126436000000,0.439,1297.92,125496000000,8241000000,-29924000000,23527000000,31828000000,,0.261,,,,,,true,false,12,2022-04-01,2023-03-31,0
2023-05-12,99970,2022-03-31,,220128000000,0.066,,,,,13827000000,-0.121,14537000000,-0.138,,10204000000,,105.55,,0.088,0.059,0.063,,254178000000,119044000000,0.465,1223.24,118269000000,7154000000,-17033000000,8652000000,29569000000,,0.180,,,,,,true,false,12,2021-04-01,2022-03-31,-1
2023-05-12,99970,2024-03-31,,99200000000,0.004,,,,,4100000000,0.111,4400000000,-0.058,,3200000000,,33.10,,,,,,,,,,,,,,,,,,,,,,true,true,6,2023-04-01,2023-09-30,1
2023-05-12,99970,2024-03-31,,219000000000,0.031,,,,,14000000000,0.248,14700000000,0.180,,9400000000,,97.22,,,,,,,,,,,,,,,,0.211,,,,,,true,true,12,2023-04-01,2024-03-31,1
2023-05-12,99970,2023-03-31,,123743000000,-0.060,,,,,5187000000,-0.249,6622000000,-0.090,4109000000,,-0.283,42.50,,,,,,250307000000,89582000000,0.358,926.49,89582000000,,,,,20.00,,,,97244472,554248,96688261,false,false,12,2022-04-01,2023-03-31,0
2023-05-12,99970,2022-03-31,,131579000000,0.018,,,,,6908000000,-0.305,7280000000,-0.335,5730000000,,-0.230,59.27,,,,,,224587000000,87008000000,0.387,899.91,87008000000,,,,,19.00,,,,97244472,559217,96680397,false,false,12,2021-04-01,2022-03-31,-1
2023-05-12,99970,2024-03-31,,,,,,,,,,,,,,,,,,,,,,,,,,,,,,20.50,,,,,,,false,true,12,2023-04-01,2024-03-31,1
2023-07-31,99970,2024-03-31,1,51842000000,-0.030,,,,,1156000000,-0.340,1859000000,-0.241,,1385000000,,14.33,,,,,,291840000000,130701000000,0.444,,129620000000,,,,,,,,,,,,true,false,3,2023-04-01,2023-06-30,0
2023-07-31,99970,2023-03-31,1,53439000000,-0.093,,,,,1753000000,-0.243,2452000000,-0.078,,1382000000,,14.30,,,,,,,,,,,,,,,,,,,,,,true,false,3,2022-04-01,2022-06-30,-1
2023-07-31,99970,2024-03-31,1,99200000000,0.004,,,,,4100000000,0.111,4400000000,-0.058,,3200000000,,33.10,,,,,,,,,,,,,,,,,,,,,,true,true,6,2023-04-01,2023-09-30,0
2023-07-31,99970,2024-03-31,1,219000000000,0.031,,,,,14000000000,0.248,14700000000,0.180,,9400000000,,97.22,,,,,,,,,,,,,,,,,,,,,,true,true,12,2023-04-01,2024-03-31,0
2023-07-31,99970,2023-03-31,1,,,,,,,,,,,,,,,,,,,,285592000000,126436000000,0.439,,125496000000,,,,,,,,,,,,true,false,12,2022-04-01,2023-03-31,-1
2023-07-31,99970,2023-03-31,1,,,,,,,,,,,,,,,,,,,,,,,,,,,,,20.00,,,,97244472,554248,,false,false,12,2022-04-01,2023-03-31,-1
2023-07-31,99970,2024-03-31,1,,,,,,,,,,,,,,,,,,,,,,,,,,,,,20.50,,,,,,,false,true,12,2023-04-01,2024-03-31,0
2023-07-31,99970,2024-03-31,1,,,,,,,,,,,,,,,,,,,,,,,,,,,,,,,,,97244472,554248,96690224,false,false,3,2023-04-01,2023-06-30,0
2023-07-31,99970,2023-03-31,1,,,,,,,,,,,,,,,,,,,,,,,,,,,,,,,,,,,96685233,false,false,3,2022-04-01,2022-06-30,-1
2023-10-30,99970,2024-03-31,,208500000000,-0.048,,,,,10000000000,-0.286,11000000000,-0.252,7000000000,,-0.255,72.39,,,,,,,,,,,,,,,,,,,,,,true,true,12,2023-04-01,2024-03-31,0
2023-10-30,99970,2023-03-31,,212376000000,,,,,,11217000000,,12459000000,,7417000000,,,76.71,,,,,,,,,,,,,,,,,,,,,,true,false,12,2022-04-01,2023-03-31,-1
2023-10-31,99970,2024-03-31,2,96105000000,-0.027,,,,,3095000000,-0.161,4325000000,-0.074,,3263000000,,33.75,,,,,,295248000000,133008000000,0.447,,131904000000,,,,,,,,,,,,true,false,6,2023-04-01,2023-09-30,0
2023-10-31,99970,2023-03-31,2,98779000000,-0.066,,,,,3689000000,-0.224,4671000000,-0.084,,2849000000,,29.47,,,,,,,,,,,,,,,,,,,,,,true,false,6,2022-04-01,2022-09-30,-1
2023-10-31,99970,2024-03-31,2,208500000000,-0.018,,,,,10000000000,-0.109,11000000000,-0.117,,7000000000,,72.39,,,,,,,,,,,,,,,,,,,,,,true,true,12,2023-04-01,2024-03-31,0
2023-10-31,99970,2023-03-31,2,,,,,,,,,,,,,,,,,,,,285592000000,126436000000,0.439,,125496000000,,,,,,,,,,,,true,false,12,2022-04-01,2023-03-31,-1
2023-10-31,99970,2023-03-31,2,,,,,,,,,,,,,,,,,,,,,,,,,,,,,20.00,,,,97244472,554248,,false,false,12,2022-04-01,2023-03-31,-1
2023-10-31,99970,2024-03-31,2,,,,,,,,,,,,,,,,,,,,,,,,,,,,,10.25,,,,,,,false,false,12,2023-04-01,2024-03-31,0
2023-10-31,99970,2024-03-31,2,,,,,,,,,,,,,,,,,,,,,,,,,,,,,20.50,,,,,,,false,true,12,2023-04-01,2024-03-31,0
2023-10-31,99970,2024-03-31,2,,,,,,,,,,,,,,,,,,,,,,,,,,,,,,,,,97244472,545205,96692043,false,false,6,2023-04-01,2023-09-30,0
2023-10-31,99970,2023-03-31,2,,,,,,,,,,,,,,,,,,,,,,,,,,,,,,,,,,,96686252,false,false,6,2022-04-01,2022-09-30,-1
2024-01-31,99970,2024-03-31,3,156278000000,-0.026,,,,,5725000000,-0.273,6930000000,-0.216,,5081000000,,52.55,,,,,,307603000000,133091000000,0.429,,132002000000,,,,,,,,,,,,true,false,9,2023-04-01,2023-12-31,0
2024-01-31,99970,2023-03-31,3,160454000000,-0.048,,,,,7874000000,-0.229,8836000000,-0.196,,5382000000,,55.67,,,,,,,,,,,,,,,,,,,,,,true,false,9,2022-04-01,2022-12-31,-1
2024-01-31,99970,2024-03-31,3,208500000000,-0.018,,,,,10000000000,-0.109,11000000000,-0.117,,7000000000,,72.39,,,,,,,,,,,,,,,,,,,,,,true,true,12,2023-04-01,2024-03-31,0
2024-01-31,99970,2023-03-31,3,,,,,,,,,,,,,,,,,,,,285592000000,126436000000,0.439,,125496000000,,,,,,,,,,,,true,false,12,2022-04-01,2023-03-31,-1
2024-01-31,99970,2023-03-31,3,,,,,,,,,,,,,,,,,,,,,,,,,,,,,20.00,,,,97244472,554248,,false,false,12,2022-04-01,2023-03-31,-1
2024-01-31,99970,2024-03-31,3,,,,,,,,,,,,,,,,,,,,,,,,,,,,,10.25,,,,,,,false,false,12,2023-04-01,2024-03-31,0
2024-01-31,99970,2024-03-31,3,,,,,,,,,,,,,,,,,,,,,,,,,,,,,20.50,,,,,,,false,true,12,2023-04-01,2024-03-31,0
2024-01-31,99970,2024-03-31,3,,,,,,,,,,,,,,,,,,,,,,,,,,,,,,,,,97244472,545353,96694426,false,false,9,2023-04-01,2023-12-31,0
2024-01-31,99970,2023-03-31,3,,,,,,,,,,,,,,,,,,,,,,,,,,,,,,,,,,,96687614,false,false,9,2022-04-01,2022-12-31,-1
2024-05-13,99970,2024-03-31,,208298000000,-0.019,,,,,9787000000,-0.127,11831000000,-0.050,,5839000000,,60.39,,0.045,0.040,0.047,,300691000000,136182000000,0.450,1398.07,135191000000,12770000000,-14403000000,5971000000,37245000000,,0.339,,,,,,true,false,12,2023-04-01,2024-03-31,0
2024-05-13,99970,2023-03-31,,212376000000,-0.035,,,,,11217000000,-0.189,12459000000,-0.143,,7417000000,,76.71,,0.061,0.046,0.053,,285592000000,126436000000,0.439,1297.92,125496000000,8241000000,-29924000000,23527000000,31828000000,,0.261,,,,,,true,false,12,2022-04-01,2023-03-31,-1
2024-05-13,99970,2025-03-31,,98000000000,0.020,,,,,3500000000,0.131,4000000000,-0.075,,2800000000,,28.96,,,,,,,,,,,,,,,,,,,,,,true,true,6,2024-04-01,2024-09-30,1
2024-05-13,99970,2025-03-31,,217000000000,0.042,,,,,11500000000,0.175,12500000000,0.056,,8000000000,,82.73,,,,,,,,,,,,,,,,0.351,,,,,,true,true,12,2024-04-01,2025-03-31,1
2024-05-13,99970,2024-03-31,,113283000000,-0.085,,,,,1295000000,-0.750,4328000000,-0.346,4453000000,,0.084,46.06,,,,,,262943000000,93561000000,0.356,967.56,93561000000,,,,,20.50,,,,97244472,545429,96695586,false,false,12,2023-04-01,2024-03-31,0
2024-05-13,99970,2023-03-31,,123743000000,-0.060,,,,,5187000000,-0.249,6622000000,-0.090,4109000000,,-0.283,42.50,,,,,,250307000000,89582000000,0.358,926.49,89582000000,,,,,20.00,,,,97244472,554248,96688261,false,false,12,2022-04-01,2023-03-31,-1
2024-05-13,99970,2025-03-31,,,,,,,,,,,,,,,,,,,,,,,,,,,,,,29.00,,,,,,,false,true,12,2024-04-01,2025-03-31,1
2024-07-31,99970,2025-03-31,1,51368000000,-0.009,,,,,982000000,-0.151,1681000000,-0.096,,994000000,,10.28,,,,,,301653000000,137800000000,0.454,,136888000000,,,,,,,,,,,,true,false,3,2024-04-01,2024-06-30,0
2024-07-31,99970,2024-03-31,1,51842000000,-0.030,,,,,1156000000,-0.340,1859000000,-0.241,,1385000000,,14.33,,,,,,,,,,,,,,,,,,,,,,true,false,3,2023-04-01,2023-06-30,-1
2024-07-31,99970,2025-03-31,1,98000000000,0.020,,,,,3500000000,0.131,4000000000,-0.075,,2800000000,,28.96,,,,,,,,,,,,,,,,,,,,,,true,true,6,2024-04-01,2024-09-30,0
2024-07-31,99970,2025-03-31,1,217000000000,0.042,,,,,11500000000,0.175,12500000000,0.056,,8000000000,,82.73,,,,,,,,,,,,,,,,,,,,,,true,true,12,2024-04-01,2025-03-31,0
2024-07-31,99970,2024-03-31,1,,,,,,,,,,,,,,,,,,,,300691000000,136182000000,0.450,,135191000000,,,,,,,,,,,,true,false,12,2023-04-01,2024-03-31,-1
2024-07-31,99970,2024-03-31,1,,,,,,,,,,,,,,,,,,,,,,,,,,,,,20.50,,,,97244472,545429,,false,false,12,2023-04-01,2024-03-31,-1
2024-07-31,99970,2025-03-31,1,,,,,,,,,,,,,,,,,,,,,,,,,,,,,29.00,,,,,,,false,true,12,2024-04-01,2025-03-31,0
2024-07-31,99970,2025-03-31,1,,,,,,,,,,,,,,,,,,,,,,,,,,,,,,,,,97244472,545469,96699009,false,false,3,2024-04-01,2024-06-30,0
2024-07-31,99970,2024-03-31,1,,,,,,,,,,,,,,,,,,,,,,,,,,,,,,,,,,,96690224,false,false,3,2023-04-01,2023-06-30,-1
2024-10-31,99970,2025-03-31,2,97127000000,0.011,,,,,3570000000,0.153,4143000000,-0.042,,2565000000,,26.56,,,,,,306387000000,136144000000,0.441,,135269000000,,,,,,,,,,,,true,false,6,2024-04-01,2024-09-30,0
2024-10-31,99970,2024-03-31,2,96105000000,-0.027,,,,,3095000000,-0.161,4325000000,-0.074,,3263000000,,33.75,,,,,,,,,,,,,,,,,,,,,,true,false,6,2023-04-01,2023-09-30,-1
2024-10-31,99970,2025-03-31,2,217000000000,0.042,,,,,11500000000,0.175,12500000000,0.056,,8000000000,,82.82,,,,,,,,,,,,,,,,,,,,,,true,true,12,2024-04-01,2025-03-31,0
2024-10-31,99970,2024-03-31,2,,,,,,,,,,,,,,,,,,,,300691000000,136182000000,0.450,,135191000000,,,,,,,,,,,,true,false,12,2023-04-01,2024-03-31,-1
2024-10-31,99970,2024-03-31,2,,,,,,,,,,,,,,,,,,,,,,,,,,,,,20.50,,,,97244472,545429,,false,false,12,2023-04-01,2024-03-31,-1
2024-10-31,99970,2025-03-31,2,,,,,,,,,,,,,,,,,,,,,,,,,,,,,14.50,,,,,,,false,false,12,2024-04-01,2025-03-31,0
2024-10-31,99970,2025-03-31,2,,,,,,,,,,,,,,,,,,,,,,,,,,,,,29.00,,,,,,,false,true,12,2024-04-01,2025-03-31,0
2024-10-31,99970,2025-03-31,2,,,,,,,,,,,,,,,,,,,,,,,,,,,,,,,,,97244472,1017035,96593542,false,false,6,2024-04-01,2024-09-30,0
2024-10-31,99970,2024-03-31,2,,,,,,,,,,,,,,,,,,,,,,,,,,,,,,,,,,,96692043,false,false,6,2023-04-01,2023-09-30,-1
2025-01-31,99970,2025-03-31,3,158647000000,0.015,,,,,7341000000,0.282,8706000000,0.256,,5354000000,,55.50,,,,,,320964000000,139453000000,0.432,,138533000000,,,,,,,,,,,,true,false,9,2024-04-01,2024-12-31,0
2025-01-31,99970,2024-03-31,3,156278000000,-0.026,,,,,5725000000,-0.273,6930000000,-0.216,,5081000000,,52.55,,,,,,,,,,,,,,,,,,,,,,true,false,9,2023-04-01,2023-12-31,-1
2025-01-31,99970,2025-03-31,3,217000000000,0.042,,,,,11500000000,0.175,12500000000,0.056,,8000000000,,82.93,,,,,,,,,,,,,,,,,,,,,,true,true,12,2024-04-01,2025-03-31,0
2025-01-31,99970,2024-03-31,3,,,,,,,,,,,,,,,,,,,,300691000000,136182000000,0.450,,135191000000,,,,,,,,,,,,true,false,12,2023-04-01,2024-03-31,-1
2025-01-31,99970,2024-03-31,3,,,,,,,,,,,,,,,,,,,,,,,,,,,,,20.50,,,,97244472,545429,,false,false,12,2023-04-01,2024-03-31,-1
2025-01-31,99970,2025-03-31,3,,,,,,,,,,,,,,,,,,,,,,,,,,,,,14.50,,,,,,,false,false,12,2024-04-01,2025-03-31,0
2025-01-31,99970,2025-03-31,3,,,,,,,,,,,,,,,,,,,,,,,,,,,,,29.00,,,,,,,false,true,12,2024-04-01,2025-03-31,0
2025-01-31,99970,2025-03-31,3,,,,,,,,,,,,,,,,,,,,,,,,,,,,,,,,,97244472,1017035,96471063,false,false,9,2024-04-01,2024-12-31,0
2025-01-31,99970,2024-03-31,3,,,,,,,,,,,,,,,,,,,,,,,,,,,,,,,,,,,96694426,false,false,9,2023-04-01,2023-12-31,-1
2025-05-13,99970,2025-03-31,,210856000000,0.012,,,,,11887000000,0.215,13255000000,0.120,,8797000000,,91.25,,0.064,0.043,0.056,,312462000000,141656000000,0.452,1468.54,141314000000,9689000000,-17792000000,6721000000,36213000000,,0.318,,,,,,true,false,12,2024-04-01,2025-03-31,0
2025-05-13,99970,2024-03-31,,208298000000,-0.019,,,,,9787000000,-0.127,11831000000,-0.050,,5839000000,,60.39,,0.045,0.040,0.047,,300691000000,136182000000,0.450,1398.07,135191000000,12770000000,-14403000000,5971000000,37245000000,,0.339,,,,,,true,false,12,2023-04-01,2024-03-31,-1
2025-05-13,99970,2026-03-31,,97800000000,0.007,,,,,4000000000,0.120,3290000000,-0.206,,1900000000,,19.71,,,,,,,,,,,,,,,,,,,,,,true,true,6,2025-04-01,2025-09-30,1
2025-05-13,99970,2026-03-31,,214600000000,0.018,,,,,13500000000,0.136,13500000000,0.018,,9500000000,,98.54,,,,,,,,,,,,,,,,0.304,,,,,,true,true,12,2025-04-01,2026-03-31,1
2025-05-13,99970,2025-03-31,,113263000000,-0.000,,,,,1894000000,0.463,4262000000,-0.015,2511000000,,-0.436,26.05,,,,,,269729000000,92348000000,0.342,959.69,92348000000,,,,,29.00,,,,97244472,1017041,96410990,false,false,12,2024-04-01,2025-03-31,0
2025-05-13,99970,2024-03-31,,113283000000,-0.085,,,,,1295000000,-0.750,4328000000,-0.346,4453000000,,0.084,46.06,,,,,,262943000000,93561000000,0.356,967.56,93561000000,,,,,20.50,,,,97244472,545429,96695586,false,false,12,2023-04-01,2024-03-31,-1
2025-05-13,99970,2026-03-31,,,,,,,,,,,,,,,,,,,,,,,,,,,,,,30.00,,,,,,,false,true,12,2025-04-01,2026-03-31,1
