{
    "2023-04-30": {
        "Tax Effect Of Unusual Items": 0.0,
        "Tax Rate For Calcs": 0.199,
        "Normalized EBITDA": 472000000.0,
        "Net Income From Continuing Operation Net Minority Interest": 302000000.0,
        "Reconciled Depreciation": 71000000.0,
        "Reconciled Cost Of Revenue": 793000000.0,
        "EBITDA": 472000000.0,
        "EBIT": 401000000.0,
        "Net Interest Income": -12000000.0,
        "Interest Expense": 24000000.0,
        "Interest Income": 12000000.0,
        "Normalized Income": 302000000.0,
        "Net Income From Continuing And Discontinued Operation": 302000000.0,
        "Total Expenses": 1334000000.0,
        "Total Operating Income As Reported": 383000000.0,
        "Diluted Average Shares": 297000000.0,
        "Basic Average Shares": 296000000.0,
        "Diluted EPS": 1.02,
        "Basic EPS": 1.02,
        "Diluted NI Availto Com Stockholders": 302000000.0,
        "Net Income Common Stockholders": 302000000.0,
        "Net Income": 302000000.0,
        "Net Income Including Noncontrolling Interests": 302000000.0,
        "Net Income Continuous Operations": 302000000.0,
        "Tax Provision": 75000000.0,
        "Pretax Income": 377000000.0,
        "Other Income Expense": 6000000.0,
        "Other Non Operating Income Expenses": 6000000.0,
        "Net Non Operating Interest Income Expense": -12000000.0,
        "Interest Expense Non Operating": 24000000.0,
        "Interest Income Non Operating": 12000000.0,
        "Operating Income": 383000000.0,
        "Operating Expense": 541000000.0,
        "Research And Development": 126000000.0,
        "Selling General And Administration": 415000000.0,
        "Gross Profit": 924000000.0,
        "Cost Of Revenue": 793000000.0,
        "Total Revenue": 1717000000.0,
        "Operating Revenue": 1717000000.0
    },
    "2023-01-31": {
        "Tax Effect Of Unusual Items": 0.0,
        "Tax Rate For Calcs": 0.141,
        "Normalized EBITDA": 502000000.0,
        "Net Income From Continuing Operation Net Minority Interest": 352000000.0,
        "Reconciled Depreciation": 67000000.0,
        "Reconciled Cost Of Revenue": 788000000.0,
        "EBITDA": 502000000.0,
        "EBIT": 435000000.0,
        "Net Interest Income": -16000000.0,
        "Interest Expense": 25000000.0,
        "Interest Income": 9000000.0,
        "Normalized Income": 352000000.0,
        "Net Income From Continuing And Discontinued Operation": 352000000.0,
        "Total Expenses": 1330000000.0,
        "Total Operating Income As Reported": 426000000.0,
        "Diluted Average Shares": 297000000.0,
        "Basic Average Shares": 296000000.0,
        "Diluted EPS": 1.19,
        "Basic EPS": 1.19,
        "Diluted NI Availto Com Stockholders": 352000000.0,
        "Net Income Common Stockholders": 352000000.0,
        "Net Income": 352000000.0,
        "Net Income Including Noncontrolling Interests": 352000000.0,
        "Net Income Continuous Operations": 352000000.0,
        "Tax Provision": 58000000.0,
        "Pretax Income": 410000000.0,
        "Other Income Expense": NaN,
        "Other Non Operating Income Expenses": NaN,
        "Net Non Operating Interest Income Expense": -16000000.0,
        "Interest Expense Non Operating": 25000000.0,
        "Interest Income Non Operating": 9000000.0,
        "Operating Income": 426000000.0,
        "Operating Expense": 542000000.0,
        "Research And Development": 123000000.0,
        "Selling General And Administration": 419000000.0,
        "Gross Profit": 968000000.0,
        "Cost Of Revenue": 788000000.0,
        "Total Revenue": 1756000000.0,
        "Operating Revenue": 1756000000.0
    },
    "2022-10-31": {
        "Tax Effect Of Unusual Items": NaN,
        "Tax Rate For Calcs": NaN,
        "Normalized EBITDA": NaN,
        "Net Income From Continuing Operation Net Minority Interest": NaN,
        "Reconciled Depreciation": NaN,
        "Reconciled Cost Of Revenue": NaN,
        "EBITDA": NaN,
        "EBIT": NaN,
        "Net Interest Income": NaN,
        "Interest Expense": NaN,
        "Interest Income": NaN,
        "Normalized Income": NaN,
        "Net Income From Continuing And Discontinued Operation": NaN,
        "Total Expenses": NaN,
        "Total Operating Income As Reported": NaN,
        "Diluted Average Shares": NaN,
        "Basic Average Shares": NaN,
        "Diluted EPS": NaN,
        "Basic EPS": NaN,
        "Diluted NI Availto Com Stockholders": NaN,
        "Net Income Common Stockholders": NaN,
        "Net Income": NaN,
        "Net Income Including Noncontrolling Interests": NaN,
        "Net Income Continuous Operations": NaN,
        "Tax Provision": NaN,
        "Pretax Income": NaN,
        "Other Income Expense": 2000000.0,
        "Other Non Operating Income Expenses": 2000000.0,
        "Net Non Operating Interest Income Expense": NaN,
        "Interest Expense Non Operating": NaN,
        "Interest Income Non Operating": NaN,
        "Operating Income": NaN,
        "Operating Expense": NaN,
        "Research And Development": NaN,
        "Selling General And Administration": NaN,
        "Gross Profit": NaN,
        "Cost Of Revenue": NaN,
        "Total Revenue": NaN,
        "Operating Revenue": NaN
    },
    "2022-07-31": {
        "Tax Effect Of Unusual Items": 0.0,
        "Tax Rate For Calcs": 0.1376,
        "Normalized EBITDA": 496000000.0,
        "Net Income From Continuing Operation Net Minority Interest": 329000000.0,
        "Reconciled Depreciation": 80000000.0,
        "Reconciled Cost Of Revenue": 779000000.0,
        "EBITDA": 496000000.0,
        "EBIT": 416000000.0,
        "Net Interest Income": -17000000.0,
        "Interest Expense": 19000000.0,
        "Interest Income": 2000000.0,
        "Normalized Income": 329000000.0,
        "Net Income From Continuing And Discontinued Operation": 329000000.0,
        "Total Expenses": 1307000000.0,
        "Total Operating Income As Reported": 411000000.0,
        "Diluted Average Shares": 299000000.0,
        "Basic Average Shares": 298000000.0,
        "Diluted EPS": 1.1,
        "Basic EPS": 1.1,
        "Diluted NI Availto Com Stockholders": 329000000.0,
        "Net Income Common Stockholders": 329000000.0,
        "Net Income": 329000000.0,
        "Net Income Including Noncontrolling Interests": 329000000.0,
        "Net Income Continuous Operations": 329000000.0,
        "Tax Provision": 68000000.0,
        "Pretax Income": 397000000.0,
        "Other Income Expense": 3000000.0,
        "Other Non Operating Income Expenses": 3000000.0,
        "Net Non Operating Interest Income Expense": -17000000.0,
        "Interest Expense Non Operating": 19000000.0,
        "Interest Income Non Operating": 2000000.0,
        "Operating Income": 411000000.0,
        "Operating Expense": 528000000.0,
        "Research And Development": 116000000.0,
        "Selling General And Administration": 412000000.0,
        "Gross Profit": 939000000.0,
        "Cost Of Revenue": 779000000.0,
        "Total Revenue": 1718000000.0,
        "Operating Revenue": 1718000000.0
    },
    "2023-07-31": {
        "Tax Effect Of Unusual Items": NaN,
        "Tax Rate For Calcs": NaN,
        "Normalized EBITDA": NaN,
        "Net Income From Continuing Operation Net Minority Interest": NaN,
        "Reconciled Depreciation": NaN,
        "Reconciled Cost Of Revenue": NaN,
        "EBITDA": NaN,
        "EBIT": NaN,
        "Net Interest Income": NaN,
        "Interest Expense": NaN,
        "Interest Income": NaN,
        "Normalized Income": NaN,
        "Net Income From Continuing And Discontinued Operation": NaN,
        "Total Expenses": NaN,
        "Total Operating Income As Reported": NaN,
        "Diluted Average Shares": 295000000.0,
        "Basic Average Shares": 294000000.0,
        "Diluted EPS": 0.38,
        "Basic EPS": 0.38,
        "Diluted NI Availto Com Stockholders": NaN,
        "Net Income Common Stockholders": NaN,
        "Net Income": NaN,
        "Net Income Including Noncontrolling Interests": NaN,
        "Net Income Continuous Operations": NaN,
        "Tax Provision": NaN,
        "Pretax Income": NaN,
        "Other Income Expense": NaN,
        "Other Non Operating Income Expenses": NaN,
        "Net Non Operating Interest Income Expense": NaN,
        "Interest Expense Non Operating": NaN,
        "Interest Income Non Operating": NaN,
        "Operating Income": NaN,
        "Operating Expense": NaN,
        "Research And Development": NaN,
        "Selling General And Administration": NaN,
        "Gross Profit": NaN,
        "Cost Of Revenue": NaN,
        "Total Revenue": NaN,
        "Operating Revenue": NaN
    },
    "2023-10-31": {
        "Tax Effect Of Unusual Items": 0.0,
        "Tax Rate For Calcs": 0.21,
        "Normalized EBITDA": 504000000.0,
        "Net Income From Continuing Operation Net Minority Interest": 475000000.0,
        "Reconciled Depreciation": 62000000.0,
        "Reconciled Cost Of Revenue": 773000000.0,
        "EBITDA": 504000000.0,
        "EBIT": 442000000.0,
        "Net Interest Income": -5000000.0,
        "Interest Expense": 22000000.0,
        "Interest Income": 17000000.0,
        "Normalized Income": 475000000.0,
        "Net Income From Continuing And Discontinued Operation": 475000000.0,
        "Total Expenses": 1280000000.0,
        "Total Operating Income As Reported": 408000000.0,
        "Diluted Average Shares": 293000000.0,
        "Basic Average Shares": 292000000.0,
        "Diluted EPS": 1.62,
        "Basic EPS": 1.63,
        "Diluted NI Availto Com Stockholders": 475000000.0,
        "Net Income Common Stockholders": 475000000.0,
        "Net Income": 475000000.0,
        "Net Income Including Noncontrolling Interests": 475000000.0,
        "Net Income Continuous Operations": 475000000.0,
        "Tax Provision": -55000000.0,
        "Pretax Income": 420000000.0,
        "Other Income Expense": 17000000.0,
        "Other Non Operating Income Expenses": 17000000.0,
        "Net Non Operating Interest Income Expense": -5000000.0,
        "Interest Expense Non Operating": 22000000.0,
        "Interest Income Non Operating": 17000000.0,
        "Operating Income": 408000000.0,
        "Operating Expense": 507000000.0,
        "Research And Development": 114000000.0,
        "Selling General And Administration": 393000000.0,
        "Gross Profit": 915000000.0,
        "Cost Of Revenue": 773000000.0,
        "Total Revenue": 1688000000.0,
        "Operating Revenue": 1688000000.0
    },
    "2024-01-31": {
        "Tax Effect Of Unusual Items": 0.0,
        "Tax Rate For Calcs": 0.136,
        "Normalized EBITDA": 487000000.0,
        "Net Income From Continuing Operation Net Minority Interest": 348000000.0,
        "Reconciled Depreciation": 62000000.0,
        "Reconciled Cost Of Revenue": 750000000.0,
        "EBITDA": 487000000.0,
        "EBIT": NaN,
        "Net Interest Income": -4000000.0,
        "Interest Expense": 22000000.0,
        "Interest Income": 18000000.0,
        "Normalized Income": 348000000.0,
        "Net Income From Continuing And Discontinued Operation": 348000000.0,
        "Total Expenses": NaN,
        "Total Operating Income As Reported": NaN,
        "Diluted Average Shares": 294000000.0,
        "Basic Average Shares": NaN,
        "Diluted EPS": NaN,
        "Basic EPS": NaN,
        "Diluted NI Availto Com Stockholders": 348000000.0,
        "Net Income Common Stockholders": 348000000.0,
        "Net Income": 348000000.0,
        "Net Income Including Noncontrolling Interests": 348000000.0,
        "Net Income Continuous Operations": 348000000.0,
        "Tax Provision": 55000000.0,
        "Pretax Income": 403000000.0,
        "Other Income Expense": 23000000.0,
        "Other Non Operating Income Expenses": 23000000.0,
        "Net Non Operating Interest Income Expense": -4000000.0,
        "Interest Expense Non Operating": NaN,
        "Interest Income Non Operating": 18000000.0,
        "Operating Income": 384000000.0,
        "Operating Expense": NaN,
        "Research And Development": NaN,
        "Selling General And Administration": 396000000.0,
        "Gross Profit": NaN,
        "Cost Of Revenue": 750000000.0,
        "Total Revenue": 1658000000.0,
        "Operating Revenue": 1658000000.0
    },
    "2024-04-30": {
        "Tax Effect Of Unusual Items": 0.0,
        "Tax Rate For Calcs": 0.176,
        "Normalized EBITDA": 457000000.0,
        "Net Income From Continuing Operation Net Minority Interest": 308000000.0,
        "Reconciled Depreciation": 63000000.0,
        "Reconciled Cost Of Revenue": 717000000.0,
        "EBITDA": 457000000.0,
        "EBIT": 394000000.0,
        "Net Interest Income": -1000000.0,
        "Interest Expense": 20000000.0,
        "Interest Income": 19000000.0,
        "Normalized Income": 308000000.0,
        "Net Income From Continuing And Discontinued Operation": 308000000.0,
        "Total Expenses": 1210000000.0,
        "Total Operating Income As Reported": 363000000.0,
        "Diluted Average Shares": 293000000.0,
        "Basic Average Shares": 293000000.0,
        "Diluted EPS": 1.05,
        "Basic EPS": 1.05,
        "Diluted NI Availto Com Stockholders": 308000000.0,
        "Net Income Common Stockholders": 308000000.0,
        "Net Income": 308000000.0,
        "Net Income Including Noncontrolling Interests": 308000000.0,
        "Net Income Continuous Operations": 308000000.0,
        "Tax Provision": 66000000.0,
        "Pretax Income": 374000000.0,
        "Other Income Expense": 12000000.0,
        "Other Non Operating Income Expenses": 12000000.0,
        "Net Non Operating Interest Income Expense": -1000000.0,
        "Interest Expense Non Operating": 20000000.0,
        "Interest Income Non Operating": 19000000.0,
        "Operating Income": 363000000.0,
        "Operating Expense": 493000000.0,
        "Research And Development": 113000000.0,
        "Selling General And Administration": 380000000.0,
        "Gross Profit": 856000000.0,
        "Cost Of Revenue": 717000000.0,
        "Total Revenue": 1573000000.0,
        "Operating Revenue": 1573000000.0
    },
    "2024-07-31": {
        "Tax Effect Of Unusual Items": 0.0,
        "Tax Rate For Calcs": 0.178,
        "Normalized EBITDA": 428000000.0,
        "Net Income From Continuing Operation Net Minority Interest": 282000000.0,
        "Reconciled Depreciation": 63000000.0,
        "Reconciled Cost Of Revenue": 723000000.0,
        "EBITDA": 428000000.0,
        "EBIT": 365000000.0,
        "Net Interest Income": -3000000.0,
        "Interest Expense": 22000000.0,
        "Interest Income": 19000000.0,
        "Normalized Income": 282000000.0,
        "Net Income From Continuing And Discontinued Operation": 282000000.0,
        "Total Expenses": 1245000000.0,
        "Total Operating Income As Reported": 333000000.0,
        "Diluted Average Shares": NaN,
        "Basic Average Shares": NaN,
        "Diluted EPS": NaN,
        "Basic EPS": NaN,
        "Diluted NI Availto Com Stockholders": 282000000.0,
        "Net Income Common Stockholders": 282000000.0,
        "Net Income": 282000000.0,
        "Net Income Including Noncontrolling Interests": 282000000.0,
        "Net Income Continuous Operations": 282000000.0,
        "Tax Provision": 61000000.0,
        "Pretax Income": 343000000.0,
        "Other Income Expense": 13000000.0,
        "Other Non Operating Income Expenses": 13000000.0,
        "Net Non Operating Interest Income Expense": -3000000.0,
        "Interest Expense Non Operating": 22000000.0,
        "Interest Income Non Operating": 19000000.0,
        "Operating Income": 333000000.0,
        "Operating Expense": 522000000.0,
        "Research And Development": 127000000.0,
        "Selling General And Administration": 395000000.0,
        "Gross Profit": 855000000.0,
        "Cost Of Revenue": 723000000.0,
        "Total Revenue": 1578000000.0,
        "Operating Revenue": 1578000000.0
    },
    "2024-10-31": {
        "Tax Effect Of Unusual Items": 0.0,
        "Tax Rate For Calcs": 0.124688,
        "Normalized EBITDA": 502000000.0,
        "Net Income From Continuing Operation Net Minority Interest": 351000000.0,
        "Reconciled Depreciation": 69000000.0,
        "Reconciled Cost Of Revenue": 785000000.0,
        "EBITDA": 502000000.0,
        "EBIT": 433000000.0,
        "Net Interest Income": -8000000.0,
        "Interest Expense": 32000000.0,
        "Interest Income": 24000000.0,
        "Normalized Income": 351000000.0,
        "Net Income From Continuing And Discontinued Operation": 351000000.0,
        "Total Expenses": 1293000000.0,
        "Total Operating Income As Reported": 408000000.0,
        "Diluted Average Shares": 287000000.0,
        "Basic Average Shares": 286000000.0,
        "Diluted EPS": 1.22,
        "Basic EPS": 1.23,
        "Diluted NI Availto Com Stockholders": 351000000.0,
        "Net Income Common Stockholders": 351000000.0,
        "Net Income": 351000000.0,
        "Net Income Including Noncontrolling Interests": 351000000.0,
        "Net Income Continuous Operations": 351000000.0,
        "Tax Provision": 50000000.0,
        "Pretax Income": 401000000.0,
        "Other Income Expense": 1000000.0,
        "Other Non Operating Income Expenses": 1000000.0,
        "Net Non Operating Interest Income Expense": -8000000.0,
        "Interest Expense Non Operating": 32000000.0,
        "Interest Income Non Operating": 24000000.0,
        "Operating Income": 408000000.0,
        "Operating Expense": 508000000.0,
        "Research And Development": 111000000.0,
        "Selling General And Administration": 397000000.0,
        "Gross Profit": 916000000.0,
        "Cost Of Revenue": 785000000.0,
        "Total Revenue": 1701000000.0,
        "Operating Revenue": 1701000000.0
    },
    "2025-01-31": {
        "Tax Effect Of Unusual Items": 0.0,
        "Tax Rate For Calcs": 0.134,
        "Normalized EBITDA": 467000000.0,
        "Net Income From Continuing Operation Net Minority Interest": 318000000.0,
        "Reconciled Depreciation": 72000000.0,
        "Reconciled Cost Of Revenue": 782000000.0,
        "EBITDA": 467000000.0,
        "EBIT": 395000000.0,
        "Net Interest Income": -13000000.0,
        "Interest Expense": 28000000.0,
        "Interest Income": 15000000.0,
        "Normalized Income": 318000000.0,
        "Net Income From Continuing And Discontinued Operation": 318000000.0,
        "Total Expenses": 1305000000.0,
        "Total Operating Income As Reported": 376000000.0,
        "Diluted Average Shares": 287000000.0,
        "Basic Average Shares": 285000000.0,
        "Diluted EPS": 1.11,
        "Basic EPS": 1.12,
        "Diluted NI Availto Com Stockholders": 318000000.0,
        "Net Income Common Stockholders": 318000000.0,
        "Net Income": 318000000.0,
        "Net Income Including Noncontrolling Interests": 318000000.0,
        "Net Income Continuous Operations": 318000000.0,
        "Tax Provision": 49000000.0,
        "Pretax Income": 367000000.0,
        "Other Income Expense": 4000000.0,
        "Other Non Operating Income Expenses": 4000000.0,
        "Net Non Operating Interest Income Expense": -13000000.0,
        "Interest Expense Non Operating": 28000000.0,
        "Interest Income Non Operating": 15000000.0,
        "Operating Income": 376000000.0,
        "Operating Expense": 523000000.0,
        "Research And Development": 113000000.0,
        "Selling General And Administration": 410000000.0,
        "Gross Profit": 899000000.0,
        "Cost Of Revenue": 782000000.0,
        "Total Revenue": 1681000000.0,
        "Operating Revenue": 1681000000.0
    },
    "2025-04-30": {
        "Tax Effect Of Unusual Items": 0.0,
        "Tax Rate For Calcs": 0.173,
        "Normalized EBITDA": 362000000.0,
        "Net Income From Continuing Operation Net Minority Interest": 215000000.0,
        "Reconciled Depreciation": 73000000.0,
        "Reconciled Cost Of Revenue": 802000000.0,
        "EBITDA": 362000000.0,
        "EBIT": 289000000.0,
        "Net Interest Income": -15000000.0,
        "Interest Expense": 29000000.0,
        "Interest Income": 14000000.0,
        "Normalized Income": 215000000.0,
        "Net Income From Continuing And Discontinued Operation": 215000000.0,
        "Total Expenses": 1368000000.0,
        "Total Operating Income As Reported": 300000000.0,
        "Diluted Average Shares": 285000000.0,
        "Basic Average Shares": 285000000.0,
        "Diluted EPS": 0.75,
        "Basic EPS": 0.75,
        "Diluted NI Availto Com Stockholders": 215000000.0,
        "Net Income Common Stockholders": 215000000.0,
        "Net Income": 215000000.0,
        "Net Income Including Noncontrolling Interests": 215000000.0,
        "Net Income Continuous Operations": 215000000.0,
        "Tax Provision": 45000000.0,
        "Pretax Income": 260000000.0,
        "Other Income Expense": -25000000.0,
        "Other Non Operating Income Expenses": -25000000.0,
        "Net Non Operating Interest Income Expense": -15000000.0,
        "Interest Expense Non Operating": 29000000.0,
        "Interest Income Non Operating": 14000000.0,
        "Operating Income": 300000000.0,
        "Operating Expense": 566000000.0,
        "Research And Development": 112000000.0,
        "Selling General And Administration": 454000000.0,
        "Gross Profit": 866000000.0,
        "Cost Of Revenue": 802000000.0,
        "Total Revenue": 1668000000.0,
        "Operating Revenue": 1668000000.0
    },
    "2025-07-31": {
        "Tax Effect Of Unusual Items": 0.0,
        "Tax Rate For Calcs": 0.082,
        "Normalized EBITDA": 466000000.0,
        "Net Income From Continuing Operation Net Minority Interest": 336000000.0,
        "Reconciled Depreciation": 72000000.0,
        "Reconciled Cost Of Revenue": 850000000.0,
        "EBITDA": 466000000.0,
        "EBIT": 394000000.0,
        "Net Interest Income": -12000000.0,
        "Interest Expense": 28000000.0,
        "Interest Income": 16000000.0,
        "Normalized Income": 336000000.0,
        "Net Income From Continuing And Discontinued Operation": 336000000.0,
        "Total Expenses": 1378000000.0,
        "Total Operating Income As Reported": 360000000.0,
        "Diluted Average Shares": 285000000.0,
        "Basic Average Shares": 284000000.0,
        "Diluted EPS": 1.18,
        "Basic EPS": 1.18,
        "Diluted NI Availto Com Stockholders": 336000000.0,
        "Net Income Common Stockholders": 336000000.0,
        "Net Income": 336000000.0,
        "Net Income Including Noncontrolling Interests": 336000000.0,
        "Net Income Continuous Operations": 336000000.0,
        "Tax Provision": 30000000.0,
        "Pretax Income": 366000000.0,
        "Other Income Expense": 18000000.0,
        "Other Non Operating Income Expenses": 18000000.0,
        "Net Non Operating Interest Income Expense": -12000000.0,
        "Interest Expense Non Operating": 28000000.0,
        "Interest Income Non Operating": 16000000.0,
        "Operating Income": 360000000.0,
        "Operating Expense": 528000000.0,
        "Research And Development": 111000000.0,
        "Selling General And Administration": 417000000.0,
        "Gross Profit": 888000000.0,
        "Cost Of Revenue": 850000000.0,
        "Total Revenue": 1738000000.0,
        "Operating Revenue": 1738000000.0
    },
    "2025-10-31": {
        "Tax Effect Of Unusual Items": NaN,
        "Tax Rate For Calcs": NaN,
        "Normalized EBITDA": NaN,
        "Net Income From Continuing Operation Net Minority Interest": NaN,
        "Reconciled Depreciation": NaN,
        "Reconciled Cost Of Revenue": NaN,
        "EBITDA": NaN,
        "EBIT": NaN,
        "Net Interest Income": NaN,
        "Interest Expense": NaN,
        "Interest Income": NaN,
        "Normalized Income": NaN,
        "Net Income From Continuing And Discontinued Operation": NaN,
        "Total Expenses": NaN,
        "Total Operating Income As Reported": NaN,
        "Diluted Average Shares": 284000000.0,
        "Basic Average Shares": 283000000.0,
        "Diluted EPS": 1.53,
        "Basic EPS": 1.53,
        "Diluted NI Availto Com Stockholders": NaN,
        "Net Income Common Stockholders": NaN,
        "Net Income": NaN,
        "Net Income Including Noncontrolling Interests": NaN,
        "Net Income Continuous Operations": NaN,
        "Tax Provision": NaN,
        "Pretax Income": NaN,
        "Other Income Expense": NaN,
        "Other Non Operating Income Expenses": NaN,
        "Net Non Operating Interest Income Expense": NaN,
        "Interest Expense Non Operating": NaN,
        "Interest Income Non Operating": NaN,
        "Operating Income": NaN,
        "Operating Expense": NaN,
        "Research And Development": NaN,
        "Selling General And Administration": NaN,
        "Gross Profit": NaN,
        "Cost Of Revenue": NaN,
        "Total Revenue": NaN,
        "Operating Revenue": NaN
    }
}