{
    "2023-03-31": {
        "Tax Effect Of Unusual Items": NaN,
        "Tax Rate For Calcs": NaN,
        "Normalized EBITDA": NaN,
        "Total Unusual Items": NaN,
        "Total Unusual Items Excluding Goodwill": NaN,
        "Net Income From Continuing Operation Net Minority Interest": NaN,
        "Reconciled Depreciation": NaN,
        "Reconciled Cost Of Revenue": NaN,
        "EBITDA": NaN,
        "EBIT": NaN,
        "Net Interest Income": NaN,
        "Interest Expense": NaN,
        "Normalized Income": NaN,
        "Net Income From Continuing And Discontinued Operation": NaN,
        "Total Expenses": NaN,
        "Total Operating Income As Reported": NaN,
        "Diluted Average Shares": NaN,
        "Basic Average Shares": NaN,
        "Diluted EPS": NaN,
        "Basic EPS": NaN,
        "Diluted NI Availto Com Stockholders": NaN,
        "Net Income Common Stockholders": NaN,
        "Net Income": NaN,
        "Net Income Including Noncontrolling Interests": NaN,
        "Net Income Continuous Operations": NaN,
        "Tax Provision": NaN,
        "Pretax Income": NaN,
        "Other Income Expense": NaN,
        "Other Non Operating Income Expenses": NaN,
        "Special Income Charges": NaN,
        "Gain On Sale Of Ppe": NaN,
        "Other Special Charges": 125000.0,
        "Net Non Operating Interest Income Expense": NaN,
        "Interest Expense Non Operating": NaN,
        "Operating Income": NaN,
        "Operating Expense": NaN,
        "Depreciation Amortization Depletion Income Statement": NaN,
        "Depreciation And Amortization In Income Statement": NaN,
        "Selling General And Administration": NaN,
        "Selling And Marketing Expense": NaN,
        "General And Administrative Expense": NaN,
        "Other Gand A": NaN,
        "Insurance And Claims": NaN,
        "Salaries And Wages": NaN,
        "Gross Profit": NaN,
        "Cost Of Revenue": NaN,
        "Total Revenue": NaN,
        "Operating Revenue": NaN
    },
    "2022-12-31": {
        "Tax Effect Of Unusual Items": NaN,
        "Tax Rate For Calcs": NaN,
        "Normalized EBITDA": NaN,
        "Total Unusual Items": NaN,
        "Total Unusual Items Excluding Goodwill": NaN,
        "Net Income From Continuing Operation Net Minority Interest": NaN,
        "Reconciled Depreciation": NaN,
        "Reconciled Cost Of Revenue": NaN,
        "EBITDA": NaN,
        "EBIT": NaN,
        "Net Interest Income": NaN,
        "Interest Expense": NaN,
        "Normalized Income": NaN,
        "Net Income From Continuing And Discontinued Operation": NaN,
        "Total Expenses": NaN,
        "Total Operating Income As Reported": NaN,
        "Diluted Average Shares": 82211416.0,
        "Basic Average Shares": 79975516.0,
        "Diluted EPS": 0.473333,
        "Basic EPS": 0.486667,
        "Diluted NI Availto Com Stockholders": NaN,
        "Net Income Common Stockholders": NaN,
        "Net Income": NaN,
        "Net Income Including Noncontrolling Interests": NaN,
        "Net Income Continuous Operations": NaN,
        "Tax Provision": NaN,
        "Pretax Income": NaN,
        "Other Income Expense": NaN,
        "Other Non Operating Income Expenses": NaN,
        "Special Income Charges": NaN,
        "Gain On Sale Of Ppe": NaN,
        "Other Special Charges": NaN,
        "Net Non Operating Interest Income Expense": NaN,
        "Interest Expense Non Operating": NaN,
        "Operating Income": NaN,
        "Operating Expense": NaN,
        "Depreciation Amortization Depletion Income Statement": NaN,
        "Depreciation And Amortization In Income Statement": NaN,
        "Selling General And Administration": NaN,
        "Selling And Marketing Expense": NaN,
        "General And Administrative Expense": NaN,
        "Other Gand A": NaN,
        "Insurance And Claims": NaN,
        "Salaries And Wages": NaN,
        "Gross Profit": NaN,
        "Cost Of Revenue": NaN,
        "Total Revenue": NaN,
        "Operating Revenue": NaN
    },
    "2022-09-30": {
        "Tax Effect Of Unusual Items": 0.0,
        "Tax Rate For Calcs": 0.232598,
        "Normalized EBITDA": 36754000.0,
        "Total Unusual Items": 0.0,
        "Total Unusual Items Excluding Goodwill": 0.0,
        "Net Income From Continuing Operation Net Minority Interest": 27473000.0,
        "Reconciled Depreciation": 9372000.0,
        "Reconciled Cost Of Revenue": 177014000.0,
        "EBITDA": 36754000.0,
        "EBIT": 36754000.0,
        "Net Interest Income": -954000.0,
        "Interest Expense": 954000.0,
        "Normalized Income": 27473000.0,
        "Net Income From Continuing And Discontinued Operation": 27473000.0,
        "Total Expenses": 205905000.0,
        "Total Operating Income As Reported": 36700000.0,
        "Diluted Average Shares": 80938074.0,
        "Basic Average Shares": 79777987.0,
        "Diluted EPS": 0.34,
        "Basic EPS": 0.34,
        "Diluted NI Availto Com Stockholders": 27473000.0,
        "Net Income Common Stockholders": 27473000.0,
        "Net Income": 27473000.0,
        "Net Income Including Noncontrolling Interests": 27473000.0,
        "Net Income Continuous Operations": 27473000.0,
        "Tax Provision": 8327000.0,
        "Pretax Income": 35800000.0,
        "Other Income Expense": 54000.0,
        "Other Non Operating Income Expenses": 54000.0,
        "Special Income Charges": 0.0,
        "Gain On Sale Of Ppe": 0.0,
        "Other Special Charges": NaN,
        "Net Non Operating Interest Income Expense": -954000.0,
        "Interest Expense Non Operating": 954000.0,
        "Operating Income": 36700000.0,
        "Operating Expense": 28891000.0,
        "Depreciation Amortization Depletion Income Statement": 2015000.0,
        "Depreciation And Amortization In Income Statement": 2015000.0,
        "Selling General And Administration": 28891000.0,
        "Selling And Marketing Expense": 375000.0,
        "General And Administrative Expense": 26501000.0,
        "Other Gand A": 8674000.0,
        "Insurance And Claims": 902000.0,
        "Salaries And Wages": 16925000.0,
        "Gross Profit": 65591000.0,
        "Cost Of Revenue": 177014000.0,
        "Total Revenue": 242605000.0,
        "Operating Revenue": 242605000.0
    },
    "2022-06-30": {
        "Tax Effect Of Unusual Items": 2080.0,
        "Tax Rate For Calcs": 0.208,
        "Normalized EBITDA": 29963000.0,
        "Total Unusual Items": 10000.0,
        "Total Unusual Items Excluding Goodwill": 10000.0,
        "Net Income From Continuing Operation Net Minority Interest": 15946000.0,
        "Reconciled Depreciation": 9300000.0,
        "Reconciled Cost Of Revenue": 154200000.0,
        "EBITDA": 29973000.0,
        "EBIT": 20673000.0,
        "Net Interest Income": -550000.0,
        "Interest Expense": 550000.0,
        "Normalized Income": 15938080.0,
        "Net Income From Continuing And Discontinued Operation": 15946000.0,
        "Total Expenses": 188371000.0,
        "Total Operating Income As Reported": 20453000.0,
        "Diluted Average Shares": 80492814.0,
        "Basic Average Shares": 79642929.0,
        "Diluted EPS": 0.2,
        "Basic EPS": 0.2,
        "Diluted NI Availto Com Stockholders": 15946000.0,
        "Net Income Common Stockholders": 15946000.0,
        "Net Income": 15946000.0,
        "Net Income Including Noncontrolling Interests": 15946000.0,
        "Net Income Continuous Operations": 15946000.0,
        "Tax Provision": 4177000.0,
        "Pretax Income": 20123000.0,
        "Other Income Expense": 230000.0,
        "Other Non Operating Income Expenses": 220000.0,
        "Special Income Charges": 10000.0,
        "Gain On Sale Of Ppe": 10000.0,
        "Other Special Charges": NaN,
        "Net Non Operating Interest Income Expense": -550000.0,
        "Interest Expense Non Operating": 550000.0,
        "Operating Income": 20443000.0,
        "Operating Expense": 26933000.0,
        "Depreciation Amortization Depletion Income Statement": 2062000.0,
        "Depreciation And Amortization In Income Statement": 2062000.0,
        "Selling General And Administration": 24871000.0,
        "Selling And Marketing Expense": 1290000.0,
        "General And Administrative Expense": 23581000.0,
        "Other Gand A": 8172000.0,
        "Insurance And Claims": 866000.0,
        "Salaries And Wages": 14543000.0,
        "Gross Profit": 47376000.0,
        "Cost Of Revenue": 161438000.0,
        "Total Revenue": 208814000.0,
        "Operating Revenue": 204255000.0
    },
    "2023-06-30": {
        "Tax Effect Of Unusual Items": NaN,
        "Tax Rate For Calcs": NaN,
        "Normalized EBITDA": NaN,
        "Total Unusual Items": NaN,
        "Total Unusual Items Excluding Goodwill": NaN,
        "Net Income From Continuing Operation Net Minority Interest": NaN,
        "Reconciled Depreciation": NaN,
        "Reconciled Cost Of Revenue": NaN,
        "EBITDA": NaN,
        "EBIT": NaN,
        "Net Interest Income": NaN,
        "Interest Expense": NaN,
        "Normalized Income": NaN,
        "Net Income From Continuing And Discontinued Operation": NaN,
        "Total Expenses": NaN,
        "Total Operating Income As Reported": NaN,
        "Diluted Average Shares": 83469581.0,
        "Basic Average Shares": 81439691.0,
        "Diluted EPS": 0.55,
        "Basic EPS": 0.56,
        "Diluted NI Availto Com Stockholders": NaN,
        "Net Income Common Stockholders": NaN,
        "Net Income": NaN,
        "Net Income Including Noncontrolling Interests": NaN,
        "Net Income Continuous Operations": NaN,
        "Tax Provision": NaN,
        "Pretax Income": NaN,
        "Other Income Expense": NaN,
        "Other Non Operating Income Expenses": NaN,
        "Special Income Charges": NaN,
        "Gain On Sale Of Ppe": NaN,
        "Net Non Operating Interest Income Expense": NaN,
        "Interest Expense Non Operating": NaN,
        "Operating Income": NaN,
        "Operating Expense": NaN,
        "Depreciation Amortization Depletion Income Statement": NaN,
        "Depreciation And Amortization In Income Statement": NaN,
        "Selling General And Administration": NaN,
        "Selling And Marketing Expense": NaN,
        "General And Administrative Expense": NaN,
        "Other Gand A": NaN,
        "Insurance And Claims": NaN,
        "Salaries And Wages": NaN,
        "Gross Profit": NaN,
        "Cost Of Revenue": NaN,
        "Total Revenue": NaN,
        "Operating Revenue": NaN
    },
    "2022-03-31": {
        "Diluted EPS": 0.33,
        "Total Revenue": 183,
        "Gross Profit": 46,
        "Operating Income": 23,
        "EBIT": 30,
        "Net Income": 18
    },
    "2021-12-31": {
        "Diluted EPS": 0.12,
        "Total Revenue": 136,
        "Gross Profit": 27,
        "Operating Income": 5,
        "EBIT": 13,
        "Net Income": 6
    },
    "2021-09-30": {
        "Diluted EPS": 0.29,
        "Total Revenue": 139,
        "Gross Profit": 36,
        "Operating Income": 20,
        "EBIT": 28,
        "Net Income": 16
    },
    "2021-06-30": {
        "Diluted EPS": 0.38,
        "Total Revenue": 144,
        "Gross Profit": 42,
        "Operating Income": 25,
        "EBIT": 33,
        "Net Income": 21
    },
    "2021-03-31": {
        "Diluted EPS": 0.3,
        "Total Revenue": 116,
        "Gross Profit": 33,
        "Operating Income": 18,
        "EBIT": 26,
        "Net Income": 16
    },
    "2020-12-31": {
        "Diluted EPS": 0.36,
        "Total Revenue": 117,
        "Gross Profit": 34,
        "Operating Income": 26,
        "EBIT": 32,
        "Net Income": 19
    },
    "2020-09-30": {
        "Diluted EPS": 0.38,
        "Total Revenue": 135,
        "Gross Profit": 41,
        "Operating Income": 26,
        "EBIT": 33,
        "Net Income": 20
    },
    "2020-06-30": {
        "Diluted EPS": 0.34,
        "Total Revenue": 126,
        "Gross Profit": 38,
        "Operating Income": 22,
        "EBIT": 29,
        "Net Income": 18
    },
    "2020-03-31": {
        "Diluted EPS": 0.41,
        "Total Revenue": 137,
        "Gross Profit": 43,
        "Operating Income": 28,
        "EBIT": 34,
        "Net Income": 22
    },
    "2019-12-31": {
        "Diluted EPS": 0.34,
        "Total Revenue": 123,
        "Gross Profit": 36,
        "Operating Income": 23,
        "EBIT": 28,
        "Net Income": 17
    },
    "2019-09-30": {
        "Diluted EPS": 0.26,
        "Total Revenue": 114,
        "Gross Profit": 27,
        "Operating Income": 15,
        "EBIT": 21,
        "Net Income": 14
    },
    "2019-06-30": {
        "Diluted EPS": 0.25,
        "Total Revenue": 119,
        "Gross Profit": 30,
        "Operating Income": 17,
        "EBIT": 23,
        "Net Income": 13
    },
    "2019-03-31": {
        "Diluted EPS": 0.17,
        "Total Revenue": 114,
        "Gross Profit": 25,
        "Operating Income": 11,
        "EBIT": 17,
        "Net Income": 9
    },
    "2018-12-31": {
        "Diluted EPS": 0.23,
        "Total Revenue": 112,
        "Gross Profit": 28,
        "Operating Income": 16,
        "EBIT": 21,
        "Net Income": 12
    },
    "2018-09-30": {
        "Diluted EPS": 0.27,
        "Total Revenue": 113,
        "Gross Profit": 33,
        "Operating Income": 20,
        "EBIT": 24,
        "Net Income": 14
    },
    "2018-06-30": {
        "Diluted EPS": 0.22,
        "Total Revenue": 110,
        "Gross Profit": 28,
        "Operating Income": 14,
        "EBIT": 19,
        "Net Income": 12
    },
    "2018-03-31": {
        "Diluted EPS": 0.08,
        "Total Revenue": 99,
        "Gross Profit": 15,
        "Operating Income": 5,
        "EBIT": 9,
        "Net Income": 4
    },
    "2017-12-31": {
        "Diluted EPS": 0.28,
        "Total Revenue": 104,
        "Gross Profit": 31,
        "Operating Income": 17,
        "EBIT": 21,
        "Net Income": 15
    },
    "2017-09-30": {
        "Diluted EPS": 0.28,
        "Total Revenue": 114,
        "Gross Profit": 36,
        "Operating Income": 23,
        "EBIT": 26,
        "Net Income": 15
    },
    "2017-06-30": {
        "Diluted EPS": 0.26,
        "Total Revenue": 101,
        "Gross Profit": 32,
        "Operating Income": 20,
        "EBIT": 23,
        "Net Income": 14
    },
    "2017-03-31": {
        "Diluted EPS": 0.19,
        "Total Revenue": 86,
        "Gross Profit": 25,
        "Operating Income": 14,
        "EBIT": 18,
        "Net Income": 10
    },
    "2016-12-31": {
        "Diluted EPS": 0.22,
        "Total Revenue": 92,
        "Gross Profit": 27,
        "Operating Income": 18,
        "EBIT": 21,
        "Net Income": 11
    },
    "2016-09-30": {
        "Diluted EPS": 0.29,
        "Total Revenue": 105,
        "Gross Profit": 33,
        "Operating Income": 23,
        "EBIT": 26,
        "Net Income": 16
    },
    "2016-06-30": {
        "Diluted EPS": 0.27,
        "Total Revenue": 102,
        "Gross Profit": 33,
        "Operating Income": 22,
        "EBIT": 25,
        "Net Income": 15
    },
    "2016-03-31": {
        "Diluted EPS": 0.22,
        "Total Revenue": 85,
        "Gross Profit": 26,
        "Operating Income": 17,
        "EBIT": 20,
        "Net Income": 12
    },
    "2015-12-31": {
        "Diluted EPS": 0.25,
        "Total Revenue": 97,
        "Gross Profit": 30,
        "Operating Income": 20,
        "EBIT": 23,
        "Net Income": 13
    },
    "2015-09-30": {
        "Diluted EPS": 0.24,
        "Total Revenue": 94,
        "Gross Profit": 30,
        "Operating Income": 20,
        "EBIT": 23,
        "Net Income": 13
    },
    "2015-06-30": {
        "Diluted EPS": 0.2,
        "Total Revenue": 90,
        "Gross Profit": 27,
        "Operating Income": 18,
        "EBIT": 21,
        "Net Income": 11
    },
    "2015-03-31": {
        "Diluted EPS": 0.15,
        "Total Revenue": 77,
        "Gross Profit": 22,
        "Operating Income": 13,
        "EBIT": 16,
        "Net Income": 8
    },
    "2014-12-31": {
        "Diluted EPS": 0.2,
        "Total Revenue": 85,
        "Gross Profit": 25,
        "Operating Income": 17,
        "EBIT": 20,
        "Net Income": 11
    },
    "2014-09-30": {
        "Diluted EPS": 0.22,
        "Total Revenue": 103,
        "Gross Profit": 33,
        "Operating Income": 20,
        "EBIT": 23,
        "Net Income": 12
    },
    "2014-06-30": {
        "Diluted EPS": 0.2,
        "Total Revenue": 92,
        "Gross Profit": 28,
        "Operating Income": 17,
        "EBIT": 20,
        "Net Income": 11
    },
    "2014-03-31": {
        "Diluted EPS": 0.18,
        "Total Revenue": 76,
        "Gross Profit": 22,
        "Operating Income": 14,
        "EBIT": 17,
        "Net Income": 10
    },
    "2013-12-31": {
        "Diluted EPS": 0.14,
        "Total Revenue": 73,
        "Gross Profit": 20,
        "Operating Income": 12,
        "EBIT": 15,
        "Net Income": 8
    },
    "2013-09-30": {
        "Diluted EPS": 0.19,
        "Total Revenue": 90,
        "Gross Profit": 27,
        "Operating Income": 17,
        "EBIT": 20,
        "Net Income": 11
    },
    "2013-06-30": {
        "Diluted EPS": 0.22,
        "Total Revenue": 91,
        "Gross Profit": 28,
        "Operating Income": 19,
        "EBIT": 22,
        "Net Income": 12
    },
    "2013-03-31": {
        "Diluted EPS": 0.13,
        "Total Revenue": 67,
        "Gross Profit": 15,
        "Operating Income": 8,
        "EBIT": 12,
        "Net Income": 7
    },
    "2012-12-31": {
        "Diluted EPS": 0.14,
        "Total Revenue": 78,
        "Gross Profit": 19,
        "Operating Income": 12,
        "EBIT": 15,
        "Net Income": 8
    },
    "2012-09-30": {
        "Diluted EPS": 0.11,
        "Total Revenue": 77,
        "Gross Profit": 17,
        "Operating Income": 10,
        "EBIT": 14,
        "Net Income": 6
    },
    "2012-06-30": {
        "Diluted EPS": 0.17,
        "Total Revenue": 83,
        "Gross Profit": 21,
        "Operating Income": 14,
        "EBIT": 18,
        "Net Income": 9
    },
    "2012-03-31": {
        "Diluted EPS": 0.08,
        "Total Revenue": 65,
        "Gross Profit": 14,
        "Operating Income": 8,
        "EBIT": 11,
        "Net Income": 5
    },
    "2011-12-31": {
        "Diluted EPS": 0.01,
        "Total Revenue": 63,
        "Gross Profit": 9,
        "Operating Income": 1,
        "EBIT": 4,
        "Net Income": 1
    },
    "2011-09-30": {
        "Diluted EPS": 0.1,
        "Total Revenue": 74,
        "Gross Profit": 14,
        "Operating Income": 9,
        "EBIT": 12,
        "Net Income": 6
    },
    "2011-06-30": {
        "Diluted EPS": 0.07,
        "Total Revenue": 69,
        "Gross Profit": 12,
        "Operating Income": 6,
        "EBIT": 9,
        "Net Income": 4
    },
    "2011-03-31": {
        "Diluted EPS": 0.07,
        "Total Revenue": 60,
        "Gross Profit": 12,
        "Operating Income": 6,
        "EBIT": 9,
        "Net Income": 4
    },
    "2010-12-31": {
        "Diluted EPS": 0.1,
        "Total Revenue": 66,
        "Gross Profit": 14,
        "Operating Income": 8,
        "EBIT": 11,
        "Net Income": 6
    },
    "2010-09-30": {
        "Diluted EPS": 0.09,
        "Total Revenue": 65,
        "Gross Profit": 12,
        "Operating Income": 7,
        "EBIT": 10,
        "Net Income": 5
    },
    "2010-06-30": {
        "Diluted EPS": 0.1,
        "Total Revenue": 65,
        "Gross Profit": 16,
        "Operating Income": 9,
        "EBIT": 11,
        "Net Income": 6
    },
    "2010-03-31": {
        "Diluted EPS": 0.09,
        "Total Revenue": 49,
        "Gross Profit": 13,
        "Operating Income": 8,
        "EBIT": 11,
        "Net Income": 5
    },
    "2009-12-31": {
        "Diluted EPS": 0.11,
        "Total Revenue": 54,
        "Gross Profit": 15,
        "Operating Income": 10,
        "EBIT": 12,
        "Net Income": 6
    },
    "2009-09-30": {
        "Diluted EPS": 0.13,
        "Total Revenue": 58,
        "Gross Profit": 18,
        "Operating Income": 12,
        "EBIT": 15,
        "Net Income": 8
    },
    "2009-06-30": {
        "Diluted EPS": 0.12,
        "Total Revenue": 69,
        "Gross Profit": 18,
        "Operating Income": 11,
        "EBIT": 14,
        "Net Income": 7
    },
    "2009-03-31": {
        "Diluted EPS": 0.12,
        "Total Revenue": 64,
        "Gross Profit": 17,
        "Operating Income": 10,
        "EBIT": 13,
        "Net Income": 7
    },
    "2023-09-30": {
        "Tax Effect Of Unusual Items": NaN,
        "Tax Rate For Calcs": NaN,
        "Normalized EBITDA": NaN,
        "Total Unusual Items": NaN,
        "Total Unusual Items Excluding Goodwill": NaN,
        "Net Income From Continuing Operation Net Minority Interest": NaN,
        "Reconciled Depreciation": NaN,
        "Reconciled Cost Of Revenue": NaN,
        "EBITDA": NaN,
        "EBIT": NaN,
        "Net Interest Income": NaN,
        "Interest Expense": NaN,
        "Normalized Income": NaN,
        "Net Income From Continuing And Discontinued Operation": NaN,
        "Total Expenses": NaN,
        "Total Operating Income As Reported": NaN,
        "Diluted Average Shares": 83393054.0,
        "Basic Average Shares": 81418800.0,
        "Diluted EPS": 0.58,
        "Basic EPS": 0.59,
        "Diluted NI Availto Com Stockholders": NaN,
        "Net Income Common Stockholders": NaN,
        "Net Income": NaN,
        "Net Income Including Noncontrolling Interests": NaN,
        "Net Income Continuous Operations": NaN,
        "Tax Provision": NaN,
        "Pretax Income": NaN,
        "Other Income Expense": NaN,
        "Other Non Operating Income Expenses": NaN,
        "Special Income Charges": NaN,
        "Gain On Sale Of Ppe": NaN,
        "Net Non Operating Interest Income Expense": NaN,
        "Interest Expense Non Operating": NaN,
        "Operating Income": NaN,
        "Operating Expense": NaN,
        "Depreciation Amortization Depletion Income Statement": NaN,
        "Depreciation And Amortization In Income Statement": NaN,
        "Selling General And Administration": NaN,
        "Selling And Marketing Expense": NaN,
        "General And Administrative Expense": NaN,
        "Other Gand A": NaN,
        "Insurance And Claims": NaN,
        "Salaries And Wages": NaN,
        "Gross Profit": NaN,
        "Cost Of Revenue": NaN,
        "Total Revenue": NaN,
        "Operating Revenue": NaN
    },
    "2023-12-31": {
        "Tax Effect Of Unusual Items": 0.0,
        "Tax Rate For Calcs": 0.254764,
        "Normalized EBITDA": 67966000.0,
        "Total Unusual Items": 0.0,
        "Total Unusual Items Excluding Goodwill": 0.0,
        "Net Income From Continuing Operation Net Minority Interest": 47049000.0,
        "Reconciled Depreciation": 158000.0,
        "Reconciled Cost Of Revenue": 198690000.0,
        "EBITDA": 67966000.0,
        "EBIT": 64017000.0,
        "Net Interest Income": -884000.0,
        "Interest Expense": 884000.0,
        "Normalized Income": 47049000.0,
        "Net Income From Continuing And Discontinued Operation": 47049000.0,
        "Total Expenses": 242754000.0,
        "Total Operating Income As Reported": 63884000.0,
        "Diluted Average Shares": NaN,
        "Basic Average Shares": NaN,
        "Diluted EPS": NaN,
        "Basic EPS": NaN,
        "Diluted NI Availto Com Stockholders": 47049000.0,
        "Net Income Common Stockholders": 47049000.0,
        "Net Income": 47049000.0,
        "Net Income Including Noncontrolling Interests": 47049000.0,
        "Net Income Continuous Operations": 47049000.0,
        "Tax Provision": 16084000.0,
        "Pretax Income": 63133000.0,
        "Other Income Expense": 133000.0,
        "Other Non Operating Income Expenses": 133000.0,
        "Special Income Charges": 0.0,
        "Gain On Sale Of Ppe": 0.0,
        "Net Non Operating Interest Income Expense": -884000.0,
        "Interest Expense Non Operating": 884000.0,
        "Operating Income": 63884000.0,
        "Operating Expense": 47855000.0,
        "Depreciation Amortization Depletion Income Statement": 3949000.0,
        "Depreciation And Amortization In Income Statement": 3949000.0,
        "Selling General And Administration": 43906000.0,
        "Selling And Marketing Expense": 89000.0,
        "General And Administrative Expense": 43817000.0,
        "Other Gand A": 18934000.0,
        "Insurance And Claims": 1520000.0,
        "Salaries And Wages": 23363000.0,
        "Gross Profit": 111739000.0,
        "Cost Of Revenue": 194899000.0,
        "Total Revenue": 306638000.0,
        "Operating Revenue": 277594000.0
    },
    "2024-03-31": {
        "Tax Effect Of Unusual Items": 2656.0,
        "Tax Rate For Calcs": 0.166,
        "Normalized EBITDA": 50901000.0,
        "Total Unusual Items": 16000.0,
        "Total Unusual Items Excluding Goodwill": 16000.0,
        "Net Income From Continuing Operation Net Minority Interest": 39016000.0,
        "Reconciled Depreciation": 12000.0,
        "Reconciled Cost Of Revenue": 173715000.0,
        "EBITDA": 50917000.0,
        "EBIT": 47047000.0,
        "Net Interest Income": -239000.0,
        "Interest Expense": 239000.0,
        "Normalized Income": 39002656.0,
        "Net Income From Continuing And Discontinued Operation": 39016000.0,
        "Total Expenses": 215145000.0,
        "Total Operating Income As Reported": 46970000.0,
        "Diluted Average Shares": 84044670.0,
        "Basic Average Shares": 81661972.0,
        "Diluted EPS": 0.46,
        "Basic EPS": 0.48,
        "Diluted NI Availto Com Stockholders": 39016000.0,
        "Net Income Common Stockholders": 39016000.0,
        "Net Income": 39016000.0,
        "Net Income Including Noncontrolling Interests": 39016000.0,
        "Net Income Continuous Operations": 39016000.0,
        "Tax Provision": 7792000.0,
        "Pretax Income": 46808000.0,
        "Other Income Expense": 93000.0,
        "Other Non Operating Income Expenses": 77000.0,
        "Special Income Charges": 16000.0,
        "Gain On Sale Of Ppe": 16000.0,
        "Net Non Operating Interest Income Expense": -239000.0,
        "Interest Expense Non Operating": 239000.0,
        "Operating Income": 46954000.0,
        "Operating Expense": 45288000.0,
        "Depreciation Amortization Depletion Income Statement": 3870000.0,
        "Depreciation And Amortization In Income Statement": 3870000.0,
        "Selling General And Administration": 41418000.0,
        "Selling And Marketing Expense": 599000.0,
        "General And Administrative Expense": 40819000.0,
        "Other Gand A": 16194000.0,
        "Insurance And Claims": 1971000.0,
        "Salaries And Wages": 22654000.0,
        "Gross Profit": 92242000.0,
        "Cost Of Revenue": 169857000.0,
        "Total Revenue": 262099000.0,
        "Operating Revenue": 262099000.0
    },
    "2024-06-30": {
        "Tax Effect Of Unusual Items": 0.0,
        "Tax Rate For Calcs": 0.221,
        "Normalized EBITDA": 71640000.0,
        "Total Unusual Items": 0.0,
        "Total Unusual Items Excluding Goodwill": 0.0,
        "Net Income From Continuing Operation Net Minority Interest": 52228000.0,
        "Reconciled Depreciation": 61000.0,
        "Reconciled Cost Of Revenue": 204677000.0,
        "EBITDA": 71640000.0,
        "EBIT": 67374000.0,
        "Net Interest Income": -367000.0,
        "Interest Expense": 367000.0,
        "Normalized Income": 52228000.0,
        "Net Income From Continuing And Discontinued Operation": 52228000.0,
        "Total Expenses": 246367000.0,
        "Total Operating Income As Reported": 67199000.0,
        "Diluted Average Shares": 83786222.0,
        "Basic Average Shares": 81791792.0,
        "Diluted EPS": 0.62,
        "Basic EPS": 0.64,
        "Diluted NI Availto Com Stockholders": 52228000.0,
        "Net Income Common Stockholders": 52228000.0,
        "Net Income": 52228000.0,
        "Net Income Including Noncontrolling Interests": 52228000.0,
        "Net Income Continuous Operations": 52228000.0,
        "Tax Provision": 14779000.0,
        "Pretax Income": 67007000.0,
        "Other Income Expense": 175000.0,
        "Other Non Operating Income Expenses": 175000.0,
        "Special Income Charges": 0.0,
        "Gain On Sale Of Ppe": 0.0,
        "Net Non Operating Interest Income Expense": -367000.0,
        "Interest Expense Non Operating": 367000.0,
        "Operating Income": 67199000.0,
        "Operating Expense": 45895000.0,
        "Depreciation Amortization Depletion Income Statement": 4266000.0,
        "Depreciation And Amortization In Income Statement": 4266000.0,
        "Selling General And Administration": 41629000.0,
        "Selling And Marketing Expense": 1005000.0,
        "General And Administrative Expense": 40624000.0,
        "Other Gand A": 15180000.0,
        "Insurance And Claims": 2037000.0,
        "Salaries And Wages": 23407000.0,
        "Gross Profit": 113094000.0,
        "Cost Of Revenue": 200472000.0,
        "Total Revenue": 313566000.0,
        "Operating Revenue": 313566000.0
    },
    "2024-09-30": {
        "Tax Effect Of Unusual Items": -184.0,
        "Tax Rate For Calcs": 0.184,
        "Normalized EBITDA": 71437000.0,
        "Total Unusual Items": -1000.0,
        "Total Unusual Items Excluding Goodwill": -1000.0,
        "Net Income From Continuing Operation Net Minority Interest": 52625000.0,
        "Reconciled Depreciation": 60000.0,
        "Reconciled Cost Of Revenue": 218869000.0,
        "EBITDA": 71436000.0,
        "EBIT": 65601000.0,
        "Net Interest Income": -1091000.0,
        "Interest Expense": 1091000.0,
        "Normalized Income": 52625816.0,
        "Net Income From Continuing And Discontinued Operation": 52625000.0,
        "Total Expenses": 261731000.0,
        "Total Operating Income As Reported": 65520000.0,
        "Diluted Average Shares": 83107077.0,
        "Basic Average Shares": 81089476.0,
        "Diluted EPS": 0.63,
        "Basic EPS": 0.65,
        "Diluted NI Availto Com Stockholders": 52625000.0,
        "Net Income Common Stockholders": 52625000.0,
        "Net Income": 52625000.0,
        "Net Income Including Noncontrolling Interests": 52625000.0,
        "Net Income Continuous Operations": 52625000.0,
        "Tax Provision": 11885000.0,
        "Pretax Income": 64510000.0,
        "Other Income Expense": 80000.0,
        "Other Non Operating Income Expenses": 81000.0,
        "Special Income Charges": -1000.0,
        "Gain On Sale Of Ppe": -1000.0,
        "Net Non Operating Interest Income Expense": -1091000.0,
        "Interest Expense Non Operating": 1091000.0,
        "Operating Income": 65521000.0,
        "Operating Expense": 48637000.0,
        "Depreciation Amortization Depletion Income Statement": 5835000.0,
        "Depreciation And Amortization In Income Statement": 5835000.0,
        "Selling General And Administration": 42802000.0,
        "Selling And Marketing Expense": 1012000.0,
        "General And Administrative Expense": 41790000.0,
        "Other Gand A": 15620000.0,
        "Insurance And Claims": 2148000.0,
        "Salaries And Wages": 24022000.0,
        "Gross Profit": 114158000.0,
        "Cost Of Revenue": 213094000.0,
        "Total Revenue": 327252000.0,
        "Operating Revenue": 327252000.0
    },
    "2024-12-31": {
        "Tax Effect Of Unusual Items": 1012.099342,
        "Tax Rate For Calcs": 0.126512,
        "Normalized EBITDA": 36037000.0,
        "Total Unusual Items": 8000.0,
        "Total Unusual Items Excluding Goodwill": 8000.0,
        "Net Income From Continuing Operation Net Minority Interest": 24690000.0,
        "Reconciled Depreciation": 56000.0,
        "Reconciled Cost Of Revenue": 226618000.0,
        "EBITDA": 36045000.0,
        "EBIT": 29474000.0,
        "Net Interest Income": -1208000.0,
        "Interest Expense": 1208000.0,
        "Normalized Income": 24683012.099342,
        "Net Income From Continuing And Discontinued Operation": 24690000.0,
        "Total Expenses": 268297000.0,
        "Total Operating Income As Reported": 29429000.0,
        "Diluted Average Shares": 83575989.0,
        "Basic Average Shares": 81345236.0,
        "Diluted EPS": 0.3,
        "Basic EPS": 0.3,
        "Diluted NI Availto Com Stockholders": 24690000.0,
        "Net Income Common Stockholders": 24690000.0,
        "Net Income": 24690000.0,
        "Net Income Including Noncontrolling Interests": 24690000.0,
        "Net Income Continuous Operations": 24690000.0,
        "Tax Provision": 3576000.0,
        "Pretax Income": 28266000.0,
        "Other Income Expense": 53000.0,
        "Other Non Operating Income Expenses": 45000.0,
        "Special Income Charges": 8000.0,
        "Gain On Sale Of Ppe": 8000.0,
        "Net Non Operating Interest Income Expense": -1208000.0,
        "Interest Expense Non Operating": 1208000.0,
        "Operating Income": 29421000.0,
        "Operating Expense": 48194000.0,
        "Depreciation Amortization Depletion Income Statement": 6571000.0,
        "Depreciation And Amortization In Income Statement": 6571000.0,
        "Selling General And Administration": 41623000.0,
        "Selling And Marketing Expense": 665000.0,
        "General And Administrative Expense": 40958000.0,
        "Other Gand A": 20402000.0,
        "Insurance And Claims": 2147000.0,
        "Salaries And Wages": 18409000.0,
        "Gross Profit": 77615000.0,
        "Cost Of Revenue": 220103000.0,
        "Total Revenue": 297718000.0,
        "Operating Revenue": 297718000.0
    }
}