{
    "2023-06-30": {
        "Tax Effect Of Unusual Items": NaN,
        "Tax Rate For Calcs": NaN,
        "Total Unusual Items": 0.0,
        "Total Unusual Items Excluding Goodwill": 0.0,
        "Net Income From Continuing Operation Net Minority Interest": NaN,
        "Reconciled Depreciation": NaN,
        "Net Interest Income": NaN,
        "Interest Expense": NaN,
        "Interest Income": NaN,
        "Normalized Income": NaN,
        "Net Income From Continuing And Discontinued Operation": NaN,
        "Diluted Average Shares": NaN,
        "Basic Average Shares": NaN,
        "Diluted EPS": NaN,
        "Basic EPS": NaN,
        "Diluted NI Availto Com Stockholders": NaN,
        "Net Income Common Stockholders": NaN,
        "Net Income": NaN,
        "Net Income Including Noncontrolling Interests": NaN,
        "Net Income Continuous Operations": NaN,
        "Tax Provision": NaN,
        "Pretax Income": NaN,
        "Special Income Charges": 0.0,
        "Restructuring And Mergern Acquisition": 0.0,
        "Gain On Sale Of Security": NaN,
        "Depreciation Amortization Depletion Income Statement": NaN,
        "Depreciation And Amortization In Income Statement": NaN,
        "Amortization": NaN,
        "Amortization Of Intangibles Income Statement": NaN,
        "Selling General And Administration": NaN,
        "Selling And Marketing Expense": NaN,
        "General And Administrative Expense": NaN,
        "Salaries And Wages": NaN,
        "Total Revenue": NaN,
        "Operating Revenue": NaN,
        "Occupancy And Equipment": NaN,
        "Other Non Interest Expense": NaN
    },
    "2023-03-31": {
        "Tax Effect Of Unusual Items": NaN,
        "Tax Rate For Calcs": NaN,
        "Total Unusual Items": 0.0,
        "Total Unusual Items Excluding Goodwill": 0.0,
        "Net Income From Continuing Operation Net Minority Interest": NaN,
        "Reconciled Depreciation": NaN,
        "Net Interest Income": NaN,
        "Interest Expense": NaN,
        "Interest Income": NaN,
        "Normalized Income": NaN,
        "Net Income From Continuing And Discontinued Operation": NaN,
        "Diluted Average Shares": NaN,
        "Basic Average Shares": NaN,
        "Diluted EPS": NaN,
        "Basic EPS": NaN,
        "Diluted NI Availto Com Stockholders": NaN,
        "Net Income Common Stockholders": NaN,
        "Net Income": NaN,
        "Net Income Including Noncontrolling Interests": NaN,
        "Net Income Continuous Operations": NaN,
        "Tax Provision": NaN,
        "Pretax Income": NaN,
        "Special Income Charges": 0.0,
        "Restructuring And Mergern Acquisition": 0.0,
        "Gain On Sale Of Security": NaN,
        "Depreciation Amortization Depletion Income Statement": NaN,
        "Depreciation And Amortization In Income Statement": NaN,
        "Amortization": NaN,
        "Amortization Of Intangibles Income Statement": NaN,
        "Selling General And Administration": NaN,
        "Selling And Marketing Expense": NaN,
        "General And Administrative Expense": NaN,
        "Salaries And Wages": NaN,
        "Total Revenue": NaN,
        "Operating Revenue": NaN,
        "Occupancy And Equipment": NaN,
        "Other Non Interest Expense": NaN
    },
    "2022-12-31": {
        "Tax Effect Of Unusual Items": NaN,
        "Tax Rate For Calcs": NaN,
        "Total Unusual Items": -235000.0,
        "Total Unusual Items Excluding Goodwill": -235000.0,
        "Net Income From Continuing Operation Net Minority Interest": NaN,
        "Reconciled Depreciation": NaN,
        "Net Interest Income": NaN,
        "Interest Expense": NaN,
        "Interest Income": NaN,
        "Normalized Income": NaN,
        "Net Income From Continuing And Discontinued Operation": NaN,
        "Diluted Average Shares": NaN,
        "Basic Average Shares": NaN,
        "Diluted EPS": NaN,
        "Basic EPS": NaN,
        "Diluted NI Availto Com Stockholders": NaN,
        "Net Income Common Stockholders": NaN,
        "Net Income": NaN,
        "Net Income Including Noncontrolling Interests": NaN,
        "Net Income Continuous Operations": NaN,
        "Tax Provision": NaN,
        "Pretax Income": NaN,
        "Special Income Charges": -235000.0,
        "Restructuring And Mergern Acquisition": 235000.0,
        "Gain On Sale Of Security": NaN,
        "Depreciation Amortization Depletion Income Statement": NaN,
        "Depreciation And Amortization In Income Statement": NaN,
        "Amortization": NaN,
        "Amortization Of Intangibles Income Statement": NaN,
        "Selling General And Administration": NaN,
        "Selling And Marketing Expense": NaN,
        "General And Administrative Expense": NaN,
        "Salaries And Wages": NaN,
        "Total Revenue": NaN,
        "Operating Revenue": NaN,
        "Occupancy And Equipment": NaN,
        "Other Non Interest Expense": NaN
    },
    "2022-09-30": {
        "Tax Effect Of Unusual Items": 0.0,
        "Tax Rate For Calcs": 0.236,
        "Total Unusual Items": 0.0,
        "Total Unusual Items Excluding Goodwill": 0.0,
        "Net Income From Continuing Operation Net Minority Interest": 92555000.0,
        "Reconciled Depreciation": 4710000.0,
        "Net Interest Income": 212981000.0,
        "Interest Expense": 21321000.0,
        "Interest Income": 234302000.0,
        "Normalized Income": 92555000.0,
        "Net Income From Continuing And Discontinued Operation": 92555000.0,
        "Diluted Average Shares": 69327000.0,
        "Basic Average Shares": 69125000.0,
        "Diluted EPS": 1.34,
        "Basic EPS": 1.34,
        "Diluted NI Availto Com Stockholders": 92555000.0,
        "Net Income Common Stockholders": 92555000.0,
        "Net Income": 92555000.0,
        "Net Income Including Noncontrolling Interests": 92555000.0,
        "Net Income Continuous Operations": 92555000.0,
        "Tax Provision": 28520000.0,
        "Pretax Income": 121075000.0,
        "Special Income Charges": 0.0,
        "Restructuring And Mergern Acquisition": 0.0,
        "Gain On Sale Of Security": -21000.0,
        "Depreciation Amortization Depletion Income Statement": 4710000.0,
        "Depreciation And Amortization In Income Statement": 4710000.0,
        "Amortization": 4710000.0,
        "Amortization Of Intangibles Income Statement": 4710000.0,
        "Selling General And Administration": 82250000.0,
        "Selling And Marketing Expense": 3553000.0,
        "General And Administrative Expense": 78697000.0,
        "Other Gand A": 12015000.0,
        "Salaries And Wages": 78697000.0,
        "Total Revenue": 278179000.0,
        "Operating Revenue": 278179000.0
    },
    "2022-06-30": {
        "Tax Effect Of Unusual Items": 0.0,
        "Tax Rate For Calcs": 0.237,
        "Total Unusual Items": 0.0,
        "Total Unusual Items Excluding Goodwill": 0.0,
        "Net Income From Continuing Operation Net Minority Interest": 90066000.0,
        "Reconciled Depreciation": 5144000.0,
        "Net Interest Income": 191364000.0,
        "Interest Expense": 11204000.0,
        "Interest Income": 202568000.0,
        "Normalized Income": 90066000.0,
        "Net Income From Continuing And Discontinued Operation": 90066000.0,
        "Diluted Average Shares": 69316000.0,
        "Basic Average Shares": 69136000.0,
        "Diluted EPS": 1.3,
        "Basic EPS": 1.3,
        "Diluted NI Availto Com Stockholders": 90066000.0,
        "Net Income Common Stockholders": 90066000.0,
        "Net Income": 90066000.0,
        "Net Income Including Noncontrolling Interests": 90066000.0,
        "Net Income Continuous Operations": 90066000.0,
        "Tax Provision": 28019000.0,
        "Pretax Income": 118085000.0,
        "Special Income Charges": 0.0,
        "Restructuring And Mergern Acquisition": 0.0,
        "Gain On Sale Of Security": 248000.0,
        "Depreciation Amortization Depletion Income Statement": 5144000.0,
        "Depreciation And Amortization In Income Statement": 5144000.0,
        "Amortization": 5144000.0,
        "Amortization Of Intangibles Income Statement": 5144000.0,
        "Selling General And Administration": 84667000.0,
        "Selling And Marketing Expense": 3122000.0,
        "General And Administrative Expense": 81545000.0,
        "Other Gand A": 12155000.0,
        "Salaries And Wages": 81545000.0,
        "Total Revenue": 274709000.0,
        "Operating Revenue": 274709000.0
    },
    "2022-03-31": {
        "Diluted EPS": 1.17,
        "Total Revenue": 270,
        "Gross Profit": 259,
        "Operating Income": 109,
        "EBIT": NaN,
        "Net Income": 82
    },
    "2021-12-31": {
        "Diluted EPS": 1.17,
        "Total Revenue": 260,
        "Gross Profit": 249,
        "Operating Income": 113,
        "EBIT": NaN,
        "Net Income": 82
    },
    "2021-09-30": {
        "Diluted EPS": 1.17,
        "Total Revenue": 250,
        "Gross Profit": 238,
        "Operating Income": 111,
        "EBIT": NaN,
        "Net Income": 82
    },
    "2021-06-30": {
        "Diluted EPS": 1.27,
        "Total Revenue": 263,
        "Gross Profit": 251,
        "Operating Income": 115,
        "EBIT": NaN,
        "Net Income": 88
    },
    "2021-03-31": {
        "Diluted EPS": 1.79,
        "Total Revenue": 296,
        "Gross Profit": 283,
        "Operating Income": 163,
        "EBIT": NaN,
        "Net Income": 125
    },
    "2020-12-31": {
        "Diluted EPS": 1.35,
        "Total Revenue": 291,
        "Gross Profit": 276,
        "Operating Income": 140,
        "EBIT": NaN,
        "Net Income": 94
    },
    "2020-09-30": {
        "Diluted EPS": 1.67,
        "Total Revenue": 339,
        "Gross Profit": 322,
        "Operating Income": 150,
        "EBIT": NaN,
        "Net Income": 116
    },
    "2020-06-30": {
        "Diluted EPS": 0.47,
        "Total Revenue": 306,
        "Gross Profit": 285,
        "Operating Income": 41,
        "EBIT": NaN,
        "Net Income": 32
    },
    "2020-03-31": {
        "Diluted EPS": 0.28,
        "Total Revenue": 237,
        "Gross Profit": 202,
        "Operating Income": 23,
        "EBIT": NaN,
        "Net Income": 19
    },
    "2019-12-31": {
        "Diluted EPS": 0.78,
        "Total Revenue": 249,
        "Gross Profit": 210,
        "Operating Income": 84,
        "EBIT": NaN,
        "Net Income": 61
    },
    "2019-09-30": {
        "Diluted EPS": 0.31,
        "Total Revenue": 265,
        "Gross Profit": 226,
        "Operating Income": 27,
        "EBIT": NaN,
        "Net Income": 21
    },
    "2019-06-30": {
        "Diluted EPS": 0.82,
        "Total Revenue": 164,
        "Gross Profit": 137,
        "Operating Income": 51,
        "EBIT": NaN,
        "Net Income": 39
    },
    "2019-03-31": {
        "Diluted EPS": 0.84,
        "Total Revenue": 156,
        "Gross Profit": 130,
        "Operating Income": 51,
        "EBIT": NaN,
        "Net Income": 40
    },
    "2018-12-31": {
        "Diluted EPS": 0.99,
        "Total Revenue": 153,
        "Gross Profit": 130,
        "Operating Income": 54,
        "EBIT": NaN,
        "Net Income": 44
    },
    "2018-09-30": {
        "Diluted EPS": 0.87,
        "Total Revenue": 151,
        "Gross Profit": 129,
        "Operating Income": 55,
        "EBIT": NaN,
        "Net Income": 41
    },
    "2018-06-30": {
        "Diluted EPS": 0.24,
        "Total Revenue": 121,
        "Gross Profit": 107,
        "Operating Income": 12,
        "EBIT": NaN,
        "Net Income": 9
    },
    "2018-03-31": {
        "Diluted EPS": 0.7,
        "Total Revenue": 106,
        "Gross Profit": 95,
        "Operating Income": 34,
        "EBIT": NaN,
        "Net Income": 27
    },
    "2017-12-31": {
        "Diluted EPS": 0.23,
        "Total Revenue": 103,
        "Gross Profit": 93,
        "Operating Income": 34,
        "EBIT": NaN,
        "Net Income": 9
    },
    "2017-09-30": {
        "Diluted EPS": 0.54,
        "Total Revenue": 103,
        "Gross Profit": 94,
        "Operating Income": 28,
        "EBIT": NaN,
        "Net Income": 20
    },
    "2017-06-30": {
        "Diluted EPS": 0.62,
        "Total Revenue": 100,
        "Gross Profit": 91,
        "Operating Income": 33,
        "EBIT": NaN,
        "Net Income": 23
    },
    "2017-03-31": {
        "Diluted EPS": 0.59,
        "Total Revenue": 93,
        "Gross Profit": 86,
        "Operating Income": 31,
        "EBIT": NaN,
        "Net Income": 21
    },
    "2016-12-31": {
        "Diluted EPS": 0.53,
        "Total Revenue": 87,
        "Gross Profit": 82,
        "Operating Income": 29,
        "EBIT": NaN,
        "Net Income": 18
    },
    "2016-09-30": {
        "Diluted EPS": 0.61,
        "Total Revenue": 91,
        "Gross Profit": 86,
        "Operating Income": 32,
        "EBIT": NaN,
        "Net Income": 22
    },
    "2016-06-30": {
        "Diluted EPS": 0.57,
        "Total Revenue": 88,
        "Gross Profit": 83,
        "Operating Income": 30,
        "EBIT": NaN,
        "Net Income": 20
    },
    "2016-03-31": {
        "Diluted EPS": 0.37,
        "Total Revenue": 79,
        "Gross Profit": 75,
        "Operating Income": 18,
        "EBIT": NaN,
        "Net Income": 12
    },
    "2015-12-31": {
        "Diluted EPS": 0.43,
        "Total Revenue": 75,
        "Gross Profit": 71,
        "Operating Income": 21,
        "EBIT": NaN,
        "Net Income": 14
    },
    "2015-09-30": {
        "Diluted EPS": 0.48,
        "Total Revenue": 76,
        "Gross Profit": 72,
        "Operating Income": 23,
        "EBIT": NaN,
        "Net Income": 16
    },
    "2015-06-30": {
        "Diluted EPS": 0.04,
        "Total Revenue": 65,
        "Gross Profit": 61,
        "Operating Income": 2,
        "EBIT": NaN,
        "Net Income": 1
    },
    "2015-03-31": {
        "Diluted EPS": 0.32,
        "Total Revenue": 60,
        "Gross Profit": 56,
        "Operating Income": 15,
        "EBIT": NaN,
        "Net Income": 10
    },
    "2014-12-31": {
        "Diluted EPS": 0.39,
        "Total Revenue": 61,
        "Gross Profit": 57,
        "Operating Income": 18,
        "EBIT": NaN,
        "Net Income": 11
    },
    "2014-09-30": {
        "Diluted EPS": 0.43,
        "Total Revenue": 61,
        "Gross Profit": 57,
        "Operating Income": 17,
        "EBIT": NaN,
        "Net Income": 12
    },
    "2014-06-30": {
        "Diluted EPS": 0.32,
        "Total Revenue": 54,
        "Gross Profit": 51,
        "Operating Income": 12,
        "EBIT": NaN,
        "Net Income": 8
    },
    "2014-03-31": {
        "Diluted EPS": 0.32,
        "Total Revenue": 51,
        "Gross Profit": 47,
        "Operating Income": 12,
        "EBIT": NaN,
        "Net Income": 8
    },
    "2013-12-31": {
        "Diluted EPS": 0.03,
        "Total Revenue": 43,
        "Gross Profit": 41,
        "Operating Income": 4,
        "EBIT": NaN,
        "Net Income": 1
    },
    "2013-09-30": {
        "Diluted EPS": 0.26,
        "Total Revenue": 44,
        "Gross Profit": 42,
        "Operating Income": 10,
        "EBIT": NaN,
        "Net Income": 6
    },
    "2013-06-30": {
        "Diluted EPS": 0.26,
        "Total Revenue": 43,
        "Gross Profit": 41,
        "Operating Income": 10,
        "EBIT": NaN,
        "Net Income": 6
    },
    "2013-03-31": {
        "Diluted EPS": 0.2,
        "Total Revenue": 42,
        "Gross Profit": 40,
        "Operating Income": 8,
        "EBIT": NaN,
        "Net Income": 5
    },
    "2012-12-31": {
        "Diluted EPS": 0.16,
        "Total Revenue": 44,
        "Gross Profit": 41,
        "Operating Income": 7,
        "EBIT": NaN,
        "Net Income": 4
    },
    "2012-09-30": {
        "Diluted EPS": 0.04,
        "Total Revenue": 41,
        "Gross Profit": 38,
        "Operating Income": 3,
        "EBIT": NaN,
        "Net Income": 1
    },
    "2012-06-30": {
        "Diluted EPS": 0.07,
        "Total Revenue": 42,
        "Gross Profit": 38,
        "Operating Income": 4,
        "EBIT": NaN,
        "Net Income": 2
    },
    "2012-03-31": {
        "Diluted EPS": 0.19,
        "Total Revenue": 60,
        "Gross Profit": 55,
        "Operating Income": 8,
        "EBIT": NaN,
        "Net Income": 5
    },
    "2011-12-31": {
        "Diluted EPS": 0.02,
        "Total Revenue": 45,
        "Gross Profit": 40,
        "Operating Income": 2,
        "EBIT": NaN,
        "Net Income": 0
    },
    "2011-09-30": {
        "Diluted EPS": 0.66,
        "Total Revenue": 69,
        "Gross Profit": 62,
        "Operating Income": 25,
        "EBIT": NaN,
        "Net Income": 16
    },
    "2011-06-30": {
        "Diluted EPS": 0.06,
        "Total Revenue": 42,
        "Gross Profit": 35,
        "Operating Income": 3,
        "EBIT": NaN,
        "Net Income": 1
    },
    "2011-03-31": {
        "Diluted EPS": 0.02,
        "Total Revenue": 38,
        "Gross Profit": 30,
        "Operating Income": 2,
        "EBIT": NaN,
        "Net Income": 1
    },
    "2010-12-31": {
        "Diluted EPS": 0.09,
        "Total Revenue": 43,
        "Gross Profit": 35,
        "Operating Income": 2,
        "EBIT": NaN,
        "Net Income": 1
    },
    "2010-09-30": {
        "Diluted EPS": -0.07,
        "Total Revenue": 34,
        "Gross Profit": 27,
        "Operating Income": -2,
        "EBIT": NaN,
        "Net Income": -2
    },
    "2010-06-30": {
        "Diluted EPS": -0.2,
        "Total Revenue": 44,
        "Gross Profit": 37,
        "Operating Income": -5,
        "EBIT": NaN,
        "Net Income": -4
    },
    "2010-03-31": {
        "Diluted EPS": -0.17,
        "Total Revenue": 33,
        "Gross Profit": 25,
        "Operating Income": -2,
        "EBIT": NaN,
        "Net Income": -2
    },
    "2009-12-31": {
        "Diluted EPS": -2.85,
        "Total Revenue": 72,
        "Gross Profit": 63,
        "Operating Income": -29,
        "EBIT": NaN,
        "Net Income": -39
    },
    "2009-09-30": {
        "Diluted EPS": -0.07,
        "Total Revenue": 33,
        "Gross Profit": 23,
        "Operating Income": 0,
        "EBIT": NaN,
        "Net Income": -1
    },
    "2009-06-30": {
        "Diluted EPS": -0.25,
        "Total Revenue": 34,
        "Gross Profit": 23,
        "Operating Income": -4,
        "EBIT": NaN,
        "Net Income": -3
    },
    "2009-03-31": {
        "Diluted EPS": -0.1,
        "Total Revenue": 35,
        "Gross Profit": 22,
        "Operating Income": -1,
        "EBIT": NaN,
        "Net Income": -1
    },
    "2023-09-30": {
        "Tax Effect Of Unusual Items": NaN,
        "Tax Rate For Calcs": NaN,
        "Total Unusual Items": 0.0,
        "Total Unusual Items Excluding Goodwill": 0.0,
        "Net Income From Continuing Operation Net Minority Interest": NaN,
        "Reconciled Depreciation": NaN,
        "Net Interest Income": NaN,
        "Interest Expense": NaN,
        "Interest Income": NaN,
        "Normalized Income": NaN,
        "Net Income From Continuing And Discontinued Operation": NaN,
        "Diluted Average Shares": NaN,
        "Basic Average Shares": NaN,
        "Diluted EPS": NaN,
        "Basic EPS": NaN,
        "Diluted NI Availto Com Stockholders": NaN,
        "Net Income Common Stockholders": NaN,
        "Net Income": NaN,
        "Net Income Including Noncontrolling Interests": NaN,
        "Net Income Continuous Operations": NaN,
        "Tax Provision": NaN,
        "Pretax Income": NaN,
        "Special Income Charges": 0.0,
        "Restructuring And Mergern Acquisition": 0.0,
        "Gain On Sale Of Security": NaN,
        "Depreciation Amortization Depletion Income Statement": NaN,
        "Depreciation And Amortization In Income Statement": NaN,
        "Amortization": NaN,
        "Amortization Of Intangibles Income Statement": NaN,
        "Selling General And Administration": NaN,
        "Selling And Marketing Expense": NaN,
        "General And Administrative Expense": NaN,
        "Salaries And Wages": NaN,
        "Total Revenue": NaN,
        "Operating Revenue": NaN,
        "Occupancy And Equipment": NaN,
        "Other Non Interest Expense": NaN
    },
    "2023-12-31": {
        "Tax Effect Of Unusual Items": NaN,
        "Tax Rate For Calcs": NaN,
        "Total Unusual Items": 0.0,
        "Total Unusual Items Excluding Goodwill": 0.0,
        "Net Income From Continuing Operation Net Minority Interest": NaN,
        "Reconciled Depreciation": NaN,
        "Net Interest Income": NaN,
        "Interest Expense": NaN,
        "Interest Income": NaN,
        "Normalized Income": NaN,
        "Net Income From Continuing And Discontinued Operation": NaN,
        "Diluted Average Shares": NaN,
        "Basic Average Shares": NaN,
        "Diluted EPS": NaN,
        "Basic EPS": NaN,
        "Diluted NI Availto Com Stockholders": NaN,
        "Net Income Common Stockholders": NaN,
        "Net Income": NaN,
        "Net Income Including Noncontrolling Interests": NaN,
        "Net Income Continuous Operations": NaN,
        "Tax Provision": NaN,
        "Pretax Income": NaN,
        "Special Income Charges": 0.0,
        "Restructuring And Mergern Acquisition": 0.0,
        "Gain On Sale Of Security": NaN,
        "Depreciation Amortization Depletion Income Statement": NaN,
        "Depreciation And Amortization In Income Statement": NaN,
        "Amortization": NaN,
        "Amortization Of Intangibles Income Statement": NaN,
        "Selling General And Administration": NaN,
        "Selling And Marketing Expense": NaN,
        "General And Administrative Expense": NaN,
        "Salaries And Wages": NaN,
        "Total Revenue": NaN,
        "Operating Revenue": NaN,
        "Occupancy And Equipment": NaN,
        "Other Non Interest Expense": NaN
    },
    "2024-03-31": {
        "Tax Effect Of Unusual Items": 0.0,
        "Tax Rate For Calcs": 0.237435,
        "Total Unusual Items": NaN,
        "Total Unusual Items Excluding Goodwill": NaN,
        "Net Income From Continuing Operation Net Minority Interest": 74312000.0,
        "Reconciled Depreciation": 12042000.0,
        "Net Interest Income": 201388000.0,
        "Interest Expense": 128064000.0,
        "Interest Income": 329452000.0,
        "Normalized Income": 74312000.0,
        "Net Income From Continuing And Discontinued Operation": 74312000.0,
        "Diluted Average Shares": 69014116.0,
        "Basic Average Shares": 68808393.0,
        "Diluted EPS": 1.08,
        "Basic EPS": 1.08,
        "Diluted NI Availto Com Stockholders": 74312000.0,
        "Net Income Common Stockholders": 74312000.0,
        "Net Income": 74312000.0,
        "Net Income Including Noncontrolling Interests": 74312000.0,
        "Net Income Continuous Operations": 74312000.0,
        "Tax Provision": 23138000.0,
        "Pretax Income": 97450000.0,
        "Special Income Charges": NaN,
        "Restructuring And Mergern Acquisition": NaN,
        "Gain On Sale Of Security": -7000.0,
        "Depreciation Amortization Depletion Income Statement": 4422000.0,
        "Depreciation And Amortization In Income Statement": 4422000.0,
        "Amortization": 4422000.0,
        "Amortization Of Intangibles Income Statement": 4422000.0,
        "Selling General And Administration": 85397000.0,
        "Selling And Marketing Expense": 2467000.0,
        "General And Administrative Expense": 82930000.0,
        "Salaries And Wages": 82930000.0,
        "Total Revenue": 257341000.0,
        "Operating Revenue": 257341000.0,
        "Occupancy And Equipment": 12885000.0,
        "Other Non Interest Expense": 36082000.0
    },
    "2024-06-30": {
        "Tax Effect Of Unusual Items": 0.0,
        "Tax Rate For Calcs": 0.282,
        "Total Unusual Items": NaN,
        "Total Unusual Items Excluding Goodwill": NaN,
        "Net Income From Continuing Operation Net Minority Interest": 90785000.0,
        "Reconciled Depreciation": 11454000.0,
        "Net Interest Income": 211921000.0,
        "Interest Expense": 135402000.0,
        "Interest Income": 347323000.0,
        "Normalized Income": 90785000.0,
        "Net Income From Continuing And Discontinued Operation": 90785000.0,
        "Diluted Average Shares": 69013834.0,
        "Basic Average Shares": 68824150.0,
        "Diluted EPS": 1.32,
        "Basic EPS": 1.32,
        "Diluted NI Availto Com Stockholders": 90785000.0,
        "Net Income Common Stockholders": 90785000.0,
        "Net Income": 90785000.0,
        "Net Income Including Noncontrolling Interests": 90785000.0,
        "Net Income Continuous Operations": 90785000.0,
        "Tax Provision": 35717000.0,
        "Pretax Income": 126502000.0,
        "Special Income Charges": NaN,
        "Restructuring And Mergern Acquisition": NaN,
        "Gain On Sale Of Security": 12335000.0,
        "Depreciation Amortization Depletion Income Statement": 4407000.0,
        "Depreciation And Amortization In Income Statement": 4407000.0,
        "Amortization": 4407000.0,
        "Amortization Of Intangibles Income Statement": 4407000.0,
        "Selling General And Administration": 91657000.0,
        "Selling And Marketing Expense": 3456000.0,
        "General And Administrative Expense": 88201000.0,
        "Salaries And Wages": 88201000.0,
        "Total Revenue": 290000000.0,
        "Operating Revenue": 290000000.0,
        "Occupancy And Equipment": 12559000.0,
        "Other Non Interest Expense": 36102000.0
    },
    "2024-09-30": {
        "Tax Effect Of Unusual Items": 0.0,
        "Tax Rate For Calcs": 0.212,
        "Total Unusual Items": NaN,
        "Total Unusual Items Excluding Goodwill": NaN,
        "Net Income From Continuing Operation Net Minority Interest": 99212000.0,
        "Reconciled Depreciation": 11444000.0,
        "Net Interest Income": 214060000.0,
        "Interest Expense": 141086000.0,
        "Interest Income": 355146000.0,
        "Normalized Income": 99212000.0,
        "Net Income From Continuing And Discontinued Operation": 99212000.0,
        "Diluted Average Shares": 69066298.0,
        "Basic Average Shares": 68798093.0,
        "Diluted EPS": 1.44,
        "Basic EPS": 1.44,
        "Diluted NI Availto Com Stockholders": 99212000.0,
        "Net Income Common Stockholders": 99212000.0,
        "Net Income": 99212000.0,
        "Net Income Including Noncontrolling Interests": 99212000.0,
        "Net Income Continuous Operations": 99212000.0,
        "Tax Provision": 26673000.0,
        "Pretax Income": 125885000.0,
        "Special Income Charges": NaN,
        "Restructuring And Mergern Acquisition": NaN,
        "Gain On Sale Of Security": -8000.0,
        "Depreciation Amortization Depletion Income Statement": 4180000.0,
        "Depreciation And Amortization In Income Statement": 4180000.0,
        "Amortization": 4180000.0,
        "Amortization Of Intangibles Income Statement": 4180000.0,
        "Selling General And Administration": 92789000.0,
        "Selling And Marketing Expense": 4089000.0,
        "General And Administrative Expense": 88700000.0,
        "Salaries And Wages": 88700000.0,
        "Total Revenue": 275253000.0,
        "Operating Revenue": 275253000.0,
        "Occupancy And Equipment": 11716000.0,
        "Other Non Interest Expense": 34576000.0
    },
    "2024-12-31": {
        "Tax Effect Of Unusual Items": 0.0,
        "Tax Rate For Calcs": 0.251121,
        "Total Unusual Items": NaN,
        "Total Unusual Items Excluding Goodwill": NaN,
        "Net Income From Continuing Operation Net Minority Interest": 94376000.0,
        "Reconciled Depreciation": 11788000.0,
        "Net Interest Income": 221821000.0,
        "Interest Expense": 124542000.0,
        "Interest Income": 346363000.0,
        "Normalized Income": 94376000.0,
        "Net Income From Continuing And Discontinued Operation": 94376000.0,
        "Diluted Average Shares": 69128946.0,
        "Basic Average Shares": 68799464.0,
        "Diluted EPS": 1.37,
        "Basic EPS": 1.37,
        "Diluted NI Availto Com Stockholders": 94376000.0,
        "Net Income Common Stockholders": 94376000.0,
        "Net Income": 94376000.0,
        "Net Income Including Noncontrolling Interests": 94376000.0,
        "Net Income Continuous Operations": 94376000.0,
        "Tax Provision": 31647000.0,
        "Pretax Income": 126023000.0,
        "Special Income Charges": NaN,
        "Restructuring And Mergern Acquisition": NaN,
        "Gain On Sale Of Security": -16000.0,
        "Depreciation Amortization Depletion Income Statement": 4180000.0,
        "Depreciation And Amortization In Income Statement": 4180000.0,
        "Amortization": 4180000.0,
        "Amortization Of Intangibles Income Statement": 4180000.0,
        "Selling General And Administration": 105716000.0,
        "Selling And Marketing Expense": 2407000.0,
        "General And Administrative Expense": 103309000.0,
        "Salaries And Wages": 87810000.0,
        "Total Revenue": 281209000.0,
        "Operating Revenue": 281209000.0,
        "Occupancy And Equipment": 11624000.0,
        "Other Non Interest Expense": 4121000.0
    },
    "2025-03-31": {
        "Tax Effect Of Unusual Items": 0.0,
        "Tax Rate For Calcs": 0.221,
        "Total Unusual Items": NaN,
        "Total Unusual Items Excluding Goodwill": NaN,
        "Net Income From Continuing Operation Net Minority Interest": 87935000.0,
        "Reconciled Depreciation": 10634000.0,
        "Net Interest Income": 221839000.0,
        "Interest Expense": 111939000.0,
        "Interest Income": 333778000.0,
        "Normalized Income": 87935000.0,
        "Net Income From Continuing And Discontinued Operation": 87935000.0,
        "Diluted Average Shares": 69030331.0,
        "Basic Average Shares": 68785458.0,
        "Diluted EPS": 1.27,
        "Basic EPS": 1.28,
        "Diluted NI Availto Com Stockholders": 87935000.0,
        "Net Income Common Stockholders": 87935000.0,
        "Net Income": 87935000.0,
        "Net Income Including Noncontrolling Interests": 87935000.0,
        "Net Income Continuous Operations": 87935000.0,
        "Tax Provision": 25001000.0,
        "Pretax Income": 112936000.0,
        "Special Income Charges": NaN,
        "Restructuring And Mergern Acquisition": NaN,
        "Gain On Sale Of Security": 40000.0,
        "Depreciation Amortization Depletion Income Statement": 4103000.0,
        "Depreciation And Amortization In Income Statement": 4103000.0,
        "Amortization": 4103000.0,
        "Amortization Of Intangibles Income Statement": 4103000.0,
        "Selling General And Administration": 89498000.0,
        "Selling And Marketing Expense": 2883000.0,
        "General And Administrative Expense": 86615000.0,
        "Salaries And Wages": 86615000.0,
        "Total Revenue": 277274000.0,
        "Operating Revenue": 277274000.0,
        "Occupancy And Equipment": 10677000.0,
        "Other Non Interest Expense": 38168000.0
    },
    "2025-06-30": {
        "Tax Effect Of Unusual Items": 0.0,
        "Tax Rate For Calcs": 0.23,
        "Total Unusual Items": NaN,
        "Total Unusual Items Excluding Goodwill": NaN,
        "Net Income From Continuing Operation Net Minority Interest": 109834000.0,
        "Reconciled Depreciation": 10446000.0,
        "Net Interest Income": 231813000.0,
        "Interest Expense": 115825000.0,
        "Interest Income": 347638000.0,
        "Normalized Income": 109834000.0,
        "Net Income From Continuing And Discontinued Operation": 109834000.0,
        "Diluted Average Shares": 68796577.0,
        "Basic Average Shares": 68594608.0,
        "Diluted EPS": 1.6,
        "Basic EPS": 1.6,
        "Diluted NI Availto Com Stockholders": 109834000.0,
        "Net Income Common Stockholders": 109834000.0,
        "Net Income": 109834000.0,
        "Net Income Including Noncontrolling Interests": 109834000.0,
        "Net Income Continuous Operations": 109834000.0,
        "Tax Provision": 32858000.0,
        "Pretax Income": 142692000.0,
        "Special Income Charges": NaN,
        "Restructuring And Mergern Acquisition": NaN,
        "Gain On Sale Of Security": 0.0,
        "Depreciation Amortization Depletion Income Statement": 4076000.0,
        "Depreciation And Amortization In Income Statement": 4076000.0,
        "Amortization": 4076000.0,
        "Amortization Of Intangibles Income Statement": 4076000.0,
        "Selling General And Administration": 93053000.0,
        "Selling And Marketing Expense": 3745000.0,
        "General And Administrative Expense": 89308000.0,
        "Salaries And Wages": 89308000.0,
        "Total Revenue": 292170000.0,
        "Operating Revenue": 292170000.0,
        "Occupancy And Equipment": 11401000.0,
        "Other Non Interest Expense": 38176000.0
    }
}