{
    "2023-03-31": {
        "Tax Effect Of Unusual Items": NaN,
        "Tax Rate For Calcs": NaN,
        "Normalized EBITDA": NaN,
        "Total Unusual Items": NaN,
        "Total Unusual Items Excluding Goodwill": NaN,
        "Net Income From Continuing Operation Net Minority Interest": NaN,
        "Reconciled Depreciation": NaN,
        "Reconciled Cost Of Revenue": NaN,
        "EBITDA": NaN,
        "EBIT": NaN,
        "Net Interest Income": NaN,
        "Interest Expense": NaN,
        "Interest Income": NaN,
        "Normalized Income": NaN,
        "Net Income From Continuing And Discontinued Operation": NaN,
        "Total Expenses": NaN,
        "Total Operating Income As Reported": NaN,
        "Diluted Average Shares": NaN,
        "Basic Average Shares": NaN,
        "Diluted EPS": NaN,
        "Basic EPS": NaN,
        "Diluted NI Availto Com Stockholders": NaN,
        "Average Dilution Earnings": NaN,
        "Net Income Common Stockholders": NaN,
        "Otherunder Preferred Stock Dividend": NaN,
        "Net Income": NaN,
        "Net Income Including Noncontrolling Interests": NaN,
        "Net Income Continuous Operations": NaN,
        "Tax Provision": NaN,
        "Pretax Income": NaN,
        "Other Income Expense": NaN,
        "Other Non Operating Income Expenses": 200000.0,
        "Special Income Charges": NaN,
        "Gain On Sale Of Ppe": NaN,
        "Gain On Sale Of Business": NaN,
        "Impairment Of Capital Assets": NaN,
        "Gain On Sale Of Security": NaN,
        "Net Non Operating Interest Income Expense": NaN,
        "Interest Expense Non Operating": NaN,
        "Interest Income Non Operating": NaN,
        "Operating Income": NaN,
        "Operating Expense": NaN,
        "Selling General And Administration": NaN,
        "Gross Profit": NaN,
        "Cost Of Revenue": NaN,
        "Total Revenue": NaN,
        "Operating Revenue": NaN
    },
    "2022-12-31": {
        "Tax Effect Of Unusual Items": NaN,
        "Tax Rate For Calcs": NaN,
        "Normalized EBITDA": NaN,
        "Total Unusual Items": NaN,
        "Total Unusual Items Excluding Goodwill": NaN,
        "Net Income From Continuing Operation Net Minority Interest": NaN,
        "Reconciled Depreciation": NaN,
        "Reconciled Cost Of Revenue": NaN,
        "EBITDA": NaN,
        "EBIT": NaN,
        "Net Interest Income": NaN,
        "Interest Expense": NaN,
        "Interest Income": NaN,
        "Normalized Income": NaN,
        "Net Income From Continuing And Discontinued Operation": NaN,
        "Total Expenses": NaN,
        "Total Operating Income As Reported": NaN,
        "Diluted Average Shares": NaN,
        "Basic Average Shares": NaN,
        "Diluted EPS": NaN,
        "Basic EPS": NaN,
        "Diluted NI Availto Com Stockholders": NaN,
        "Average Dilution Earnings": NaN,
        "Net Income Common Stockholders": NaN,
        "Otherunder Preferred Stock Dividend": NaN,
        "Net Income": NaN,
        "Net Income Including Noncontrolling Interests": NaN,
        "Net Income Continuous Operations": NaN,
        "Tax Provision": NaN,
        "Pretax Income": NaN,
        "Other Income Expense": NaN,
        "Other Non Operating Income Expenses": 100000.0,
        "Special Income Charges": NaN,
        "Gain On Sale Of Ppe": NaN,
        "Gain On Sale Of Business": NaN,
        "Impairment Of Capital Assets": NaN,
        "Gain On Sale Of Security": NaN,
        "Net Non Operating Interest Income Expense": NaN,
        "Interest Expense Non Operating": NaN,
        "Interest Income Non Operating": NaN,
        "Operating Income": NaN,
        "Operating Expense": NaN,
        "Selling General And Administration": NaN,
        "Gross Profit": NaN,
        "Cost Of Revenue": NaN,
        "Total Revenue": NaN,
        "Operating Revenue": NaN
    },
    "2022-09-30": {
        "Tax Effect Of Unusual Items": NaN,
        "Tax Rate For Calcs": NaN,
        "Normalized EBITDA": NaN,
        "Total Unusual Items": NaN,
        "Total Unusual Items Excluding Goodwill": NaN,
        "Net Income From Continuing Operation Net Minority Interest": NaN,
        "Reconciled Depreciation": NaN,
        "Reconciled Cost Of Revenue": NaN,
        "EBITDA": NaN,
        "EBIT": NaN,
        "Net Interest Income": NaN,
        "Interest Expense": NaN,
        "Interest Income": NaN,
        "Normalized Income": NaN,
        "Net Income From Continuing And Discontinued Operation": NaN,
        "Total Expenses": NaN,
        "Total Operating Income As Reported": NaN,
        "Diluted Average Shares": NaN,
        "Basic Average Shares": NaN,
        "Diluted EPS": NaN,
        "Basic EPS": NaN,
        "Diluted NI Availto Com Stockholders": NaN,
        "Average Dilution Earnings": NaN,
        "Net Income Common Stockholders": NaN,
        "Otherunder Preferred Stock Dividend": NaN,
        "Net Income": NaN,
        "Net Income Including Noncontrolling Interests": NaN,
        "Net Income Continuous Operations": NaN,
        "Tax Provision": NaN,
        "Pretax Income": NaN,
        "Other Income Expense": NaN,
        "Other Non Operating Income Expenses": 200000.0,
        "Special Income Charges": NaN,
        "Gain On Sale Of Ppe": NaN,
        "Gain On Sale Of Business": NaN,
        "Gain On Sale Of Security": NaN,
        "Net Non Operating Interest Income Expense": NaN,
        "Interest Expense Non Operating": NaN,
        "Interest Income Non Operating": NaN,
        "Operating Income": NaN,
        "Operating Expense": NaN,
        "Selling General And Administration": NaN,
        "Gross Profit": NaN,
        "Cost Of Revenue": NaN,
        "Total Revenue": NaN,
        "Operating Revenue": NaN
    },
    "2022-06-30": {
        "Tax Effect Of Unusual Items": 0.0,
        "Tax Rate For Calcs": 0.206,
        "Normalized EBITDA": 96300000.0,
        "Total Unusual Items": -500000.0,
        "Total Unusual Items Excluding Goodwill": -500000.0,
        "Net Income From Continuing Operation Net Minority Interest": 39000000.0,
        "Reconciled Depreciation": 39500000.0,
        "Reconciled Cost Of Revenue": 479300000.0,
        "EBITDA": 96300000.0,
        "EBIT": 56800000.0,
        "Net Interest Income": -7700000.0,
        "Interest Expense": 7700000.0,
        "Interest Income": 0.0,
        "Normalized Income": 39000000.0,
        "Net Income From Continuing And Discontinued Operation": 39000000.0,
        "Total Expenses": 545600000.0,
        "Total Operating Income As Reported": 57200000.0,
        "Diluted Average Shares": 48600000.0,
        "Basic Average Shares": 48300000.0,
        "Diluted EPS": 0.79,
        "Basic EPS": 0.8,
        "Diluted NI Availto Com Stockholders": 39000000.0,
        "Average Dilution Earnings": 0.0,
        "Net Income Common Stockholders": 39000000.0,
        "Otherunder Preferred Stock Dividend": 400000.0,
        "Net Income": 39000000.0,
        "Net Income Including Noncontrolling Interests": 39000000.0,
        "Net Income Continuous Operations": 39000000.0,
        "Tax Provision": 10100000.0,
        "Pretax Income": 49100000.0,
        "Other Income Expense": -400000.0,
        "Other Non Operating Income Expenses": -400000.0,
        "Special Income Charges": NaN,
        "Gain On Sale Of Ppe": NaN,
        "Gain On Sale Of Business": NaN,
        "Impairment Of Capital Assets": NaN,
        "Gain On Sale Of Security": -500000.0,
        "Net Non Operating Interest Income Expense": -7700000.0,
        "Interest Expense Non Operating": 7700000.0,
        "Interest Income Non Operating": 0.0,
        "Operating Income": 57200000.0,
        "Operating Expense": 66300000.0,
        "Selling General And Administration": 66300000.0,
        "Gross Profit": 123500000.0,
        "Cost Of Revenue": 479300000.0,
        "Total Revenue": 602800000.0,
        "Operating Revenue": 602800000.0
    },
    "2022-03-31": {
        "Diluted EPS": 0.41,
        "Total Revenue": 536,
        "Gross Profit": 96,
        "Operating Income": 35,
        "EBIT": 73,
        "Net Income": 20
    },
    "2021-12-31": {
        "Diluted EPS": 0.18,
        "Total Revenue": 522,
        "Gross Profit": 89,
        "Operating Income": 16,
        "EBIT": 53,
        "Net Income": 9
    },
    "2021-09-30": {
        "Diluted EPS": 0.49,
        "Total Revenue": 559,
        "Gross Profit": 100,
        "Operating Income": 38,
        "EBIT": 77,
        "Net Income": 24
    },
    "2021-06-30": {
        "Diluted EPS": 0.43,
        "Total Revenue": 515,
        "Gross Profit": 98,
        "Operating Income": 31,
        "EBIT": 68,
        "Net Income": 21
    },
    "2021-03-31": {
        "Diluted EPS": 0.32,
        "Total Revenue": 440,
        "Gross Profit": 79,
        "Operating Income": 23,
        "EBIT": 54,
        "Net Income": 16
    },
    "2020-12-31": {
        "Diluted EPS": 0.21,
        "Total Revenue": 459,
        "Gross Profit": 84,
        "Operating Income": 17,
        "EBIT": 48,
        "Net Income": 11
    },
    "2020-09-30": {
        "Diluted EPS": 0.64,
        "Total Revenue": 490,
        "Gross Profit": 100,
        "Operating Income": 42,
        "EBIT": 70,
        "Net Income": 31
    },
    "2020-06-30": {
        "Diluted EPS": 0.68,
        "Total Revenue": 499,
        "Gross Profit": 102,
        "Operating Income": 48,
        "EBIT": 76,
        "Net Income": 33
    },
    "2020-03-31": {
        "Diluted EPS": 0.65,
        "Total Revenue": 488,
        "Gross Profit": 97,
        "Operating Income": 45,
        "EBIT": 72,
        "Net Income": 32
    },
    "2019-12-31": {
        "Diluted EPS": 0.44,
        "Total Revenue": 447,
        "Gross Profit": 78,
        "Operating Income": 31,
        "EBIT": 53,
        "Net Income": 21
    },
    "2019-09-30": {
        "Diluted EPS": 0.67,
        "Total Revenue": 445,
        "Gross Profit": 88,
        "Operating Income": 43,
        "EBIT": 65,
        "Net Income": 33
    },
    "2019-06-30": {
        "Diluted EPS": 0.65,
        "Total Revenue": 434,
        "Gross Profit": 88,
        "Operating Income": 42,
        "EBIT": 64,
        "Net Income": 32
    },
    "2019-03-31": {
        "Diluted EPS": 0.56,
        "Total Revenue": 411,
        "Gross Profit": 78,
        "Operating Income": 37,
        "EBIT": 57,
        "Net Income": 28
    },
    "2018-12-31": {
        "Diluted EPS": 0.56,
        "Total Revenue": 374,
        "Gross Profit": 64,
        "Operating Income": 27,
        "EBIT": 45,
        "Net Income": 28
    },
    "2018-09-30": {
        "Diluted EPS": 0.07,
        "Total Revenue": 379,
        "Gross Profit": 70,
        "Operating Income": 6,
        "EBIT": 23,
        "Net Income": 3
    },
    "2018-06-30": {
        "Diluted EPS": 0.46,
        "Total Revenue": 353,
        "Gross Profit": 70,
        "Operating Income": 31,
        "EBIT": 46,
        "Net Income": 23
    },
    "2018-03-31": {
        "Diluted EPS": 0.45,
        "Total Revenue": 354,
        "Gross Profit": 69,
        "Operating Income": 31,
        "EBIT": 48,
        "Net Income": 22
    },
    "2017-12-31": {
        "Diluted EPS": 0.0,
        "Total Revenue": NaN,
        "Gross Profit": NaN,
        "Operating Income": NaN,
        "EBIT": NaN,
        "Net Income": NaN
    },
    "2017-09-30": {
        "Diluted EPS": 0.0,
        "Total Revenue": 366,
        "Gross Profit": 76,
        "Operating Income": 34,
        "EBIT": 34,
        "Net Income": 21
    },
    "2016-12-31": {
        "Diluted EPS": 0.0,
        "Total Revenue": NaN,
        "Gross Profit": NaN,
        "Operating Income": NaN,
        "EBIT": NaN,
        "Net Income": NaN
    },
    "2015-12-31": {
        "Diluted EPS": 0.0,
        "Total Revenue": NaN,
        "Gross Profit": NaN,
        "Operating Income": NaN,
        "EBIT": NaN,
        "Net Income": NaN
    },
    "2023-06-30": {
        "Tax Effect Of Unusual Items": NaN,
        "Tax Rate For Calcs": NaN,
        "Normalized EBITDA": NaN,
        "Total Unusual Items": NaN,
        "Total Unusual Items Excluding Goodwill": NaN,
        "Net Income From Continuing Operation Net Minority Interest": NaN,
        "Reconciled Depreciation": NaN,
        "Reconciled Cost Of Revenue": NaN,
        "EBITDA": NaN,
        "EBIT": NaN,
        "Net Interest Income": NaN,
        "Interest Expense": NaN,
        "Interest Income": NaN,
        "Normalized Income": NaN,
        "Net Income From Continuing And Discontinued Operation": NaN,
        "Total Expenses": NaN,
        "Total Operating Income As Reported": NaN,
        "Diluted Average Shares": NaN,
        "Basic Average Shares": NaN,
        "Diluted EPS": NaN,
        "Basic EPS": NaN,
        "Diluted NI Availto Com Stockholders": NaN,
        "Average Dilution Earnings": NaN,
        "Net Income Common Stockholders": NaN,
        "Otherunder Preferred Stock Dividend": NaN,
        "Net Income": NaN,
        "Net Income Including Noncontrolling Interests": NaN,
        "Net Income Continuous Operations": NaN,
        "Tax Provision": NaN,
        "Pretax Income": NaN,
        "Other Income Expense": NaN,
        "Other Non Operating Income Expenses": NaN,
        "Special Income Charges": NaN,
        "Gain On Sale Of Ppe": NaN,
        "Gain On Sale Of Business": NaN,
        "Write Off": 0.0,
        "Impairment Of Capital Assets": 0.0,
        "Gain On Sale Of Security": NaN,
        "Net Non Operating Interest Income Expense": NaN,
        "Interest Expense Non Operating": NaN,
        "Interest Income Non Operating": NaN,
        "Operating Income": NaN,
        "Operating Expense": NaN,
        "Selling General And Administration": NaN,
        "Gross Profit": NaN,
        "Cost Of Revenue": NaN,
        "Total Revenue": NaN,
        "Operating Revenue": NaN
    },
    "2023-09-30": {
        "Tax Effect Of Unusual Items": NaN,
        "Tax Rate For Calcs": NaN,
        "Normalized EBITDA": NaN,
        "Total Unusual Items": NaN,
        "Total Unusual Items Excluding Goodwill": NaN,
        "Net Income From Continuing Operation Net Minority Interest": NaN,
        "Reconciled Depreciation": NaN,
        "Reconciled Cost Of Revenue": NaN,
        "EBITDA": NaN,
        "EBIT": NaN,
        "Net Interest Income": NaN,
        "Interest Expense": NaN,
        "Interest Income": NaN,
        "Normalized Income": NaN,
        "Net Income From Continuing And Discontinued Operation": NaN,
        "Total Expenses": NaN,
        "Total Operating Income As Reported": NaN,
        "Diluted Average Shares": NaN,
        "Basic Average Shares": NaN,
        "Diluted EPS": NaN,
        "Basic EPS": NaN,
        "Diluted NI Availto Com Stockholders": NaN,
        "Average Dilution Earnings": NaN,
        "Net Income Common Stockholders": NaN,
        "Otherunder Preferred Stock Dividend": NaN,
        "Net Income": NaN,
        "Net Income Including Noncontrolling Interests": NaN,
        "Net Income Continuous Operations": NaN,
        "Tax Provision": NaN,
        "Pretax Income": NaN,
        "Other Income Expense": NaN,
        "Other Non Operating Income Expenses": NaN,
        "Special Income Charges": NaN,
        "Gain On Sale Of Ppe": NaN,
        "Gain On Sale Of Business": NaN,
        "Write Off": 0.0,
        "Impairment Of Capital Assets": 0.0,
        "Gain On Sale Of Security": NaN,
        "Net Non Operating Interest Income Expense": NaN,
        "Interest Expense Non Operating": NaN,
        "Interest Income Non Operating": NaN,
        "Operating Income": NaN,
        "Operating Expense": NaN,
        "Selling General And Administration": NaN,
        "Gross Profit": NaN,
        "Cost Of Revenue": NaN,
        "Total Revenue": NaN,
        "Operating Revenue": NaN
    },
    "2023-12-31": {
        "Tax Effect Of Unusual Items": NaN,
        "Tax Rate For Calcs": NaN,
        "Normalized EBITDA": NaN,
        "Total Unusual Items": NaN,
        "Total Unusual Items Excluding Goodwill": NaN,
        "Net Income From Continuing Operation Net Minority Interest": NaN,
        "Reconciled Depreciation": NaN,
        "Reconciled Cost Of Revenue": NaN,
        "EBITDA": NaN,
        "EBIT": NaN,
        "Net Interest Income": NaN,
        "Interest Expense": NaN,
        "Interest Income": NaN,
        "Normalized Income": NaN,
        "Net Income From Continuing And Discontinued Operation": NaN,
        "Total Expenses": NaN,
        "Total Operating Income As Reported": NaN,
        "Diluted Average Shares": NaN,
        "Basic Average Shares": NaN,
        "Diluted EPS": NaN,
        "Basic EPS": NaN,
        "Diluted NI Availto Com Stockholders": NaN,
        "Average Dilution Earnings": NaN,
        "Net Income Common Stockholders": NaN,
        "Otherunder Preferred Stock Dividend": NaN,
        "Net Income": NaN,
        "Net Income Including Noncontrolling Interests": NaN,
        "Net Income Continuous Operations": NaN,
        "Tax Provision": NaN,
        "Pretax Income": NaN,
        "Other Income Expense": NaN,
        "Other Non Operating Income Expenses": 100000.0,
        "Special Income Charges": NaN,
        "Gain On Sale Of Ppe": NaN,
        "Gain On Sale Of Business": NaN,
        "Write Off": NaN,
        "Impairment Of Capital Assets": NaN,
        "Gain On Sale Of Security": NaN,
        "Net Non Operating Interest Income Expense": NaN,
        "Interest Expense Non Operating": NaN,
        "Interest Income Non Operating": NaN,
        "Operating Income": NaN,
        "Operating Expense": NaN,
        "Selling General And Administration": NaN,
        "Gross Profit": NaN,
        "Cost Of Revenue": NaN,
        "Total Revenue": NaN,
        "Operating Revenue": NaN
    },
    "2024-03-31": {
        "Tax Effect Of Unusual Items": 1952219.87315,
        "Tax Rate For Calcs": 0.171247,
        "Normalized EBITDA": 87000000.0,
        "Total Unusual Items": 11400000.0,
        "Total Unusual Items Excluding Goodwill": 11400000.0,
        "Net Income From Continuing Operation Net Minority Interest": 39200000.0,
        "Reconciled Depreciation": 42800000.0,
        "Reconciled Cost Of Revenue": 487000000.0,
        "EBITDA": 98400000.0,
        "EBIT": 55600000.0,
        "Net Interest Income": -6600000.0,
        "Interest Expense": 8300000.0,
        "Interest Income": 1700000.0,
        "Normalized Income": 29752219.87315,
        "Net Income From Continuing And Discontinued Operation": 39200000.0,
        "Total Expenses": 556100000.0,
        "Total Operating Income As Reported": 53400000.0,
        "Diluted Average Shares": 48900000.0,
        "Basic Average Shares": 48500000.0,
        "Diluted EPS": 0.8,
        "Basic EPS": 0.81,
        "Diluted NI Availto Com Stockholders": 39100000.0,
        "Average Dilution Earnings": 0.0,
        "Net Income Common Stockholders": 39100000.0,
        "Otherunder Preferred Stock Dividend": 100000.0,
        "Net Income": 39200000.0,
        "Net Income Including Noncontrolling Interests": 39200000.0,
        "Net Income Continuous Operations": 39200000.0,
        "Tax Provision": 8100000.0,
        "Pretax Income": 47300000.0,
        "Other Income Expense": 11400000.0,
        "Other Non Operating Income Expenses": NaN,
        "Special Income Charges": 10900000.0,
        "Gain On Sale Of Ppe": 3900000.0,
        "Gain On Sale Of Business": 7000000.0,
        "Write Off": NaN,
        "Impairment Of Capital Assets": NaN,
        "Gain On Sale Of Security": 500000.0,
        "Net Non Operating Interest Income Expense": -6600000.0,
        "Interest Expense Non Operating": 8300000.0,
        "Interest Income Non Operating": 1700000.0,
        "Operating Income": 42500000.0,
        "Operating Expense": 69100000.0,
        "Selling General And Administration": 69100000.0,
        "Gross Profit": 111600000.0,
        "Cost Of Revenue": 487000000.0,
        "Total Revenue": 598600000.0,
        "Operating Revenue": 598600000.0
    },
    "2024-06-30": {
        "Tax Effect Of Unusual Items": 772200.0,
        "Tax Rate For Calcs": 0.143,
        "Normalized EBITDA": 105800000.0,
        "Total Unusual Items": 5400000.0,
        "Total Unusual Items Excluding Goodwill": 5400000.0,
        "Net Income From Continuing Operation Net Minority Interest": 45600000.0,
        "Reconciled Depreciation": 46600000.0,
        "Reconciled Cost Of Revenue": 526700000.0,
        "EBITDA": 111200000.0,
        "EBIT": 64600000.0,
        "Net Interest Income": -10700000.0,
        "Interest Expense": 11400000.0,
        "Interest Income": 700000.0,
        "Normalized Income": 40972200.0,
        "Net Income From Continuing And Discontinued Operation": 45600000.0,
        "Total Expenses": 606200000.0,
        "Total Operating Income As Reported": 67200000.0,
        "Diluted Average Shares": 48700000.0,
        "Basic Average Shares": 48600000.0,
        "Diluted EPS": 0.93,
        "Basic EPS": 0.93,
        "Diluted NI Availto Com Stockholders": 45500000.0,
        "Average Dilution Earnings": 0.0,
        "Net Income Common Stockholders": 45500000.0,
        "Otherunder Preferred Stock Dividend": 100000.0,
        "Net Income": 45600000.0,
        "Net Income Including Noncontrolling Interests": 45600000.0,
        "Net Income Continuous Operations": 45600000.0,
        "Tax Provision": 7600000.0,
        "Pretax Income": 53200000.0,
        "Other Income Expense": 5400000.0,
        "Other Non Operating Income Expenses": NaN,
        "Special Income Charges": 8700000.0,
        "Gain On Sale Of Ppe": 2000000.0,
        "Gain On Sale Of Business": 12500000.0,
        "Write Off": 5800000.0,
        "Impairment Of Capital Assets": 5800000.0,
        "Gain On Sale Of Security": -3300000.0,
        "Net Non Operating Interest Income Expense": -10700000.0,
        "Interest Expense Non Operating": 11400000.0,
        "Interest Income Non Operating": 700000.0,
        "Operating Income": 58500000.0,
        "Operating Expense": 79500000.0,
        "Selling General And Administration": 79500000.0,
        "Gross Profit": 138000000.0,
        "Cost Of Revenue": 526700000.0,
        "Total Revenue": 664700000.0,
        "Operating Revenue": 664700000.0
    },
    "2024-09-30": {
        "Tax Effect Of Unusual Items": -3039200.0,
        "Tax Rate For Calcs": 0.131,
        "Normalized EBITDA": 103300000.0,
        "Total Unusual Items": -23200000.0,
        "Total Unusual Items Excluding Goodwill": -23200000.0,
        "Net Income From Continuing Operation Net Minority Interest": 16600000.0,
        "Reconciled Depreciation": 45200000.0,
        "Reconciled Cost Of Revenue": 503700000.0,
        "EBITDA": 80100000.0,
        "EBIT": 34900000.0,
        "Net Interest Income": -12000000.0,
        "Interest Expense": 15800000.0,
        "Interest Income": 3800000.0,
        "Normalized Income": 36760800.0,
        "Net Income From Continuing And Discontinued Operation": 16600000.0,
        "Total Expenses": 586100000.0,
        "Total Operating Income As Reported": 33800000.0,
        "Diluted Average Shares": 48800000.0,
        "Basic Average Shares": 48700000.0,
        "Diluted EPS": 0.34,
        "Basic EPS": 0.34,
        "Diluted NI Availto Com Stockholders": 16600000.0,
        "Average Dilution Earnings": 0.0,
        "Net Income Common Stockholders": 16600000.0,
        "Otherunder Preferred Stock Dividend": 0.0,
        "Net Income": 16600000.0,
        "Net Income Including Noncontrolling Interests": 16600000.0,
        "Net Income Continuous Operations": 16600000.0,
        "Tax Provision": 2500000.0,
        "Pretax Income": 19100000.0,
        "Other Income Expense": -23200000.0,
        "Other Non Operating Income Expenses": NaN,
        "Special Income Charges": -20500000.0,
        "Gain On Sale Of Ppe": 2500000.0,
        "Gain On Sale Of Business": -23000000.0,
        "Write Off": 0.0,
        "Impairment Of Capital Assets": 0.0,
        "Gain On Sale Of Security": -2700000.0,
        "Net Non Operating Interest Income Expense": -12000000.0,
        "Interest Expense Non Operating": 15800000.0,
        "Interest Income Non Operating": 3800000.0,
        "Operating Income": 54300000.0,
        "Operating Expense": 82400000.0,
        "Selling General And Administration": 82400000.0,
        "Gross Profit": 136700000.0,
        "Cost Of Revenue": 503700000.0,
        "Total Revenue": 640400000.0,
        "Operating Revenue": 640400000.0
    },
    "2024-12-31": {
        "Tax Effect Of Unusual Items": 945000.0,
        "Tax Rate For Calcs": 0.21,
        "Normalized EBITDA": 101700000.0,
        "Total Unusual Items": 4500000.0,
        "Total Unusual Items Excluding Goodwill": 4500000.0,
        "Net Income From Continuing Operation Net Minority Interest": -7700000.0,
        "Reconciled Depreciation": 60400000.0,
        "Reconciled Cost Of Revenue": 537300000.0,
        "EBITDA": 106200000.0,
        "EBIT": 45800000.0,
        "Net Interest Income": -34100000.0,
        "Interest Expense": 35400000.0,
        "Interest Income": 1300000.0,
        "Normalized Income": -11255000.0,
        "Net Income From Continuing And Discontinued Operation": -7700000.0,
        "Total Expenses": 626300000.0,
        "Total Operating Income As Reported": 43200000.0,
        "Diluted Average Shares": 48900000.0,
        "Basic Average Shares": 48700000.0,
        "Diluted EPS": -0.16,
        "Basic EPS": -0.16,
        "Diluted NI Availto Com Stockholders": -7700000.0,
        "Average Dilution Earnings": 0.0,
        "Net Income Common Stockholders": -7700000.0,
        "Otherunder Preferred Stock Dividend": 0.0,
        "Net Income": -7700000.0,
        "Net Income Including Noncontrolling Interests": -7700000.0,
        "Net Income Continuous Operations": -7700000.0,
        "Tax Provision": 18100000.0,
        "Pretax Income": 10400000.0,
        "Other Income Expense": 4600000.0,
        "Other Non Operating Income Expenses": NaN,
        "Special Income Charges": 3300000.0,
        "Gain On Sale Of Ppe": 1900000.0,
        "Gain On Sale Of Business": 1400000.0,
        "Write Off": 0.0,
        "Impairment Of Capital Assets": NaN,
        "Gain On Sale Of Security": 1200000.0,
        "Net Non Operating Interest Income Expense": -34100000.0,
        "Interest Expense Non Operating": 35400000.0,
        "Interest Income Non Operating": 1300000.0,
        "Operating Income": 39900000.0,
        "Operating Expense": 89000000.0,
        "Selling General And Administration": 89000000.0,
        "Gross Profit": 128900000.0,
        "Cost Of Revenue": 537300000.0,
        "Total Revenue": 666200000.0,
        "Operating Revenue": 666200000.0
    },
    "2025-03-31": {
        "Tax Effect Of Unusual Items": 768000.0,
        "Tax Rate For Calcs": 0.192,
        "Normalized EBITDA": 107100000.0,
        "Total Unusual Items": 4000000.0,
        "Total Unusual Items Excluding Goodwill": 4000000.0,
        "Net Income From Continuing Operation Net Minority Interest": 23600000.0,
        "Reconciled Depreciation": 53600000.0,
        "Reconciled Cost Of Revenue": 506600000.0,
        "EBITDA": 111100000.0,
        "EBIT": 57500000.0,
        "Net Interest Income": -26500000.0,
        "Interest Expense": 28300000.0,
        "Interest Income": 1800000.0,
        "Normalized Income": 20368000.0,
        "Net Income From Continuing And Discontinued Operation": 23600000.0,
        "Total Expenses": 580300000.0,
        "Total Operating Income As Reported": 55800000.0,
        "Diluted Average Shares": 49200000.0,
        "Basic Average Shares": 48700000.0,
        "Diluted EPS": 0.48,
        "Basic EPS": 0.48,
        "Diluted NI Availto Com Stockholders": 23500000.0,
        "Average Dilution Earnings": 0.0,
        "Net Income Common Stockholders": 23500000.0,
        "Otherunder Preferred Stock Dividend": 100000.0,
        "Net Income": 23600000.0,
        "Net Income Including Noncontrolling Interests": 23600000.0,
        "Net Income Continuous Operations": 23600000.0,
        "Tax Provision": 5600000.0,
        "Pretax Income": 29200000.0,
        "Other Income Expense": 4000000.0,
        "Other Non Operating Income Expenses": NaN,
        "Special Income Charges": 4100000.0,
        "Gain On Sale Of Ppe": 3800000.0,
        "Gain On Sale Of Business": 300000.0,
        "Write Off": NaN,
        "Impairment Of Capital Assets": NaN,
        "Gain On Sale Of Security": -100000.0,
        "Net Non Operating Interest Income Expense": -26500000.0,
        "Interest Expense Non Operating": 28300000.0,
        "Interest Income Non Operating": 1800000.0,
        "Operating Income": 51700000.0,
        "Operating Expense": 73700000.0,
        "Selling General And Administration": 73700000.0,
        "Gross Profit": 125400000.0,
        "Cost Of Revenue": 506600000.0,
        "Total Revenue": 632000000.0,
        "Operating Revenue": 632000000.0
    },
    "2025-06-30": {
        "Tax Effect Of Unusual Items": 565500.0,
        "Tax Rate For Calcs": 0.145,
        "Normalized EBITDA": 150500000.0,
        "Total Unusual Items": 3900000.0,
        "Total Unusual Items Excluding Goodwill": 3900000.0,
        "Net Income From Continuing Operation Net Minority Interest": 59700000.0,
        "Reconciled Depreciation": 56100000.0,
        "Reconciled Cost Of Revenue": 570800000.0,
        "EBITDA": 154400000.0,
        "EBIT": 98300000.0,
        "Net Interest Income": -27200000.0,
        "Interest Expense": 28500000.0,
        "Interest Income": 1300000.0,
        "Normalized Income": 56365500.0,
        "Net Income From Continuing And Discontinued Operation": 59700000.0,
        "Total Expenses": 643800000.0,
        "Total Operating Income As Reported": 94800000.0,
        "Diluted Average Shares": 49000000.0,
        "Basic Average Shares": 48900000.0,
        "Diluted EPS": 1.22,
        "Basic EPS": 1.22,
        "Diluted NI Availto Com Stockholders": 59600000.0,
        "Average Dilution Earnings": 0.0,
        "Net Income Common Stockholders": 59600000.0,
        "Otherunder Preferred Stock Dividend": 100000.0,
        "Net Income": 59700000.0,
        "Net Income Including Noncontrolling Interests": 59700000.0,
        "Net Income Continuous Operations": 59700000.0,
        "Tax Provision": 10100000.0,
        "Pretax Income": 69800000.0,
        "Other Income Expense": 3900000.0,
        "Other Non Operating Income Expenses": NaN,
        "Special Income Charges": 1700000.0,
        "Gain On Sale Of Ppe": 4500000.0,
        "Gain On Sale Of Business": -2800000.0,
        "Write Off": 0.0,
        "Impairment Of Capital Assets": NaN,
        "Gain On Sale Of Security": 2200000.0,
        "Net Non Operating Interest Income Expense": -27200000.0,
        "Interest Expense Non Operating": 28500000.0,
        "Interest Income Non Operating": 1300000.0,
        "Operating Income": 93100000.0,
        "Operating Expense": 73000000.0,
        "Selling General And Administration": 73000000.0,
        "Gross Profit": 166100000.0,
        "Cost Of Revenue": 570800000.0,
        "Total Revenue": 736900000.0,
        "Operating Revenue": 736900000.0
    }
}