{
    "2023-03-31": {
        "Tax Effect Of Unusual Items": -693000.0,
        "Tax Rate For Calcs": 0.21,
        "Normalized EBITDA": 33800000.0,
        "Total Unusual Items": -3300000.0,
        "Total Unusual Items Excluding Goodwill": -3300000.0,
        "Net Income From Continuing Operation Net Minority Interest": -3700000.0,
        "Reconciled Depreciation": 19900000.0,
        "Reconciled Cost Of Revenue": 274300000.0,
        "EBITDA": 30500000.0,
        "EBIT": 10600000.0,
        "Net Interest Income": -11500000.0,
        "Interest Expense": 13900000.0,
        "Interest Income": 2400000.0,
        "Normalized Income": -1093000.0,
        "Net Income From Continuing And Discontinued Operation": -3700000.0,
        "Total Expenses": 389200000.0,
        "Total Operating Income As Reported": 10100000.0,
        "Diluted Average Shares": 94900000.0,
        "Basic Average Shares": 94900000.0,
        "Diluted EPS": -0.04,
        "Basic EPS": -0.04,
        "Diluted NI Availto Com Stockholders": -3700000.0,
        "Net Income Common Stockholders": -3700000.0,
        "Net Income": -3700000.0,
        "Net Income Including Noncontrolling Interests": -3700000.0,
        "Net Income Continuous Operations": -3700000.0,
        "Tax Provision": 400000.0,
        "Pretax Income": -3300000.0,
        "Other Income Expense": -5200000.0,
        "Other Non Operating Income Expenses": -1900000.0,
        "Special Income Charges": -3300000.0,
        "Impairment Of Capital Assets": NaN,
        "Restructuring And Mergern Acquisition": 3300000.0,
        "Net Non Operating Interest Income Expense": -11500000.0,
        "Interest Expense Non Operating": 13900000.0,
        "Interest Income Non Operating": 2400000.0,
        "Operating Income": 13400000.0,
        "Operating Expense": 105900000.0,
        "Depreciation Amortization Depletion Income Statement": 10900000.0,
        "Depreciation And Amortization In Income Statement": 10900000.0,
        "Amortization": 10900000.0,
        "Amortization Of Intangibles Income Statement": 10900000.0,
        "Selling General And Administration": 95000000.0,
        "Gross Profit": 119300000.0,
        "Cost Of Revenue": 283300000.0,
        "Total Revenue": 402600000.0,
        "Operating Revenue": 402600000.0
    },
    "2022-12-31": {
        "Tax Effect Of Unusual Items": NaN,
        "Tax Rate For Calcs": NaN,
        "Normalized EBITDA": NaN,
        "Total Unusual Items": NaN,
        "Total Unusual Items Excluding Goodwill": NaN,
        "Net Income From Continuing Operation Net Minority Interest": NaN,
        "Reconciled Depreciation": NaN,
        "Reconciled Cost Of Revenue": NaN,
        "EBITDA": NaN,
        "EBIT": NaN,
        "Net Interest Income": NaN,
        "Interest Expense": NaN,
        "Interest Income": NaN,
        "Normalized Income": NaN,
        "Net Income From Continuing And Discontinued Operation": NaN,
        "Total Expenses": NaN,
        "Total Operating Income As Reported": NaN,
        "Diluted Average Shares": NaN,
        "Basic Average Shares": NaN,
        "Diluted EPS": NaN,
        "Basic EPS": NaN,
        "Diluted NI Availto Com Stockholders": NaN,
        "Net Income Common Stockholders": NaN,
        "Net Income": NaN,
        "Net Income Including Noncontrolling Interests": NaN,
        "Net Income Continuous Operations": NaN,
        "Tax Provision": NaN,
        "Pretax Income": NaN,
        "Other Income Expense": NaN,
        "Other Non Operating Income Expenses": NaN,
        "Special Income Charges": NaN,
        "Impairment Of Capital Assets": 0.0,
        "Restructuring And Mergern Acquisition": NaN,
        "Net Non Operating Interest Income Expense": NaN,
        "Interest Expense Non Operating": NaN,
        "Interest Income Non Operating": NaN,
        "Operating Income": NaN,
        "Operating Expense": NaN,
        "Depreciation Amortization Depletion Income Statement": NaN,
        "Depreciation And Amortization In Income Statement": NaN,
        "Amortization": NaN,
        "Amortization Of Intangibles Income Statement": NaN,
        "Selling General And Administration": NaN,
        "General And Administrative Expense": NaN,
        "Other Gand A": NaN,
        "Salaries And Wages": NaN,
        "Gross Profit": NaN,
        "Cost Of Revenue": NaN,
        "Total Revenue": NaN,
        "Operating Revenue": NaN
    },
    "2022-09-30": {
        "Tax Effect Of Unusual Items": NaN,
        "Tax Rate For Calcs": NaN,
        "Normalized EBITDA": NaN,
        "Total Unusual Items": NaN,
        "Total Unusual Items Excluding Goodwill": NaN,
        "Net Income From Continuing Operation Net Minority Interest": NaN,
        "Reconciled Depreciation": NaN,
        "Reconciled Cost Of Revenue": NaN,
        "EBITDA": NaN,
        "EBIT": NaN,
        "Net Interest Income": NaN,
        "Interest Expense": NaN,
        "Interest Income": NaN,
        "Normalized Income": NaN,
        "Net Income From Continuing And Discontinued Operation": NaN,
        "Total Expenses": NaN,
        "Total Operating Income As Reported": NaN,
        "Diluted Average Shares": NaN,
        "Basic Average Shares": NaN,
        "Diluted EPS": NaN,
        "Basic EPS": NaN,
        "Diluted NI Availto Com Stockholders": NaN,
        "Net Income Common Stockholders": NaN,
        "Net Income": NaN,
        "Net Income Including Noncontrolling Interests": NaN,
        "Net Income Continuous Operations": NaN,
        "Tax Provision": NaN,
        "Pretax Income": NaN,
        "Other Income Expense": NaN,
        "Other Non Operating Income Expenses": NaN,
        "Special Income Charges": NaN,
        "Impairment Of Capital Assets": 98700000.0,
        "Restructuring And Mergern Acquisition": NaN,
        "Net Non Operating Interest Income Expense": NaN,
        "Interest Expense Non Operating": NaN,
        "Interest Income Non Operating": NaN,
        "Operating Income": NaN,
        "Operating Expense": NaN,
        "Depreciation Amortization Depletion Income Statement": NaN,
        "Depreciation And Amortization In Income Statement": NaN,
        "Amortization": NaN,
        "Amortization Of Intangibles Income Statement": NaN,
        "Selling General And Administration": NaN,
        "Gross Profit": NaN,
        "Cost Of Revenue": NaN,
        "Total Revenue": NaN,
        "Operating Revenue": NaN
    },
    "2022-06-30": {
        "Tax Effect Of Unusual Items": 1792500.0,
        "Tax Rate For Calcs": 0.239,
        "Normalized EBITDA": 75300000.0,
        "Total Unusual Items": 7500000.0,
        "Total Unusual Items Excluding Goodwill": 7500000.0,
        "Net Income From Continuing Operation Net Minority Interest": 39400000.0,
        "Reconciled Depreciation": 20200000.0,
        "Reconciled Cost Of Revenue": 361300000.0,
        "EBITDA": 82800000.0,
        "EBIT": 62600000.0,
        "Net Interest Income": -8600000.0,
        "Interest Expense": 10800000.0,
        "Interest Income": 2200000.0,
        "Normalized Income": 33692500.0,
        "Net Income From Continuing And Discontinued Operation": 39400000.0,
        "Total Expenses": 473100000.0,
        "Total Operating Income As Reported": 55400000.0,
        "Diluted Average Shares": 97400000.0,
        "Basic Average Shares": 96200000.0,
        "Diluted EPS": 0.4,
        "Basic EPS": 0.41,
        "Diluted NI Availto Com Stockholders": 39400000.0,
        "Net Income Common Stockholders": 39400000.0,
        "Net Income": 39400000.0,
        "Net Income Including Noncontrolling Interests": 39400000.0,
        "Net Income Continuous Operations": 39400000.0,
        "Tax Provision": 12400000.0,
        "Pretax Income": 51800000.0,
        "Other Income Expense": 12500000.0,
        "Other Non Operating Income Expenses": 5000000.0,
        "Special Income Charges": 7500000.0,
        "Impairment Of Capital Assets": NaN,
        "Restructuring And Mergern Acquisition": -7500000.0,
        "Net Non Operating Interest Income Expense": -8600000.0,
        "Interest Expense Non Operating": 10800000.0,
        "Interest Income Non Operating": 2200000.0,
        "Operating Income": 47900000.0,
        "Operating Expense": 102100000.0,
        "Depreciation Amortization Depletion Income Statement": 10500000.0,
        "Depreciation And Amortization In Income Statement": 10500000.0,
        "Amortization": 10500000.0,
        "Amortization Of Intangibles Income Statement": 10500000.0,
        "Selling General And Administration": 91600000.0,
        "Gross Profit": 150000000.0,
        "Cost Of Revenue": 371000000.0,
        "Total Revenue": 521000000.0,
        "Operating Revenue": 521000000.0
    },
    "2022-03-31": {
        "Diluted EPS": -0.03,
        "Total Revenue": 442,
        "Gross Profit": 120,
        "Operating Income": 7,
        "EBIT": 29,
        "Net Income": -3
    },
    "2021-12-31": {
        "Diluted EPS": 0.55,
        "Total Revenue": 570,
        "Gross Profit": 178,
        "Operating Income": 64,
        "EBIT": 85,
        "Net Income": 54
    },
    "2021-09-30": {
        "Diluted EPS": 0.21,
        "Total Revenue": 527,
        "Gross Profit": 157,
        "Operating Income": 39,
        "EBIT": 61,
        "Net Income": 20
    },
    "2021-06-30": {
        "Diluted EPS": 0.5,
        "Total Revenue": 518,
        "Gross Profit": 164,
        "Operating Income": 50,
        "EBIT": 72,
        "Net Income": 49
    },
    "2021-03-31": {
        "Diluted EPS": -0.21,
        "Total Revenue": 411,
        "Gross Profit": 116,
        "Operating Income": -1,
        "EBIT": 24,
        "Net Income": -20
    },
    "2020-12-31": {
        "Diluted EPS": 0.31,
        "Total Revenue": 460,
        "Gross Profit": 143,
        "Operating Income": 42,
        "EBIT": 61,
        "Net Income": 30
    },
    "2020-09-30": {
        "Diluted EPS": 0.2,
        "Total Revenue": 444,
        "Gross Profit": 127,
        "Operating Income": 34,
        "EBIT": 53,
        "Net Income": 19
    },
    "2020-06-30": {
        "Diluted EPS": 0.06,
        "Total Revenue": 367,
        "Gross Profit": 110,
        "Operating Income": 19,
        "EBIT": 37,
        "Net Income": 5
    },
    "2020-03-31": {
        "Diluted EPS": 0.08,
        "Total Revenue": 384,
        "Gross Profit": 112,
        "Operating Income": 17,
        "EBIT": 35,
        "Net Income": 8
    },
    "2019-12-31": {
        "Diluted EPS": 0.44,
        "Total Revenue": 537,
        "Gross Profit": 186,
        "Operating Income": 68,
        "EBIT": 87,
        "Net Income": 44
    },
    "2019-09-30": {
        "Diluted EPS": 0.28,
        "Total Revenue": 506,
        "Gross Profit": 156,
        "Operating Income": 49,
        "EBIT": 67,
        "Net Income": 28
    },
    "2019-06-30": {
        "Diluted EPS": 0.35,
        "Total Revenue": 519,
        "Gross Profit": 166,
        "Operating Income": 61,
        "EBIT": 80,
        "Net Income": 36
    },
    "2019-03-31": {
        "Diluted EPS": -0.01,
        "Total Revenue": 394,
        "Gross Profit": 126,
        "Operating Income": 18,
        "EBIT": 37,
        "Net Income": -1
    },
    "2018-12-31": {
        "Diluted EPS": 0.33,
        "Total Revenue": 529,
        "Gross Profit": 177,
        "Operating Income": 66,
        "EBIT": 85,
        "Net Income": 35
    },
    "2018-09-30": {
        "Diluted EPS": 0.34,
        "Total Revenue": 507,
        "Gross Profit": 161,
        "Operating Income": 58,
        "EBIT": 75,
        "Net Income": 36
    },
    "2018-06-30": {
        "Diluted EPS": 0.24,
        "Total Revenue": 499,
        "Gross Profit": 162,
        "Operating Income": 52,
        "EBIT": 69,
        "Net Income": 26
    },
    "2018-03-31": {
        "Diluted EPS": 0.09,
        "Total Revenue": 406,
        "Gross Profit": 128,
        "Operating Income": 12,
        "EBIT": 31,
        "Net Income": 10
    },
    "2017-12-31": {
        "Diluted EPS": 0.67,
        "Total Revenue": 567,
        "Gross Profit": 199,
        "Operating Income": 77,
        "EBIT": 96,
        "Net Income": 74
    },
    "2017-09-30": {
        "Diluted EPS": 0.28,
        "Total Revenue": 532,
        "Gross Profit": 178,
        "Operating Income": 57,
        "EBIT": 75,
        "Net Income": 31
    },
    "2017-06-30": {
        "Diluted EPS": 0.21,
        "Total Revenue": 490,
        "Gross Profit": 169,
        "Operating Income": 43,
        "EBIT": 62,
        "Net Income": 24
    },
    "2017-03-31": {
        "Diluted EPS": 0.03,
        "Total Revenue": 360,
        "Gross Profit": 111,
        "Operating Income": 7,
        "EBIT": 27,
        "Net Income": 4
    },
    "2016-12-31": {
        "Diluted EPS": 0.05,
        "Total Revenue": 438,
        "Gross Profit": 154,
        "Operating Income": 52,
        "EBIT": 65,
        "Net Income": 6
    },
    "2016-09-30": {
        "Diluted EPS": 0.21,
        "Total Revenue": 431,
        "Gross Profit": 144,
        "Operating Income": 56,
        "EBIT": 71,
        "Net Income": 23
    },
    "2016-06-30": {
        "Diluted EPS": 0.57,
        "Total Revenue": 410,
        "Gross Profit": 135,
        "Operating Income": 45,
        "EBIT": 60,
        "Net Income": 62
    },
    "2016-03-31": {
        "Diluted EPS": 0.04,
        "Total Revenue": 278,
        "Gross Profit": 82,
        "Operating Income": 7,
        "EBIT": 20,
        "Net Income": 5
    },
    "2015-12-31": {
        "Diluted EPS": 0.28,
        "Total Revenue": 412,
        "Gross Profit": 138,
        "Operating Income": 57,
        "EBIT": 70,
        "Net Income": 31
    },
    "2015-09-30": {
        "Diluted EPS": 0.3,
        "Total Revenue": 414,
        "Gross Profit": 134,
        "Operating Income": 55,
        "EBIT": 68,
        "Net Income": 33
    },
    "2015-06-30": {
        "Diluted EPS": 0.25,
        "Total Revenue": 395,
        "Gross Profit": 127,
        "Operating Income": 49,
        "EBIT": 63,
        "Net Income": 28
    },
    "2015-03-31": {
        "Diluted EPS": -0.05,
        "Total Revenue": 290,
        "Gross Profit": 80,
        "Operating Income": 3,
        "EBIT": 17,
        "Net Income": -6
    },
    "2014-12-31": {
        "Diluted EPS": 0.39,
        "Total Revenue": 460,
        "Gross Profit": 157,
        "Operating Income": 69,
        "EBIT": 84,
        "Net Income": 44
    },
    "2014-09-30": {
        "Diluted EPS": 0.29,
        "Total Revenue": 472,
        "Gross Profit": 153,
        "Operating Income": 62,
        "EBIT": 77,
        "Net Income": 34
    },
    "2014-06-30": {
        "Diluted EPS": 0.18,
        "Total Revenue": 428,
        "Gross Profit": 131,
        "Operating Income": 44,
        "EBIT": 60,
        "Net Income": 21
    },
    "2014-03-31": {
        "Diluted EPS": -0.07,
        "Total Revenue": 329,
        "Gross Profit": 89,
        "Operating Income": -1,
        "EBIT": 15,
        "Net Income": -8
    },
    "2013-12-31": {
        "Diluted EPS": 0.44,
        "Total Revenue": 504,
        "Gross Profit": 173,
        "Operating Income": 67,
        "EBIT": 84,
        "Net Income": 50
    },
    "2013-09-30": {
        "Diluted EPS": 0.23,
        "Total Revenue": 469,
        "Gross Profit": 141,
        "Operating Income": 50,
        "EBIT": 67,
        "Net Income": 26
    },
    "2013-06-30": {
        "Diluted EPS": 0.08,
        "Total Revenue": 440,
        "Gross Profit": 137,
        "Operating Income": 38,
        "EBIT": 56,
        "Net Income": 10
    },
    "2013-03-31": {
        "Diluted EPS": -0.08,
        "Total Revenue": 352,
        "Gross Profit": 97,
        "Operating Income": -9,
        "EBIT": 9,
        "Net Income": -9
    },
    "2012-12-31": {
        "Diluted EPS": 0.05,
        "Total Revenue": 530,
        "Gross Profit": 182,
        "Operating Income": 67,
        "EBIT": 88,
        "Net Income": -17
    },
    "2012-09-30": {
        "Diluted EPS": 0.48,
        "Total Revenue": 501,
        "Gross Profit": 151,
        "Operating Income": 56,
        "EBIT": 78,
        "Net Income": 55
    },
    "2012-06-30": {
        "Diluted EPS": 0.98,
        "Total Revenue": 439,
        "Gross Profit": 124,
        "Operating Income": 12,
        "EBIT": 38,
        "Net Income": 94
    },
    "2012-03-31": {
        "Diluted EPS": -0.31,
        "Total Revenue": 289,
        "Gross Profit": 80,
        "Operating Income": 4,
        "EBIT": 13,
        "Net Income": -17
    },
    "2011-12-31": {
        "Diluted EPS": 0.18,
        "Total Revenue": 351,
        "Gross Profit": 105,
        "Operating Income": 36,
        "EBIT": 45,
        "Net Income": 9
    },
    "2011-09-30": {
        "Diluted EPS": 0.2,
        "Total Revenue": 339,
        "Gross Profit": 103,
        "Operating Income": 35,
        "EBIT": 47,
        "Net Income": 12
    },
    "2011-06-30": {
        "Diluted EPS": 0.75,
        "Total Revenue": 330,
        "Gross Profit": 101,
        "Operating Income": 31,
        "EBIT": 41,
        "Net Income": 44
    },
    "2011-03-31": {
        "Diluted EPS": -0.15,
        "Total Revenue": 298,
        "Gross Profit": 89,
        "Operating Income": 13,
        "EBIT": 24,
        "Net Income": -8
    },
    "2010-12-31": {
        "Diluted EPS": 0.13,
        "Total Revenue": 349,
        "Gross Profit": 95,
        "Operating Income": 33,
        "EBIT": 43,
        "Net Income": 7
    },
    "2010-09-30": {
        "Diluted EPS": 0.09,
        "Total Revenue": 319,
        "Gross Profit": 98,
        "Operating Income": 30,
        "EBIT": 41,
        "Net Income": 5
    },
    "2010-06-30": {
        "Diluted EPS": 0.09,
        "Total Revenue": 305,
        "Gross Profit": 95,
        "Operating Income": 25,
        "EBIT": 36,
        "Net Income": 5
    },
    "2010-03-31": {
        "Diluted EPS": -0.09,
        "Total Revenue": 311,
        "Gross Profit": 95,
        "Operating Income": 22,
        "EBIT": 33,
        "Net Income": -5
    },
    "2009-12-31": {
        "Diluted EPS": 0.02,
        "Total Revenue": 314,
        "Gross Profit": 94,
        "Operating Income": 24,
        "EBIT": 35,
        "Net Income": 1
    },
    "2009-09-30": {
        "Diluted EPS": 0.02,
        "Total Revenue": 323,
        "Gross Profit": 100,
        "Operating Income": 28,
        "EBIT": 39,
        "Net Income": 1
    },
    "2009-06-30": {
        "Diluted EPS": -2.23,
        "Total Revenue": 304,
        "Gross Profit": 89,
        "Operating Income": 11,
        "EBIT": 23,
        "Net Income": -121
    },
    "2009-03-31": {
        "Diluted EPS": -0.13,
        "Total Revenue": 293,
        "Gross Profit": 82,
        "Operating Income": 13,
        "EBIT": 24,
        "Net Income": -7
    },
    "2023-06-30": {
        "Tax Effect Of Unusual Items": NaN,
        "Tax Rate For Calcs": NaN,
        "Normalized EBITDA": NaN,
        "Total Unusual Items": NaN,
        "Total Unusual Items Excluding Goodwill": NaN,
        "Net Income From Continuing Operation Net Minority Interest": NaN,
        "Reconciled Depreciation": NaN,
        "Reconciled Cost Of Revenue": NaN,
        "EBITDA": NaN,
        "EBIT": NaN,
        "Net Interest Income": NaN,
        "Interest Expense": NaN,
        "Interest Income": NaN,
        "Normalized Income": NaN,
        "Net Income From Continuing And Discontinued Operation": NaN,
        "Total Expenses": NaN,
        "Total Operating Income As Reported": NaN,
        "Diluted Average Shares": NaN,
        "Basic Average Shares": NaN,
        "Diluted EPS": NaN,
        "Basic EPS": NaN,
        "Diluted NI Availto Com Stockholders": NaN,
        "Net Income Common Stockholders": NaN,
        "Net Income": NaN,
        "Net Income Including Noncontrolling Interests": NaN,
        "Net Income Continuous Operations": NaN,
        "Tax Provision": NaN,
        "Pretax Income": NaN,
        "Other Income Expense": NaN,
        "Other Non Operating Income Expenses": NaN,
        "Special Income Charges": NaN,
        "Impairment Of Capital Assets": NaN,
        "Restructuring And Mergern Acquisition": NaN,
        "Net Non Operating Interest Income Expense": NaN,
        "Interest Expense Non Operating": NaN,
        "Interest Income Non Operating": NaN,
        "Operating Income": NaN,
        "Operating Expense": NaN,
        "Depreciation Amortization Depletion Income Statement": NaN,
        "Depreciation And Amortization In Income Statement": NaN,
        "Amortization": NaN,
        "Amortization Of Intangibles Income Statement": NaN,
        "Selling General And Administration": NaN,
        "General And Administrative Expense": 98000000.0,
        "Other Gand A": 98000000.0,
        "Salaries And Wages": 200000.0,
        "Gross Profit": NaN,
        "Cost Of Revenue": NaN,
        "Total Revenue": NaN,
        "Operating Revenue": NaN
    },
    "2023-09-30": {
        "Tax Effect Of Unusual Items": NaN,
        "Tax Rate For Calcs": NaN,
        "Normalized EBITDA": NaN,
        "Total Unusual Items": NaN,
        "Total Unusual Items Excluding Goodwill": NaN,
        "Net Income From Continuing Operation Net Minority Interest": NaN,
        "Reconciled Depreciation": NaN,
        "Reconciled Cost Of Revenue": NaN,
        "EBITDA": NaN,
        "EBIT": NaN,
        "Net Interest Income": NaN,
        "Interest Expense": NaN,
        "Interest Income": NaN,
        "Normalized Income": NaN,
        "Net Income From Continuing And Discontinued Operation": NaN,
        "Total Expenses": NaN,
        "Total Operating Income As Reported": NaN,
        "Diluted Average Shares": NaN,
        "Basic Average Shares": NaN,
        "Diluted EPS": NaN,
        "Basic EPS": NaN,
        "Diluted NI Availto Com Stockholders": NaN,
        "Net Income Common Stockholders": NaN,
        "Net Income": NaN,
        "Net Income Including Noncontrolling Interests": NaN,
        "Net Income Continuous Operations": NaN,
        "Tax Provision": NaN,
        "Pretax Income": NaN,
        "Other Income Expense": NaN,
        "Other Non Operating Income Expenses": NaN,
        "Special Income Charges": NaN,
        "Impairment Of Capital Assets": 0.0,
        "Restructuring And Mergern Acquisition": NaN,
        "Net Non Operating Interest Income Expense": NaN,
        "Interest Expense Non Operating": NaN,
        "Interest Income Non Operating": NaN,
        "Operating Income": NaN,
        "Operating Expense": NaN,
        "Depreciation Amortization Depletion Income Statement": NaN,
        "Depreciation And Amortization In Income Statement": NaN,
        "Amortization": NaN,
        "Amortization Of Intangibles Income Statement": NaN,
        "Selling General And Administration": NaN,
        "General And Administrative Expense": NaN,
        "Other Gand A": NaN,
        "Salaries And Wages": NaN,
        "Gross Profit": NaN,
        "Cost Of Revenue": NaN,
        "Total Revenue": NaN,
        "Operating Revenue": NaN
    },
    "2023-12-31": {
        "Tax Effect Of Unusual Items": NaN,
        "Tax Rate For Calcs": NaN,
        "Normalized EBITDA": NaN,
        "Total Unusual Items": NaN,
        "Total Unusual Items Excluding Goodwill": NaN,
        "Net Income From Continuing Operation Net Minority Interest": NaN,
        "Reconciled Depreciation": NaN,
        "Reconciled Cost Of Revenue": NaN,
        "EBITDA": NaN,
        "EBIT": NaN,
        "Net Interest Income": NaN,
        "Interest Expense": NaN,
        "Interest Income": NaN,
        "Normalized Income": NaN,
        "Net Income From Continuing And Discontinued Operation": NaN,
        "Total Expenses": NaN,
        "Total Operating Income As Reported": NaN,
        "Diluted Average Shares": NaN,
        "Basic Average Shares": NaN,
        "Diluted EPS": NaN,
        "Basic EPS": NaN,
        "Diluted NI Availto Com Stockholders": NaN,
        "Net Income Common Stockholders": NaN,
        "Net Income": NaN,
        "Net Income Including Noncontrolling Interests": NaN,
        "Net Income Continuous Operations": NaN,
        "Tax Provision": NaN,
        "Pretax Income": NaN,
        "Other Income Expense": NaN,
        "Other Non Operating Income Expenses": NaN,
        "Special Income Charges": NaN,
        "Gain On Sale Of Ppe": NaN,
        "Impairment Of Capital Assets": 89500000.0,
        "Restructuring And Mergern Acquisition": NaN,
        "Net Non Operating Interest Income Expense": NaN,
        "Interest Expense Non Operating": NaN,
        "Interest Income Non Operating": NaN,
        "Operating Income": NaN,
        "Operating Expense": NaN,
        "Depreciation Amortization Depletion Income Statement": NaN,
        "Depreciation And Amortization In Income Statement": NaN,
        "Amortization": NaN,
        "Amortization Of Intangibles Income Statement": NaN,
        "Selling General And Administration": NaN,
        "General And Administrative Expense": NaN,
        "Other Gand A": NaN,
        "Salaries And Wages": NaN,
        "Gross Profit": NaN,
        "Cost Of Revenue": NaN,
        "Total Revenue": NaN,
        "Operating Revenue": NaN
    },
    "2024-03-31": {
        "Tax Effect Of Unusual Items": 63000.0,
        "Tax Rate For Calcs": 0.21,
        "Normalized EBITDA": 25700000.0,
        "Total Unusual Items": 300000.0,
        "Total Unusual Items Excluding Goodwill": 300000.0,
        "Net Income From Continuing Operation Net Minority Interest": -6300000.0,
        "Reconciled Depreciation": 18000000.0,
        "Reconciled Cost Of Revenue": 241100000.0,
        "EBITDA": 26000000.0,
        "EBIT": 8000000.0,
        "Net Interest Income": -11400000.0,
        "Interest Expense": 13300000.0,
        "Interest Income": 1900000.0,
        "Normalized Income": -6537000.0,
        "Net Income From Continuing And Discontinued Operation": -6300000.0,
        "Total Expenses": 353300000.0,
        "Total Operating Income As Reported": 5900000.0,
        "Diluted Average Shares": 95700000.0,
        "Basic Average Shares": 95700000.0,
        "Diluted EPS": -0.07,
        "Basic EPS": -0.07,
        "Diluted NI Availto Com Stockholders": -6300000.0,
        "Net Income Common Stockholders": -6300000.0,
        "Net Income": -6300000.0,
        "Net Income Including Noncontrolling Interests": -6300000.0,
        "Net Income Continuous Operations": -6300000.0,
        "Tax Provision": 1000000.0,
        "Pretax Income": -5300000.0,
        "Other Income Expense": 500000.0,
        "Other Non Operating Income Expenses": 200000.0,
        "Special Income Charges": 300000.0,
        "Impairment Of Capital Assets": NaN,
        "Restructuring And Mergern Acquisition": -300000.0,
        "Net Non Operating Interest Income Expense": -11400000.0,
        "Interest Expense Non Operating": 13300000.0,
        "Interest Income Non Operating": 1900000.0,
        "Operating Income": 5600000.0,
        "Operating Expense": 104800000.0,
        "Depreciation Amortization Depletion Income Statement": 10600000.0,
        "Depreciation And Amortization In Income Statement": 10600000.0,
        "Amortization": 10600000.0,
        "Amortization Of Intangibles Income Statement": 10600000.0,
        "Selling General And Administration": 94200000.0,
        "General And Administrative Expense": NaN,
        "Other Gand A": NaN,
        "Salaries And Wages": NaN,
        "Gross Profit": 110400000.0,
        "Cost Of Revenue": 248500000.0,
        "Total Revenue": 358900000.0,
        "Operating Revenue": 358900000.0
    },
    "2024-06-30": {
        "Tax Effect Of Unusual Items": -2847566.718995,
        "Tax Rate For Calcs": 0.017268,
        "Normalized EBITDA": 68900000.0,
        "Total Unusual Items": -164900000.0,
        "Total Unusual Items Excluding Goodwill": -164900000.0,
        "Net Income From Continuing Operation Net Minority Interest": -125200000.0,
        "Reconciled Depreciation": 17600000.0,
        "Reconciled Cost Of Revenue": 279000000.0,
        "EBITDA": -96000000.0,
        "EBIT": -113600000.0,
        "Net Interest Income": -11600000.0,
        "Interest Expense": 13800000.0,
        "Interest Income": 2200000.0,
        "Normalized Income": 36852433.281005,
        "Net Income From Continuing And Discontinued Operation": -125200000.0,
        "Total Expenses": 384600000.0,
        "Total Operating Income As Reported": -111200000.0,
        "Diluted Average Shares": 96800000.0,
        "Basic Average Shares": 96800000.0,
        "Diluted EPS": -1.29,
        "Basic EPS": -1.29,
        "Diluted NI Availto Com Stockholders": -125200000.0,
        "Net Income Common Stockholders": -125200000.0,
        "Net Income": -125200000.0,
        "Net Income Including Noncontrolling Interests": -125200000.0,
        "Net Income Continuous Operations": -125200000.0,
        "Tax Provision": -2200000.0,
        "Pretax Income": -127400000.0,
        "Other Income Expense": -169500000.0,
        "Other Non Operating Income Expenses": -4600000.0,
        "Special Income Charges": -164900000.0,
        "Gain On Sale Of Ppe": 0.0,
        "Impairment Of Capital Assets": 165200000.0,
        "Restructuring And Mergern Acquisition": -300000.0,
        "Net Non Operating Interest Income Expense": -11600000.0,
        "Interest Expense Non Operating": 13800000.0,
        "Interest Income Non Operating": 2200000.0,
        "Operating Income": 53700000.0,
        "Operating Expense": 98900000.0,
        "Depreciation Amortization Depletion Income Statement": 10900000.0,
        "Depreciation And Amortization In Income Statement": 10900000.0,
        "Amortization": 10900000.0,
        "Amortization Of Intangibles Income Statement": 10900000.0,
        "Selling General And Administration": 88000000.0,
        "General And Administrative Expense": 88000000.0,
        "Other Gand A": 88000000.0,
        "Salaries And Wages": 4800000.0,
        "Gross Profit": 152600000.0,
        "Cost Of Revenue": 285700000.0,
        "Total Revenue": 438300000.0,
        "Operating Revenue": 438300000.0
    },
    "2024-09-30": {
        "Tax Effect Of Unusual Items": -2184200.0,
        "Tax Rate For Calcs": 0.326,
        "Normalized EBITDA": 53000000.0,
        "Total Unusual Items": -6700000.0,
        "Total Unusual Items Excluding Goodwill": -6700000.0,
        "Net Income From Continuing Operation Net Minority Interest": 9300000.0,
        "Reconciled Depreciation": 18800000.0,
        "Reconciled Cost Of Revenue": 276900000.0,
        "EBITDA": 46300000.0,
        "EBIT": 27500000.0,
        "Net Interest Income": -11700000.0,
        "Interest Expense": 13700000.0,
        "Interest Income": 2000000.0,
        "Normalized Income": 13815800.0,
        "Net Income From Continuing And Discontinued Operation": 9300000.0,
        "Total Expenses": 387900000.0,
        "Total Operating Income As Reported": 26300000.0,
        "Diluted Average Shares": 97500000.0,
        "Basic Average Shares": 96000000.0,
        "Diluted EPS": 0.09,
        "Basic EPS": 0.1,
        "Diluted NI Availto Com Stockholders": 9300000.0,
        "Net Income Common Stockholders": 9300000.0,
        "Net Income": 9300000.0,
        "Net Income Including Noncontrolling Interests": 9300000.0,
        "Net Income Continuous Operations": 9300000.0,
        "Tax Provision": 4500000.0,
        "Pretax Income": 13800000.0,
        "Other Income Expense": -7500000.0,
        "Other Non Operating Income Expenses": -800000.0,
        "Special Income Charges": -6700000.0,
        "Gain On Sale Of Ppe": NaN,
        "Impairment Of Capital Assets": 0.0,
        "Restructuring And Mergern Acquisition": 6700000.0,
        "Net Non Operating Interest Income Expense": -11700000.0,
        "Interest Expense Non Operating": 13700000.0,
        "Interest Income Non Operating": 2000000.0,
        "Operating Income": 33000000.0,
        "Operating Expense": 103900000.0,
        "Depreciation Amortization Depletion Income Statement": 11700000.0,
        "Depreciation And Amortization In Income Statement": 11700000.0,
        "Amortization": 11700000.0,
        "Amortization Of Intangibles Income Statement": 11700000.0,
        "Selling General And Administration": 92200000.0,
        "General And Administrative Expense": NaN,
        "Other Gand A": NaN,
        "Salaries And Wages": NaN,
        "Gross Profit": 136900000.0,
        "Cost Of Revenue": 284000000.0,
        "Total Revenue": 420900000.0,
        "Operating Revenue": 420900000.0
    },
    "2024-12-31": {
        "Tax Effect Of Unusual Items": -3724683.544304,
        "Tax Rate For Calcs": 0.348101,
        "Normalized EBITDA": 72800000.0,
        "Total Unusual Items": -10700000.0,
        "Total Unusual Items Excluding Goodwill": -10700000.0,
        "Net Income From Continuing Operation Net Minority Interest": 20600000.0,
        "Reconciled Depreciation": 18700000.0,
        "Reconciled Cost Of Revenue": 285400000.0,
        "EBITDA": 62100000.0,
        "EBIT": 43400000.0,
        "Net Interest Income": -10400000.0,
        "Interest Expense": 11800000.0,
        "Interest Income": 1400000.0,
        "Normalized Income": 27575316.455696,
        "Net Income From Continuing And Discontinued Operation": 20600000.0,
        "Total Expenses": 395400000.0,
        "Total Operating Income As Reported": 42000000.0,
        "Diluted Average Shares": 95900000.0,
        "Basic Average Shares": 94000000.0,
        "Diluted EPS": 0.21,
        "Basic EPS": 0.22,
        "Diluted NI Availto Com Stockholders": 20600000.0,
        "Net Income Common Stockholders": 20600000.0,
        "Net Income": 20600000.0,
        "Net Income Including Noncontrolling Interests": 20600000.0,
        "Net Income Continuous Operations": 20600000.0,
        "Tax Provision": 11000000.0,
        "Pretax Income": 31600000.0,
        "Other Income Expense": -10700000.0,
        "Other Non Operating Income Expenses": 0.0,
        "Special Income Charges": -10700000.0,
        "Gain On Sale Of Ppe": NaN,
        "Impairment Of Capital Assets": 0.0,
        "Restructuring And Mergern Acquisition": 10700000.0,
        "Net Non Operating Interest Income Expense": -10400000.0,
        "Interest Expense Non Operating": 11800000.0,
        "Interest Income Non Operating": 1400000.0,
        "Operating Income": 52700000.0,
        "Operating Expense": 102800000.0,
        "Depreciation Amortization Depletion Income Statement": 11500000.0,
        "Depreciation And Amortization In Income Statement": 11500000.0,
        "Amortization": 11500000.0,
        "Amortization Of Intangibles Income Statement": 11500000.0,
        "Selling General And Administration": 91300000.0,
        "General And Administrative Expense": NaN,
        "Other Gand A": NaN,
        "Salaries And Wages": NaN,
        "Gross Profit": 155500000.0,
        "Cost Of Revenue": 292600000.0,
        "Total Revenue": 448100000.0,
        "Operating Revenue": 448100000.0
    },
    "2025-03-31": {
        "Tax Effect Of Unusual Items": -460000.0,
        "Tax Rate For Calcs": 0.2,
        "Normalized EBITDA": 14600000.0,
        "Total Unusual Items": -2300000.0,
        "Total Unusual Items Excluding Goodwill": -2300000.0,
        "Net Income From Continuing Operation Net Minority Interest": -13200000.0,
        "Reconciled Depreciation": 18000000.0,
        "Reconciled Cost Of Revenue": 211100000.0,
        "EBITDA": 12300000.0,
        "EBIT": -5700000.0,
        "Net Interest Income": -8900000.0,
        "Interest Expense": 10800000.0,
        "Interest Income": 1900000.0,
        "Normalized Income": -11360000.0,
        "Net Income From Continuing And Discontinued Operation": -13200000.0,
        "Total Expenses": 321800000.0,
        "Total Operating Income As Reported": -6700000.0,
        "Diluted Average Shares": 93300000.0,
        "Basic Average Shares": 93300000.0,
        "Diluted EPS": -0.14,
        "Basic EPS": -0.14,
        "Diluted NI Availto Com Stockholders": -13200000.0,
        "Net Income Common Stockholders": -13200000.0,
        "Net Income": -13200000.0,
        "Net Income Including Noncontrolling Interests": -13200000.0,
        "Net Income Continuous Operations": -13200000.0,
        "Tax Provision": -3300000.0,
        "Pretax Income": -16500000.0,
        "Other Income Expense": -3200000.0,
        "Other Non Operating Income Expenses": -900000.0,
        "Special Income Charges": -2300000.0,
        "Gain On Sale Of Ppe": NaN,
        "Impairment Of Capital Assets": NaN,
        "Restructuring And Mergern Acquisition": 2300000.0,
        "Net Non Operating Interest Income Expense": -8900000.0,
        "Interest Expense Non Operating": 10800000.0,
        "Interest Income Non Operating": 1900000.0,
        "Operating Income": -4400000.0,
        "Operating Expense": 104000000.0,
        "Depreciation Amortization Depletion Income Statement": 11300000.0,
        "Depreciation And Amortization In Income Statement": 11300000.0,
        "Amortization": 11300000.0,
        "Amortization Of Intangibles Income Statement": 11300000.0,
        "Selling General And Administration": 92700000.0,
        "General And Administrative Expense": NaN,
        "Other Gand A": NaN,
        "Salaries And Wages": NaN,
        "Gross Profit": 99600000.0,
        "Cost Of Revenue": 217800000.0,
        "Total Revenue": 317400000.0,
        "Operating Revenue": 317400000.0
    },
    "2025-06-30": {
        "Tax Effect Of Unusual Items": -525000.0,
        "Tax Rate For Calcs": 0.21,
        "Normalized EBITDA": 55300000.0,
        "Total Unusual Items": -2500000.0,
        "Total Unusual Items Excluding Goodwill": -2500000.0,
        "Net Income From Continuing Operation Net Minority Interest": 29200000.0,
        "Reconciled Depreciation": 18200000.0,
        "Reconciled Cost Of Revenue": 258500000.0,
        "EBITDA": 52800000.0,
        "EBIT": 34600000.0,
        "Net Interest Income": -8900000.0,
        "Interest Expense": 11900000.0,
        "Interest Income": 3000000.0,
        "Normalized Income": 31175000.0,
        "Net Income From Continuing And Discontinued Operation": 29200000.0,
        "Total Expenses": 359300000.0,
        "Total Operating Income As Reported": 33000000.0,
        "Diluted Average Shares": 93100000.0,
        "Basic Average Shares": 91600000.0,
        "Diluted EPS": 0.31,
        "Basic EPS": 0.32,
        "Diluted NI Availto Com Stockholders": 29200000.0,
        "Net Income Common Stockholders": 29200000.0,
        "Net Income": 29200000.0,
        "Net Income Including Noncontrolling Interests": 29200000.0,
        "Net Income Continuous Operations": 29200000.0,
        "Tax Provision": -6500000.0,
        "Pretax Income": 22700000.0,
        "Other Income Expense": -3900000.0,
        "Other Non Operating Income Expenses": -1400000.0,
        "Special Income Charges": -2500000.0,
        "Gain On Sale Of Ppe": 6900000.0,
        "Impairment Of Capital Assets": 0.0,
        "Restructuring And Mergern Acquisition": 9400000.0,
        "Net Non Operating Interest Income Expense": -8900000.0,
        "Interest Expense Non Operating": 11900000.0,
        "Interest Income Non Operating": 3000000.0,
        "Operating Income": 35500000.0,
        "Operating Expense": 94200000.0,
        "Depreciation Amortization Depletion Income Statement": 11600000.0,
        "Depreciation And Amortization In Income Statement": 11600000.0,
        "Amortization": 11600000.0,
        "Amortization Of Intangibles Income Statement": 11600000.0,
        "Selling General And Administration": 82600000.0,
        "General And Administrative Expense": NaN,
        "Other Gand A": NaN,
        "Salaries And Wages": NaN,
        "Gross Profit": 129700000.0,
        "Cost Of Revenue": 265100000.0,
        "Total Revenue": 394800000.0,
        "Operating Revenue": 394800000.0
    }
}