{
    "2023-03-31": {
        "Tax Effect Of Unusual Items": NaN,
        "Tax Rate For Calcs": NaN,
        "Normalized EBITDA": NaN,
        "Total Unusual Items": NaN,
        "Total Unusual Items Excluding Goodwill": NaN,
        "Net Income From Continuing Operation Net Minority Interest": NaN,
        "Reconciled Depreciation": NaN,
        "Reconciled Cost Of Revenue": NaN,
        "EBITDA": NaN,
        "EBIT": NaN,
        "Net Interest Income": NaN,
        "Interest Expense": NaN,
        "Normalized Income": NaN,
        "Net Income From Continuing And Discontinued Operation": NaN,
        "Total Expenses": NaN,
        "Total Operating Income As Reported": NaN,
        "Diluted Average Shares": NaN,
        "Basic Average Shares": NaN,
        "Diluted EPS": NaN,
        "Basic EPS": NaN,
        "Diluted NI Availto Com Stockholders": NaN,
        "Average Dilution Earnings": NaN,
        "Net Income Common Stockholders": NaN,
        "Otherunder Preferred Stock Dividend": NaN,
        "Net Income": NaN,
        "Minority Interests": NaN,
        "Net Income Including Noncontrolling Interests": NaN,
        "Net Income Continuous Operations": NaN,
        "Tax Provision": NaN,
        "Pretax Income": NaN,
        "Other Income Expense": NaN,
        "Other Non Operating Income Expenses": NaN,
        "Special Income Charges": NaN,
        "Gain On Sale Of Ppe": NaN,
        "Other Special Charges": NaN,
        "Impairment Of Capital Assets": NaN,
        "Restructuring And Mergern Acquisition": NaN,
        "Net Non Operating Interest Income Expense": NaN,
        "Interest Expense Non Operating": NaN,
        "Operating Income": NaN,
        "Operating Expense": NaN,
        "Other Operating Expenses": 4400000.0,
        "Provision For Doubtful Accounts": NaN,
        "Selling General And Administration": NaN,
        "General And Administrative Expense": NaN,
        "Other Gand A": NaN,
        "Salaries And Wages": NaN,
        "Gross Profit": NaN,
        "Cost Of Revenue": NaN,
        "Total Revenue": NaN,
        "Operating Revenue": NaN
    },
    "2022-12-31": {
        "Tax Effect Of Unusual Items": -9745470.0,
        "Tax Rate For Calcs": 0.21,
        "Normalized EBITDA": 258383000.0,
        "Total Unusual Items": -46407000.0,
        "Total Unusual Items Excluding Goodwill": -46407000.0,
        "Net Income From Continuing Operation Net Minority Interest": -16788000.0,
        "Reconciled Depreciation": 90262000.0,
        "Reconciled Cost Of Revenue": 567695000.0,
        "EBITDA": 211976000.0,
        "EBIT": 121714000.0,
        "Net Interest Income": -20516000.0,
        "Interest Expense": 20516000.0,
        "Normalized Income": 19873530.0,
        "Net Income From Continuing And Discontinued Operation": -16788000.0,
        "Total Expenses": 634133000.0,
        "Total Operating Income As Reported": 113769000.0,
        "Diluted Average Shares": 54000000.0,
        "Basic Average Shares": 54000000.0,
        "Diluted EPS": 0.757407,
        "Basic EPS": 0.757407,
        "Diluted NI Availto Com Stockholders": 39940000.0,
        "Average Dilution Earnings": NaN,
        "Net Income Common Stockholders": 40012000.0,
        "Net Income": -16788000.0,
        "Minority Interests": -121907000.0,
        "Net Income Including Noncontrolling Interests": 105119000.0,
        "Net Income Continuous Operations": 105119000.0,
        "Tax Provision": -3921000.0,
        "Pretax Income": 101198000.0,
        "Other Income Expense": -38199000.0,
        "Other Non Operating Income Expenses": 8208000.0,
        "Special Income Charges": -46407000.0,
        "Gain On Sale Of Ppe": NaN,
        "Other Special Charges": 263000.0,
        "Restructuring And Mergern Acquisition": NaN,
        "Net Non Operating Interest Income Expense": -20516000.0,
        "Interest Expense Non Operating": 20516000.0,
        "Operating Income": 159913000.0,
        "Operating Expense": 66438000.0,
        "Other Operating Expenses": NaN,
        "Provision For Doubtful Accounts": NaN,
        "Selling General And Administration": 51138000.0,
        "General And Administrative Expense": NaN,
        "Other Gand A": NaN,
        "Salaries And Wages": NaN,
        "Gross Profit": 226351000.0,
        "Cost Of Revenue": 567695000.0,
        "Total Revenue": 794046000.0,
        "Operating Revenue": 794046000.0
    },
    "2022-09-30": {
        "Tax Effect Of Unusual Items": NaN,
        "Tax Rate For Calcs": NaN,
        "Normalized EBITDA": NaN,
        "Total Unusual Items": NaN,
        "Total Unusual Items Excluding Goodwill": NaN,
        "Net Income From Continuing Operation Net Minority Interest": NaN,
        "Reconciled Depreciation": NaN,
        "Reconciled Cost Of Revenue": NaN,
        "EBITDA": NaN,
        "EBIT": NaN,
        "Net Interest Income": NaN,
        "Interest Expense": NaN,
        "Normalized Income": NaN,
        "Net Income From Continuing And Discontinued Operation": NaN,
        "Total Expenses": NaN,
        "Total Operating Income As Reported": NaN,
        "Diluted Average Shares": NaN,
        "Basic Average Shares": NaN,
        "Diluted EPS": NaN,
        "Basic EPS": NaN,
        "Diluted NI Availto Com Stockholders": NaN,
        "Average Dilution Earnings": 0.0,
        "Net Income Common Stockholders": NaN,
        "Net Income": NaN,
        "Minority Interests": NaN,
        "Net Income Including Noncontrolling Interests": NaN,
        "Net Income Continuous Operations": NaN,
        "Tax Provision": NaN,
        "Pretax Income": NaN,
        "Other Income Expense": NaN,
        "Other Non Operating Income Expenses": NaN,
        "Special Income Charges": NaN,
        "Gain On Sale Of Ppe": NaN,
        "Other Special Charges": NaN,
        "Restructuring And Mergern Acquisition": NaN,
        "Net Non Operating Interest Income Expense": NaN,
        "Interest Expense Non Operating": NaN,
        "Operating Income": NaN,
        "Operating Expense": NaN,
        "Other Operating Expenses": NaN,
        "Provision For Doubtful Accounts": NaN,
        "Selling General And Administration": NaN,
        "General And Administrative Expense": NaN,
        "Other Gand A": NaN,
        "Salaries And Wages": NaN,
        "Gross Profit": NaN,
        "Cost Of Revenue": NaN,
        "Total Revenue": NaN,
        "Operating Revenue": NaN
    },
    "2022-06-30": {
        "Tax Effect Of Unusual Items": -607615.120275,
        "Tax Rate For Calcs": 0.055414,
        "Normalized EBITDA": 162685000.0,
        "Total Unusual Items": -10965000.0,
        "Total Unusual Items Excluding Goodwill": -10965000.0,
        "Net Income From Continuing Operation Net Minority Interest": 6558000.0,
        "Reconciled Depreciation": 64064000.0,
        "Reconciled Cost Of Revenue": 404664000.0,
        "EBITDA": 151720000.0,
        "EBIT": 87656000.0,
        "Net Interest Income": -13451000.0,
        "Interest Expense": 13451000.0,
        "Normalized Income": 16915384.879725,
        "Net Income From Continuing And Discontinued Operation": 6558000.0,
        "Total Expenses": 492212000.0,
        "Total Operating Income As Reported": 95489000.0,
        "Diluted Average Shares": 40100000.0,
        "Basic Average Shares": 40100000.0,
        "Diluted EPS": 0.16,
        "Basic EPS": 0.16,
        "Diluted NI Availto Com Stockholders": 6558000.0,
        "Average Dilution Earnings": NaN,
        "Net Income Common Stockholders": 6558000.0,
        "Net Income": 6558000.0,
        "Minority Interests": -63535000.0,
        "Net Income Including Noncontrolling Interests": 70093000.0,
        "Net Income Continuous Operations": 70093000.0,
        "Tax Provision": 4112000.0,
        "Pretax Income": 74205000.0,
        "Other Income Expense": -9976000.0,
        "Other Non Operating Income Expenses": 989000.0,
        "Special Income Charges": -10965000.0,
        "Gain On Sale Of Ppe": -2143000.0,
        "Other Special Charges": 8822000.0,
        "Restructuring And Mergern Acquisition": NaN,
        "Net Non Operating Interest Income Expense": -13451000.0,
        "Interest Expense Non Operating": 13451000.0,
        "Operating Income": 97632000.0,
        "Operating Expense": 87548000.0,
        "Other Operating Expenses": NaN,
        "Provision For Doubtful Accounts": NaN,
        "Selling General And Administration": 87548000.0,
        "General And Administrative Expense": NaN,
        "Other Gand A": NaN,
        "Salaries And Wages": NaN,
        "Gross Profit": 185180000.0,
        "Cost Of Revenue": 404664000.0,
        "Total Revenue": 589844000.0,
        "Operating Revenue": 589844000.0
    },
    "2022-03-31": {
        "Diluted EPS": 0.0,
        "Total Revenue": 345,
        "Gross Profit": 109,
        "Operating Income": 30,
        "EBIT": 76,
        "Net Income": 0
    },
    "2021-12-31": {
        "Diluted EPS": 0.0,
        "Total Revenue": 248,
        "Gross Profit": 67,
        "Operating Income": 12,
        "EBIT": 47,
        "Net Income": 35
    },
    "2021-09-30": {
        "Diluted EPS": 0.0,
        "Total Revenue": 196,
        "Gross Profit": 52,
        "Operating Income": -7,
        "EBIT": 29,
        "Net Income": NaN
    },
    "2021-06-30": {
        "Diluted EPS": 0.0,
        "Total Revenue": 175,
        "Gross Profit": 48,
        "Operating Income": -3,
        "EBIT": 33,
        "Net Income": -9
    },
    "2021-03-31": {
        "Diluted EPS": 0.0,
        "Total Revenue": 150,
        "Gross Profit": 31,
        "Operating Income": -20,
        "EBIT": 16,
        "Net Income": -26
    },
    "2020-12-31": {
        "Diluted EPS": 0.0,
        "Total Revenue": NaN,
        "Gross Profit": NaN,
        "Operating Income": NaN,
        "EBIT": NaN,
        "Net Income": NaN
    },
    "2023-06-30": {
        "Tax Effect Of Unusual Items": NaN,
        "Tax Rate For Calcs": NaN,
        "Normalized EBITDA": NaN,
        "Total Unusual Items": NaN,
        "Total Unusual Items Excluding Goodwill": NaN,
        "Net Income From Continuing Operation Net Minority Interest": NaN,
        "Reconciled Depreciation": NaN,
        "Reconciled Cost Of Revenue": NaN,
        "EBITDA": NaN,
        "EBIT": NaN,
        "Net Interest Income": NaN,
        "Interest Expense": NaN,
        "Normalized Income": NaN,
        "Net Income From Continuing And Discontinued Operation": NaN,
        "Total Expenses": NaN,
        "Total Operating Income As Reported": NaN,
        "Diluted Average Shares": NaN,
        "Basic Average Shares": NaN,
        "Diluted EPS": NaN,
        "Basic EPS": NaN,
        "Diluted NI Availto Com Stockholders": NaN,
        "Average Dilution Earnings": 0.0,
        "Net Income Common Stockholders": NaN,
        "Otherunder Preferred Stock Dividend": 0.0,
        "Net Income": NaN,
        "Minority Interests": NaN,
        "Net Income Including Noncontrolling Interests": NaN,
        "Net Income Continuous Operations": NaN,
        "Tax Provision": NaN,
        "Pretax Income": NaN,
        "Other Income Expense": NaN,
        "Other Non Operating Income Expenses": NaN,
        "Special Income Charges": NaN,
        "Gain On Sale Of Ppe": NaN,
        "Other Special Charges": NaN,
        "Impairment Of Capital Assets": 0.0,
        "Restructuring And Mergern Acquisition": NaN,
        "Net Non Operating Interest Income Expense": NaN,
        "Interest Expense Non Operating": NaN,
        "Operating Income": NaN,
        "Operating Expense": NaN,
        "Other Operating Expenses": NaN,
        "Provision For Doubtful Accounts": NaN,
        "Selling General And Administration": NaN,
        "General And Administrative Expense": NaN,
        "Other Gand A": NaN,
        "Salaries And Wages": NaN,
        "Gross Profit": NaN,
        "Cost Of Revenue": NaN,
        "Total Revenue": NaN,
        "Operating Revenue": NaN
    },
    "2023-09-30": {
        "Tax Effect Of Unusual Items": NaN,
        "Tax Rate For Calcs": NaN,
        "Normalized EBITDA": NaN,
        "Total Unusual Items": NaN,
        "Total Unusual Items Excluding Goodwill": NaN,
        "Net Income From Continuing Operation Net Minority Interest": NaN,
        "Reconciled Depreciation": NaN,
        "Reconciled Cost Of Revenue": NaN,
        "EBITDA": NaN,
        "EBIT": NaN,
        "Net Interest Income": NaN,
        "Interest Expense": NaN,
        "Normalized Income": NaN,
        "Net Income From Continuing And Discontinued Operation": NaN,
        "Total Expenses": NaN,
        "Total Operating Income As Reported": NaN,
        "Diluted Average Shares": NaN,
        "Basic Average Shares": NaN,
        "Diluted EPS": NaN,
        "Basic EPS": NaN,
        "Diluted NI Availto Com Stockholders": NaN,
        "Average Dilution Earnings": -8600000.0,
        "Net Income Common Stockholders": NaN,
        "Otherunder Preferred Stock Dividend": NaN,
        "Net Income": NaN,
        "Minority Interests": NaN,
        "Net Income Including Noncontrolling Interests": NaN,
        "Net Income Continuous Operations": NaN,
        "Tax Provision": NaN,
        "Pretax Income": NaN,
        "Other Income Expense": NaN,
        "Other Non Operating Income Expenses": NaN,
        "Special Income Charges": NaN,
        "Gain On Sale Of Ppe": NaN,
        "Other Special Charges": NaN,
        "Impairment Of Capital Assets": 0.0,
        "Restructuring And Mergern Acquisition": NaN,
        "Net Non Operating Interest Income Expense": NaN,
        "Interest Expense Non Operating": NaN,
        "Operating Income": NaN,
        "Operating Expense": NaN,
        "Other Operating Expenses": NaN,
        "Provision For Doubtful Accounts": NaN,
        "Selling General And Administration": NaN,
        "General And Administrative Expense": NaN,
        "Other Gand A": NaN,
        "Salaries And Wages": NaN,
        "Gross Profit": NaN,
        "Cost Of Revenue": NaN,
        "Total Revenue": NaN,
        "Operating Revenue": NaN
    },
    "2023-12-31": {
        "Tax Effect Of Unusual Items": NaN,
        "Tax Rate For Calcs": NaN,
        "Normalized EBITDA": NaN,
        "Total Unusual Items": NaN,
        "Total Unusual Items Excluding Goodwill": NaN,
        "Net Income From Continuing Operation Net Minority Interest": NaN,
        "Reconciled Depreciation": NaN,
        "Reconciled Cost Of Revenue": NaN,
        "EBITDA": NaN,
        "EBIT": NaN,
        "Net Interest Income": NaN,
        "Interest Expense": NaN,
        "Normalized Income": NaN,
        "Net Income From Continuing And Discontinued Operation": NaN,
        "Total Expenses": NaN,
        "Total Operating Income As Reported": NaN,
        "Diluted Average Shares": NaN,
        "Basic Average Shares": NaN,
        "Diluted EPS": NaN,
        "Basic EPS": NaN,
        "Diluted NI Availto Com Stockholders": NaN,
        "Average Dilution Earnings": NaN,
        "Net Income Common Stockholders": NaN,
        "Otherunder Preferred Stock Dividend": NaN,
        "Net Income": NaN,
        "Minority Interests": NaN,
        "Net Income Including Noncontrolling Interests": NaN,
        "Net Income Continuous Operations": NaN,
        "Tax Provision": NaN,
        "Pretax Income": NaN,
        "Other Income Expense": NaN,
        "Other Non Operating Income Expenses": NaN,
        "Special Income Charges": NaN,
        "Gain On Sale Of Ppe": NaN,
        "Other Special Charges": NaN,
        "Impairment Of Capital Assets": NaN,
        "Restructuring And Mergern Acquisition": NaN,
        "Net Non Operating Interest Income Expense": NaN,
        "Interest Expense Non Operating": NaN,
        "Operating Income": NaN,
        "Operating Expense": NaN,
        "Other Operating Expenses": NaN,
        "Provision For Doubtful Accounts": 0.0,
        "Selling General And Administration": NaN,
        "General And Administrative Expense": NaN,
        "Other Gand A": NaN,
        "Salaries And Wages": NaN,
        "Gross Profit": NaN,
        "Cost Of Revenue": NaN,
        "Total Revenue": NaN,
        "Operating Revenue": NaN
    },
    "2024-03-31": {
        "Tax Effect Of Unusual Items": -463636.363636,
        "Tax Rate For Calcs": 0.090909,
        "Normalized EBITDA": 158800000.0,
        "Total Unusual Items": -5100000.0,
        "Total Unusual Items Excluding Goodwill": -5100000.0,
        "Net Income From Continuing Operation Net Minority Interest": 1800000.0,
        "Reconciled Depreciation": 112800000.0,
        "Reconciled Cost Of Revenue": 486500000.0,
        "EBITDA": 153700000.0,
        "EBIT": 40900000.0,
        "Net Interest Income": -37600000.0,
        "Interest Expense": 37600000.0,
        "Normalized Income": 6436363.636364,
        "Net Income From Continuing And Discontinued Operation": 1800000.0,
        "Total Expenses": 537300000.0,
        "Total Operating Income As Reported": 39900000.0,
        "Diluted Average Shares": 159800000.0,
        "Basic Average Shares": 159500000.0,
        "Diluted EPS": 0.0,
        "Basic EPS": 0.0,
        "Diluted NI Availto Com Stockholders": 600000.0,
        "Average Dilution Earnings": -1200000.0,
        "Net Income Common Stockholders": 1800000.0,
        "Otherunder Preferred Stock Dividend": NaN,
        "Net Income": 1800000.0,
        "Minority Interests": -1200000.0,
        "Net Income Including Noncontrolling Interests": 3000000.0,
        "Net Income Continuous Operations": 3000000.0,
        "Tax Provision": 300000.0,
        "Pretax Income": 3300000.0,
        "Other Income Expense": -3300000.0,
        "Other Non Operating Income Expenses": 1800000.0,
        "Special Income Charges": -5100000.0,
        "Gain On Sale Of Ppe": 1400000.0,
        "Other Special Charges": 5600000.0,
        "Impairment Of Capital Assets": NaN,
        "Restructuring And Mergern Acquisition": 900000.0,
        "Net Non Operating Interest Income Expense": -37600000.0,
        "Interest Expense Non Operating": 37600000.0,
        "Operating Income": 44200000.0,
        "Operating Expense": 50800000.0,
        "Other Operating Expenses": 200000.0,
        "Provision For Doubtful Accounts": 0.0,
        "Selling General And Administration": 50600000.0,
        "General And Administrative Expense": 50600000.0,
        "Other Gand A": 48500000.0,
        "Salaries And Wages": 2100000.0,
        "Gross Profit": 95000000.0,
        "Cost Of Revenue": 486500000.0,
        "Total Revenue": 581500000.0,
        "Operating Revenue": 638500000.0
    },
    "2024-06-30": {
        "Tax Effect Of Unusual Items": -20701007.838746,
        "Tax Rate For Calcs": 0.265398,
        "Normalized EBITDA": 131700000.0,
        "Total Unusual Items": -78000000.0,
        "Total Unusual Items Excluding Goodwill": -78000000.0,
        "Net Income From Continuing Operation Net Minority Interest": -66700000.0,
        "Reconciled Depreciation": 103400000.0,
        "Reconciled Cost Of Revenue": 496500000.0,
        "EBITDA": 53700000.0,
        "EBIT": -49700000.0,
        "Net Interest Income": -39600000.0,
        "Interest Expense": 39600000.0,
        "Normalized Income": -9401007.838746,
        "Net Income From Continuing And Discontinued Operation": -66700000.0,
        "Total Expenses": 550600000.0,
        "Total Operating Income As Reported": -49200000.0,
        "Diluted Average Shares": 160000000.0,
        "Basic Average Shares": 160000000.0,
        "Diluted EPS": -0.42,
        "Basic EPS": -0.42,
        "Diluted NI Availto Com Stockholders": -67900000.0,
        "Average Dilution Earnings": 0.0,
        "Net Income Common Stockholders": -67900000.0,
        "Otherunder Preferred Stock Dividend": 1200000.0,
        "Net Income": -66700000.0,
        "Minority Interests": -1100000.0,
        "Net Income Including Noncontrolling Interests": -65600000.0,
        "Net Income Continuous Operations": -65600000.0,
        "Tax Provision": -23700000.0,
        "Pretax Income": -89300000.0,
        "Other Income Expense": -78500000.0,
        "Other Non Operating Income Expenses": -500000.0,
        "Special Income Charges": -78000000.0,
        "Gain On Sale Of Ppe": -300000.0,
        "Other Special Charges": 6000000.0,
        "Impairment Of Capital Assets": 67700000.0,
        "Restructuring And Mergern Acquisition": 4000000.0,
        "Net Non Operating Interest Income Expense": -39600000.0,
        "Interest Expense Non Operating": 39600000.0,
        "Operating Income": 28800000.0,
        "Operating Expense": 54100000.0,
        "Other Operating Expenses": NaN,
        "Provision For Doubtful Accounts": 0.0,
        "Selling General And Administration": 54100000.0,
        "General And Administrative Expense": 54100000.0,
        "Other Gand A": 51200000.0,
        "Salaries And Wages": 2900000.0,
        "Gross Profit": 82900000.0,
        "Cost Of Revenue": 496500000.0,
        "Total Revenue": 579400000.0,
        "Operating Revenue": 631000000.0
    },
    "2024-09-30": {
        "Tax Effect Of Unusual Items": -2831000.0,
        "Tax Rate For Calcs": 0.19,
        "Normalized EBITDA": 123200000.0,
        "Total Unusual Items": -14900000.0,
        "Total Unusual Items Excluding Goodwill": -14900000.0,
        "Net Income From Continuing Operation Net Minority Interest": -45200000.0,
        "Reconciled Depreciation": 112700000.0,
        "Reconciled Cost Of Revenue": 503400000.0,
        "EBITDA": 108300000.0,
        "EBIT": -4400000.0,
        "Net Interest Income": -40600000.0,
        "Interest Expense": 40600000.0,
        "Normalized Income": -33131000.0,
        "Net Income From Continuing And Discontinued Operation": -45200000.0,
        "Total Expenses": 564700000.0,
        "Total Operating Income As Reported": -4300000.0,
        "Diluted Average Shares": 160100000.0,
        "Basic Average Shares": 160100000.0,
        "Diluted EPS": -0.29,
        "Basic EPS": -0.29,
        "Diluted NI Availto Com Stockholders": -46400000.0,
        "Average Dilution Earnings": -1200000.0,
        "Net Income Common Stockholders": -45200000.0,
        "Otherunder Preferred Stock Dividend": NaN,
        "Net Income": -45200000.0,
        "Minority Interests": -1700000.0,
        "Net Income Including Noncontrolling Interests": -43500000.0,
        "Net Income Continuous Operations": -43500000.0,
        "Tax Provision": -1500000.0,
        "Pretax Income": -45000000.0,
        "Other Income Expense": -15000000.0,
        "Other Non Operating Income Expenses": -100000.0,
        "Special Income Charges": -14900000.0,
        "Gain On Sale Of Ppe": 1400000.0,
        "Other Special Charges": 2900000.0,
        "Impairment Of Capital Assets": 6800000.0,
        "Restructuring And Mergern Acquisition": 6600000.0,
        "Net Non Operating Interest Income Expense": -40600000.0,
        "Interest Expense Non Operating": 40600000.0,
        "Operating Income": 10600000.0,
        "Operating Expense": 61300000.0,
        "Other Operating Expenses": 9400000.0,
        "Provision For Doubtful Accounts": 0.0,
        "Selling General And Administration": 51900000.0,
        "General And Administrative Expense": 51900000.0,
        "Other Gand A": 50900000.0,
        "Salaries And Wages": 1000000.0,
        "Gross Profit": 71900000.0,
        "Cost Of Revenue": 503400000.0,
        "Total Revenue": 575300000.0,
        "Operating Revenue": 621400000.0
    },
    "2024-12-31": {
        "Tax Effect Of Unusual Items": -546000.0,
        "Tax Rate For Calcs": 0.21,
        "Normalized EBITDA": 70900000.0,
        "Total Unusual Items": -2600000.0,
        "Total Unusual Items Excluding Goodwill": -2600000.0,
        "Net Income From Continuing Operation Net Minority Interest": -105000000.0,
        "Reconciled Depreciation": 113300000.0,
        "Reconciled Cost Of Revenue": 450900000.0,
        "EBITDA": 68300000.0,
        "EBIT": -45000000.0,
        "Net Interest Income": -38800000.0,
        "Interest Expense": 38800000.0,
        "Normalized Income": -102946000.0,
        "Net Income From Continuing And Discontinued Operation": -105000000.0,
        "Total Expenses": 498900000.0,
        "Total Operating Income As Reported": -46800000.0,
        "Diluted Average Shares": 160200000.0,
        "Basic Average Shares": 160200000.0,
        "Diluted EPS": -0.655431,
        "Basic EPS": -0.655431,
        "Diluted NI Availto Com Stockholders": -101400000.0,
        "Average Dilution Earnings": NaN,
        "Net Income Common Stockholders": -105000000.0,
        "Otherunder Preferred Stock Dividend": NaN,
        "Net Income": -105000000.0,
        "Minority Interests": -3300000.0,
        "Net Income Including Noncontrolling Interests": -101700000.0,
        "Net Income Continuous Operations": -101700000.0,
        "Tax Provision": 17900000.0,
        "Pretax Income": -83800000.0,
        "Other Income Expense": -800000.0,
        "Other Non Operating Income Expenses": 1800000.0,
        "Special Income Charges": -2600000.0,
        "Gain On Sale Of Ppe": -2800000.0,
        "Other Special Charges": -2900000.0,
        "Impairment Of Capital Assets": 0.0,
        "Restructuring And Mergern Acquisition": 2700000.0,
        "Net Non Operating Interest Income Expense": -38800000.0,
        "Interest Expense Non Operating": 38800000.0,
        "Operating Income": -44200000.0,
        "Operating Expense": 48000000.0,
        "Other Operating Expenses": 0.0,
        "Provision For Doubtful Accounts": 0.0,
        "Selling General And Administration": 48000000.0,
        "General And Administrative Expense": 48000000.0,
        "Other Gand A": 46700000.0,
        "Salaries And Wages": 1300000.0,
        "Gross Profit": 3800000.0,
        "Cost Of Revenue": 450900000.0,
        "Total Revenue": 454700000.0,
        "Operating Revenue": 492800000.0
    },
    "2025-03-31": {
        "Tax Effect Of Unusual Items": -2120000.0,
        "Tax Rate For Calcs": 0.4,
        "Normalized EBITDA": 132100000.0,
        "Total Unusual Items": -5300000.0,
        "Total Unusual Items Excluding Goodwill": -5300000.0,
        "Net Income From Continuing Operation Net Minority Interest": -17500000.0,
        "Reconciled Depreciation": 106000000.0,
        "Reconciled Cost Of Revenue": 525400000.0,
        "EBITDA": 126800000.0,
        "EBIT": 20800000.0,
        "Net Interest Income": -35900000.0,
        "Interest Expense": 35900000.0,
        "Normalized Income": -14320000.0,
        "Net Income From Continuing And Discontinued Operation": -17500000.0,
        "Total Expenses": 579000000.0,
        "Total Operating Income As Reported": 16000000.0,
        "Diluted Average Shares": 160200000.0,
        "Basic Average Shares": 160200000.0,
        "Diluted EPS": -0.12,
        "Basic EPS": -0.12,
        "Diluted NI Availto Com Stockholders": -18800000.0,
        "Average Dilution Earnings": -1300000.0,
        "Net Income Common Stockholders": -17500000.0,
        "Otherunder Preferred Stock Dividend": NaN,
        "Net Income": -17500000.0,
        "Minority Interests": -2100000.0,
        "Net Income Including Noncontrolling Interests": -15400000.0,
        "Net Income Continuous Operations": -15400000.0,
        "Tax Provision": 300000.0,
        "Pretax Income": -15100000.0,
        "Other Income Expense": -500000.0,
        "Other Non Operating Income Expenses": 4800000.0,
        "Special Income Charges": -5300000.0,
        "Gain On Sale Of Ppe": -3400000.0,
        "Other Special Charges": 1600000.0,
        "Impairment Of Capital Assets": NaN,
        "Restructuring And Mergern Acquisition": 300000.0,
        "Net Non Operating Interest Income Expense": -35900000.0,
        "Interest Expense Non Operating": 35900000.0,
        "Operating Income": 21300000.0,
        "Operating Expense": 53600000.0,
        "Other Operating Expenses": NaN,
        "Provision For Doubtful Accounts": NaN,
        "Selling General And Administration": 53600000.0,
        "General And Administrative Expense": 53600000.0,
        "Other Gand A": 52500000.0,
        "Salaries And Wages": 1100000.0,
        "Gross Profit": 74900000.0,
        "Cost Of Revenue": 525400000.0,
        "Total Revenue": 600300000.0,
        "Operating Revenue": 657600000.0
    }
}