{
    "2023-03-31": {
        "Tax Effect Of Unusual Items": NaN,
        "Tax Rate For Calcs": NaN,
        "Normalized EBITDA": NaN,
        "Total Unusual Items": NaN,
        "Total Unusual Items Excluding Goodwill": NaN,
        "Net Income From Continuing Operation Net Minority Interest": NaN,
        "Reconciled Depreciation": NaN,
        "Reconciled Cost Of Revenue": NaN,
        "EBITDA": NaN,
        "EBIT": NaN,
        "Net Interest Income": NaN,
        "Interest Expense": NaN,
        "Normalized Income": NaN,
        "Net Income From Continuing And Discontinued Operation": NaN,
        "Total Expenses": NaN,
        "Total Operating Income As Reported": NaN,
        "Diluted Average Shares": 87132000.0,
        "Basic Average Shares": 86885000.0,
        "Diluted EPS": 0.11,
        "Basic EPS": 0.11,
        "Diluted NI Availto Com Stockholders": NaN,
        "Net Income Common Stockholders": NaN,
        "Net Income": NaN,
        "Net Income Including Noncontrolling Interests": NaN,
        "Net Income Continuous Operations": NaN,
        "Tax Provision": NaN,
        "Pretax Income": NaN,
        "Other Income Expense": NaN,
        "Special Income Charges": NaN,
        "Restructuring And Mergern Acquisition": NaN,
        "Net Non Operating Interest Income Expense": NaN,
        "Interest Expense Non Operating": NaN,
        "Operating Income": NaN,
        "Operating Expense": NaN,
        "Other Operating Expenses": NaN,
        "Depreciation Amortization Depletion Income Statement": NaN,
        "Depreciation And Amortization In Income Statement": NaN,
        "Amortization": NaN,
        "Amortization Of Intangibles Income Statement": NaN,
        "Depreciation Income Statement": NaN,
        "Selling General And Administration": NaN,
        "General And Administrative Expense": NaN,
        "Other Gand A": NaN,
        "Gross Profit": NaN,
        "Cost Of Revenue": NaN,
        "Total Revenue": NaN,
        "Operating Revenue": NaN
    },
    "2022-12-31": {
        "Tax Effect Of Unusual Items": 11067.179926,
        "Tax Rate For Calcs": 0.235472,
        "Normalized EBITDA": 39020000.0,
        "Total Unusual Items": 47000.0,
        "Total Unusual Items Excluding Goodwill": 47000.0,
        "Net Income From Continuing Operation Net Minority Interest": 13406000.0,
        "Reconciled Depreciation": 13926000.0,
        "Reconciled Cost Of Revenue": 195316000.0,
        "EBITDA": 39067000.0,
        "EBIT": 25141000.0,
        "Net Interest Income": -7606000.0,
        "Interest Expense": 7606000.0,
        "Normalized Income": 13370067.179926,
        "Net Income From Continuing And Discontinued Operation": 13406000.0,
        "Total Expenses": 252976000.0,
        "Total Operating Income As Reported": 25094000.0,
        "Diluted Average Shares": NaN,
        "Basic Average Shares": NaN,
        "Diluted EPS": NaN,
        "Basic EPS": NaN,
        "Diluted NI Availto Com Stockholders": 13406000.0,
        "Net Income Common Stockholders": 13406000.0,
        "Net Income": 13406000.0,
        "Net Income Including Noncontrolling Interests": 13406000.0,
        "Net Income Continuous Operations": 13406000.0,
        "Tax Provision": 4129000.0,
        "Pretax Income": 17535000.0,
        "Other Income Expense": 47000.0,
        "Special Income Charges": 47000.0,
        "Restructuring And Mergern Acquisition": -47000.0,
        "Net Non Operating Interest Income Expense": -7606000.0,
        "Interest Expense Non Operating": 7606000.0,
        "Operating Income": 25094000.0,
        "Operating Expense": 57660000.0,
        "Other Operating Expenses": 1426000.0,
        "Depreciation Amortization Depletion Income Statement": 13926000.0,
        "Depreciation And Amortization In Income Statement": 13926000.0,
        "Amortization": 5206000.0,
        "Amortization Of Intangibles Income Statement": 5206000.0,
        "Depreciation Income Statement": 8720000.0,
        "Selling General And Administration": 42308000.0,
        "General And Administrative Expense": 42308000.0,
        "Other Gand A": 42308000.0,
        "Gross Profit": 82754000.0,
        "Cost Of Revenue": 195316000.0,
        "Total Revenue": 278070000.0,
        "Operating Revenue": 273294000.0
    },
    "2022-09-30": {
        "Tax Effect Of Unusual Items": NaN,
        "Tax Rate For Calcs": NaN,
        "Normalized EBITDA": NaN,
        "Total Unusual Items": NaN,
        "Total Unusual Items Excluding Goodwill": NaN,
        "Net Income From Continuing Operation Net Minority Interest": NaN,
        "Reconciled Depreciation": NaN,
        "Reconciled Cost Of Revenue": NaN,
        "EBITDA": NaN,
        "EBIT": NaN,
        "Net Interest Income": NaN,
        "Interest Expense": NaN,
        "Normalized Income": NaN,
        "Net Income From Continuing And Discontinued Operation": NaN,
        "Total Expenses": NaN,
        "Total Operating Income As Reported": NaN,
        "Diluted Average Shares": 90528000.0,
        "Basic Average Shares": 89992000.0,
        "Diluted EPS": 0.25,
        "Basic EPS": 0.25,
        "Diluted NI Availto Com Stockholders": NaN,
        "Net Income Common Stockholders": NaN,
        "Net Income": NaN,
        "Net Income Including Noncontrolling Interests": NaN,
        "Net Income Continuous Operations": NaN,
        "Tax Provision": NaN,
        "Pretax Income": NaN,
        "Other Income Expense": NaN,
        "Special Income Charges": NaN,
        "Restructuring And Mergern Acquisition": NaN,
        "Net Non Operating Interest Income Expense": NaN,
        "Interest Expense Non Operating": NaN,
        "Operating Income": NaN,
        "Operating Expense": NaN,
        "Other Operating Expenses": NaN,
        "Depreciation Amortization Depletion Income Statement": NaN,
        "Depreciation And Amortization In Income Statement": NaN,
        "Amortization": NaN,
        "Amortization Of Intangibles Income Statement": NaN,
        "Depreciation Income Statement": NaN,
        "Selling General And Administration": NaN,
        "General And Administrative Expense": NaN,
        "Other Gand A": NaN,
        "Gross Profit": NaN,
        "Cost Of Revenue": NaN,
        "Total Revenue": NaN,
        "Operating Revenue": NaN
    },
    "2022-06-30": {
        "Tax Effect Of Unusual Items": 1327504.0,
        "Tax Rate For Calcs": 0.232,
        "Normalized EBITDA": 37487000.0,
        "Total Unusual Items": 5722000.0,
        "Total Unusual Items Excluding Goodwill": 5722000.0,
        "Net Income From Continuing Operation Net Minority Interest": 22464000.0,
        "Reconciled Depreciation": 10172000.0,
        "Reconciled Cost Of Revenue": 151857000.0,
        "EBITDA": 43209000.0,
        "EBIT": 33037000.0,
        "Net Interest Income": -3791000.0,
        "Interest Expense": 3791000.0,
        "Normalized Income": 18069504.0,
        "Net Income From Continuing And Discontinued Operation": 22464000.0,
        "Total Expenses": 200554000.0,
        "Total Operating Income As Reported": 27315000.0,
        "Diluted Average Shares": 93001000.0,
        "Basic Average Shares": 92328000.0,
        "Diluted EPS": 0.24,
        "Basic EPS": 0.24,
        "Diluted NI Availto Com Stockholders": 22464000.0,
        "Net Income Common Stockholders": 22464000.0,
        "Net Income": 22464000.0,
        "Net Income Including Noncontrolling Interests": 22464000.0,
        "Net Income Continuous Operations": 22464000.0,
        "Tax Provision": 6782000.0,
        "Pretax Income": 29246000.0,
        "Other Income Expense": 5722000.0,
        "Special Income Charges": 5722000.0,
        "Restructuring And Mergern Acquisition": -5722000.0,
        "Net Non Operating Interest Income Expense": -3791000.0,
        "Interest Expense Non Operating": 3791000.0,
        "Operating Income": 27315000.0,
        "Operating Expense": 45123000.0,
        "Other Operating Expenses": 5806000.0,
        "Depreciation Amortization Depletion Income Statement": 6598000.0,
        "Depreciation And Amortization In Income Statement": 6598000.0,
        "Amortization": 3574000.0,
        "Amortization Of Intangibles Income Statement": 3574000.0,
        "Depreciation Income Statement": 6598000.0,
        "Selling General And Administration": 32719000.0,
        "General And Administrative Expense": 32719000.0,
        "Other Gand A": 32719000.0,
        "Gross Profit": 72438000.0,
        "Cost Of Revenue": 155431000.0,
        "Total Revenue": 227869000.0,
        "Operating Revenue": 224035000.0
    },
    "2022-03-31": {
        "Diluted EPS": 0.17,
        "Total Revenue": 197,
        "Gross Profit": 64,
        "Operating Income": 21,
        "EBIT": 31,
        "Net Income": 16
    },
    "2021-12-31": {
        "Diluted EPS": 0.07,
        "Total Revenue": 192,
        "Gross Profit": 63,
        "Operating Income": 17,
        "EBIT": 27,
        "Net Income": 7
    },
    "2021-09-30": {
        "Diluted EPS": 0.11,
        "Total Revenue": 193,
        "Gross Profit": 64,
        "Operating Income": 19,
        "EBIT": 32,
        "Net Income": 11
    },
    "2021-06-30": {
        "Diluted EPS": 0.13,
        "Total Revenue": 202,
        "Gross Profit": 66,
        "Operating Income": 25,
        "EBIT": 38,
        "Net Income": 12
    },
    "2021-03-31": {
        "Diluted EPS": 0.02,
        "Total Revenue": 147,
        "Gross Profit": 48,
        "Operating Income": 10,
        "EBIT": 22,
        "Net Income": 2
    },
    "2020-12-31": {
        "Diluted EPS": -0.1,
        "Total Revenue": 74,
        "Gross Profit": 25,
        "Operating Income": -12,
        "EBIT": 0,
        "Net Income": -9
    },
    "2020-09-30": {
        "Diluted EPS": 0.08,
        "Total Revenue": 135,
        "Gross Profit": 45,
        "Operating Income": 9,
        "EBIT": 20,
        "Net Income": 7
    },
    "2020-06-30": {
        "Diluted EPS": -0.6,
        "Total Revenue": 0,
        "Gross Profit": 0,
        "Operating Income": -24,
        "EBIT": -13,
        "Net Income": -47
    },
    "2020-03-31": {
        "Diluted EPS": 0.6,
        "Total Revenue": 106,
        "Gross Profit": 36,
        "Operating Income": 2,
        "EBIT": 13,
        "Net Income": 48
    },
    "2019-12-31": {
        "Diluted EPS": -0.69,
        "Total Revenue": 126,
        "Gross Profit": 37,
        "Operating Income": -6,
        "EBIT": 7,
        "Net Income": -43
    },
    "2019-09-30": {
        "Diluted EPS": -0.03,
        "Total Revenue": 101,
        "Gross Profit": 36,
        "Operating Income": 1,
        "EBIT": 12,
        "Net Income": -2
    },
    "2019-06-30": {
        "Diluted EPS": 0.07,
        "Total Revenue": 104,
        "Gross Profit": 38,
        "Operating Income": 9,
        "EBIT": 20,
        "Net Income": 4
    },
    "2019-03-31": {
        "Diluted EPS": 0.06,
        "Total Revenue": 97,
        "Gross Profit": 36,
        "Operating Income": 9,
        "EBIT": 19,
        "Net Income": 4
    },
    "2018-12-31": {
        "Diluted EPS": 0.09,
        "Total Revenue": NaN,
        "Gross Profit": NaN,
        "Operating Income": -310,
        "EBIT": -310,
        "Net Income": 6
    },
    "2018-09-30": {
        "Diluted EPS": 0.03,
        "Total Revenue": NaN,
        "Gross Profit": NaN,
        "Operating Income": 0,
        "EBIT": 0,
        "Net Income": 2
    },
    "2018-06-30": {
        "Diluted EPS": 0.03,
        "Total Revenue": NaN,
        "Gross Profit": NaN,
        "Operating Income": 0,
        "EBIT": 0,
        "Net Income": 2
    },
    "2018-03-31": {
        "Diluted EPS": 0.02,
        "Total Revenue": NaN,
        "Gross Profit": NaN,
        "Operating Income": 0,
        "EBIT": 0,
        "Net Income": 1
    },
    "2017-12-31": {
        "Diluted EPS": 0.16,
        "Total Revenue": NaN,
        "Gross Profit": NaN,
        "Operating Income": -230,
        "EBIT": -230,
        "Net Income": 9
    },
    "2017-09-30": {
        "Diluted EPS": -0.0,
        "Total Revenue": NaN,
        "Gross Profit": NaN,
        "Operating Income": 0,
        "EBIT": 0,
        "Net Income": 0
    },
    "2017-06-30": {
        "Diluted EPS": -0.0,
        "Total Revenue": NaN,
        "Gross Profit": NaN,
        "Operating Income": 0,
        "EBIT": 0,
        "Net Income": 0
    },
    "2017-03-31": {
        "Diluted EPS": -0.01,
        "Total Revenue": NaN,
        "Gross Profit": NaN,
        "Operating Income": 0,
        "EBIT": 0,
        "Net Income": 0
    },
    "2023-06-30": {
        "Tax Effect Of Unusual Items": NaN,
        "Tax Rate For Calcs": NaN,
        "Normalized EBITDA": NaN,
        "Total Unusual Items": NaN,
        "Total Unusual Items Excluding Goodwill": NaN,
        "Net Income From Continuing Operation Net Minority Interest": NaN,
        "Reconciled Depreciation": NaN,
        "Reconciled Cost Of Revenue": NaN,
        "EBITDA": NaN,
        "EBIT": NaN,
        "Net Interest Income": NaN,
        "Interest Expense": NaN,
        "Normalized Income": NaN,
        "Net Income From Continuing And Discontinued Operation": NaN,
        "Total Expenses": NaN,
        "Total Operating Income As Reported": NaN,
        "Diluted Average Shares": 86820000.0,
        "Basic Average Shares": 86184000.0,
        "Diluted EPS": 0.11,
        "Basic EPS": 0.12,
        "Diluted NI Availto Com Stockholders": NaN,
        "Net Income Common Stockholders": NaN,
        "Net Income": NaN,
        "Net Income Including Noncontrolling Interests": NaN,
        "Net Income Continuous Operations": NaN,
        "Tax Provision": NaN,
        "Pretax Income": NaN,
        "Other Income Expense": NaN,
        "Special Income Charges": NaN,
        "Restructuring And Mergern Acquisition": NaN,
        "Earnings From Equity Interest": NaN,
        "Net Non Operating Interest Income Expense": NaN,
        "Interest Expense Non Operating": NaN,
        "Operating Income": NaN,
        "Operating Expense": NaN,
        "Other Operating Expenses": NaN,
        "Depreciation Amortization Depletion Income Statement": NaN,
        "Depreciation And Amortization In Income Statement": NaN,
        "Amortization": NaN,
        "Amortization Of Intangibles Income Statement": NaN,
        "Depreciation Income Statement": NaN,
        "Selling General And Administration": NaN,
        "General And Administrative Expense": NaN,
        "Other Gand A": NaN,
        "Gross Profit": NaN,
        "Cost Of Revenue": NaN,
        "Total Revenue": NaN,
        "Operating Revenue": NaN
    },
    "2023-09-30": {
        "Tax Effect Of Unusual Items": NaN,
        "Tax Rate For Calcs": NaN,
        "Normalized EBITDA": NaN,
        "Total Unusual Items": NaN,
        "Total Unusual Items Excluding Goodwill": NaN,
        "Net Income From Continuing Operation Net Minority Interest": NaN,
        "Reconciled Depreciation": NaN,
        "Reconciled Cost Of Revenue": NaN,
        "EBITDA": NaN,
        "EBIT": NaN,
        "Net Interest Income": NaN,
        "Interest Expense": NaN,
        "Normalized Income": NaN,
        "Net Income From Continuing And Discontinued Operation": NaN,
        "Total Expenses": NaN,
        "Total Operating Income As Reported": NaN,
        "Diluted Average Shares": 87114000.0,
        "Basic Average Shares": 85865000.0,
        "Diluted EPS": 0.12,
        "Basic EPS": 0.12,
        "Diluted NI Availto Com Stockholders": NaN,
        "Net Income Common Stockholders": NaN,
        "Net Income": NaN,
        "Minority Interests": NaN,
        "Net Income Including Noncontrolling Interests": NaN,
        "Net Income Continuous Operations": NaN,
        "Tax Provision": NaN,
        "Pretax Income": NaN,
        "Other Income Expense": NaN,
        "Special Income Charges": NaN,
        "Restructuring And Mergern Acquisition": NaN,
        "Earnings From Equity Interest": 0.0,
        "Net Non Operating Interest Income Expense": NaN,
        "Interest Expense Non Operating": NaN,
        "Operating Income": NaN,
        "Operating Expense": NaN,
        "Other Operating Expenses": NaN,
        "Depreciation Amortization Depletion Income Statement": NaN,
        "Depreciation And Amortization In Income Statement": NaN,
        "Amortization": NaN,
        "Amortization Of Intangibles Income Statement": NaN,
        "Depreciation Income Statement": NaN,
        "Selling General And Administration": NaN,
        "General And Administrative Expense": NaN,
        "Other Gand A": NaN,
        "Gross Profit": NaN,
        "Cost Of Revenue": NaN,
        "Total Revenue": NaN,
        "Operating Revenue": NaN
    },
    "2023-12-31": {
        "Tax Effect Of Unusual Items": 441442.741394,
        "Tax Rate For Calcs": 0.174898,
        "Normalized EBITDA": 40829000.0,
        "Total Unusual Items": 2524000.0,
        "Total Unusual Items Excluding Goodwill": 2524000.0,
        "Net Income From Continuing Operation Net Minority Interest": 15988000.0,
        "Reconciled Depreciation": 15378000.0,
        "Reconciled Cost Of Revenue": 206965000.0,
        "EBITDA": 43353000.0,
        "EBIT": 27975000.0,
        "Net Interest Income": -8598000.0,
        "Interest Expense": 8598000.0,
        "Normalized Income": 13905442.741394,
        "Net Income From Continuing And Discontinued Operation": 15988000.0,
        "Total Expenses": 271617000.0,
        "Total Operating Income As Reported": 25451000.0,
        "Diluted Average Shares": NaN,
        "Basic Average Shares": NaN,
        "Diluted EPS": NaN,
        "Basic EPS": NaN,
        "Diluted NI Availto Com Stockholders": 15988000.0,
        "Net Income Common Stockholders": 15988000.0,
        "Net Income": 15988000.0,
        "Net Income Including Noncontrolling Interests": 15988000.0,
        "Net Income Continuous Operations": 15988000.0,
        "Tax Provision": 3389000.0,
        "Pretax Income": 19377000.0,
        "Other Income Expense": 2524000.0,
        "Special Income Charges": 2524000.0,
        "Restructuring And Mergern Acquisition": -2524000.0,
        "Earnings From Equity Interest": NaN,
        "Net Non Operating Interest Income Expense": -8598000.0,
        "Interest Expense Non Operating": 8598000.0,
        "Operating Income": 25451000.0,
        "Operating Expense": 64652000.0,
        "Other Operating Expenses": 1447000.0,
        "Depreciation Amortization Depletion Income Statement": 15378000.0,
        "Depreciation And Amortization In Income Statement": 15378000.0,
        "Amortization": 5386000.0,
        "Amortization Of Intangibles Income Statement": 5386000.0,
        "Depreciation Income Statement": 9992000.0,
        "Selling General And Administration": 47827000.0,
        "General And Administrative Expense": 47827000.0,
        "Other Gand A": 47827000.0,
        "Gross Profit": 90103000.0,
        "Cost Of Revenue": 206965000.0,
        "Total Revenue": 297068000.0,
        "Operating Revenue": 292120000.0
    },
    "2024-03-31": {
        "Tax Effect Of Unusual Items": NaN,
        "Tax Rate For Calcs": NaN,
        "Normalized EBITDA": NaN,
        "Total Unusual Items": NaN,
        "Total Unusual Items Excluding Goodwill": NaN,
        "Net Income From Continuing Operation Net Minority Interest": NaN,
        "Reconciled Depreciation": NaN,
        "Reconciled Cost Of Revenue": NaN,
        "EBITDA": NaN,
        "EBIT": NaN,
        "Net Interest Income": NaN,
        "Interest Expense": NaN,
        "Normalized Income": NaN,
        "Net Income From Continuing And Discontinued Operation": NaN,
        "Total Expenses": NaN,
        "Total Operating Income As Reported": NaN,
        "Diluted Average Shares": 85300000.0,
        "Basic Average Shares": 84298000.0,
        "Diluted EPS": 0.09,
        "Basic EPS": 0.09,
        "Diluted NI Availto Com Stockholders": NaN,
        "Net Income Common Stockholders": NaN,
        "Net Income": NaN,
        "Minority Interests": 0.0,
        "Net Income Including Noncontrolling Interests": NaN,
        "Net Income Continuous Operations": NaN,
        "Tax Provision": NaN,
        "Pretax Income": NaN,
        "Other Income Expense": NaN,
        "Special Income Charges": NaN,
        "Restructuring And Mergern Acquisition": NaN,
        "Earnings From Equity Interest": 0.0,
        "Net Non Operating Interest Income Expense": NaN,
        "Interest Expense Non Operating": NaN,
        "Operating Income": NaN,
        "Operating Expense": NaN,
        "Other Operating Expenses": NaN,
        "Depreciation Amortization Depletion Income Statement": NaN,
        "Depreciation And Amortization In Income Statement": NaN,
        "Amortization": NaN,
        "Amortization Of Intangibles Income Statement": NaN,
        "Depreciation Income Statement": NaN,
        "Selling General And Administration": NaN,
        "General And Administrative Expense": NaN,
        "Other Gand A": NaN,
        "Gross Profit": NaN,
        "Cost Of Revenue": NaN,
        "Total Revenue": NaN,
        "Operating Revenue": NaN
    },
    "2024-06-30": {
        "Tax Effect Of Unusual Items": 1005304.0,
        "Tax Rate For Calcs": 0.212,
        "Normalized EBITDA": 39066000.0,
        "Total Unusual Items": 4742000.0,
        "Total Unusual Items Excluding Goodwill": 4742000.0,
        "Net Income From Continuing Operation Net Minority Interest": 14586000.0,
        "Reconciled Depreciation": 16383000.0,
        "Reconciled Cost Of Revenue": 216479000.0,
        "EBITDA": 43808000.0,
        "EBIT": 27425000.0,
        "Net Interest Income": -8906000.0,
        "Interest Expense": 8906000.0,
        "Normalized Income": 10849304.0,
        "Net Income From Continuing And Discontinued Operation": 14586000.0,
        "Total Expenses": 286730000.0,
        "Total Operating Income As Reported": 22683000.0,
        "Diluted Average Shares": 85054000.0,
        "Basic Average Shares": 83911000.0,
        "Diluted EPS": 0.17,
        "Basic EPS": 0.17,
        "Diluted NI Availto Com Stockholders": 14586000.0,
        "Net Income Common Stockholders": 14586000.0,
        "Net Income": 14586000.0,
        "Minority Interests": 0.0,
        "Net Income Including Noncontrolling Interests": 14586000.0,
        "Net Income Continuous Operations": 14586000.0,
        "Tax Provision": 3933000.0,
        "Pretax Income": 18519000.0,
        "Other Income Expense": 4742000.0,
        "Special Income Charges": 4742000.0,
        "Restructuring And Mergern Acquisition": -4742000.0,
        "Earnings From Equity Interest": 0.0,
        "Net Non Operating Interest Income Expense": -8906000.0,
        "Interest Expense Non Operating": 8906000.0,
        "Operating Income": 22683000.0,
        "Operating Expense": 70251000.0,
        "Other Operating Expenses": 7327000.0,
        "Depreciation Amortization Depletion Income Statement": 16383000.0,
        "Depreciation And Amortization In Income Statement": 16383000.0,
        "Amortization": 5589000.0,
        "Amortization Of Intangibles Income Statement": 5589000.0,
        "Depreciation Income Statement": 10794000.0,
        "Selling General And Administration": 46541000.0,
        "General And Administrative Expense": 46541000.0,
        "Other Gand A": 46541000.0,
        "Gross Profit": 92934000.0,
        "Cost Of Revenue": 216479000.0,
        "Total Revenue": 309413000.0,
        "Operating Revenue": 303987000.0
    },
    "2024-09-30": {
        "Tax Effect Of Unusual Items": -885360.0,
        "Tax Rate For Calcs": 0.21,
        "Normalized EBITDA": 38626000.0,
        "Total Unusual Items": -4216000.0,
        "Total Unusual Items Excluding Goodwill": -4216000.0,
        "Net Income From Continuing Operation Net Minority Interest": 4895000.0,
        "Reconciled Depreciation": 16782000.0,
        "Reconciled Cost Of Revenue": 211803000.0,
        "EBITDA": 34410000.0,
        "EBIT": 17628000.0,
        "Net Interest Income": -9164000.0,
        "Interest Expense": 9164000.0,
        "Normalized Income": 8225640.0,
        "Net Income From Continuing And Discontinued Operation": 4895000.0,
        "Total Expenses": 280382000.0,
        "Total Operating Income As Reported": 21845000.0,
        "Diluted Average Shares": 84322000.0,
        "Basic Average Shares": 82952000.0,
        "Diluted EPS": 0.06,
        "Basic EPS": 0.06,
        "Diluted NI Availto Com Stockholders": 4895000.0,
        "Net Income Common Stockholders": 4895000.0,
        "Net Income": 4895000.0,
        "Minority Interests": NaN,
        "Net Income Including Noncontrolling Interests": 4895000.0,
        "Net Income Continuous Operations": 4895000.0,
        "Tax Provision": 3569000.0,
        "Pretax Income": 8464000.0,
        "Other Income Expense": -4217000.0,
        "Special Income Charges": -4216000.0,
        "Restructuring And Mergern Acquisition": 4216000.0,
        "Earnings From Equity Interest": -1000.0,
        "Net Non Operating Interest Income Expense": -9164000.0,
        "Interest Expense Non Operating": 9164000.0,
        "Operating Income": 21845000.0,
        "Operating Expense": 68579000.0,
        "Other Operating Expenses": 3867000.0,
        "Depreciation Amortization Depletion Income Statement": 16782000.0,
        "Depreciation And Amortization In Income Statement": 16782000.0,
        "Amortization": 5781000.0,
        "Amortization Of Intangibles Income Statement": 5781000.0,
        "Depreciation Income Statement": 11001000.0,
        "Selling General And Administration": 47930000.0,
        "General And Administrative Expense": 47930000.0,
        "Other Gand A": 47930000.0,
        "Gross Profit": 90424000.0,
        "Cost Of Revenue": 211803000.0,
        "Total Revenue": 302227000.0,
        "Operating Revenue": 296732000.0
    },
    "2024-12-31": {
        "Tax Effect Of Unusual Items": 614670.0,
        "Tax Rate For Calcs": 0.21,
        "Normalized EBITDA": 38316000.0,
        "Total Unusual Items": 2927000.0,
        "Total Unusual Items Excluding Goodwill": 2927000.0,
        "Net Income From Continuing Operation Net Minority Interest": 8355000.0,
        "Reconciled Depreciation": 17518000.0,
        "Reconciled Cost Of Revenue": 220865000.0,
        "EBITDA": 41243000.0,
        "EBIT": 23725000.0,
        "Net Interest Income": -9162000.0,
        "Interest Expense": 9162000.0,
        "Normalized Income": 6042670.0,
        "Net Income From Continuing And Discontinued Operation": 8355000.0,
        "Total Expenses": 296718000.0,
        "Total Operating Income As Reported": 20797000.0,
        "Diluted Average Shares": NaN,
        "Basic Average Shares": NaN,
        "Diluted EPS": NaN,
        "Basic EPS": NaN,
        "Diluted NI Availto Com Stockholders": 8355000.0,
        "Net Income Common Stockholders": 8355000.0,
        "Net Income": 8355000.0,
        "Minority Interests": NaN,
        "Net Income Including Noncontrolling Interests": 8394000.0,
        "Net Income Continuous Operations": 8394000.0,
        "Tax Provision": 6169000.0,
        "Pretax Income": 14563000.0,
        "Other Income Expense": 2928000.0,
        "Special Income Charges": 2914000.0,
        "Restructuring And Mergern Acquisition": -2914000.0,
        "Earnings From Equity Interest": NaN,
        "Net Non Operating Interest Income Expense": -9162000.0,
        "Interest Expense Non Operating": 9162000.0,
        "Operating Income": 20797000.0,
        "Operating Expense": 75853000.0,
        "Other Operating Expenses": 5719000.0,
        "Depreciation Amortization Depletion Income Statement": 17518000.0,
        "Depreciation And Amortization In Income Statement": 17518000.0,
        "Amortization": 5769000.0,
        "Amortization Of Intangibles Income Statement": 5769000.0,
        "Depreciation Income Statement": 11749000.0,
        "Selling General And Administration": 52616000.0,
        "General And Administrative Expense": 52616000.0,
        "Other Gand A": 52616000.0,
        "Gross Profit": 96650000.0,
        "Cost Of Revenue": 220865000.0,
        "Total Revenue": 317515000.0,
        "Operating Revenue": 310062000.0
    },
    "2025-03-31": {
        "Tax Effect Of Unusual Items": 600525.0,
        "Tax Rate For Calcs": 0.255,
        "Normalized EBITDA": 44527000.0,
        "Total Unusual Items": 2355000.0,
        "Total Unusual Items Excluding Goodwill": 2355000.0,
        "Net Income From Continuing Operation Net Minority Interest": 14639000.0,
        "Reconciled Depreciation": 18591000.0,
        "Reconciled Cost Of Revenue": 223548000.0,
        "EBITDA": 46882000.0,
        "EBIT": 28291000.0,
        "Net Interest Income": -8685000.0,
        "Interest Expense": 8685000.0,
        "Normalized Income": 12884525.0,
        "Net Income From Continuing And Discontinued Operation": 14639000.0,
        "Total Expenses": 297960000.0,
        "Total Operating Income As Reported": 25952000.0,
        "Diluted Average Shares": 87223000.0,
        "Basic Average Shares": 86003000.0,
        "Diluted EPS": 0.17,
        "Basic EPS": 0.17,
        "Diluted NI Availto Com Stockholders": 14639000.0,
        "Net Income Common Stockholders": 14639000.0,
        "Net Income": 14639000.0,
        "Minority Interests": 26000.0,
        "Net Income Including Noncontrolling Interests": 14613000.0,
        "Net Income Continuous Operations": 14613000.0,
        "Tax Provision": 4993000.0,
        "Pretax Income": 19606000.0,
        "Other Income Expense": 2339000.0,
        "Special Income Charges": 2355000.0,
        "Restructuring And Mergern Acquisition": -2355000.0,
        "Earnings From Equity Interest": -16000.0,
        "Net Non Operating Interest Income Expense": -8685000.0,
        "Interest Expense Non Operating": 8685000.0,
        "Operating Income": 25952000.0,
        "Operating Expense": 74412000.0,
        "Other Operating Expenses": 2817000.0,
        "Depreciation Amortization Depletion Income Statement": 18591000.0,
        "Depreciation And Amortization In Income Statement": 18591000.0,
        "Amortization": 6290000.0,
        "Amortization Of Intangibles Income Statement": 6290000.0,
        "Depreciation Income Statement": 12301000.0,
        "Selling General And Administration": 53004000.0,
        "General And Administrative Expense": 53004000.0,
        "Other Gand A": 53004000.0,
        "Gross Profit": 100364000.0,
        "Cost Of Revenue": 223548000.0,
        "Total Revenue": 323912000.0,
        "Operating Revenue": 311717000.0
    },
    "2025-06-30": {
        "Tax Effect Of Unusual Items": -1204140.0,
        "Tax Rate For Calcs": 0.21,
        "Normalized EBITDA": 46274000.0,
        "Total Unusual Items": -5734000.0,
        "Total Unusual Items Excluding Goodwill": -5734000.0,
        "Net Income From Continuing Operation Net Minority Interest": 7315000.0,
        "Reconciled Depreciation": 19417000.0,
        "Reconciled Cost Of Revenue": 230644000.0,
        "EBITDA": 40540000.0,
        "EBIT": 21123000.0,
        "Net Interest Income": -8771000.0,
        "Interest Expense": 8771000.0,
        "Normalized Income": 11844860.0,
        "Net Income From Continuing And Discontinued Operation": 7315000.0,
        "Total Expenses": 309035000.0,
        "Total Operating Income As Reported": 26874000.0,
        "Diluted Average Shares": 86943000.0,
        "Basic Average Shares": 85710000.0,
        "Diluted EPS": 0.08,
        "Basic EPS": 0.09,
        "Diluted NI Availto Com Stockholders": 7315000.0,
        "Net Income Common Stockholders": 7315000.0,
        "Net Income": 7315000.0,
        "Minority Interests": 53000.0,
        "Net Income Including Noncontrolling Interests": 7262000.0,
        "Net Income Continuous Operations": 7262000.0,
        "Tax Provision": 5090000.0,
        "Pretax Income": 12352000.0,
        "Other Income Expense": -5751000.0,
        "Special Income Charges": -5734000.0,
        "Restructuring And Mergern Acquisition": 5734000.0,
        "Earnings From Equity Interest": -17000.0,
        "Net Non Operating Interest Income Expense": -8771000.0,
        "Interest Expense Non Operating": 8771000.0,
        "Operating Income": 26874000.0,
        "Operating Expense": 78391000.0,
        "Other Operating Expenses": 4096000.0,
        "Depreciation Amortization Depletion Income Statement": 19417000.0,
        "Depreciation And Amortization In Income Statement": 19417000.0,
        "Amortization": 6322000.0,
        "Amortization Of Intangibles Income Statement": 6322000.0,
        "Depreciation Income Statement": 13095000.0,
        "Selling General And Administration": 54878000.0,
        "General And Administrative Expense": 54878000.0,
        "Other Gand A": 54878000.0,
        "Gross Profit": 105265000.0,
        "Cost Of Revenue": 230644000.0,
        "Total Revenue": 335909000.0,
        "Operating Revenue": 321199000.0
    }
}