{
    "2023-06-30": {
        "Tax Effect Of Unusual Items": NaN,
        "Tax Rate For Calcs": NaN,
        "Normalized EBITDA": NaN,
        "Total Unusual Items": NaN,
        "Total Unusual Items Excluding Goodwill": NaN,
        "Net Income From Continuing Operation Net Minority Interest": NaN,
        "Reconciled Depreciation": NaN,
        "Reconciled Cost Of Revenue": NaN,
        "EBITDA": NaN,
        "EBIT": NaN,
        "Net Interest Income": NaN,
        "Interest Expense": NaN,
        "Normalized Income": NaN,
        "Net Income From Continuing And Discontinued Operation": NaN,
        "Total Expenses": NaN,
        "Rent Expense Supplemental": NaN,
        "Diluted Average Shares": NaN,
        "Basic Average Shares": NaN,
        "Diluted EPS": NaN,
        "Basic EPS": NaN,
        "Diluted NI Availto Com Stockholders": NaN,
        "Net Income Common Stockholders": NaN,
        "Net Income": NaN,
        "Minority Interests": NaN,
        "Net Income Including Noncontrolling Interests": NaN,
        "Net Income Continuous Operations": NaN,
        "Tax Provision": NaN,
        "Pretax Income": NaN,
        "Other Income Expense": NaN,
        "Special Income Charges": NaN,
        "Other Special Charges": NaN,
        "Write Off": 8694000.0,
        "Impairment Of Capital Assets": NaN,
        "Restructuring And Mergern Acquisition": NaN,
        "Net Non Operating Interest Income Expense": NaN,
        "Interest Expense Non Operating": NaN,
        "Operating Income": NaN,
        "Operating Expense": NaN,
        "Other Operating Expenses": NaN,
        "Depreciation Amortization Depletion Income Statement": NaN,
        "Depreciation And Amortization In Income Statement": NaN,
        "Selling General And Administration": NaN,
        "General And Administrative Expense": NaN,
        "Other Gand A": NaN,
        "Rent And Landing Fees": NaN,
        "Salaries And Wages": NaN,
        "Gross Profit": NaN,
        "Cost Of Revenue": NaN,
        "Total Revenue": NaN,
        "Operating Revenue": NaN
    },
    "2023-03-31": {
        "Tax Effect Of Unusual Items": -1443033.0,
        "Tax Rate For Calcs": 0.223,
        "Normalized EBITDA": 143682000.0,
        "Total Unusual Items": -6471000.0,
        "Total Unusual Items Excluding Goodwill": -6471000.0,
        "Net Income From Continuing Operation Net Minority Interest": 66015000.0,
        "Reconciled Depreciation": 31569000.0,
        "Reconciled Cost Of Revenue": 26021000.0,
        "EBITDA": 137211000.0,
        "EBIT": 105642000.0,
        "Net Interest Income": -19999000.0,
        "Interest Expense": 19999000.0,
        "Normalized Income": 71042967.0,
        "Net Income From Continuing And Discontinued Operation": 66015000.0,
        "Total Expenses": 592154000.0,
        "Rent Expense Supplemental": 11424000.0,
        "Diluted Average Shares": 91391000.0,
        "Basic Average Shares": 90101000.0,
        "Diluted EPS": 0.72,
        "Basic EPS": 0.73,
        "Diluted NI Availto Com Stockholders": 66015000.0,
        "Net Income Common Stockholders": 66015000.0,
        "Net Income": 66015000.0,
        "Minority Interests": -543000.0,
        "Net Income Including Noncontrolling Interests": 66558000.0,
        "Net Income Discontinuous Operations": NaN,
        "Net Income Continuous Operations": 66558000.0,
        "Tax Provision": 19085000.0,
        "Pretax Income": 85643000.0,
        "Other Income Expense": -6471000.0,
        "Special Income Charges": -6471000.0,
        "Other Special Charges": NaN,
        "Write Off": NaN,
        "Restructuring And Mergern Acquisition": 6471000.0,
        "Net Non Operating Interest Income Expense": -19999000.0,
        "Interest Expense Non Operating": 19999000.0,
        "Operating Income": 112113000.0,
        "Operating Expense": 566133000.0,
        "Other Operating Expenses": 90838000.0,
        "Depreciation Amortization Depletion Income Statement": 31569000.0,
        "Depreciation And Amortization In Income Statement": 31569000.0,
        "Selling General And Administration": 443726000.0,
        "General And Administrative Expense": 443726000.0,
        "Other Gand A": 41125000.0,
        "Rent And Landing Fees": 11424000.0,
        "Salaries And Wages": 391177000.0,
        "Gross Profit": 678246000.0,
        "Cost Of Revenue": 26021000.0,
        "Total Revenue": 704267000.0,
        "Operating Revenue": 704267000.0
    },
    "2022-12-31": {
        "Tax Effect Of Unusual Items": NaN,
        "Tax Rate For Calcs": NaN,
        "Normalized EBITDA": NaN,
        "Total Unusual Items": NaN,
        "Total Unusual Items Excluding Goodwill": NaN,
        "Net Income From Continuing Operation Net Minority Interest": NaN,
        "Reconciled Depreciation": NaN,
        "Reconciled Cost Of Revenue": NaN,
        "EBITDA": NaN,
        "EBIT": NaN,
        "Net Interest Income": NaN,
        "Interest Expense": NaN,
        "Normalized Income": NaN,
        "Net Income From Continuing And Discontinued Operation": NaN,
        "Total Expenses": NaN,
        "Rent Expense Supplemental": NaN,
        "Diluted Average Shares": NaN,
        "Basic Average Shares": NaN,
        "Diluted EPS": NaN,
        "Basic EPS": NaN,
        "Diluted NI Availto Com Stockholders": NaN,
        "Net Income Common Stockholders": NaN,
        "Net Income": NaN,
        "Minority Interests": NaN,
        "Net Income Including Noncontrolling Interests": NaN,
        "Net Income Discontinuous Operations": 0.0,
        "Net Income Continuous Operations": NaN,
        "Tax Provision": NaN,
        "Pretax Income": NaN,
        "Other Income Expense": NaN,
        "Special Income Charges": NaN,
        "Other Special Charges": NaN,
        "Write Off": NaN,
        "Restructuring And Mergern Acquisition": NaN,
        "Net Non Operating Interest Income Expense": NaN,
        "Interest Expense Non Operating": NaN,
        "Operating Income": NaN,
        "Operating Expense": NaN,
        "Other Operating Expenses": NaN,
        "Depreciation Amortization Depletion Income Statement": NaN,
        "Depreciation And Amortization In Income Statement": NaN,
        "Selling General And Administration": NaN,
        "General And Administrative Expense": NaN,
        "Other Gand A": NaN,
        "Rent And Landing Fees": NaN,
        "Salaries And Wages": NaN,
        "Gross Profit": NaN,
        "Cost Of Revenue": NaN,
        "Total Revenue": NaN,
        "Operating Revenue": NaN
    },
    "2022-09-30": {
        "Tax Effect Of Unusual Items": NaN,
        "Tax Rate For Calcs": NaN,
        "Normalized EBITDA": NaN,
        "Total Unusual Items": NaN,
        "Total Unusual Items Excluding Goodwill": NaN,
        "Net Income From Continuing Operation Net Minority Interest": NaN,
        "Reconciled Depreciation": NaN,
        "Reconciled Cost Of Revenue": NaN,
        "EBITDA": NaN,
        "EBIT": NaN,
        "Net Interest Income": NaN,
        "Interest Expense": NaN,
        "Normalized Income": NaN,
        "Net Income From Continuing And Discontinued Operation": NaN,
        "Total Expenses": NaN,
        "Rent Expense Supplemental": NaN,
        "Diluted Average Shares": NaN,
        "Basic Average Shares": NaN,
        "Diluted EPS": NaN,
        "Basic EPS": NaN,
        "Diluted NI Availto Com Stockholders": NaN,
        "Net Income Common Stockholders": NaN,
        "Net Income": NaN,
        "Minority Interests": NaN,
        "Net Income Including Noncontrolling Interests": NaN,
        "Net Income Discontinuous Operations": 0.0,
        "Net Income Continuous Operations": NaN,
        "Tax Provision": NaN,
        "Pretax Income": NaN,
        "Other Income Expense": NaN,
        "Other Non Operating Income Expenses": -10859000.0,
        "Special Income Charges": NaN,
        "Other Special Charges": NaN,
        "Write Off": 0.0,
        "Restructuring And Mergern Acquisition": NaN,
        "Net Non Operating Interest Income Expense": NaN,
        "Interest Expense Non Operating": NaN,
        "Operating Income": NaN,
        "Operating Expense": NaN,
        "Other Operating Expenses": NaN,
        "Depreciation Amortization Depletion Income Statement": NaN,
        "Depreciation And Amortization In Income Statement": NaN,
        "Selling General And Administration": NaN,
        "General And Administrative Expense": NaN,
        "Other Gand A": NaN,
        "Rent And Landing Fees": NaN,
        "Salaries And Wages": NaN,
        "Gross Profit": NaN,
        "Cost Of Revenue": NaN,
        "Total Revenue": NaN,
        "Operating Revenue": NaN
    },
    "2022-06-30": {
        "Tax Effect Of Unusual Items": -1020460.0,
        "Tax Rate For Calcs": 0.259,
        "Normalized EBITDA": 159290000.0,
        "Total Unusual Items": -3940000.0,
        "Total Unusual Items Excluding Goodwill": -3940000.0,
        "Net Income From Continuing Operation Net Minority Interest": 80079000.0,
        "Reconciled Depreciation": 29128000.0,
        "Reconciled Cost Of Revenue": 25022000.0,
        "EBITDA": 155350000.0,
        "EBIT": 126222000.0,
        "Net Interest Income": -16565000.0,
        "Interest Expense": 16565000.0,
        "Normalized Income": 82998540.0,
        "Net Income From Continuing And Discontinued Operation": 80079000.0,
        "Total Expenses": 521557000.0,
        "Rent Expense Supplemental": 11192000.0,
        "Diluted Average Shares": 91473000.0,
        "Basic Average Shares": 89724000.0,
        "Diluted EPS": 0.88,
        "Basic EPS": 0.89,
        "Diluted NI Availto Com Stockholders": 80079000.0,
        "Net Income Common Stockholders": 80079000.0,
        "Net Income": 80079000.0,
        "Minority Interests": -1853000.0,
        "Net Income Including Noncontrolling Interests": 81932000.0,
        "Net Income Discontinuous Operations": 0.0,
        "Net Income Continuous Operations": 81932000.0,
        "Tax Provision": 27725000.0,
        "Pretax Income": 109657000.0,
        "Other Income Expense": -3940000.0,
        "Other Non Operating Income Expenses": -3940000.0,
        "Special Income Charges": -3940000.0,
        "Write Off": 0.0,
        "Restructuring And Mergern Acquisition": 3940000.0,
        "Net Non Operating Interest Income Expense": -16565000.0,
        "Interest Expense Non Operating": 16565000.0,
        "Operating Income": 130162000.0,
        "Operating Expense": 496535000.0,
        "Other Operating Expenses": 76387000.0,
        "Depreciation Amortization Depletion Income Statement": 29128000.0,
        "Depreciation And Amortization In Income Statement": 29128000.0,
        "Selling General And Administration": 391020000.0,
        "General And Administrative Expense": 391020000.0,
        "Other Gand A": 40440000.0,
        "Rent And Landing Fees": 11192000.0,
        "Salaries And Wages": 339388000.0,
        "Gross Profit": 626697000.0,
        "Cost Of Revenue": 25022000.0,
        "Total Revenue": 651719000.0,
        "Operating Revenue": 651719000.0
    },
    "2022-03-31": {
        "Diluted EPS": 0.67,
        "Total Revenue": 617,
        "Gross Profit": 617,
        "Operating Income": 99,
        "EBIT": 128,
        "Net Income": 61
    },
    "2021-12-31": {
        "Diluted EPS": 0.77,
        "Total Revenue": 593,
        "Gross Profit": 593,
        "Operating Income": 115,
        "EBIT": 144,
        "Net Income": 70
    },
    "2021-09-30": {
        "Diluted EPS": 0.73,
        "Total Revenue": 588,
        "Gross Profit": 588,
        "Operating Income": 105,
        "EBIT": 134,
        "Net Income": 66
    },
    "2021-06-30": {
        "Diluted EPS": 0.49,
        "Total Revenue": 582,
        "Gross Profit": 582,
        "Operating Income": 107,
        "EBIT": 133,
        "Net Income": 45
    },
    "2021-03-31": {
        "Diluted EPS": 0.11,
        "Total Revenue": 551,
        "Gross Profit": 551,
        "Operating Income": 88,
        "EBIT": 114,
        "Net Income": 10
    },
    "2020-12-31": {
        "Diluted EPS": -8.78,
        "Total Revenue": 541,
        "Gross Profit": 541,
        "Operating Income": 127,
        "EBIT": 155,
        "Net Income": -784
    },
    "2020-09-30": {
        "Diluted EPS": 0.42,
        "Total Revenue": 548,
        "Gross Profit": 548,
        "Operating Income": 86,
        "EBIT": 114,
        "Net Income": 37
    },
    "2020-06-30": {
        "Diluted EPS": 0.46,
        "Total Revenue": 491,
        "Gross Profit": 491,
        "Operating Income": 84,
        "EBIT": 110,
        "Net Income": 41
    },
    "2020-03-31": {
        "Diluted EPS": 0.38,
        "Total Revenue": 509,
        "Gross Profit": 509,
        "Operating Income": 69,
        "EBIT": 95,
        "Net Income": 33
    },
    "2019-12-31": {
        "Diluted EPS": -0.13,
        "Total Revenue": -319,
        "Gross Profit": -319,
        "Operating Income": 9,
        "EBIT": -22,
        "Net Income": -11
    },
    "2019-09-30": {
        "Diluted EPS": 0.48,
        "Total Revenue": 777,
        "Gross Profit": 777,
        "Operating Income": 102,
        "EBIT": 146,
        "Net Income": 43
    },
    "2019-06-30": {
        "Diluted EPS": 0.55,
        "Total Revenue": 789,
        "Gross Profit": 789,
        "Operating Income": 114,
        "EBIT": 158,
        "Net Income": 48
    },
    "2019-03-31": {
        "Diluted EPS": 0.34,
        "Total Revenue": 761,
        "Gross Profit": 761,
        "Operating Income": 89,
        "EBIT": 133,
        "Net Income": 29
    },
    "2018-12-31": {
        "Diluted EPS": -3.79,
        "Total Revenue": -364,
        "Gross Profit": -364,
        "Operating Income": -15,
        "EBIT": -52,
        "Net Income": -332
    },
    "2018-09-30": {
        "Diluted EPS": 0.53,
        "Total Revenue": 761,
        "Gross Profit": 761,
        "Operating Income": 104,
        "EBIT": 146,
        "Net Income": 46
    },
    "2018-06-30": {
        "Diluted EPS": 0.67,
        "Total Revenue": 766,
        "Gross Profit": 766,
        "Operating Income": 118,
        "EBIT": 160,
        "Net Income": 59
    },
    "2018-03-31": {
        "Diluted EPS": 0.58,
        "Total Revenue": 742,
        "Gross Profit": 742,
        "Operating Income": 99,
        "EBIT": 141,
        "Net Income": 51
    },
    "2017-12-31": {
        "Diluted EPS": 0.81,
        "Total Revenue": 725,
        "Gross Profit": 725,
        "Operating Income": 111,
        "EBIT": 152,
        "Net Income": 70
    },
    "2017-09-30": {
        "Diluted EPS": 0.52,
        "Total Revenue": 717,
        "Gross Profit": 717,
        "Operating Income": 112,
        "EBIT": 151,
        "Net Income": 46
    },
    "2017-06-30": {
        "Diluted EPS": 0.57,
        "Total Revenue": 716,
        "Gross Profit": 716,
        "Operating Income": 120,
        "EBIT": 157,
        "Net Income": 50
    },
    "2017-03-31": {
        "Diluted EPS": 0.4,
        "Total Revenue": 679,
        "Gross Profit": 679,
        "Operating Income": 95,
        "EBIT": 131,
        "Net Income": 35
    },
    "2016-12-31": {
        "Diluted EPS": 0.47,
        "Total Revenue": 703,
        "Gross Profit": 703,
        "Operating Income": 108,
        "EBIT": 145,
        "Net Income": 42
    },
    "2016-09-30": {
        "Diluted EPS": -1.36,
        "Total Revenue": 735,
        "Gross Profit": 735,
        "Operating Income": 112,
        "EBIT": 151,
        "Net Income": -118
    },
    "2016-06-30": {
        "Diluted EPS": 0.65,
        "Total Revenue": 757,
        "Gross Profit": 757,
        "Operating Income": 129,
        "EBIT": 168,
        "Net Income": 56
    },
    "2016-03-31": {
        "Diluted EPS": 0.31,
        "Total Revenue": 617,
        "Gross Profit": 617,
        "Operating Income": 96,
        "EBIT": 126,
        "Net Income": 26
    },
    "2015-12-31": {
        "Diluted EPS": 0.5,
        "Total Revenue": 495,
        "Gross Profit": 495,
        "Operating Income": 87,
        "EBIT": 108,
        "Net Income": 35
    },
    "2015-09-30": {
        "Diluted EPS": 0.42,
        "Total Revenue": 480,
        "Gross Profit": 480,
        "Operating Income": 86,
        "EBIT": 105,
        "Net Income": 30
    },
    "2015-06-30": {
        "Diluted EPS": 0.49,
        "Total Revenue": 454,
        "Gross Profit": 454,
        "Operating Income": 86,
        "EBIT": 102,
        "Net Income": 34
    },
    "2015-03-31": {
        "Diluted EPS": 0.23,
        "Total Revenue": 366,
        "Gross Profit": 366,
        "Operating Income": 62,
        "EBIT": 76,
        "Net Income": 15
    },
    "2014-12-31": {
        "Diluted EPS": 0.38,
        "Total Revenue": 295,
        "Gross Profit": 295,
        "Operating Income": 52,
        "EBIT": 64,
        "Net Income": 22
    },
    "2014-09-30": {
        "Diluted EPS": 0.43,
        "Total Revenue": 294,
        "Gross Profit": 294,
        "Operating Income": 52,
        "EBIT": 63,
        "Net Income": 25
    },
    "2014-06-30": {
        "Diluted EPS": 0.43,
        "Total Revenue": 214,
        "Gross Profit": 214,
        "Operating Income": 36,
        "EBIT": 43,
        "Net Income": 22
    },
    "2014-03-31": {
        "Diluted EPS": 0.26,
        "Total Revenue": 201,
        "Gross Profit": 201,
        "Operating Income": 32,
        "EBIT": 38,
        "Net Income": 13
    },
    "2013-12-31": {
        "Diluted EPS": 0.25,
        "Total Revenue": 190,
        "Gross Profit": 190,
        "Operating Income": 33,
        "EBIT": 38,
        "Net Income": 12
    },
    "2013-09-30": {
        "Diluted EPS": 0.29,
        "Total Revenue": 185,
        "Gross Profit": 185,
        "Operating Income": 33,
        "EBIT": 38,
        "Net Income": 14
    },
    "2013-06-30": {
        "Diluted EPS": 0.24,
        "Total Revenue": 177,
        "Gross Profit": 177,
        "Operating Income": 31,
        "EBIT": 36,
        "Net Income": 12
    },
    "2013-03-31": {
        "Diluted EPS": 0.07,
        "Total Revenue": 161,
        "Gross Profit": 161,
        "Operating Income": 26,
        "EBIT": 30,
        "Net Income": 4
    },
    "2012-12-31": {
        "Diluted EPS": 0.11,
        "Total Revenue": 114,
        "Gross Profit": 114,
        "Operating Income": 21,
        "EBIT": 24,
        "Net Income": 4
    },
    "2012-09-30": {
        "Diluted EPS": 0.15,
        "Total Revenue": 103,
        "Gross Profit": 103,
        "Operating Income": 18,
        "EBIT": 21,
        "Net Income": 6
    },
    "2012-06-30": {
        "Diluted EPS": 0.16,
        "Total Revenue": 101,
        "Gross Profit": 101,
        "Operating Income": 18,
        "EBIT": 20,
        "Net Income": 6
    },
    "2012-03-31": {
        "Diluted EPS": 0.11,
        "Total Revenue": 90,
        "Gross Profit": 90,
        "Operating Income": 13,
        "EBIT": 15,
        "Net Income": 4
    },
    "2011-12-31": {
        "Diluted EPS": -0.79,
        "Total Revenue": 75,
        "Gross Profit": 75,
        "Operating Income": 13,
        "EBIT": 14,
        "Net Income": -16
    },
    "2011-09-30": {
        "Diluted EPS": 0.18,
        "Total Revenue": 61,
        "Gross Profit": 61,
        "Operating Income": 9,
        "EBIT": 10,
        "Net Income": 3
    },
    "2011-06-30": {
        "Diluted EPS": -1.24,
        "Total Revenue": 64,
        "Gross Profit": 64,
        "Operating Income": -11,
        "EBIT": -9,
        "Net Income": -22
    },
    "2011-03-31": {
        "Diluted EPS": -0.01,
        "Total Revenue": 17,
        "Gross Profit": 17,
        "Operating Income": 2,
        "EBIT": 3,
        "Net Income": 0
    },
    "2010-12-31": {
        "Diluted EPS": 0.0,
        "Total Revenue": NaN,
        "Gross Profit": NaN,
        "Operating Income": NaN,
        "EBIT": NaN,
        "Net Income": NaN
    },
    "2010-09-30": {
        "Diluted EPS": 0.09,
        "Total Revenue": 16,
        "Gross Profit": 16,
        "Operating Income": 2,
        "EBIT": 2,
        "Net Income": 2
    },
    "2009-12-31": {
        "Diluted EPS": 0.0,
        "Total Revenue": NaN,
        "Gross Profit": NaN,
        "Operating Income": NaN,
        "EBIT": NaN,
        "Net Income": NaN
    },
    "2023-09-30": {
        "Tax Effect Of Unusual Items": NaN,
        "Tax Rate For Calcs": NaN,
        "Normalized EBITDA": NaN,
        "Total Unusual Items": NaN,
        "Total Unusual Items Excluding Goodwill": NaN,
        "Net Income From Continuing Operation Net Minority Interest": NaN,
        "Reconciled Depreciation": NaN,
        "Reconciled Cost Of Revenue": NaN,
        "EBITDA": NaN,
        "EBIT": NaN,
        "Net Interest Income": NaN,
        "Interest Expense": NaN,
        "Normalized Income": NaN,
        "Net Income From Continuing And Discontinued Operation": NaN,
        "Total Expenses": NaN,
        "Rent Expense Supplemental": NaN,
        "Diluted Average Shares": NaN,
        "Basic Average Shares": NaN,
        "Diluted EPS": NaN,
        "Basic EPS": NaN,
        "Diluted NI Availto Com Stockholders": NaN,
        "Net Income Common Stockholders": NaN,
        "Net Income": NaN,
        "Minority Interests": NaN,
        "Net Income Including Noncontrolling Interests": NaN,
        "Net Income Continuous Operations": NaN,
        "Tax Provision": NaN,
        "Pretax Income": NaN,
        "Other Income Expense": NaN,
        "Special Income Charges": NaN,
        "Other Special Charges": 394181000.0,
        "Write Off": 0.0,
        "Impairment Of Capital Assets": 0.0,
        "Restructuring And Mergern Acquisition": NaN,
        "Net Non Operating Interest Income Expense": NaN,
        "Interest Expense Non Operating": NaN,
        "Operating Income": NaN,
        "Operating Expense": NaN,
        "Other Operating Expenses": NaN,
        "Depreciation Amortization Depletion Income Statement": NaN,
        "Depreciation And Amortization In Income Statement": NaN,
        "Selling General And Administration": NaN,
        "General And Administrative Expense": NaN,
        "Other Gand A": NaN,
        "Rent And Landing Fees": NaN,
        "Salaries And Wages": NaN,
        "Gross Profit": NaN,
        "Cost Of Revenue": NaN,
        "Total Revenue": NaN,
        "Operating Revenue": NaN
    },
    "2023-12-31": {
        "Tax Effect Of Unusual Items": NaN,
        "Tax Rate For Calcs": NaN,
        "Normalized EBITDA": NaN,
        "Total Unusual Items": NaN,
        "Total Unusual Items Excluding Goodwill": NaN,
        "Net Income From Continuing Operation Net Minority Interest": NaN,
        "Reconciled Depreciation": NaN,
        "Reconciled Cost Of Revenue": NaN,
        "EBITDA": NaN,
        "EBIT": NaN,
        "Net Interest Income": NaN,
        "Interest Expense": NaN,
        "Normalized Income": NaN,
        "Net Income From Continuing And Discontinued Operation": NaN,
        "Total Expenses": NaN,
        "Rent Expense Supplemental": NaN,
        "Diluted Average Shares": NaN,
        "Basic Average Shares": NaN,
        "Diluted EPS": NaN,
        "Basic EPS": NaN,
        "Diluted NI Availto Com Stockholders": NaN,
        "Net Income Common Stockholders": NaN,
        "Net Income": NaN,
        "Minority Interests": NaN,
        "Net Income Including Noncontrolling Interests": NaN,
        "Net Income Continuous Operations": NaN,
        "Tax Provision": NaN,
        "Pretax Income": NaN,
        "Other Income Expense": NaN,
        "Special Income Charges": NaN,
        "Gain On Sale Of Ppe": NaN,
        "Other Special Charges": 0.0,
        "Write Off": 1096000.0,
        "Impairment Of Capital Assets": NaN,
        "Restructuring And Mergern Acquisition": NaN,
        "Net Non Operating Interest Income Expense": NaN,
        "Interest Expense Non Operating": NaN,
        "Operating Income": NaN,
        "Operating Expense": NaN,
        "Other Operating Expenses": NaN,
        "Depreciation Amortization Depletion Income Statement": NaN,
        "Depreciation And Amortization In Income Statement": NaN,
        "Selling General And Administration": NaN,
        "General And Administrative Expense": NaN,
        "Other Gand A": NaN,
        "Rent And Landing Fees": NaN,
        "Salaries And Wages": NaN,
        "Gross Profit": NaN,
        "Cost Of Revenue": NaN,
        "Total Revenue": NaN,
        "Operating Revenue": NaN
    },
    "2024-03-31": {
        "Tax Effect Of Unusual Items": NaN,
        "Tax Rate For Calcs": NaN,
        "Normalized EBITDA": NaN,
        "Total Unusual Items": NaN,
        "Total Unusual Items Excluding Goodwill": NaN,
        "Net Income From Continuing Operation Net Minority Interest": NaN,
        "Reconciled Depreciation": NaN,
        "Reconciled Cost Of Revenue": NaN,
        "EBITDA": NaN,
        "EBIT": NaN,
        "Net Interest Income": NaN,
        "Interest Expense": NaN,
        "Normalized Income": NaN,
        "Net Income From Continuing And Discontinued Operation": NaN,
        "Total Expenses": NaN,
        "Rent Expense Supplemental": NaN,
        "Diluted Average Shares": NaN,
        "Basic Average Shares": NaN,
        "Diluted EPS": NaN,
        "Basic EPS": NaN,
        "Diluted NI Availto Com Stockholders": NaN,
        "Net Income Common Stockholders": NaN,
        "Net Income": NaN,
        "Minority Interests": NaN,
        "Net Income Including Noncontrolling Interests": NaN,
        "Net Income Continuous Operations": NaN,
        "Tax Provision": NaN,
        "Pretax Income": NaN,
        "Other Income Expense": NaN,
        "Special Income Charges": NaN,
        "Gain On Sale Of Ppe": NaN,
        "Other Special Charges": 481000.0,
        "Write Off": NaN,
        "Impairment Of Capital Assets": NaN,
        "Restructuring And Mergern Acquisition": NaN,
        "Net Non Operating Interest Income Expense": NaN,
        "Interest Expense Non Operating": NaN,
        "Operating Income": NaN,
        "Operating Expense": NaN,
        "Other Operating Expenses": NaN,
        "Depreciation Amortization Depletion Income Statement": NaN,
        "Depreciation And Amortization In Income Statement": NaN,
        "Selling General And Administration": NaN,
        "General And Administrative Expense": NaN,
        "Other Gand A": NaN,
        "Rent And Landing Fees": NaN,
        "Salaries And Wages": NaN,
        "Gross Profit": NaN,
        "Cost Of Revenue": NaN,
        "Total Revenue": NaN,
        "Operating Revenue": NaN
    },
    "2024-06-30": {
        "Tax Effect Of Unusual Items": -1708931.0,
        "Tax Rate For Calcs": 0.241,
        "Normalized EBITDA": 178776000.0,
        "Total Unusual Items": -7091000.0,
        "Total Unusual Items Excluding Goodwill": -7091000.0,
        "Net Income From Continuing Operation Net Minority Interest": 78482000.0,
        "Reconciled Depreciation": 36066000.0,
        "Reconciled Cost Of Revenue": 27878000.0,
        "EBITDA": 171685000.0,
        "EBIT": 135619000.0,
        "Net Interest Income": -29159000.0,
        "Interest Expense": 29159000.0,
        "Normalized Income": 83864069.0,
        "Net Income From Continuing And Discontinued Operation": 78482000.0,
        "Total Expenses": 653330000.0,
        "Rent Expense Supplemental": 11889000.0,
        "Diluted Average Shares": 92043000.0,
        "Basic Average Shares": 91628000.0,
        "Diluted EPS": 0.85,
        "Basic EPS": 0.86,
        "Diluted NI Availto Com Stockholders": 78482000.0,
        "Net Income Common Stockholders": 78482000.0,
        "Net Income": 78482000.0,
        "Minority Interests": -2335000.0,
        "Net Income Including Noncontrolling Interests": 80817000.0,
        "Net Income Continuous Operations": 80817000.0,
        "Tax Provision": 25643000.0,
        "Pretax Income": 106460000.0,
        "Other Income Expense": -7091000.0,
        "Special Income Charges": -7091000.0,
        "Gain On Sale Of Ppe": 0.0,
        "Other Special Charges": 2051000.0,
        "Write Off": 1000000.0,
        "Impairment Of Capital Assets": NaN,
        "Restructuring And Mergern Acquisition": 4040000.0,
        "Net Non Operating Interest Income Expense": -29159000.0,
        "Interest Expense Non Operating": 29159000.0,
        "Operating Income": 142710000.0,
        "Operating Expense": 625452000.0,
        "Other Operating Expenses": 109690000.0,
        "Depreciation Amortization Depletion Income Statement": 36066000.0,
        "Depreciation And Amortization In Income Statement": 36066000.0,
        "Selling General And Administration": 479696000.0,
        "General And Administrative Expense": 479696000.0,
        "Other Gand A": 48050000.0,
        "Rent And Landing Fees": 11889000.0,
        "Salaries And Wages": 419757000.0,
        "Gross Profit": 768162000.0,
        "Cost Of Revenue": 27878000.0,
        "Total Revenue": 796040000.0,
        "Operating Revenue": 796040000.0
    },
    "2024-09-30": {
        "Tax Effect Of Unusual Items": -5163408.0,
        "Tax Rate For Calcs": 0.276,
        "Normalized EBITDA": 184840000.0,
        "Total Unusual Items": -18708000.0,
        "Total Unusual Items Excluding Goodwill": -18708000.0,
        "Net Income From Continuing Operation Net Minority Interest": 68132000.0,
        "Reconciled Depreciation": 37641000.0,
        "Reconciled Cost Of Revenue": 29623000.0,
        "EBITDA": 166132000.0,
        "EBIT": 128491000.0,
        "Net Interest Income": -29924000.0,
        "Interest Expense": 29924000.0,
        "Normalized Income": 81676592.0,
        "Net Income From Continuing And Discontinued Operation": 68132000.0,
        "Total Expenses": 668435000.0,
        "Rent Expense Supplemental": 12389000.0,
        "Diluted Average Shares": 92188000.0,
        "Basic Average Shares": 91720000.0,
        "Diluted EPS": 0.74,
        "Basic EPS": 0.74,
        "Diluted NI Availto Com Stockholders": 68132000.0,
        "Net Income Common Stockholders": 68132000.0,
        "Net Income": 68132000.0,
        "Minority Interests": -3236000.0,
        "Net Income Including Noncontrolling Interests": 71368000.0,
        "Net Income Continuous Operations": 71368000.0,
        "Tax Provision": 27199000.0,
        "Pretax Income": 98567000.0,
        "Other Income Expense": -18708000.0,
        "Special Income Charges": -18708000.0,
        "Gain On Sale Of Ppe": NaN,
        "Other Special Charges": NaN,
        "Write Off": NaN,
        "Impairment Of Capital Assets": 10459000.0,
        "Restructuring And Mergern Acquisition": 8249000.0,
        "Net Non Operating Interest Income Expense": -29924000.0,
        "Interest Expense Non Operating": 29924000.0,
        "Operating Income": 147199000.0,
        "Operating Expense": 638812000.0,
        "Other Operating Expenses": 112137000.0,
        "Depreciation Amortization Depletion Income Statement": 37641000.0,
        "Depreciation And Amortization In Income Statement": 37641000.0,
        "Selling General And Administration": 489034000.0,
        "General And Administrative Expense": 489034000.0,
        "Other Gand A": 48498000.0,
        "Rent And Landing Fees": 12389000.0,
        "Salaries And Wages": 428147000.0,
        "Gross Profit": 786011000.0,
        "Cost Of Revenue": 29623000.0,
        "Total Revenue": 815634000.0,
        "Operating Revenue": 815634000.0
    },
    "2024-12-31": {
        "Tax Effect Of Unusual Items": -4169660.518838,
        "Tax Rate For Calcs": 0.117844,
        "Normalized EBITDA": 143003000.0,
        "Total Unusual Items": -35383000.0,
        "Total Unusual Items Excluding Goodwill": -35383000.0,
        "Net Income From Continuing Operation Net Minority Interest": 32615000.0,
        "Reconciled Depreciation": 39541000.0,
        "Reconciled Cost Of Revenue": 28560000.0,
        "EBITDA": 107620000.0,
        "EBIT": 68079000.0,
        "Net Interest Income": -30071000.0,
        "Interest Expense": 30071000.0,
        "Normalized Income": 63828339.481162,
        "Net Income From Continuing And Discontinued Operation": 32615000.0,
        "Total Expenses": 670776000.0,
        "Rent Expense Supplemental": 11720000.0,
        "Diluted Average Shares": 91986000.0,
        "Basic Average Shares": 91769000.0,
        "Diluted EPS": 0.35,
        "Basic EPS": 0.36,
        "Diluted NI Availto Com Stockholders": 32615000.0,
        "Net Income Common Stockholders": 32615000.0,
        "Net Income": 32615000.0,
        "Minority Interests": -914000.0,
        "Net Income Including Noncontrolling Interests": 33529000.0,
        "Net Income Continuous Operations": 33529000.0,
        "Tax Provision": 4479000.0,
        "Pretax Income": 38008000.0,
        "Other Income Expense": -35383000.0,
        "Special Income Charges": -35383000.0,
        "Gain On Sale Of Ppe": NaN,
        "Other Special Charges": NaN,
        "Write Off": NaN,
        "Impairment Of Capital Assets": NaN,
        "Restructuring And Mergern Acquisition": -1054000.0,
        "Net Non Operating Interest Income Expense": -30071000.0,
        "Interest Expense Non Operating": 30071000.0,
        "Operating Income": 103462000.0,
        "Operating Expense": 642216000.0,
        "Other Operating Expenses": 117888000.0,
        "Depreciation Amortization Depletion Income Statement": 39541000.0,
        "Depreciation And Amortization In Income Statement": 39541000.0,
        "Selling General And Administration": 484787000.0,
        "General And Administrative Expense": 484787000.0,
        "Other Gand A": 47470000.0,
        "Rent And Landing Fees": 11720000.0,
        "Salaries And Wages": 425597000.0,
        "Gross Profit": 745678000.0,
        "Cost Of Revenue": 28560000.0,
        "Total Revenue": 774238000.0,
        "Operating Revenue": 774238000.0
    },
    "2025-03-31": {
        "Tax Effect Of Unusual Items": -11721315.0,
        "Tax Rate For Calcs": 0.327,
        "Normalized EBITDA": 125527000.0,
        "Total Unusual Items": -35845000.0,
        "Total Unusual Items Excluding Goodwill": -35845000.0,
        "Net Income From Continuing Operation Net Minority Interest": 8374000.0,
        "Reconciled Depreciation": 47032000.0,
        "Reconciled Cost Of Revenue": 28342000.0,
        "EBITDA": 89682000.0,
        "EBIT": 42650000.0,
        "Net Interest Income": -29182000.0,
        "Interest Expense": 29182000.0,
        "Normalized Income": 32497685.0,
        "Net Income From Continuing And Discontinued Operation": 8374000.0,
        "Total Expenses": 692010000.0,
        "Rent Expense Supplemental": 11656000.0,
        "Diluted Average Shares": 92038000.0,
        "Basic Average Shares": 91654000.0,
        "Diluted EPS": 0.09,
        "Basic EPS": 0.09,
        "Diluted NI Availto Com Stockholders": 8374000.0,
        "Net Income Common Stockholders": 8374000.0,
        "Net Income": 8374000.0,
        "Minority Interests": -690000.0,
        "Net Income Including Noncontrolling Interests": 9064000.0,
        "Net Income Continuous Operations": 9064000.0,
        "Tax Provision": 4404000.0,
        "Pretax Income": 13468000.0,
        "Other Income Expense": -35845000.0,
        "Special Income Charges": -35845000.0,
        "Gain On Sale Of Ppe": NaN,
        "Other Special Charges": 35784000.0,
        "Write Off": NaN,
        "Impairment Of Capital Assets": NaN,
        "Restructuring And Mergern Acquisition": 61000.0,
        "Net Non Operating Interest Income Expense": -29182000.0,
        "Interest Expense Non Operating": 29182000.0,
        "Operating Income": 78495000.0,
        "Operating Expense": 663668000.0,
        "Other Operating Expenses": 114002000.0,
        "Depreciation Amortization Depletion Income Statement": 47032000.0,
        "Depreciation And Amortization In Income Statement": 47032000.0,
        "Selling General And Administration": 502634000.0,
        "General And Administrative Expense": 502634000.0,
        "Other Gand A": 45707000.0,
        "Rent And Landing Fees": 11656000.0,
        "Salaries And Wages": 445271000.0,
        "Gross Profit": 742163000.0,
        "Cost Of Revenue": 28342000.0,
        "Total Revenue": 770505000.0,
        "Operating Revenue": 770505000.0
    },
    "2025-06-30": {
        "Tax Effect Of Unusual Items": -13776042.0,
        "Tax Rate For Calcs": 0.241,
        "Normalized EBITDA": 191298000.0,
        "Total Unusual Items": -57162000.0,
        "Total Unusual Items Excluding Goodwill": -57162000.0,
        "Net Income From Continuing Operation Net Minority Interest": 30127000.0,
        "Reconciled Depreciation": 48995000.0,
        "Reconciled Cost Of Revenue": 28532000.0,
        "EBITDA": 134136000.0,
        "EBIT": 85141000.0,
        "Net Interest Income": -35138000.0,
        "Interest Expense": 35138000.0,
        "Normalized Income": 73512958.0,
        "Net Income From Continuing And Discontinued Operation": 30127000.0,
        "Total Expenses": 726929000.0,
        "Rent Expense Supplemental": 12610000.0,
        "Diluted Average Shares": 90435000.0,
        "Basic Average Shares": 90328000.0,
        "Diluted EPS": 0.33,
        "Basic EPS": 0.33,
        "Diluted NI Availto Com Stockholders": 30127000.0,
        "Net Income Common Stockholders": 30127000.0,
        "Net Income": 30127000.0,
        "Minority Interests": -7809000.0,
        "Net Income Including Noncontrolling Interests": 37936000.0,
        "Net Income Continuous Operations": 37936000.0,
        "Tax Provision": 12067000.0,
        "Pretax Income": 50003000.0,
        "Other Income Expense": -57162000.0,
        "Special Income Charges": -57162000.0,
        "Gain On Sale Of Ppe": 8715000.0,
        "Other Special Charges": 53526000.0,
        "Write Off": 1452000.0,
        "Impairment Of Capital Assets": NaN,
        "Restructuring And Mergern Acquisition": 10899000.0,
        "Net Non Operating Interest Income Expense": -35138000.0,
        "Interest Expense Non Operating": 35138000.0,
        "Operating Income": 142303000.0,
        "Operating Expense": 698397000.0,
        "Other Operating Expenses": 134414000.0,
        "Depreciation Amortization Depletion Income Statement": 48995000.0,
        "Depreciation And Amortization In Income Statement": 48995000.0,
        "Selling General And Administration": 514988000.0,
        "General And Administrative Expense": 514988000.0,
        "Other Gand A": 49961000.0,
        "Rent And Landing Fees": 12610000.0,
        "Salaries And Wages": 452417000.0,
        "Gross Profit": 840700000.0,
        "Cost Of Revenue": 28532000.0,
        "Total Revenue": 869232000.0,
        "Operating Revenue": 869232000.0
    }
}