{
    "2023-06-30": {
        "Tax Effect Of Unusual Items": NaN,
        "Tax Rate For Calcs": NaN,
        "Net Income From Continuing Operation Net Minority Interest": NaN,
        "Reconciled Depreciation": NaN,
        "EBIT": NaN,
        "Net Interest Income": NaN,
        "Interest Expense": NaN,
        "Normalized Income": NaN,
        "Net Income From Continuing And Discontinued Operation": NaN,
        "Total Expenses": NaN,
        "Diluted Average Shares": NaN,
        "Basic Average Shares": NaN,
        "Diluted EPS": NaN,
        "Basic EPS": NaN,
        "Diluted NI Availto Com Stockholders": NaN,
        "Net Income Common Stockholders": NaN,
        "Net Income": NaN,
        "Minority Interests": 0.0,
        "Net Income Including Noncontrolling Interests": NaN,
        "Net Income Discontinuous Operations": NaN,
        "Net Income Continuous Operations": NaN,
        "Tax Provision": NaN,
        "Pretax Income": NaN,
        "Other Income Expense": 18000.0,
        "Net Non Operating Interest Income Expense": NaN,
        "Interest Expense Non Operating": NaN,
        "Other Operating Expenses": NaN,
        "Selling General And Administration": NaN,
        "General And Administrative Expense": NaN,
        "Other Gand A": NaN,
        "Total Revenue": NaN,
        "Operating Revenue": NaN,
        "Loss Adjustment Expense": NaN,
        "Net Policyholder Benefits And Claims": NaN
    },
    "2023-03-31": {
        "Tax Effect Of Unusual Items": NaN,
        "Tax Rate For Calcs": NaN,
        "Net Income From Continuing Operation Net Minority Interest": NaN,
        "Reconciled Depreciation": NaN,
        "EBIT": NaN,
        "Net Interest Income": NaN,
        "Interest Expense": NaN,
        "Normalized Income": NaN,
        "Net Income From Continuing And Discontinued Operation": NaN,
        "Total Expenses": NaN,
        "Diluted Average Shares": NaN,
        "Basic Average Shares": NaN,
        "Diluted EPS": NaN,
        "Basic EPS": NaN,
        "Diluted NI Availto Com Stockholders": NaN,
        "Net Income Common Stockholders": NaN,
        "Net Income": NaN,
        "Minority Interests": 0.0,
        "Net Income Including Noncontrolling Interests": NaN,
        "Net Income Discontinuous Operations": NaN,
        "Net Income Continuous Operations": NaN,
        "Tax Provision": NaN,
        "Pretax Income": NaN,
        "Other Income Expense": 16000.0,
        "Net Non Operating Interest Income Expense": NaN,
        "Interest Expense Non Operating": NaN,
        "Other Operating Expenses": NaN,
        "Selling General And Administration": NaN,
        "General And Administrative Expense": NaN,
        "Other Gand A": NaN,
        "Total Revenue": NaN,
        "Operating Revenue": NaN,
        "Loss Adjustment Expense": NaN,
        "Net Policyholder Benefits And Claims": NaN
    },
    "2022-12-31": {
        "Tax Effect Of Unusual Items": NaN,
        "Tax Rate For Calcs": NaN,
        "Net Income From Continuing Operation Net Minority Interest": NaN,
        "Reconciled Depreciation": NaN,
        "EBIT": NaN,
        "Net Interest Income": NaN,
        "Interest Expense": NaN,
        "Normalized Income": NaN,
        "Net Income From Continuing And Discontinued Operation": NaN,
        "Total Expenses": NaN,
        "Diluted Average Shares": NaN,
        "Basic Average Shares": NaN,
        "Diluted EPS": NaN,
        "Basic EPS": NaN,
        "Diluted NI Availto Com Stockholders": NaN,
        "Net Income Common Stockholders": NaN,
        "Net Income": NaN,
        "Minority Interests": 0.0,
        "Net Income Including Noncontrolling Interests": NaN,
        "Net Income Discontinuous Operations": NaN,
        "Net Income Continuous Operations": NaN,
        "Tax Provision": NaN,
        "Pretax Income": NaN,
        "Other Income Expense": NaN,
        "Net Non Operating Interest Income Expense": NaN,
        "Interest Expense Non Operating": NaN,
        "Other Operating Expenses": NaN,
        "Selling General And Administration": NaN,
        "General And Administrative Expense": NaN,
        "Other Gand A": NaN,
        "Total Revenue": NaN,
        "Operating Revenue": NaN,
        "Loss Adjustment Expense": NaN,
        "Net Policyholder Benefits And Claims": NaN
    },
    "2022-09-30": {
        "Tax Effect Of Unusual Items": 0.0,
        "Tax Rate For Calcs": 0.4,
        "Net Income From Continuing Operation Net Minority Interest": -70884000.0,
        "Reconciled Depreciation": 16029000.0,
        "EBIT": -68405000.0,
        "Net Interest Income": -2392000.0,
        "Interest Expense": 2392000.0,
        "Normalized Income": -70884000.0,
        "Net Income From Continuing And Discontinued Operation": -70884000.0,
        "Total Expenses": 194585000.0,
        "Diluted Average Shares": 43075234.0,
        "Basic Average Shares": 43075234.0,
        "Diluted EPS": -1.65,
        "Basic EPS": -1.65,
        "Diluted NI Availto Com Stockholders": -70884000.0,
        "Net Income Common Stockholders": -70884000.0,
        "Net Income": -70884000.0,
        "Minority Interests": 0.0,
        "Net Income Including Noncontrolling Interests": -70884000.0,
        "Net Income Discontinuous Operations": NaN,
        "Net Income Continuous Operations": -70884000.0,
        "Tax Provision": 87000.0,
        "Pretax Income": -70797000.0,
        "Other Income Expense": 5859000.0,
        "Net Non Operating Interest Income Expense": -2392000.0,
        "Interest Expense Non Operating": 2392000.0,
        "Other Operating Expenses": 9630000.0,
        "Selling General And Administration": 26391000.0,
        "General And Administrative Expense": 26391000.0,
        "Other Gand A": 26391000.0,
        "Total Revenue": 123788000.0,
        "Operating Revenue": 123788000.0
    },
    "2022-06-30": {
        "Tax Effect Of Unusual Items": 0.0,
        "Tax Rate For Calcs": 0.4,
        "Net Income From Continuing Operation Net Minority Interest": -69029000.0,
        "Reconciled Depreciation": 2436000.0,
        "EBIT": -30511000.0,
        "Net Interest Income": -2394000.0,
        "Interest Expense": 2394000.0,
        "Normalized Income": -69029000.0,
        "Net Income From Continuing And Discontinued Operation": -69029000.0,
        "Total Expenses": 148698000.0,
        "Diluted Average Shares": 43049227.0,
        "Basic Average Shares": 43049227.0,
        "Diluted EPS": -1.6,
        "Basic EPS": -1.6,
        "Diluted NI Availto Com Stockholders": -69029000.0,
        "Net Income Common Stockholders": -69029000.0,
        "Net Income": -69029000.0,
        "Minority Interests": 26000.0,
        "Net Income Including Noncontrolling Interests": -69055000.0,
        "Net Income Discontinuous Operations": NaN,
        "Net Income Continuous Operations": -69055000.0,
        "Tax Provision": 36150000.0,
        "Pretax Income": -32905000.0,
        "Other Income Expense": 6410000.0,
        "Net Non Operating Interest Income Expense": -2394000.0,
        "Interest Expense Non Operating": 2394000.0,
        "Other Operating Expenses": 12748000.0,
        "Selling General And Administration": 14494000.0,
        "General And Administrative Expense": 14494000.0,
        "Other Gand A": 14494000.0,
        "Total Revenue": 115793000.0,
        "Operating Revenue": 115793000.0
    },
    "2023-09-30": {
        "Tax Effect Of Unusual Items": NaN,
        "Tax Rate For Calcs": NaN,
        "Net Income From Continuing Operation Net Minority Interest": NaN,
        "Reconciled Depreciation": NaN,
        "EBIT": NaN,
        "Net Interest Income": NaN,
        "Interest Expense": NaN,
        "Normalized Income": NaN,
        "Net Income From Continuing And Discontinued Operation": NaN,
        "Total Expenses": NaN,
        "Rent Expense Supplemental": NaN,
        "Diluted Average Shares": NaN,
        "Basic Average Shares": NaN,
        "Diluted EPS": NaN,
        "Basic EPS": NaN,
        "Diluted NI Availto Com Stockholders": NaN,
        "Net Income Common Stockholders": NaN,
        "Net Income": NaN,
        "Minority Interests": 0.0,
        "Net Income Including Noncontrolling Interests": NaN,
        "Net Income Discontinuous Operations": NaN,
        "Net Income Continuous Operations": NaN,
        "Tax Provision": NaN,
        "Pretax Income": NaN,
        "Other Income Expense": 18000.0,
        "Net Non Operating Interest Income Expense": NaN,
        "Interest Expense Non Operating": NaN,
        "Other Operating Expenses": NaN,
        "Depreciation And Amortization In Income Statement": NaN,
        "Amortization": NaN,
        "Depreciation Income Statement": NaN,
        "Selling General And Administration": NaN,
        "General And Administrative Expense": NaN,
        "Other Gand A": NaN,
        "Salaries And Wages": NaN,
        "Total Revenue": NaN,
        "Operating Revenue": NaN,
        "Loss Adjustment Expense": NaN,
        "Net Policyholder Benefits And Claims": NaN
    },
    "2023-12-31": {
        "Tax Effect Of Unusual Items": NaN,
        "Tax Rate For Calcs": NaN,
        "Net Income From Continuing Operation Net Minority Interest": NaN,
        "Reconciled Depreciation": NaN,
        "EBIT": NaN,
        "Net Interest Income": NaN,
        "Interest Expense": NaN,
        "Normalized Income": NaN,
        "Net Income From Continuing And Discontinued Operation": NaN,
        "Total Expenses": NaN,
        "Rent Expense Supplemental": NaN,
        "Diluted Average Shares": NaN,
        "Basic Average Shares": NaN,
        "Diluted EPS": NaN,
        "Basic EPS": NaN,
        "Diluted NI Availto Com Stockholders": NaN,
        "Net Income Common Stockholders": NaN,
        "Net Income": NaN,
        "Minority Interests": 0.0,
        "Net Income Including Noncontrolling Interests": NaN,
        "Net Income Discontinuous Operations": NaN,
        "Net Income Continuous Operations": NaN,
        "Tax Provision": NaN,
        "Pretax Income": NaN,
        "Other Income Expense": 27000.0,
        "Net Non Operating Interest Income Expense": NaN,
        "Interest Expense Non Operating": NaN,
        "Other Operating Expenses": NaN,
        "Depreciation And Amortization In Income Statement": NaN,
        "Amortization": NaN,
        "Depreciation Income Statement": NaN,
        "Selling General And Administration": NaN,
        "General And Administrative Expense": NaN,
        "Other Gand A": NaN,
        "Salaries And Wages": NaN,
        "Total Revenue": NaN,
        "Operating Revenue": NaN,
        "Loss Adjustment Expense": NaN,
        "Net Policyholder Benefits And Claims": NaN
    },
    "2024-03-31": {
        "Tax Effect Of Unusual Items": NaN,
        "Tax Rate For Calcs": NaN,
        "Net Income From Continuing Operation Net Minority Interest": NaN,
        "Reconciled Depreciation": NaN,
        "EBIT": NaN,
        "Net Interest Income": NaN,
        "Interest Expense": NaN,
        "Normalized Income": NaN,
        "Net Income From Continuing And Discontinued Operation": NaN,
        "Total Expenses": NaN,
        "Rent Expense Supplemental": 80000.0,
        "Diluted Average Shares": NaN,
        "Basic Average Shares": NaN,
        "Diluted EPS": NaN,
        "Basic EPS": NaN,
        "Diluted NI Availto Com Stockholders": NaN,
        "Net Income Common Stockholders": NaN,
        "Net Income": NaN,
        "Net Income Including Noncontrolling Interests": NaN,
        "Net Income Discontinuous Operations": NaN,
        "Net Income Continuous Operations": NaN,
        "Tax Provision": NaN,
        "Pretax Income": NaN,
        "Other Income Expense": -80000.0,
        "Net Non Operating Interest Income Expense": NaN,
        "Interest Expense Non Operating": NaN,
        "Other Operating Expenses": NaN,
        "Depreciation And Amortization In Income Statement": 2168000.0,
        "Amortization": 812000.0,
        "Depreciation Income Statement": 1356000.0,
        "Selling General And Administration": NaN,
        "General And Administrative Expense": NaN,
        "Other Gand A": NaN,
        "Salaries And Wages": 3330000.0,
        "Total Revenue": NaN,
        "Operating Revenue": NaN,
        "Loss Adjustment Expense": NaN,
        "Net Policyholder Benefits And Claims": NaN
    },
    "2024-06-30": {
        "Tax Effect Of Unusual Items": 0.0,
        "Tax Rate For Calcs": 0.233616,
        "Net Income From Continuing Operation Net Minority Interest": 19073000.0,
        "Reconciled Depreciation": 1947000.0,
        "EBIT": 28313000.0,
        "Net Interest Income": -3426000.0,
        "Interest Expense": 3426000.0,
        "Normalized Income": 19073000.0,
        "Net Income From Continuing And Discontinued Operation": 19054000.0,
        "Total Expenses": 43805000.0,
        "Rent Expense Supplemental": NaN,
        "Diluted Average Shares": NaN,
        "Basic Average Shares": NaN,
        "Diluted EPS": NaN,
        "Basic EPS": NaN,
        "Diluted NI Availto Com Stockholders": 19054000.0,
        "Net Income Common Stockholders": 19054000.0,
        "Net Income": 19054000.0,
        "Net Income Including Noncontrolling Interests": 19054000.0,
        "Net Income Discontinuous Operations": -19000.0,
        "Net Income Continuous Operations": 19073000.0,
        "Tax Provision": 5814000.0,
        "Pretax Income": 24887000.0,
        "Other Income Expense": 36000.0,
        "Net Non Operating Interest Income Expense": -3426000.0,
        "Interest Expense Non Operating": 3426000.0,
        "Other Operating Expenses": -825000.0,
        "Depreciation And Amortization In Income Statement": 1946000.0,
        "Amortization": 609000.0,
        "Depreciation Income Statement": 1337000.0,
        "Selling General And Administration": 8745000.0,
        "General And Administrative Expense": 8745000.0,
        "Other Gand A": 4571000.0,
        "Salaries And Wages": 4174000.0,
        "Total Revenue": 68692000.0,
        "Operating Revenue": 68692000.0,
        "Loss Adjustment Expense": 15748000.0,
        "Net Policyholder Benefits And Claims": 15748000.0
    },
    "2024-09-30": {
        "Tax Effect Of Unusual Items": 0.0,
        "Tax Rate For Calcs": 0.242298,
        "Net Income From Continuing Operation Net Minority Interest": 27669000.0,
        "Reconciled Depreciation": 2499000.0,
        "EBIT": 39584000.0,
        "Net Interest Income": -3067000.0,
        "Interest Expense": 3067000.0,
        "Normalized Income": 27669000.0,
        "Net Income From Continuing And Discontinued Operation": 28119000.0,
        "Total Expenses": 45619000.0,
        "Rent Expense Supplemental": NaN,
        "Diluted Average Shares": 49521246.0,
        "Basic Average Shares": 48066358.0,
        "Diluted EPS": 0.57,
        "Basic EPS": 0.59,
        "Diluted NI Availto Com Stockholders": 28119000.0,
        "Net Income Common Stockholders": 28119000.0,
        "Net Income": 28119000.0,
        "Net Income Including Noncontrolling Interests": 28119000.0,
        "Net Income Discontinuous Operations": 450000.0,
        "Net Income Continuous Operations": 27669000.0,
        "Tax Provision": 8848000.0,
        "Pretax Income": 36517000.0,
        "Other Income Expense": NaN,
        "Net Non Operating Interest Income Expense": -3067000.0,
        "Interest Expense Non Operating": 3067000.0,
        "Other Operating Expenses": 1662000.0,
        "Depreciation And Amortization In Income Statement": NaN,
        "Amortization": NaN,
        "Depreciation Income Statement": NaN,
        "Selling General And Administration": 8174000.0,
        "General And Administrative Expense": 8174000.0,
        "Other Gand A": 8174000.0,
        "Salaries And Wages": NaN,
        "Total Revenue": 82136000.0,
        "Operating Revenue": 82136000.0,
        "Loss Adjustment Expense": 11774000.0,
        "Net Policyholder Benefits And Claims": 11774000.0
    },
    "2024-12-31": {
        "Tax Effect Of Unusual Items": 0.0,
        "Tax Rate For Calcs": 0.33971,
        "Net Income From Continuing Operation Net Minority Interest": 5868000.0,
        "Reconciled Depreciation": 2255000.0,
        "EBIT": 11671000.0,
        "Net Interest Income": -2784000.0,
        "Interest Expense": 2784000.0,
        "Normalized Income": 5868000.0,
        "Net Income From Continuing And Discontinued Operation": 4946000.0,
        "Total Expenses": 70160000.0,
        "Rent Expense Supplemental": NaN,
        "Diluted Average Shares": 49589458.0,
        "Basic Average Shares": 48095488.0,
        "Diluted EPS": 0.1,
        "Basic EPS": 0.1,
        "Diluted NI Availto Com Stockholders": 4946000.0,
        "Net Income Common Stockholders": 4946000.0,
        "Net Income": 4946000.0,
        "Net Income Including Noncontrolling Interests": 4946000.0,
        "Net Income Discontinuous Operations": -922000.0,
        "Net Income Continuous Operations": 5868000.0,
        "Tax Provision": 3019000.0,
        "Pretax Income": 8887000.0,
        "Other Income Expense": NaN,
        "Net Non Operating Interest Income Expense": -2784000.0,
        "Interest Expense Non Operating": 2784000.0,
        "Other Operating Expenses": -6525000.0,
        "Depreciation And Amortization In Income Statement": NaN,
        "Amortization": NaN,
        "Depreciation Income Statement": NaN,
        "Selling General And Administration": 9768000.0,
        "General And Administrative Expense": 9768000.0,
        "Other Gand A": -5371000.0,
        "Salaries And Wages": NaN,
        "Total Revenue": 79047000.0,
        "Operating Revenue": 79047000.0,
        "Loss Adjustment Expense": 29794000.0,
        "Net Policyholder Benefits And Claims": 29794000.0
    },
    "2025-03-31": {
        "Tax Effect Of Unusual Items": 0.0,
        "Tax Rate For Calcs": 0.247499,
        "Net Income From Continuing Operation Net Minority Interest": 19711000.0,
        "Reconciled Depreciation": 1722000.0,
        "EBIT": 28911000.0,
        "Net Interest Income": -2717000.0,
        "Interest Expense": 2717000.0,
        "Normalized Income": 19711000.0,
        "Net Income From Continuing And Discontinued Operation": 21348000.0,
        "Total Expenses": 45891000.0,
        "Rent Expense Supplemental": 117000.0,
        "Diluted Average Shares": 49564721.0,
        "Basic Average Shares": 48135231.0,
        "Diluted EPS": 0.43,
        "Basic EPS": 0.44,
        "Diluted NI Availto Com Stockholders": 21348000.0,
        "Net Income Common Stockholders": 21348000.0,
        "Net Income": 21348000.0,
        "Net Income Including Noncontrolling Interests": 21348000.0,
        "Net Income Discontinuous Operations": 1637000.0,
        "Net Income Continuous Operations": 19711000.0,
        "Tax Provision": 6483000.0,
        "Pretax Income": 26194000.0,
        "Other Income Expense": -117000.0,
        "Net Non Operating Interest Income Expense": -2717000.0,
        "Interest Expense Non Operating": 2717000.0,
        "Other Operating Expenses": -1084000.0,
        "Depreciation And Amortization In Income Statement": 1721000.0,
        "Amortization": 609000.0,
        "Depreciation Income Statement": 1112000.0,
        "Selling General And Administration": 6222000.0,
        "General And Administrative Expense": 6222000.0,
        "Other Gand A": 3398000.0,
        "Salaries And Wages": 2824000.0,
        "Total Revenue": 72085000.0,
        "Operating Revenue": 72085000.0,
        "Loss Adjustment Expense": 11764000.0,
        "Net Policyholder Benefits And Claims": 11764000.0
    },
    "2025-06-30": {
        "Tax Effect Of Unusual Items": 0.0,
        "Tax Rate For Calcs": 0.253382,
        "Net Income From Continuing Operation Net Minority Interest": 28037000.0,
        "Reconciled Depreciation": 1691000.0,
        "EBIT": 40271000.0,
        "Net Interest Income": -2719000.0,
        "Interest Expense": 2719000.0,
        "Normalized Income": 28037000.0,
        "Net Income From Continuing And Discontinued Operation": 26442000.0,
        "Total Expenses": 48807000.0,
        "Rent Expense Supplemental": NaN,
        "Diluted Average Shares": 49636088.0,
        "Basic Average Shares": 48434446.0,
        "Diluted EPS": 0.53,
        "Basic EPS": 0.55,
        "Diluted NI Availto Com Stockholders": 26442000.0,
        "Net Income Common Stockholders": 26442000.0,
        "Net Income": 26442000.0,
        "Net Income Including Noncontrolling Interests": 26442000.0,
        "Net Income Discontinuous Operations": -1595000.0,
        "Net Income Continuous Operations": 28037000.0,
        "Tax Provision": 9515000.0,
        "Pretax Income": 37552000.0,
        "Other Income Expense": -108000.0,
        "Net Non Operating Interest Income Expense": -2719000.0,
        "Interest Expense Non Operating": 2719000.0,
        "Other Operating Expenses": -1422000.0,
        "Depreciation And Amortization In Income Statement": 1691000.0,
        "Amortization": 610000.0,
        "Depreciation Income Statement": 1081000.0,
        "Selling General And Administration": 4719000.0,
        "General And Administrative Expense": 4719000.0,
        "Other Gand A": 2785000.0,
        "Salaries And Wages": 1934000.0,
        "Total Revenue": 86359000.0,
        "Operating Revenue": 86359000.0,
        "Loss Adjustment Expense": 15911000.0,
        "Net Policyholder Benefits And Claims": 15911000.0
    },
    "2025-09-30": {
        "Tax Effect Of Unusual Items": NaN,
        "Tax Rate For Calcs": NaN,
        "Net Income From Continuing Operation Net Minority Interest": NaN,
        "Reconciled Depreciation": NaN,
        "EBIT": NaN,
        "Net Interest Income": NaN,
        "Interest Expense": NaN,
        "Normalized Income": NaN,
        "Net Income From Continuing And Discontinued Operation": NaN,
        "Total Expenses": NaN,
        "Rent Expense Supplemental": NaN,
        "Diluted Average Shares": 49917729.0,
        "Basic Average Shares": 48664597.0,
        "Diluted EPS": 0.65,
        "Basic EPS": 0.67,
        "Diluted NI Availto Com Stockholders": NaN,
        "Net Income Common Stockholders": NaN,
        "Net Income": NaN,
        "Net Income Including Noncontrolling Interests": NaN,
        "Net Income Discontinuous Operations": NaN,
        "Net Income Continuous Operations": NaN,
        "Tax Provision": NaN,
        "Pretax Income": NaN,
        "Other Income Expense": NaN,
        "Net Non Operating Interest Income Expense": NaN,
        "Interest Expense Non Operating": NaN,
        "Other Operating Expenses": NaN,
        "Depreciation And Amortization In Income Statement": NaN,
        "Amortization": NaN,
        "Depreciation Income Statement": NaN,
        "Selling General And Administration": NaN,
        "General And Administrative Expense": NaN,
        "Other Gand A": NaN,
        "Salaries And Wages": NaN,
        "Total Revenue": NaN,
        "Operating Revenue": NaN,
        "Loss Adjustment Expense": NaN,
        "Net Policyholder Benefits And Claims": NaN
    }
}