{
    "2023-03-31": {
        "Tax Effect Of Unusual Items": NaN,
        "Tax Rate For Calcs": NaN,
        "Normalized EBITDA": NaN,
        "Net Income From Continuing Operation Net Minority Interest": NaN,
        "Reconciled Depreciation": NaN,
        "EBITDA": NaN,
        "EBIT": NaN,
        "Net Interest Income": NaN,
        "Interest Expense": NaN,
        "Interest Income": NaN,
        "Normalized Income": NaN,
        "Net Income From Continuing And Discontinued Operation": NaN,
        "Total Expenses": NaN,
        "Total Operating Income As Reported": NaN,
        "Diluted Average Shares": 46769380.0,
        "Basic Average Shares": 46769380.0,
        "Diluted EPS": -0.58,
        "Basic EPS": -0.58,
        "Diluted NI Availto Com Stockholders": NaN,
        "Net Income Common Stockholders": NaN,
        "Net Income": NaN,
        "Net Income Including Noncontrolling Interests": NaN,
        "Net Income Continuous Operations": NaN,
        "Tax Provision": NaN,
        "Pretax Income": NaN,
        "Net Non Operating Interest Income Expense": NaN,
        "Interest Expense Non Operating": NaN,
        "Interest Income Non Operating": NaN,
        "Operating Income": NaN,
        "Operating Expense": NaN,
        "Research And Development": NaN,
        "Selling General And Administration": NaN,
        "General And Administrative Expense": NaN,
        "Other Gand A": NaN,
        "Total Revenue": NaN,
        "Operating Revenue": NaN
    },
    "2022-12-31": {
        "Tax Effect Of Unusual Items": 0.0,
        "Tax Rate For Calcs": 0.0,
        "Normalized EBITDA": -35287000.0,
        "Net Income From Continuing Operation Net Minority Interest": -38992000.0,
        "Reconciled Depreciation": 417000.0,
        "EBITDA": -35287000.0,
        "EBIT": -35704000.0,
        "Net Interest Income": NaN,
        "Interest Expense": NaN,
        "Interest Income": NaN,
        "Normalized Income": -38992000.0,
        "Net Income From Continuing And Discontinued Operation": -38992000.0,
        "Total Expenses": 40004000.0,
        "Total Operating Income As Reported": -40004000.0,
        "Diluted Average Shares": NaN,
        "Basic Average Shares": NaN,
        "Diluted EPS": NaN,
        "Basic EPS": NaN,
        "Diluted NI Availto Com Stockholders": -38992000.0,
        "Net Income Common Stockholders": -38992000.0,
        "Net Income": -38992000.0,
        "Net Income Including Noncontrolling Interests": -38992000.0,
        "Net Income Continuous Operations": -38992000.0,
        "Tax Provision": NaN,
        "Pretax Income": -38992000.0,
        "Net Non Operating Interest Income Expense": NaN,
        "Interest Expense Non Operating": NaN,
        "Interest Income Non Operating": NaN,
        "Operating Income": -40004000.0,
        "Operating Expense": 40004000.0,
        "Research And Development": 25943000.0,
        "Selling General And Administration": 14061000.0,
        "General And Administrative Expense": 14061000.0,
        "Other Gand A": 14061000.0,
        "Total Revenue": 0.0,
        "Operating Revenue": 0.0
    },
    "2022-09-30": {
        "Tax Effect Of Unusual Items": NaN,
        "Tax Rate For Calcs": NaN,
        "Normalized EBITDA": NaN,
        "Net Income From Continuing Operation Net Minority Interest": NaN,
        "Reconciled Depreciation": NaN,
        "EBITDA": NaN,
        "EBIT": NaN,
        "Net Interest Income": NaN,
        "Interest Expense": NaN,
        "Interest Income": NaN,
        "Normalized Income": NaN,
        "Net Income From Continuing And Discontinued Operation": NaN,
        "Total Expenses": NaN,
        "Total Operating Income As Reported": NaN,
        "Diluted Average Shares": 43819365.0,
        "Basic Average Shares": 43819365.0,
        "Diluted EPS": -2.12,
        "Basic EPS": -2.12,
        "Diluted NI Availto Com Stockholders": NaN,
        "Net Income Common Stockholders": NaN,
        "Net Income": NaN,
        "Net Income Including Noncontrolling Interests": NaN,
        "Net Income Continuous Operations": NaN,
        "Tax Provision": NaN,
        "Pretax Income": NaN,
        "Other Income Expense": 1001000.0,
        "Other Non Operating Income Expenses": 1001000.0,
        "Net Non Operating Interest Income Expense": NaN,
        "Interest Expense Non Operating": NaN,
        "Interest Income Non Operating": NaN,
        "Operating Income": NaN,
        "Operating Expense": NaN,
        "Research And Development": NaN,
        "Selling General And Administration": NaN,
        "General And Administrative Expense": NaN,
        "Other Gand A": NaN,
        "Total Revenue": NaN,
        "Operating Revenue": NaN
    },
    "2022-06-30": {
        "Tax Effect Of Unusual Items": 0.0,
        "Tax Rate For Calcs": 0.0,
        "Normalized EBITDA": -32609000.0,
        "Net Income From Continuing Operation Net Minority Interest": -32091000.0,
        "Reconciled Depreciation": 149000.0,
        "EBITDA": -32609000.0,
        "EBIT": -32609000.0,
        "Net Interest Income": NaN,
        "Interest Expense": NaN,
        "Interest Income": NaN,
        "Normalized Income": -32091000.0,
        "Net Income From Continuing And Discontinued Operation": -32091000.0,
        "Total Expenses": 32609000.0,
        "Total Operating Income As Reported": -32609000.0,
        "Diluted Average Shares": 36609772.0,
        "Basic Average Shares": 36609772.0,
        "Diluted EPS": -0.84,
        "Basic EPS": -0.84,
        "Diluted NI Availto Com Stockholders": -32091000.0,
        "Net Income Common Stockholders": -32091000.0,
        "Net Income": -32091000.0,
        "Net Income Including Noncontrolling Interests": -32091000.0,
        "Net Income Continuous Operations": -32091000.0,
        "Tax Provision": NaN,
        "Pretax Income": -32091000.0,
        "Other Income Expense": 518000.0,
        "Other Non Operating Income Expenses": 518000.0,
        "Net Non Operating Interest Income Expense": NaN,
        "Interest Expense Non Operating": NaN,
        "Interest Income Non Operating": NaN,
        "Operating Income": -32609000.0,
        "Operating Expense": 32609000.0,
        "Research And Development": 23402000.0,
        "Selling General And Administration": 9207000.0,
        "General And Administrative Expense": 9207000.0,
        "Other Gand A": 9207000.0,
        "Total Revenue": 0.0,
        "Operating Revenue": 0.0
    },
    "2022-03-31": {
        "Diluted EPS": -1.25,
        "Total Revenue": NaN,
        "Gross Profit": NaN,
        "Operating Income": -26,
        "EBIT": -26,
        "Net Income": -26
    },
    "2021-12-31": {
        "Diluted EPS": -39.85,
        "Total Revenue": NaN,
        "Gross Profit": NaN,
        "Operating Income": -21,
        "EBIT": -20,
        "Net Income": -21
    },
    "2021-09-30": {
        "Diluted EPS": -34.72,
        "Total Revenue": NaN,
        "Gross Profit": NaN,
        "Operating Income": -17,
        "EBIT": -17,
        "Net Income": -17
    },
    "2021-06-30": {
        "Diluted EPS": -36.42,
        "Total Revenue": NaN,
        "Gross Profit": NaN,
        "Operating Income": -16,
        "EBIT": -16,
        "Net Income": -16
    },
    "2021-03-31": {
        "Diluted EPS": -33.45,
        "Total Revenue": NaN,
        "Gross Profit": NaN,
        "Operating Income": -11,
        "EBIT": -11,
        "Net Income": -11
    },
    "2020-12-31": {
        "Diluted EPS": 0.0,
        "Total Revenue": NaN,
        "Gross Profit": NaN,
        "Operating Income": NaN,
        "EBIT": NaN,
        "Net Income": NaN
    },
    "2023-06-30": {
        "Tax Effect Of Unusual Items": NaN,
        "Tax Rate For Calcs": NaN,
        "Normalized EBITDA": NaN,
        "Net Income From Continuing Operation Net Minority Interest": NaN,
        "Reconciled Depreciation": NaN,
        "EBITDA": NaN,
        "EBIT": NaN,
        "Net Interest Income": NaN,
        "Interest Expense": NaN,
        "Interest Income": NaN,
        "Normalized Income": NaN,
        "Net Income From Continuing And Discontinued Operation": NaN,
        "Total Expenses": NaN,
        "Total Operating Income As Reported": NaN,
        "Diluted Average Shares": 48106528.0,
        "Basic Average Shares": 48106528.0,
        "Diluted EPS": -0.5,
        "Basic EPS": -0.5,
        "Diluted NI Availto Com Stockholders": NaN,
        "Net Income Common Stockholders": NaN,
        "Net Income": NaN,
        "Net Income Including Noncontrolling Interests": NaN,
        "Net Income Continuous Operations": NaN,
        "Tax Provision": NaN,
        "Pretax Income": NaN,
        "Net Non Operating Interest Income Expense": NaN,
        "Interest Expense Non Operating": NaN,
        "Interest Income Non Operating": NaN,
        "Operating Income": NaN,
        "Operating Expense": NaN,
        "Research And Development": NaN,
        "Selling General And Administration": NaN,
        "General And Administrative Expense": NaN,
        "Other Gand A": NaN,
        "Total Revenue": NaN,
        "Operating Revenue": NaN
    },
    "2023-09-30": {
        "Tax Effect Of Unusual Items": NaN,
        "Tax Rate For Calcs": NaN,
        "Normalized EBITDA": NaN,
        "Net Income From Continuing Operation Net Minority Interest": NaN,
        "Reconciled Depreciation": NaN,
        "EBITDA": NaN,
        "EBIT": NaN,
        "Net Interest Income": NaN,
        "Interest Expense": NaN,
        "Interest Income": NaN,
        "Normalized Income": NaN,
        "Net Income From Continuing And Discontinued Operation": NaN,
        "Total Expenses": NaN,
        "Total Operating Income As Reported": NaN,
        "Diluted Average Shares": 48348094.0,
        "Basic Average Shares": 48348094.0,
        "Diluted EPS": -0.81,
        "Basic EPS": -0.81,
        "Diluted NI Availto Com Stockholders": NaN,
        "Net Income Common Stockholders": NaN,
        "Net Income": NaN,
        "Net Income Including Noncontrolling Interests": NaN,
        "Net Income Continuous Operations": NaN,
        "Tax Provision": NaN,
        "Pretax Income": NaN,
        "Net Non Operating Interest Income Expense": NaN,
        "Interest Expense Non Operating": NaN,
        "Interest Income Non Operating": NaN,
        "Operating Income": NaN,
        "Operating Expense": NaN,
        "Research And Development": NaN,
        "Selling General And Administration": NaN,
        "General And Administrative Expense": NaN,
        "Other Gand A": NaN,
        "Total Revenue": NaN,
        "Operating Revenue": NaN
    },
    "2023-12-31": {
        "Tax Effect Of Unusual Items": 0.0,
        "Tax Rate For Calcs": 0.030392,
        "Normalized EBITDA": 22165000.0,
        "Net Income From Continuing Operation Net Minority Interest": 19844000.0,
        "Reconciled Depreciation": 722000.0,
        "EBITDA": 22165000.0,
        "EBIT": 21443000.0,
        "Net Interest Income": 5467000.0,
        "Interest Expense": 977000.0,
        "Interest Income": 6444000.0,
        "Normalized Income": 19844000.0,
        "Net Income From Continuing And Discontinued Operation": 19844000.0,
        "Total Expenses": 48149000.0,
        "Total Operating Income As Reported": 14999000.0,
        "Diluted Average Shares": NaN,
        "Basic Average Shares": NaN,
        "Diluted EPS": NaN,
        "Basic EPS": NaN,
        "Diluted NI Availto Com Stockholders": 19844000.0,
        "Net Income Common Stockholders": 19844000.0,
        "Net Income": 19844000.0,
        "Net Income Including Noncontrolling Interests": 19844000.0,
        "Net Income Continuous Operations": 19844000.0,
        "Tax Provision": 622000.0,
        "Pretax Income": 20466000.0,
        "Net Non Operating Interest Income Expense": 5467000.0,
        "Interest Expense Non Operating": 977000.0,
        "Interest Income Non Operating": 6444000.0,
        "Operating Income": 14999000.0,
        "Operating Expense": 48149000.0,
        "Research And Development": 28784000.0,
        "Selling General And Administration": 19365000.0,
        "General And Administrative Expense": 19365000.0,
        "Other Gand A": 19365000.0,
        "Total Revenue": 63148000.0,
        "Operating Revenue": 63148000.0
    },
    "2024-03-31": {
        "Tax Effect Of Unusual Items": 0.0,
        "Tax Rate For Calcs": 0.0,
        "Normalized EBITDA": -5784000.0,
        "Net Income From Continuing Operation Net Minority Interest": -7198000.0,
        "Reconciled Depreciation": 826000.0,
        "EBITDA": -5784000.0,
        "EBIT": -6610000.0,
        "Net Interest Income": 8612000.0,
        "Interest Expense": 588000.0,
        "Interest Income": 9200000.0,
        "Normalized Income": -7198000.0,
        "Net Income From Continuing And Discontinued Operation": -7198000.0,
        "Total Expenses": 55066000.0,
        "Total Operating Income As Reported": -15810000.0,
        "Diluted Average Shares": 52757973.0,
        "Basic Average Shares": 52757973.0,
        "Diluted EPS": -0.14,
        "Basic EPS": -0.14,
        "Diluted NI Availto Com Stockholders": -7198000.0,
        "Net Income Common Stockholders": -7198000.0,
        "Net Income": -7198000.0,
        "Net Income Including Noncontrolling Interests": -7198000.0,
        "Net Income Continuous Operations": -7198000.0,
        "Tax Provision": 0.0,
        "Pretax Income": -7198000.0,
        "Net Non Operating Interest Income Expense": 8612000.0,
        "Interest Expense Non Operating": 588000.0,
        "Interest Income Non Operating": 9200000.0,
        "Operating Income": -15810000.0,
        "Operating Expense": 55066000.0,
        "Research And Development": 32318000.0,
        "Selling General And Administration": 22748000.0,
        "General And Administrative Expense": 22748000.0,
        "Other Gand A": 22748000.0,
        "Total Revenue": 39256000.0,
        "Operating Revenue": 39256000.0
    },
    "2024-06-30": {
        "Tax Effect Of Unusual Items": 0.0,
        "Tax Rate For Calcs": 0.21,
        "Normalized EBITDA": -25301000.0,
        "Net Income From Continuing Operation Net Minority Interest": -27202000.0,
        "Reconciled Depreciation": 1239000.0,
        "EBITDA": -25301000.0,
        "EBIT": -26540000.0,
        "Net Interest Income": 8132000.0,
        "Interest Expense": 321000.0,
        "Interest Income": 8453000.0,
        "Normalized Income": -27202000.0,
        "Net Income From Continuing And Discontinued Operation": -27202000.0,
        "Total Expenses": 62377000.0,
        "Total Operating Income As Reported": -34993000.0,
        "Diluted Average Shares": 53516907.0,
        "Basic Average Shares": 53516907.0,
        "Diluted EPS": -0.51,
        "Basic EPS": -0.51,
        "Diluted NI Availto Com Stockholders": -27202000.0,
        "Net Income Common Stockholders": -27202000.0,
        "Net Income": -27202000.0,
        "Net Income Including Noncontrolling Interests": -27202000.0,
        "Net Income Continuous Operations": -27202000.0,
        "Tax Provision": 341000.0,
        "Pretax Income": -26861000.0,
        "Net Non Operating Interest Income Expense": 8132000.0,
        "Interest Expense Non Operating": 321000.0,
        "Interest Income Non Operating": 8453000.0,
        "Operating Income": -34993000.0,
        "Operating Expense": 62377000.0,
        "Research And Development": 40953000.0,
        "Selling General And Administration": 21424000.0,
        "General And Administrative Expense": 21424000.0,
        "Other Gand A": 21424000.0,
        "Total Revenue": 27384000.0,
        "Operating Revenue": 27384000.0
    },
    "2024-09-30": {
        "Tax Effect Of Unusual Items": 0.0,
        "Tax Rate For Calcs": 0.21,
        "Normalized EBITDA": -24196000.0,
        "Net Income From Continuing Operation Net Minority Interest": -25867000.0,
        "Reconciled Depreciation": 1334000.0,
        "EBITDA": -24196000.0,
        "EBIT": -25530000.0,
        "Net Interest Income": 7972000.0,
        "Interest Expense": 114000.0,
        "Interest Income": 8086000.0,
        "Normalized Income": -25867000.0,
        "Net Income From Continuing And Discontinued Operation": -25867000.0,
        "Total Expenses": 59646000.0,
        "Total Operating Income As Reported": -33616000.0,
        "Diluted Average Shares": 53821893.0,
        "Basic Average Shares": 53821893.0,
        "Diluted EPS": -0.48,
        "Basic EPS": -0.48,
        "Diluted NI Availto Com Stockholders": -25867000.0,
        "Net Income Common Stockholders": -25867000.0,
        "Net Income": -25867000.0,
        "Net Income Including Noncontrolling Interests": -25867000.0,
        "Net Income Continuous Operations": -25867000.0,
        "Tax Provision": 223000.0,
        "Pretax Income": -25644000.0,
        "Net Non Operating Interest Income Expense": 7972000.0,
        "Interest Expense Non Operating": 114000.0,
        "Interest Income Non Operating": 8086000.0,
        "Operating Income": -33616000.0,
        "Operating Expense": 59646000.0,
        "Research And Development": 39173000.0,
        "Selling General And Administration": 20473000.0,
        "General And Administrative Expense": 20473000.0,
        "Other Gand A": 20473000.0,
        "Total Revenue": 26030000.0,
        "Operating Revenue": 26030000.0
    },
    "2024-12-31": {
        "Tax Effect Of Unusual Items": 0.0,
        "Tax Rate For Calcs": 0.21,
        "Normalized EBITDA": -43780000.0,
        "Net Income From Continuing Operation Net Minority Interest": -47081000.0,
        "Reconciled Depreciation": 1789000.0,
        "EBITDA": -43780000.0,
        "EBIT": -45569000.0,
        "Net Interest Income": 7576000.0,
        "Interest Expense": 7000.0,
        "Interest Income": 7583000.0,
        "Normalized Income": -47081000.0,
        "Net Income From Continuing And Discontinued Operation": -47081000.0,
        "Total Expenses": 68418000.0,
        "Total Operating Income As Reported": -53152000.0,
        "Diluted Average Shares": NaN,
        "Basic Average Shares": NaN,
        "Diluted EPS": NaN,
        "Basic EPS": NaN,
        "Diluted NI Availto Com Stockholders": -47081000.0,
        "Net Income Common Stockholders": -47081000.0,
        "Net Income": -47081000.0,
        "Net Income Including Noncontrolling Interests": -47081000.0,
        "Net Income Continuous Operations": -47081000.0,
        "Tax Provision": 1505000.0,
        "Pretax Income": -45576000.0,
        "Net Non Operating Interest Income Expense": 7576000.0,
        "Interest Expense Non Operating": 7000.0,
        "Interest Income Non Operating": 7583000.0,
        "Operating Income": -53152000.0,
        "Operating Expense": 68418000.0,
        "Research And Development": 44649000.0,
        "Selling General And Administration": 23769000.0,
        "General And Administrative Expense": 23769000.0,
        "Other Gand A": 23769000.0,
        "Total Revenue": 15266000.0,
        "Operating Revenue": 15266000.0
    }
}