{
    "2023-03-31": {
        "Tax Effect Of Unusual Items": 812013.17345,
        "Tax Rate For Calcs": 0.243118,
        "Normalized EBITDA": 10911000.0,
        "Total Unusual Items": 3340000.0,
        "Total Unusual Items Excluding Goodwill": 3340000.0,
        "Net Income From Continuing Operation Net Minority Interest": 7145000.0,
        "Reconciled Depreciation": 1714000.0,
        "Reconciled Cost Of Revenue": 34270000.0,
        "EBITDA": 14251000.0,
        "EBIT": 12537000.0,
        "Net Interest Income": 1090000.0,
        "Interest Expense": 695000.0,
        "Interest Income": 1785000.0,
        "Normalized Income": 4617013.17345,
        "Net Income From Continuing And Discontinued Operation": 7145000.0,
        "Total Expenses": 65394000.0,
        "Total Operating Income As Reported": 8862000.0,
        "Diluted Average Shares": 65058777.0,
        "Basic Average Shares": 59736764.0,
        "Diluted EPS": 0.11,
        "Basic EPS": 0.12,
        "Diluted NI Availto Com Stockholders": 7145000.0,
        "Average Dilution Earnings": NaN,
        "Net Income Common Stockholders": 7145000.0,
        "Net Income": 7145000.0,
        "Minority Interests": -1818000.0,
        "Net Income Including Noncontrolling Interests": 8963000.0,
        "Net Income Continuous Operations": 8963000.0,
        "Tax Provision": 2879000.0,
        "Pretax Income": 11842000.0,
        "Other Income Expense": 1890000.0,
        "Other Non Operating Income Expenses": -1418000.0,
        "Earnings From Equity Interest": -32000.0,
        "Gain On Sale Of Security": 3340000.0,
        "Net Non Operating Interest Income Expense": 1090000.0,
        "Interest Expense Non Operating": 695000.0,
        "Interest Income Non Operating": 1785000.0,
        "Operating Income": 8862000.0,
        "Operating Expense": 31124000.0,
        "Research And Development": 14029000.0,
        "Selling General And Administration": 17095000.0,
        "Selling And Marketing Expense": 9337000.0,
        "General And Administrative Expense": 7758000.0,
        "Other Gand A": 7758000.0,
        "Gross Profit": 39986000.0,
        "Cost Of Revenue": 34270000.0,
        "Total Revenue": 74256000.0,
        "Operating Revenue": 74256000.0
    },
    "2022-12-31": {
        "Tax Effect Of Unusual Items": 266426.408597,
        "Tax Rate For Calcs": 0.157929,
        "Normalized EBITDA": 17087000.0,
        "Total Unusual Items": 1687000.0,
        "Total Unusual Items Excluding Goodwill": 1687000.0,
        "Net Income From Continuing Operation Net Minority Interest": 11809000.0,
        "Reconciled Depreciation": 1262000.0,
        "Reconciled Cost Of Revenue": 54737000.0,
        "EBITDA": 18774000.0,
        "EBIT": 17512000.0,
        "Net Interest Income": 2106000.0,
        "Interest Expense": 669000.0,
        "Interest Income": 2775000.0,
        "Normalized Income": 10388426.408597,
        "Net Income From Continuing And Discontinued Operation": 11809000.0,
        "Total Expenses": 91872000.0,
        "Total Operating Income As Reported": 16670000.0,
        "Diluted Average Shares": 64198325.0,
        "Basic Average Shares": 59268562.0,
        "Diluted EPS": 0.18,
        "Basic EPS": 0.2,
        "Diluted NI Availto Com Stockholders": 12274000.0,
        "Average Dilution Earnings": NaN,
        "Net Income Common Stockholders": 11809000.0,
        "Net Income": 11809000.0,
        "Minority Interests": -2374000.0,
        "Net Income Including Noncontrolling Interests": 14183000.0,
        "Net Income Continuous Operations": 14183000.0,
        "Tax Provision": 2660000.0,
        "Pretax Income": 16843000.0,
        "Other Income Expense": -1933000.0,
        "Other Non Operating Income Expenses": -6634000.0,
        "Earnings From Equity Interest": 3014000.0,
        "Gain On Sale Of Security": 1687000.0,
        "Net Non Operating Interest Income Expense": 2106000.0,
        "Interest Expense Non Operating": 669000.0,
        "Interest Income Non Operating": 2775000.0,
        "Operating Income": 16670000.0,
        "Operating Expense": 37135000.0,
        "Research And Development": 17835000.0,
        "Selling General And Administration": 19300000.0,
        "Selling And Marketing Expense": 12395000.0,
        "General And Administrative Expense": 6905000.0,
        "Other Gand A": 6905000.0,
        "Gross Profit": 53805000.0,
        "Cost Of Revenue": 54737000.0,
        "Total Revenue": 108542000.0,
        "Operating Revenue": 108542000.0
    },
    "2022-09-30": {
        "Tax Effect Of Unusual Items": NaN,
        "Tax Rate For Calcs": NaN,
        "Normalized EBITDA": NaN,
        "Total Unusual Items": NaN,
        "Total Unusual Items Excluding Goodwill": NaN,
        "Net Income From Continuing Operation Net Minority Interest": NaN,
        "Reconciled Depreciation": NaN,
        "Reconciled Cost Of Revenue": NaN,
        "EBITDA": NaN,
        "EBIT": NaN,
        "Net Interest Income": NaN,
        "Interest Expense": NaN,
        "Interest Income": NaN,
        "Normalized Income": NaN,
        "Net Income From Continuing And Discontinued Operation": NaN,
        "Total Expenses": NaN,
        "Total Operating Income As Reported": NaN,
        "Diluted Average Shares": NaN,
        "Basic Average Shares": NaN,
        "Diluted EPS": NaN,
        "Basic EPS": NaN,
        "Diluted NI Availto Com Stockholders": NaN,
        "Average Dilution Earnings": -321000.0,
        "Net Income Common Stockholders": NaN,
        "Net Income": NaN,
        "Minority Interests": NaN,
        "Net Income Including Noncontrolling Interests": NaN,
        "Net Income Continuous Operations": NaN,
        "Tax Provision": NaN,
        "Pretax Income": NaN,
        "Other Income Expense": NaN,
        "Other Non Operating Income Expenses": NaN,
        "Earnings From Equity Interest": NaN,
        "Gain On Sale Of Security": NaN,
        "Net Non Operating Interest Income Expense": NaN,
        "Interest Expense Non Operating": NaN,
        "Interest Income Non Operating": NaN,
        "Operating Income": NaN,
        "Operating Expense": NaN,
        "Research And Development": NaN,
        "Selling General And Administration": NaN,
        "Selling And Marketing Expense": NaN,
        "General And Administrative Expense": NaN,
        "Other Gand A": NaN,
        "Gross Profit": NaN,
        "Cost Of Revenue": NaN,
        "Total Revenue": NaN,
        "Operating Revenue": NaN
    },
    "2022-06-30": {
        "Tax Effect Of Unusual Items": -132976.501412,
        "Tax Rate For Calcs": 0.314365,
        "Normalized EBITDA": 25156000.0,
        "Total Unusual Items": -423000.0,
        "Total Unusual Items Excluding Goodwill": -423000.0,
        "Net Income From Continuing Operation Net Minority Interest": 12236000.0,
        "Reconciled Depreciation": 1342000.0,
        "Reconciled Cost Of Revenue": 60238000.0,
        "EBITDA": 24733000.0,
        "EBIT": 24733000.0,
        "Net Interest Income": 1838000.0,
        "Interest Expense": 306000.0,
        "Interest Income": 2144000.0,
        "Normalized Income": 12526023.498588,
        "Net Income From Continuing And Discontinued Operation": 12236000.0,
        "Total Expenses": 84360000.0,
        "Total Operating Income As Reported": 20035000.0,
        "Diluted Average Shares": 65478677.0,
        "Basic Average Shares": 59177643.0,
        "Diluted EPS": 0.18,
        "Basic EPS": 0.21,
        "Diluted NI Availto Com Stockholders": 12236000.0,
        "Average Dilution Earnings": -230000.0,
        "Net Income Common Stockholders": 12236000.0,
        "Net Income": 12236000.0,
        "Minority Interests": -4512000.0,
        "Net Income Including Noncontrolling Interests": 16748000.0,
        "Net Income Continuous Operations": 16748000.0,
        "Tax Provision": 7679000.0,
        "Pretax Income": 24427000.0,
        "Other Income Expense": 2554000.0,
        "Other Non Operating Income Expenses": 2505000.0,
        "Earnings From Equity Interest": 472000.0,
        "Gain On Sale Of Security": -423000.0,
        "Net Non Operating Interest Income Expense": 1838000.0,
        "Interest Expense Non Operating": 306000.0,
        "Interest Income Non Operating": 2144000.0,
        "Operating Income": 20035000.0,
        "Operating Expense": 24122000.0,
        "Research And Development": 11367000.0,
        "Selling General And Administration": 12755000.0,
        "Selling And Marketing Expense": 7664000.0,
        "General And Administrative Expense": 5091000.0,
        "Other Gand A": 5091000.0,
        "Gross Profit": 44157000.0,
        "Cost Of Revenue": 60238000.0,
        "Total Revenue": 104395000.0,
        "Operating Revenue": 104395000.0
    },
    "2022-03-31": {
        "Diluted EPS": -0.1,
        "Total Revenue": 42,
        "Gross Profit": 20,
        "Operating Income": -9,
        "EBIT": -8,
        "Net Income": -6
    },
    "2021-12-31": {
        "Diluted EPS": 0.25,
        "Total Revenue": 95,
        "Gross Profit": 45,
        "Operating Income": 19,
        "EBIT": 20,
        "Net Income": 16
    },
    "2021-09-30": {
        "Diluted EPS": 0.15,
        "Total Revenue": 67,
        "Gross Profit": 30,
        "Operating Income": 12,
        "EBIT": 12,
        "Net Income": 10
    },
    "2021-06-30": {
        "Diluted EPS": 0.1,
        "Total Revenue": 54,
        "Gross Profit": 22,
        "Operating Income": 4,
        "EBIT": 5,
        "Net Income": 7
    },
    "2021-03-31": {
        "Diluted EPS": 0.08,
        "Total Revenue": 44,
        "Gross Profit": 18,
        "Operating Income": 3,
        "EBIT": 4,
        "Net Income": 5
    },
    "2020-12-31": {
        "Diluted EPS": 0.14,
        "Total Revenue": 46,
        "Gross Profit": 20,
        "Operating Income": 5,
        "EBIT": 6,
        "Net Income": 9
    },
    "2020-09-30": {
        "Diluted EPS": 0.13,
        "Total Revenue": 48,
        "Gross Profit": 20,
        "Operating Income": 8,
        "EBIT": 8,
        "Net Income": 9
    },
    "2020-06-30": {
        "Diluted EPS": 0.0,
        "Total Revenue": 39,
        "Gross Profit": 19,
        "Operating Income": 7,
        "EBIT": 8,
        "Net Income": 0
    },
    "2020-03-31": {
        "Diluted EPS": 0.03,
        "Total Revenue": 24,
        "Gross Profit": 10,
        "Operating Income": 1,
        "EBIT": 1,
        "Net Income": 2
    },
    "2019-12-31": {
        "Diluted EPS": 0.07,
        "Total Revenue": 25,
        "Gross Profit": 12,
        "Operating Income": 4,
        "EBIT": 4,
        "Net Income": 4
    },
    "2019-09-30": {
        "Diluted EPS": 0.15,
        "Total Revenue": 33,
        "Gross Profit": 16,
        "Operating Income": 7,
        "EBIT": 7,
        "Net Income": 9
    },
    "2019-06-30": {
        "Diluted EPS": 0.08,
        "Total Revenue": 29,
        "Gross Profit": 13,
        "Operating Income": 5,
        "EBIT": 5,
        "Net Income": 4
    },
    "2019-03-31": {
        "Diluted EPS": 0.03,
        "Total Revenue": 20,
        "Gross Profit": 9,
        "Operating Income": 2,
        "EBIT": 2,
        "Net Income": 2
    },
    "2018-12-31": {
        "Diluted EPS": 0.05,
        "Total Revenue": 21,
        "Gross Profit": 10,
        "Operating Income": 3,
        "EBIT": 3,
        "Net Income": 2
    },
    "2018-09-30": {
        "Diluted EPS": 0.07,
        "Total Revenue": 23,
        "Gross Profit": 10,
        "Operating Income": 3,
        "EBIT": 4,
        "Net Income": 4
    },
    "2018-06-30": {
        "Diluted EPS": 0.06,
        "Total Revenue": 21,
        "Gross Profit": 9,
        "Operating Income": 2,
        "EBIT": 2,
        "Net Income": 3
    },
    "2018-03-31": {
        "Diluted EPS": -0.06,
        "Total Revenue": 10,
        "Gross Profit": 5,
        "Operating Income": -2,
        "EBIT": -2,
        "Net Income": -3
    },
    "2017-12-31": {
        "Diluted EPS": 0.23,
        "Total Revenue": 17,
        "Gross Profit": 9,
        "Operating Income": 4,
        "EBIT": 4,
        "Net Income": 3
    },
    "2017-09-30": {
        "Diluted EPS": -0.06,
        "Total Revenue": 5,
        "Gross Profit": 2,
        "Operating Income": -1,
        "EBIT": -1,
        "Net Income": -1
    },
    "2017-06-30": {
        "Diluted EPS": -0.04,
        "Total Revenue": 9,
        "Gross Profit": 3,
        "Operating Income": 0,
        "EBIT": 0,
        "Net Income": -1
    },
    "2017-03-31": {
        "Diluted EPS": -0.14,
        "Total Revenue": 6,
        "Gross Profit": 2,
        "Operating Income": -2,
        "EBIT": -1,
        "Net Income": -2
    },
    "2016-12-31": {
        "Diluted EPS": 0.0,
        "Total Revenue": NaN,
        "Gross Profit": NaN,
        "Operating Income": NaN,
        "EBIT": NaN,
        "Net Income": NaN
    },
    "2016-09-30": {
        "Diluted EPS": 0.02,
        "Total Revenue": 5,
        "Gross Profit": 3,
        "Operating Income": 1,
        "EBIT": 1,
        "Net Income": 0
    },
    "2015-12-31": {
        "Diluted EPS": 0.0,
        "Total Revenue": NaN,
        "Gross Profit": NaN,
        "Operating Income": NaN,
        "EBIT": NaN,
        "Net Income": NaN
    },
    "2023-06-30": {
        "Tax Effect Of Unusual Items": NaN,
        "Tax Rate For Calcs": NaN,
        "Normalized EBITDA": NaN,
        "Total Unusual Items": NaN,
        "Total Unusual Items Excluding Goodwill": NaN,
        "Net Income From Continuing Operation Net Minority Interest": NaN,
        "Reconciled Depreciation": NaN,
        "Reconciled Cost Of Revenue": NaN,
        "EBITDA": NaN,
        "EBIT": NaN,
        "Net Interest Income": NaN,
        "Interest Expense": NaN,
        "Interest Income": NaN,
        "Normalized Income": NaN,
        "Net Income From Continuing And Discontinued Operation": NaN,
        "Total Expenses": NaN,
        "Total Operating Income As Reported": NaN,
        "Diluted Average Shares": NaN,
        "Basic Average Shares": NaN,
        "Diluted EPS": NaN,
        "Basic EPS": NaN,
        "Diluted NI Availto Com Stockholders": NaN,
        "Average Dilution Earnings": -303000.0,
        "Net Income Common Stockholders": NaN,
        "Net Income": NaN,
        "Minority Interests": NaN,
        "Net Income Including Noncontrolling Interests": NaN,
        "Net Income Continuous Operations": NaN,
        "Tax Provision": NaN,
        "Pretax Income": NaN,
        "Other Income Expense": NaN,
        "Other Non Operating Income Expenses": NaN,
        "Earnings From Equity Interest": NaN,
        "Gain On Sale Of Security": NaN,
        "Net Non Operating Interest Income Expense": NaN,
        "Interest Expense Non Operating": NaN,
        "Interest Income Non Operating": NaN,
        "Operating Income": NaN,
        "Operating Expense": NaN,
        "Research And Development": NaN,
        "Selling General And Administration": NaN,
        "Selling And Marketing Expense": NaN,
        "General And Administrative Expense": NaN,
        "Other Gand A": NaN,
        "Gross Profit": NaN,
        "Cost Of Revenue": NaN,
        "Total Revenue": NaN,
        "Operating Revenue": NaN
    },
    "2023-09-30": {
        "Tax Effect Of Unusual Items": NaN,
        "Tax Rate For Calcs": NaN,
        "Normalized EBITDA": NaN,
        "Total Unusual Items": NaN,
        "Total Unusual Items Excluding Goodwill": NaN,
        "Net Income From Continuing Operation Net Minority Interest": NaN,
        "Reconciled Depreciation": NaN,
        "Reconciled Cost Of Revenue": NaN,
        "EBITDA": NaN,
        "EBIT": NaN,
        "Net Interest Income": NaN,
        "Interest Expense": NaN,
        "Interest Income": NaN,
        "Normalized Income": NaN,
        "Net Income From Continuing And Discontinued Operation": NaN,
        "Total Expenses": NaN,
        "Total Operating Income As Reported": NaN,
        "Diluted Average Shares": 65450941.0,
        "Basic Average Shares": 60219218.0,
        "Diluted EPS": 0.39,
        "Basic EPS": 0.43,
        "Diluted NI Availto Com Stockholders": NaN,
        "Net Income Common Stockholders": NaN,
        "Net Income": NaN,
        "Minority Interests": NaN,
        "Net Income Including Noncontrolling Interests": NaN,
        "Net Income Continuous Operations": NaN,
        "Tax Provision": NaN,
        "Pretax Income": NaN,
        "Other Income Expense": NaN,
        "Other Non Operating Income Expenses": NaN,
        "Earnings From Equity Interest": NaN,
        "Gain On Sale Of Security": NaN,
        "Net Non Operating Interest Income Expense": NaN,
        "Interest Expense Non Operating": NaN,
        "Interest Income Non Operating": NaN,
        "Operating Income": NaN,
        "Operating Expense": NaN,
        "Research And Development": NaN,
        "Selling General And Administration": NaN,
        "Selling And Marketing Expense": NaN,
        "General And Administrative Expense": NaN,
        "Other Gand A": NaN,
        "Gross Profit": NaN,
        "Cost Of Revenue": NaN,
        "Total Revenue": NaN,
        "Operating Revenue": NaN
    },
    "2023-12-31": {
        "Tax Effect Of Unusual Items": 561039.901995,
        "Tax Rate For Calcs": 0.258663,
        "Normalized EBITDA": 32026000.0,
        "Total Unusual Items": 2169000.0,
        "Total Unusual Items Excluding Goodwill": 2169000.0,
        "Net Income From Continuing Operation Net Minority Interest": 17700000.0,
        "Reconciled Depreciation": 2071000.0,
        "Reconciled Cost Of Revenue": 91245000.0,
        "EBITDA": 34195000.0,
        "EBIT": 32124000.0,
        "Net Interest Income": 1374000.0,
        "Interest Expense": 697000.0,
        "Interest Income": 2071000.0,
        "Normalized Income": 16092039.901995,
        "Net Income From Continuing And Discontinued Operation": 17700000.0,
        "Total Expenses": 146947000.0,
        "Total Operating Income As Reported": 23374000.0,
        "Diluted Average Shares": 65911901.0,
        "Basic Average Shares": 60792349.0,
        "Diluted EPS": 0.26,
        "Basic EPS": 0.29,
        "Diluted NI Availto Com Stockholders": 17700000.0,
        "Net Income Common Stockholders": 17700000.0,
        "Net Income": 17700000.0,
        "Minority Interests": -5598000.0,
        "Net Income Including Noncontrolling Interests": 23298000.0,
        "Net Income Continuous Operations": 23298000.0,
        "Tax Provision": 8129000.0,
        "Pretax Income": 31427000.0,
        "Other Income Expense": 6679000.0,
        "Other Non Operating Income Expenses": -1714000.0,
        "Earnings From Equity Interest": 6224000.0,
        "Gain On Sale Of Security": 2169000.0,
        "Net Non Operating Interest Income Expense": 1374000.0,
        "Interest Expense Non Operating": 697000.0,
        "Interest Income Non Operating": 2071000.0,
        "Operating Income": 23374000.0,
        "Operating Expense": 55702000.0,
        "Research And Development": 32465000.0,
        "Selling General And Administration": 23237000.0,
        "Selling And Marketing Expense": 9440000.0,
        "General And Administrative Expense": 13797000.0,
        "Other Gand A": 13797000.0,
        "Gross Profit": 79076000.0,
        "Cost Of Revenue": 91245000.0,
        "Total Revenue": 170321000.0,
        "Operating Revenue": 170321000.0
    },
    "2024-03-31": {
        "Tax Effect Of Unusual Items": -383387.551491,
        "Tax Rate For Calcs": 0.165111,
        "Normalized EBITDA": 32084000.0,
        "Total Unusual Items": -2322000.0,
        "Total Unusual Items Excluding Goodwill": -2322000.0,
        "Net Income From Continuing Operation Net Minority Interest": 17433000.0,
        "Reconciled Depreciation": 2518000.0,
        "Reconciled Cost Of Revenue": 73070000.0,
        "EBITDA": 29762000.0,
        "EBIT": 27244000.0,
        "Net Interest Income": 991000.0,
        "Interest Expense": 783000.0,
        "Interest Income": 1774000.0,
        "Normalized Income": 19371612.448509,
        "Net Income From Continuing And Discontinued Operation": 17433000.0,
        "Total Expenses": 126959000.0,
        "Total Operating Income As Reported": 25232000.0,
        "Diluted Average Shares": 66242321.0,
        "Basic Average Shares": 61367184.0,
        "Diluted EPS": 0.26,
        "Basic EPS": 0.28,
        "Diluted NI Availto Com Stockholders": 17433000.0,
        "Net Income Common Stockholders": 17433000.0,
        "Net Income": 17433000.0,
        "Minority Interests": -4659000.0,
        "Net Income Including Noncontrolling Interests": 22092000.0,
        "Net Income Continuous Operations": 22092000.0,
        "Tax Provision": 4369000.0,
        "Pretax Income": 26461000.0,
        "Other Income Expense": 238000.0,
        "Other Non Operating Income Expenses": 3080000.0,
        "Earnings From Equity Interest": -520000.0,
        "Gain On Sale Of Security": -2322000.0,
        "Net Non Operating Interest Income Expense": 991000.0,
        "Interest Expense Non Operating": 783000.0,
        "Interest Income Non Operating": 1774000.0,
        "Operating Income": 25232000.0,
        "Operating Expense": 53889000.0,
        "Research And Development": 23918000.0,
        "Selling General And Administration": 29971000.0,
        "Selling And Marketing Expense": 14173000.0,
        "General And Administrative Expense": 15798000.0,
        "Other Gand A": 15798000.0,
        "Gross Profit": 79121000.0,
        "Cost Of Revenue": 73070000.0,
        "Total Revenue": 152191000.0,
        "Operating Revenue": 152191000.0
    },
    "2024-06-30": {
        "Tax Effect Of Unusual Items": 236293.506812,
        "Tax Rate For Calcs": 0.229189,
        "Normalized EBITDA": 42802000.0,
        "Total Unusual Items": 1031000.0,
        "Total Unusual Items Excluding Goodwill": 1031000.0,
        "Net Income From Continuing Operation Net Minority Interest": 24210000.0,
        "Reconciled Depreciation": 2166000.0,
        "Reconciled Cost Of Revenue": 105696000.0,
        "EBITDA": 43833000.0,
        "EBIT": 41667000.0,
        "Net Interest Income": 1449000.0,
        "Interest Expense": 932000.0,
        "Interest Income": 2381000.0,
        "Normalized Income": 23415293.506812,
        "Net Income From Continuing And Discontinued Operation": 24210000.0,
        "Total Expenses": 164887000.0,
        "Total Operating Income As Reported": 37593000.0,
        "Diluted Average Shares": 67057846.0,
        "Basic Average Shares": 62178369.0,
        "Diluted EPS": 0.35,
        "Basic EPS": 0.39,
        "Diluted NI Availto Com Stockholders": 24210000.0,
        "Net Income Common Stockholders": 24210000.0,
        "Net Income": 24210000.0,
        "Minority Interests": -7189000.0,
        "Net Income Including Noncontrolling Interests": 31399000.0,
        "Net Income Continuous Operations": 31399000.0,
        "Tax Provision": 9336000.0,
        "Pretax Income": 40735000.0,
        "Other Income Expense": 1693000.0,
        "Other Non Operating Income Expenses": 1357000.0,
        "Earnings From Equity Interest": -695000.0,
        "Gain On Sale Of Security": 1031000.0,
        "Net Non Operating Interest Income Expense": 1449000.0,
        "Interest Expense Non Operating": 932000.0,
        "Interest Income Non Operating": 2381000.0,
        "Operating Income": 37593000.0,
        "Operating Expense": 59191000.0,
        "Research And Development": 25968000.0,
        "Selling General And Administration": 33223000.0,
        "Selling And Marketing Expense": 17135000.0,
        "General And Administrative Expense": 16088000.0,
        "Other Gand A": 16088000.0,
        "Gross Profit": 96784000.0,
        "Cost Of Revenue": 105696000.0,
        "Total Revenue": 202480000.0,
        "Operating Revenue": 202480000.0
    },
    "2024-09-30": {
        "Tax Effect Of Unusual Items": 54829.963214,
        "Tax Rate For Calcs": 0.093887,
        "Normalized EBITDA": 45692000.0,
        "Total Unusual Items": 584000.0,
        "Total Unusual Items Excluding Goodwill": 584000.0,
        "Net Income From Continuing Operation Net Minority Interest": 30904000.0,
        "Reconciled Depreciation": 2389000.0,
        "Reconciled Cost Of Revenue": 99142000.0,
        "EBITDA": 46276000.0,
        "EBIT": 43887000.0,
        "Net Interest Income": 1759000.0,
        "Interest Expense": 1208000.0,
        "Interest Income": 2967000.0,
        "Normalized Income": 30374829.963214,
        "Net Income From Continuing And Discontinued Operation": 30904000.0,
        "Total Expenses": 159792000.0,
        "Total Operating Income As Reported": 44184000.0,
        "Diluted Average Shares": 66671526.0,
        "Basic Average Shares": 62500903.0,
        "Diluted EPS": 0.45,
        "Basic EPS": 0.49,
        "Diluted NI Availto Com Stockholders": 30904000.0,
        "Net Income Common Stockholders": 30904000.0,
        "Net Income": 30904000.0,
        "Minority Interests": -7768000.0,
        "Net Income Including Noncontrolling Interests": 38672000.0,
        "Net Income Continuous Operations": 38672000.0,
        "Tax Provision": 4007000.0,
        "Pretax Income": 42679000.0,
        "Other Income Expense": -3264000.0,
        "Other Non Operating Income Expenses": -5164000.0,
        "Earnings From Equity Interest": 1316000.0,
        "Gain On Sale Of Security": 584000.0,
        "Net Non Operating Interest Income Expense": 1759000.0,
        "Interest Expense Non Operating": 1208000.0,
        "Interest Income Non Operating": 2967000.0,
        "Operating Income": 44184000.0,
        "Operating Expense": 60650000.0,
        "Research And Development": 27837000.0,
        "Selling General And Administration": 32813000.0,
        "Selling And Marketing Expense": 15759000.0,
        "General And Administrative Expense": 17054000.0,
        "Other Gand A": 17054000.0,
        "Gross Profit": 104834000.0,
        "Cost Of Revenue": 99142000.0,
        "Total Revenue": 203976000.0,
        "Operating Revenue": 203976000.0
    },
    "2024-12-31": {
        "Tax Effect Of Unusual Items": 1064462.41914,
        "Tax Rate For Calcs": 0.306938,
        "Normalized EBITDA": 57079000.0,
        "Total Unusual Items": 3468000.0,
        "Total Unusual Items Excluding Goodwill": 3468000.0,
        "Net Income From Continuing Operation Net Minority Interest": 31080000.0,
        "Reconciled Depreciation": 2894000.0,
        "Reconciled Cost Of Revenue": 112656000.0,
        "EBITDA": 60547000.0,
        "EBIT": 57653000.0,
        "Net Interest Income": 1585000.0,
        "Interest Expense": 1228000.0,
        "Interest Income": 2813000.0,
        "Normalized Income": 28676462.41914,
        "Net Income From Continuing And Discontinued Operation": 31080000.0,
        "Total Expenses": 179482000.0,
        "Total Operating Income As Reported": 43989000.0,
        "Diluted Average Shares": 66518704.0,
        "Basic Average Shares": 62794259.0,
        "Diluted EPS": 0.46,
        "Basic EPS": 0.49,
        "Diluted NI Availto Com Stockholders": 31080000.0,
        "Net Income Common Stockholders": 31080000.0,
        "Net Income": 31080000.0,
        "Minority Interests": -8026000.0,
        "Net Income Including Noncontrolling Interests": 39106000.0,
        "Net Income Continuous Operations": 39106000.0,
        "Tax Provision": 17319000.0,
        "Pretax Income": 56425000.0,
        "Other Income Expense": 10851000.0,
        "Other Non Operating Income Expenses": 7061000.0,
        "Earnings From Equity Interest": 322000.0,
        "Gain On Sale Of Security": 3468000.0,
        "Net Non Operating Interest Income Expense": 1585000.0,
        "Interest Expense Non Operating": 1228000.0,
        "Interest Income Non Operating": 2813000.0,
        "Operating Income": 43989000.0,
        "Operating Expense": 66826000.0,
        "Research And Development": 27750000.0,
        "Selling General And Administration": 39076000.0,
        "Selling And Marketing Expense": 18380000.0,
        "General And Administrative Expense": 20696000.0,
        "Other Gand A": 20696000.0,
        "Gross Profit": 110815000.0,
        "Cost Of Revenue": 112656000.0,
        "Total Revenue": 223471000.0,
        "Operating Revenue": 223471000.0
    },
    "2025-03-31": {
        "Tax Effect Of Unusual Items": -85752.263859,
        "Tax Rate For Calcs": 0.079253,
        "Normalized EBITDA": 32823000.0,
        "Total Unusual Items": -1082000.0,
        "Total Unusual Items Excluding Goodwill": -1082000.0,
        "Net Income From Continuing Operation Net Minority Interest": 20380000.0,
        "Reconciled Depreciation": 3017000.0,
        "Reconciled Cost Of Revenue": 89797000.0,
        "EBITDA": 31741000.0,
        "EBIT": 28724000.0,
        "Net Interest Income": 1781000.0,
        "Interest Expense": 1558000.0,
        "Interest Income": 3339000.0,
        "Normalized Income": 21376247.736141,
        "Net Income From Continuing And Discontinued Operation": 20380000.0,
        "Total Expenses": 146570000.0,
        "Total Operating Income As Reported": 25777000.0,
        "Diluted Average Shares": 66952774.0,
        "Basic Average Shares": 63267834.0,
        "Diluted EPS": 0.3,
        "Basic EPS": 0.32,
        "Diluted NI Availto Com Stockholders": 20380000.0,
        "Net Income Common Stockholders": 20380000.0,
        "Net Income": 20380000.0,
        "Minority Interests": -4633000.0,
        "Net Income Including Noncontrolling Interests": 25013000.0,
        "Net Income Continuous Operations": 25013000.0,
        "Tax Provision": 2153000.0,
        "Pretax Income": 27166000.0,
        "Other Income Expense": -392000.0,
        "Other Non Operating Income Expenses": -262000.0,
        "Earnings From Equity Interest": 952000.0,
        "Gain On Sale Of Security": -1082000.0,
        "Net Non Operating Interest Income Expense": 1781000.0,
        "Interest Expense Non Operating": 1558000.0,
        "Interest Income Non Operating": 3339000.0,
        "Operating Income": 25777000.0,
        "Operating Expense": 56773000.0,
        "Research And Development": 27503000.0,
        "Selling General And Administration": 29270000.0,
        "Selling And Marketing Expense": 16343000.0,
        "General And Administrative Expense": 12927000.0,
        "Other Gand A": 12927000.0,
        "Gross Profit": 82550000.0,
        "Cost Of Revenue": 89797000.0,
        "Total Revenue": 172347000.0,
        "Operating Revenue": 172347000.0
    },
    "2025-06-30": {
        "Tax Effect Of Unusual Items": 137956.133225,
        "Tax Rate For Calcs": 0.049553,
        "Normalized EBITDA": 40473000.0,
        "Total Unusual Items": 2784000.0,
        "Total Unusual Items Excluding Goodwill": 2784000.0,
        "Net Income From Continuing Operation Net Minority Interest": 29760000.0,
        "Reconciled Depreciation": 3339000.0,
        "Reconciled Cost Of Revenue": 110911000.0,
        "EBITDA": 43257000.0,
        "EBIT": 39918000.0,
        "Net Interest Income": 2256000.0,
        "Interest Expense": 1757000.0,
        "Interest Income": 4013000.0,
        "Normalized Income": 27113956.133225,
        "Net Income From Continuing And Discontinued Operation": 29760000.0,
        "Total Expenses": 183678000.0,
        "Total Operating Income As Reported": 31694000.0,
        "Diluted Average Shares": 67464856.0,
        "Basic Average Shares": 63968763.0,
        "Diluted EPS": 0.44,
        "Basic EPS": 0.47,
        "Diluted NI Availto Com Stockholders": 29760000.0,
        "Net Income Common Stockholders": 29760000.0,
        "Net Income": 29760000.0,
        "Minority Interests": -6510000.0,
        "Net Income Including Noncontrolling Interests": 36270000.0,
        "Net Income Continuous Operations": 36270000.0,
        "Tax Provision": 1891000.0,
        "Pretax Income": 38161000.0,
        "Other Income Expense": 4211000.0,
        "Other Non Operating Income Expenses": -346000.0,
        "Earnings From Equity Interest": 1773000.0,
        "Gain On Sale Of Security": 2784000.0,
        "Net Non Operating Interest Income Expense": 2256000.0,
        "Interest Expense Non Operating": 1757000.0,
        "Interest Income Non Operating": 4013000.0,
        "Operating Income": 31694000.0,
        "Operating Expense": 72767000.0,
        "Research And Development": 33817000.0,
        "Selling General And Administration": 38950000.0,
        "Selling And Marketing Expense": 22102000.0,
        "General And Administrative Expense": 16848000.0,
        "Other Gand A": 16848000.0,
        "Gross Profit": 104461000.0,
        "Cost Of Revenue": 110911000.0,
        "Total Revenue": 215372000.0,
        "Operating Revenue": 215372000.0
    }
}