{
    "2023-06-30": {
        "Tax Effect Of Unusual Items": NaN,
        "Tax Rate For Calcs": NaN,
        "Total Unusual Items": NaN,
        "Total Unusual Items Excluding Goodwill": NaN,
        "Net Income From Continuing Operation Net Minority Interest": NaN,
        "Reconciled Depreciation": NaN,
        "Net Interest Income": NaN,
        "Interest Expense": NaN,
        "Interest Income": NaN,
        "Normalized Income": NaN,
        "Net Income From Continuing And Discontinued Operation": NaN,
        "Diluted Average Shares": NaN,
        "Basic Average Shares": NaN,
        "Diluted EPS": NaN,
        "Basic EPS": NaN,
        "Diluted NI Availto Com Stockholders": NaN,
        "Net Income Common Stockholders": NaN,
        "Net Income": NaN,
        "Net Income Including Noncontrolling Interests": NaN,
        "Net Income Continuous Operations": NaN,
        "Tax Provision": NaN,
        "Pretax Income": NaN,
        "Special Income Charges": NaN,
        "Other Special Charges": -323000.0,
        "Restructuring And Mergern Acquisition": NaN,
        "Gain On Sale Of Security": NaN,
        "Depreciation Amortization Depletion Income Statement": NaN,
        "Depreciation And Amortization In Income Statement": NaN,
        "Amortization": NaN,
        "Amortization Of Intangibles Income Statement": NaN,
        "Selling General And Administration": NaN,
        "Selling And Marketing Expense": NaN,
        "General And Administrative Expense": NaN,
        "Insurance And Claims": NaN,
        "Salaries And Wages": NaN,
        "Total Revenue": NaN,
        "Operating Revenue": NaN,
        "Occupancy And Equipment": NaN,
        "Professional Expense And Contract Services Expense": NaN,
        "Other Non Interest Expense": NaN
    },
    "2023-03-31": {
        "Tax Effect Of Unusual Items": 0.0,
        "Tax Rate For Calcs": 0.21,
        "Total Unusual Items": NaN,
        "Total Unusual Items Excluding Goodwill": NaN,
        "Net Income From Continuing Operation Net Minority Interest": 9023000.0,
        "Reconciled Depreciation": 883000.0,
        "Net Interest Income": 23051000.0,
        "Interest Expense": 817000.0,
        "Interest Income": 23868000.0,
        "Normalized Income": 9023000.0,
        "Net Income From Continuing And Discontinued Operation": 9023000.0,
        "Diluted Average Shares": 8522976.0,
        "Basic Average Shares": 8511244.0,
        "Diluted EPS": 1.06,
        "Basic EPS": 1.06,
        "Diluted NI Availto Com Stockholders": 9023000.0,
        "Net Income Common Stockholders": 9023000.0,
        "Net Income": 9023000.0,
        "Net Income Including Noncontrolling Interests": 9023000.0,
        "Net Income Continuous Operations": 9023000.0,
        "Tax Provision": 2398000.0,
        "Pretax Income": 11421000.0,
        "Special Income Charges": NaN,
        "Other Special Charges": NaN,
        "Gain On Sale Of Security": -173000.0,
        "Depreciation Amortization Depletion Income Statement": 360000.0,
        "Depreciation And Amortization In Income Statement": 360000.0,
        "Amortization": 360000.0,
        "Amortization Of Intangibles Income Statement": 360000.0,
        "Selling General And Administration": 10845000.0,
        "Selling And Marketing Expense": 154000.0,
        "General And Administrative Expense": 10691000.0,
        "Insurance And Claims": 249000.0,
        "Salaries And Wages": 10442000.0,
        "Total Revenue": 28076000.0,
        "Operating Revenue": 28076000.0,
        "Occupancy And Equipment": 2644000.0,
        "Professional Expense And Contract Services Expense": 382000.0,
        "Other Non Interest Expense": 2051000.0
    },
    "2022-12-31": {
        "Tax Effect Of Unusual Items": 0.0,
        "Tax Rate For Calcs": 0.203079,
        "Total Unusual Items": NaN,
        "Total Unusual Items Excluding Goodwill": NaN,
        "Net Income From Continuing Operation Net Minority Interest": 10199000.0,
        "Reconciled Depreciation": 1008000.0,
        "Net Interest Income": 24023000.0,
        "Interest Expense": 846000.0,
        "Interest Income": 24869000.0,
        "Normalized Income": 10199000.0,
        "Net Income From Continuing And Discontinued Operation": 10199000.0,
        "Diluted Average Shares": 8499167.0,
        "Basic Average Shares": 8499167.0,
        "Diluted EPS": 1.2,
        "Basic EPS": 1.2,
        "Diluted NI Availto Com Stockholders": 10199000.0,
        "Net Income Common Stockholders": 10199000.0,
        "Net Income": 10199000.0,
        "Net Income Including Noncontrolling Interests": 10199000.0,
        "Net Income Continuous Operations": 10199000.0,
        "Tax Provision": 2599000.0,
        "Pretax Income": 12798000.0,
        "Special Income Charges": NaN,
        "Other Special Charges": NaN,
        "Gain On Sale Of Security": -187000.0,
        "Depreciation Amortization Depletion Income Statement": 399000.0,
        "Depreciation And Amortization In Income Statement": 399000.0,
        "Amortization": 399000.0,
        "Amortization Of Intangibles Income Statement": 399000.0,
        "Selling General And Administration": 9558000.0,
        "Selling And Marketing Expense": 72000.0,
        "General And Administrative Expense": 9486000.0,
        "Insurance And Claims": 330000.0,
        "Salaries And Wages": 9786000.0,
        "Total Revenue": 29050000.0,
        "Operating Revenue": 29050000.0
    },
    "2022-09-30": {
        "Tax Effect Of Unusual Items": NaN,
        "Tax Rate For Calcs": NaN,
        "Total Unusual Items": 0.0,
        "Total Unusual Items Excluding Goodwill": 0.0,
        "Net Income From Continuing Operation Net Minority Interest": NaN,
        "Reconciled Depreciation": NaN,
        "Net Interest Income": NaN,
        "Interest Expense": NaN,
        "Interest Income": NaN,
        "Normalized Income": NaN,
        "Net Income From Continuing And Discontinued Operation": NaN,
        "Diluted Average Shares": NaN,
        "Basic Average Shares": NaN,
        "Diluted EPS": NaN,
        "Basic EPS": NaN,
        "Diluted NI Availto Com Stockholders": NaN,
        "Net Income Common Stockholders": NaN,
        "Net Income": NaN,
        "Net Income Including Noncontrolling Interests": NaN,
        "Net Income Continuous Operations": NaN,
        "Tax Provision": NaN,
        "Pretax Income": NaN,
        "Special Income Charges": 0.0,
        "Other Special Charges": NaN,
        "Gain On Sale Of Security": NaN,
        "Depreciation Amortization Depletion Income Statement": NaN,
        "Depreciation And Amortization In Income Statement": NaN,
        "Amortization": NaN,
        "Amortization Of Intangibles Income Statement": NaN,
        "Selling General And Administration": NaN,
        "Selling And Marketing Expense": NaN,
        "General And Administrative Expense": NaN,
        "Other Gand A": 254000.0,
        "Insurance And Claims": NaN,
        "Salaries And Wages": NaN,
        "Total Revenue": NaN,
        "Operating Revenue": NaN
    },
    "2022-06-30": {
        "Tax Effect Of Unusual Items": 0.0,
        "Tax Rate For Calcs": 0.206364,
        "Total Unusual Items": NaN,
        "Total Unusual Items Excluding Goodwill": NaN,
        "Net Income From Continuing Operation Net Minority Interest": 8630000.0,
        "Reconciled Depreciation": 955000.0,
        "Net Interest Income": 19804000.0,
        "Interest Expense": 892000.0,
        "Interest Income": 20696000.0,
        "Normalized Income": 8630000.0,
        "Net Income From Continuing And Discontinued Operation": 8630000.0,
        "Diluted Average Shares": 8717172.0,
        "Basic Average Shares": 8717172.0,
        "Diluted EPS": 0.99,
        "Basic EPS": 0.99,
        "Diluted NI Availto Com Stockholders": 8630000.0,
        "Net Income Common Stockholders": 8630000.0,
        "Net Income": 8630000.0,
        "Net Income Including Noncontrolling Interests": 8630000.0,
        "Net Income Continuous Operations": 8630000.0,
        "Tax Provision": 2244000.0,
        "Pretax Income": 10874000.0,
        "Special Income Charges": NaN,
        "Other Special Charges": NaN,
        "Gain On Sale Of Security": -148000.0,
        "Depreciation Amortization Depletion Income Statement": 389000.0,
        "Depreciation And Amortization In Income Statement": 389000.0,
        "Amortization": 389000.0,
        "Amortization Of Intangibles Income Statement": 389000.0,
        "Selling General And Administration": 9840000.0,
        "Selling And Marketing Expense": 67000.0,
        "General And Administrative Expense": 9773000.0,
        "Other Gand A": 195000.0,
        "Insurance And Claims": 264000.0,
        "Salaries And Wages": 9314000.0,
        "Total Revenue": 25880000.0,
        "Operating Revenue": 25880000.0
    },
    "2022-03-31": {
        "Diluted EPS": 0.76,
        "Total Revenue": 23,
        "Gross Profit": 22,
        "Operating Income": 8,
        "EBIT": NaN,
        "Net Income": 7
    },
    "2021-12-31": {
        "Diluted EPS": 0.51,
        "Total Revenue": 24,
        "Gross Profit": 23,
        "Operating Income": 6,
        "EBIT": NaN,
        "Net Income": 4
    },
    "2021-09-30": {
        "Diluted EPS": 0.84,
        "Total Revenue": 25,
        "Gross Profit": 23,
        "Operating Income": 9,
        "EBIT": NaN,
        "Net Income": 7
    },
    "2021-06-30": {
        "Diluted EPS": 0.98,
        "Total Revenue": 27,
        "Gross Profit": 25,
        "Operating Income": 11,
        "EBIT": NaN,
        "Net Income": 9
    },
    "2021-03-31": {
        "Diluted EPS": 0.86,
        "Total Revenue": 25,
        "Gross Profit": 23,
        "Operating Income": 9,
        "EBIT": NaN,
        "Net Income": 7
    },
    "2020-12-31": {
        "Diluted EPS": 0.81,
        "Total Revenue": 27,
        "Gross Profit": 25,
        "Operating Income": 9,
        "EBIT": NaN,
        "Net Income": 7
    },
    "2020-09-30": {
        "Diluted EPS": 0.79,
        "Total Revenue": 26,
        "Gross Profit": 23,
        "Operating Income": 9,
        "EBIT": NaN,
        "Net Income": 7
    },
    "2020-06-30": {
        "Diluted EPS": 0.67,
        "Total Revenue": 26,
        "Gross Profit": 23,
        "Operating Income": 7,
        "EBIT": NaN,
        "Net Income": 6
    },
    "2020-03-31": {
        "Diluted EPS": -0.14,
        "Total Revenue": 25,
        "Gross Profit": 22,
        "Operating Income": -2,
        "EBIT": NaN,
        "Net Income": -1
    },
    "2019-12-31": {
        "Diluted EPS": 0.72,
        "Total Revenue": 22,
        "Gross Profit": 19,
        "Operating Income": 6,
        "EBIT": NaN,
        "Net Income": 5
    },
    "2019-09-30": {
        "Diluted EPS": 0.89,
        "Total Revenue": 23,
        "Gross Profit": 20,
        "Operating Income": 8,
        "EBIT": NaN,
        "Net Income": 6
    },
    "2019-06-30": {
        "Diluted EPS": 0.92,
        "Total Revenue": 22,
        "Gross Profit": 20,
        "Operating Income": 8,
        "EBIT": NaN,
        "Net Income": 6
    },
    "2019-03-31": {
        "Diluted EPS": 0.83,
        "Total Revenue": 21,
        "Gross Profit": 19,
        "Operating Income": 7,
        "EBIT": NaN,
        "Net Income": 6
    },
    "2018-12-31": {
        "Diluted EPS": 0.75,
        "Total Revenue": 21,
        "Gross Profit": 19,
        "Operating Income": 6,
        "EBIT": NaN,
        "Net Income": 5
    },
    "2018-09-30": {
        "Diluted EPS": 0.86,
        "Total Revenue": 20,
        "Gross Profit": 19,
        "Operating Income": 7,
        "EBIT": NaN,
        "Net Income": 6
    },
    "2018-06-30": {
        "Diluted EPS": 0.78,
        "Total Revenue": 20,
        "Gross Profit": 18,
        "Operating Income": 7,
        "EBIT": NaN,
        "Net Income": 6
    },
    "2018-03-31": {
        "Diluted EPS": 0.7,
        "Total Revenue": 19,
        "Gross Profit": 17,
        "Operating Income": 6,
        "EBIT": NaN,
        "Net Income": 5
    },
    "2017-12-31": {
        "Diluted EPS": 0.42,
        "Total Revenue": 19,
        "Gross Profit": 17,
        "Operating Income": 7,
        "EBIT": NaN,
        "Net Income": 3
    },
    "2017-09-30": {
        "Diluted EPS": 0.2,
        "Total Revenue": 19,
        "Gross Profit": 17,
        "Operating Income": 3,
        "EBIT": NaN,
        "Net Income": 2
    },
    "2017-06-30": {
        "Diluted EPS": 0.45,
        "Total Revenue": 14,
        "Gross Profit": 13,
        "Operating Income": 4,
        "EBIT": NaN,
        "Net Income": 3
    },
    "2017-03-31": {
        "Diluted EPS": 0.43,
        "Total Revenue": 14,
        "Gross Profit": 13,
        "Operating Income": 4,
        "EBIT": NaN,
        "Net Income": 3
    },
    "2016-12-31": {
        "Diluted EPS": 0.43,
        "Total Revenue": 14,
        "Gross Profit": 13,
        "Operating Income": 4,
        "EBIT": NaN,
        "Net Income": 3
    },
    "2016-09-30": {
        "Diluted EPS": 0.46,
        "Total Revenue": 13,
        "Gross Profit": 12,
        "Operating Income": 4,
        "EBIT": NaN,
        "Net Income": 3
    },
    "2016-06-30": {
        "Diluted EPS": 0.49,
        "Total Revenue": 14,
        "Gross Profit": 13,
        "Operating Income": 4,
        "EBIT": NaN,
        "Net Income": 3
    },
    "2016-03-31": {
        "Diluted EPS": 0.42,
        "Total Revenue": 13,
        "Gross Profit": 12,
        "Operating Income": 3,
        "EBIT": NaN,
        "Net Income": 3
    },
    "2015-12-31": {
        "Diluted EPS": 0.47,
        "Total Revenue": 13,
        "Gross Profit": 12,
        "Operating Income": 4,
        "EBIT": NaN,
        "Net Income": 3
    },
    "2015-09-30": {
        "Diluted EPS": 0.47,
        "Total Revenue": 13,
        "Gross Profit": 12,
        "Operating Income": 4,
        "EBIT": NaN,
        "Net Income": 3
    },
    "2015-06-30": {
        "Diluted EPS": 0.47,
        "Total Revenue": 13,
        "Gross Profit": 12,
        "Operating Income": 4,
        "EBIT": NaN,
        "Net Income": 3
    },
    "2015-03-31": {
        "Diluted EPS": 0.42,
        "Total Revenue": 13,
        "Gross Profit": 12,
        "Operating Income": 3,
        "EBIT": NaN,
        "Net Income": 3
    },
    "2014-12-31": {
        "Diluted EPS": 0.4,
        "Total Revenue": 12,
        "Gross Profit": 12,
        "Operating Income": 3,
        "EBIT": NaN,
        "Net Income": 2
    },
    "2014-09-30": {
        "Diluted EPS": 0.44,
        "Total Revenue": 12,
        "Gross Profit": 11,
        "Operating Income": 3,
        "EBIT": NaN,
        "Net Income": 3
    },
    "2014-06-30": {
        "Diluted EPS": 0.46,
        "Total Revenue": 13,
        "Gross Profit": 12,
        "Operating Income": 4,
        "EBIT": NaN,
        "Net Income": 3
    },
    "2014-03-31": {
        "Diluted EPS": 0.41,
        "Total Revenue": 12,
        "Gross Profit": 11,
        "Operating Income": 3,
        "EBIT": NaN,
        "Net Income": 2
    },
    "2013-12-31": {
        "Diluted EPS": 0.38,
        "Total Revenue": 12,
        "Gross Profit": 11,
        "Operating Income": 3,
        "EBIT": NaN,
        "Net Income": 2
    },
    "2013-09-30": {
        "Diluted EPS": 0.39,
        "Total Revenue": 12,
        "Gross Profit": 11,
        "Operating Income": 3,
        "EBIT": NaN,
        "Net Income": 2
    },
    "2013-06-30": {
        "Diluted EPS": 0.38,
        "Total Revenue": 12,
        "Gross Profit": 11,
        "Operating Income": 3,
        "EBIT": NaN,
        "Net Income": 2
    },
    "2013-03-31": {
        "Diluted EPS": 0.41,
        "Total Revenue": 13,
        "Gross Profit": 11,
        "Operating Income": 3,
        "EBIT": NaN,
        "Net Income": 2
    },
    "2012-12-31": {
        "Diluted EPS": 0.37,
        "Total Revenue": 13,
        "Gross Profit": 12,
        "Operating Income": 1,
        "EBIT": NaN,
        "Net Income": 2
    },
    "2012-09-30": {
        "Diluted EPS": 0.39,
        "Total Revenue": 13,
        "Gross Profit": 12,
        "Operating Income": 3,
        "EBIT": NaN,
        "Net Income": 2
    },
    "2012-06-30": {
        "Diluted EPS": 0.35,
        "Total Revenue": 13,
        "Gross Profit": 12,
        "Operating Income": 3,
        "EBIT": NaN,
        "Net Income": 2
    },
    "2012-03-31": {
        "Diluted EPS": 0.38,
        "Total Revenue": 13,
        "Gross Profit": 11,
        "Operating Income": 3,
        "EBIT": NaN,
        "Net Income": 2
    },
    "2011-12-31": {
        "Diluted EPS": 0.29,
        "Total Revenue": 14,
        "Gross Profit": 12,
        "Operating Income": 2,
        "EBIT": NaN,
        "Net Income": 2
    },
    "2011-09-30": {
        "Diluted EPS": 0.37,
        "Total Revenue": 13,
        "Gross Profit": 11,
        "Operating Income": 3,
        "EBIT": NaN,
        "Net Income": 2
    },
    "2011-06-30": {
        "Diluted EPS": 0.36,
        "Total Revenue": 13,
        "Gross Profit": 12,
        "Operating Income": 3,
        "EBIT": NaN,
        "Net Income": 2
    },
    "2011-03-31": {
        "Diluted EPS": 0.41,
        "Total Revenue": 13,
        "Gross Profit": 12,
        "Operating Income": 3,
        "EBIT": NaN,
        "Net Income": 2
    },
    "2010-12-31": {
        "Diluted EPS": 0.27,
        "Total Revenue": 14,
        "Gross Profit": 12,
        "Operating Income": 2,
        "EBIT": NaN,
        "Net Income": 2
    },
    "2010-09-30": {
        "Diluted EPS": 0.39,
        "Total Revenue": 14,
        "Gross Profit": 12,
        "Operating Income": 3,
        "EBIT": NaN,
        "Net Income": 2
    },
    "2010-06-30": {
        "Diluted EPS": 0.35,
        "Total Revenue": 15,
        "Gross Profit": 12,
        "Operating Income": 3,
        "EBIT": NaN,
        "Net Income": 2
    },
    "2010-03-31": {
        "Diluted EPS": 0.41,
        "Total Revenue": 14,
        "Gross Profit": 11,
        "Operating Income": 3,
        "EBIT": NaN,
        "Net Income": 2
    },
    "2009-12-31": {
        "Diluted EPS": 0.3,
        "Total Revenue": 10,
        "Gross Profit": 7,
        "Operating Income": 2,
        "EBIT": NaN,
        "Net Income": 2
    },
    "2009-09-30": {
        "Diluted EPS": 0.32,
        "Total Revenue": 14,
        "Gross Profit": 11,
        "Operating Income": 2,
        "EBIT": NaN,
        "Net Income": 2
    },
    "2009-06-30": {
        "Diluted EPS": 0.24,
        "Total Revenue": 15,
        "Gross Profit": 11,
        "Operating Income": 2,
        "EBIT": NaN,
        "Net Income": 1
    },
    "2009-03-31": {
        "Diluted EPS": 0.35,
        "Total Revenue": 15,
        "Gross Profit": 11,
        "Operating Income": 3,
        "EBIT": NaN,
        "Net Income": 2
    },
    "2023-09-30": {
        "Tax Effect Of Unusual Items": NaN,
        "Tax Rate For Calcs": NaN,
        "Total Unusual Items": NaN,
        "Total Unusual Items Excluding Goodwill": NaN,
        "Net Income From Continuing Operation Net Minority Interest": NaN,
        "Reconciled Depreciation": NaN,
        "Net Interest Income": NaN,
        "Interest Expense": NaN,
        "Interest Income": NaN,
        "Normalized Income": NaN,
        "Net Income From Continuing And Discontinued Operation": NaN,
        "Diluted Average Shares": NaN,
        "Basic Average Shares": NaN,
        "Diluted EPS": NaN,
        "Basic EPS": NaN,
        "Diluted NI Availto Com Stockholders": NaN,
        "Net Income Common Stockholders": NaN,
        "Net Income": NaN,
        "Net Income Including Noncontrolling Interests": NaN,
        "Net Income Continuous Operations": NaN,
        "Tax Provision": NaN,
        "Pretax Income": NaN,
        "Special Income Charges": NaN,
        "Other Special Charges": -14000.0,
        "Restructuring And Mergern Acquisition": 0.0,
        "Gain On Sale Of Security": NaN,
        "Depreciation Amortization Depletion Income Statement": NaN,
        "Depreciation And Amortization In Income Statement": NaN,
        "Amortization": NaN,
        "Amortization Of Intangibles Income Statement": NaN,
        "Selling General And Administration": NaN,
        "Selling And Marketing Expense": 159000.0,
        "General And Administrative Expense": NaN,
        "Insurance And Claims": NaN,
        "Salaries And Wages": NaN,
        "Total Revenue": NaN,
        "Operating Revenue": NaN,
        "Occupancy And Equipment": NaN,
        "Professional Expense And Contract Services Expense": NaN,
        "Other Non Interest Expense": NaN
    },
    "2023-12-31": {
        "Tax Effect Of Unusual Items": NaN,
        "Tax Rate For Calcs": NaN,
        "Total Unusual Items": NaN,
        "Total Unusual Items Excluding Goodwill": NaN,
        "Net Income From Continuing Operation Net Minority Interest": NaN,
        "Reconciled Depreciation": NaN,
        "Net Interest Income": NaN,
        "Interest Expense": NaN,
        "Interest Income": NaN,
        "Normalized Income": NaN,
        "Net Income From Continuing And Discontinued Operation": NaN,
        "Diluted Average Shares": NaN,
        "Basic Average Shares": NaN,
        "Diluted EPS": NaN,
        "Basic EPS": NaN,
        "Diluted NI Availto Com Stockholders": NaN,
        "Net Income Common Stockholders": NaN,
        "Net Income": NaN,
        "Net Income Including Noncontrolling Interests": NaN,
        "Net Income Continuous Operations": NaN,
        "Tax Provision": NaN,
        "Pretax Income": NaN,
        "Special Income Charges": NaN,
        "Other Special Charges": 0.0,
        "Restructuring And Mergern Acquisition": NaN,
        "Gain On Sale Of Security": NaN,
        "Depreciation Amortization Depletion Income Statement": NaN,
        "Depreciation And Amortization In Income Statement": NaN,
        "Amortization": NaN,
        "Amortization Of Intangibles Income Statement": NaN,
        "Selling General And Administration": NaN,
        "Selling And Marketing Expense": 140000.0,
        "General And Administrative Expense": NaN,
        "Insurance And Claims": NaN,
        "Salaries And Wages": NaN,
        "Total Revenue": NaN,
        "Operating Revenue": NaN,
        "Occupancy And Equipment": NaN,
        "Professional Expense And Contract Services Expense": NaN,
        "Other Non Interest Expense": NaN
    },
    "2024-03-31": {
        "Tax Effect Of Unusual Items": NaN,
        "Tax Rate For Calcs": NaN,
        "Total Unusual Items": NaN,
        "Total Unusual Items Excluding Goodwill": NaN,
        "Net Income From Continuing Operation Net Minority Interest": NaN,
        "Reconciled Depreciation": NaN,
        "Net Interest Income": NaN,
        "Interest Expense": NaN,
        "Interest Income": NaN,
        "Normalized Income": NaN,
        "Net Income From Continuing And Discontinued Operation": NaN,
        "Diluted Average Shares": NaN,
        "Basic Average Shares": NaN,
        "Diluted EPS": NaN,
        "Basic EPS": NaN,
        "Diluted NI Availto Com Stockholders": NaN,
        "Net Income Common Stockholders": NaN,
        "Net Income": NaN,
        "Net Income Including Noncontrolling Interests": NaN,
        "Net Income Continuous Operations": NaN,
        "Tax Provision": NaN,
        "Pretax Income": NaN,
        "Special Income Charges": NaN,
        "Restructuring And Mergern Acquisition": NaN,
        "Gain On Sale Of Security": NaN,
        "Depreciation Amortization Depletion Income Statement": NaN,
        "Depreciation And Amortization In Income Statement": NaN,
        "Amortization": NaN,
        "Amortization Of Intangibles Income Statement": NaN,
        "Selling General And Administration": NaN,
        "Selling And Marketing Expense": 88000.0,
        "General And Administrative Expense": NaN,
        "Insurance And Claims": NaN,
        "Salaries And Wages": NaN,
        "Total Revenue": NaN,
        "Operating Revenue": NaN,
        "Occupancy And Equipment": NaN,
        "Professional Expense And Contract Services Expense": NaN,
        "Other Non Interest Expense": NaN
    },
    "2024-06-30": {
        "Tax Effect Of Unusual Items": -4794.020633,
        "Tax Rate For Calcs": 0.208436,
        "Total Unusual Items": -23000.0,
        "Total Unusual Items Excluding Goodwill": -23000.0,
        "Net Income From Continuing Operation Net Minority Interest": 11279000.0,
        "Reconciled Depreciation": 758000.0,
        "Net Interest Income": 20716000.0,
        "Interest Expense": 5905000.0,
        "Interest Income": 26621000.0,
        "Normalized Income": 11297205.979367,
        "Net Income From Continuing And Discontinued Operation": 11279000.0,
        "Diluted Average Shares": 8544697.0,
        "Basic Average Shares": 8544697.0,
        "Diluted EPS": 1.32,
        "Basic EPS": 1.32,
        "Diluted NI Availto Com Stockholders": 11279000.0,
        "Net Income Common Stockholders": 11279000.0,
        "Net Income": 11279000.0,
        "Net Income Including Noncontrolling Interests": 11279000.0,
        "Net Income Continuous Operations": 11279000.0,
        "Tax Provision": 2970000.0,
        "Pretax Income": 14249000.0,
        "Special Income Charges": -23000.0,
        "Restructuring And Mergern Acquisition": 23000.0,
        "Gain On Sale Of Security": 1000.0,
        "Depreciation Amortization Depletion Income Statement": 315000.0,
        "Depreciation And Amortization In Income Statement": 315000.0,
        "Amortization": 315000.0,
        "Amortization Of Intangibles Income Statement": 315000.0,
        "Selling General And Administration": 10774000.0,
        "Selling And Marketing Expense": 88000.0,
        "General And Administrative Expense": 10774000.0,
        "Insurance And Claims": 348000.0,
        "Salaries And Wages": 10426000.0,
        "Total Revenue": 27391000.0,
        "Operating Revenue": 27391000.0,
        "Occupancy And Equipment": 2561000.0,
        "Professional Expense And Contract Services Expense": 529000.0,
        "Other Non Interest Expense": 2189000.0
    },
    "2024-09-30": {
        "Tax Effect Of Unusual Items": -266058.0,
        "Tax Rate For Calcs": 0.234,
        "Total Unusual Items": -1137000.0,
        "Total Unusual Items Excluding Goodwill": -1137000.0,
        "Net Income From Continuing Operation Net Minority Interest": 7204000.0,
        "Reconciled Depreciation": 744000.0,
        "Net Interest Income": 20691000.0,
        "Interest Expense": 6299000.0,
        "Interest Income": 26990000.0,
        "Normalized Income": 8074942.0,
        "Net Income From Continuing And Discontinued Operation": 7204000.0,
        "Diluted Average Shares": 8545578.0,
        "Basic Average Shares": 8507140.0,
        "Diluted EPS": 0.84,
        "Basic EPS": 0.85,
        "Diluted NI Availto Com Stockholders": 7204000.0,
        "Net Income Common Stockholders": 7204000.0,
        "Net Income": 7204000.0,
        "Net Income Including Noncontrolling Interests": 7204000.0,
        "Net Income Continuous Operations": 7204000.0,
        "Tax Provision": 2206000.0,
        "Pretax Income": 9410000.0,
        "Special Income Charges": -1137000.0,
        "Restructuring And Mergern Acquisition": 1137000.0,
        "Gain On Sale Of Security": 28000.0,
        "Depreciation Amortization Depletion Income Statement": 304000.0,
        "Depreciation And Amortization In Income Statement": 304000.0,
        "Amortization": 304000.0,
        "Amortization Of Intangibles Income Statement": 304000.0,
        "Selling General And Administration": 11481000.0,
        "Selling And Marketing Expense": 99000.0,
        "General And Administrative Expense": 11382000.0,
        "Insurance And Claims": 365000.0,
        "Salaries And Wages": 11017000.0,
        "Total Revenue": 27775000.0,
        "Operating Revenue": 27775000.0,
        "Occupancy And Equipment": 2643000.0,
        "Professional Expense And Contract Services Expense": 409000.0,
        "Other Non Interest Expense": 2270000.0
    },
    "2024-12-31": {
        "Tax Effect Of Unusual Items": -176161.64683,
        "Tax Rate For Calcs": 0.199053,
        "Total Unusual Items": -885000.0,
        "Total Unusual Items Excluding Goodwill": -885000.0,
        "Net Income From Continuing Operation Net Minority Interest": 6595000.0,
        "Reconciled Depreciation": 765000.0,
        "Net Interest Income": 20881000.0,
        "Interest Expense": 6269000.0,
        "Interest Income": 27150000.0,
        "Normalized Income": 7303838.35317,
        "Net Income From Continuing And Discontinued Operation": 6595000.0,
        "Diluted Average Shares": 8549691.0,
        "Basic Average Shares": 8511253.0,
        "Diluted EPS": 0.77,
        "Basic EPS": 0.78,
        "Diluted NI Availto Com Stockholders": 6595000.0,
        "Net Income Common Stockholders": 6595000.0,
        "Net Income": 6595000.0,
        "Net Income Including Noncontrolling Interests": 6595000.0,
        "Net Income Continuous Operations": 6595000.0,
        "Tax Provision": 1639000.0,
        "Pretax Income": 8234000.0,
        "Special Income Charges": -885000.0,
        "Restructuring And Mergern Acquisition": 885000.0,
        "Gain On Sale Of Security": -28000.0,
        "Depreciation Amortization Depletion Income Statement": 304000.0,
        "Depreciation And Amortization In Income Statement": 304000.0,
        "Amortization": 304000.0,
        "Amortization Of Intangibles Income Statement": 304000.0,
        "Selling General And Administration": 10380000.0,
        "Selling And Marketing Expense": NaN,
        "General And Administrative Expense": 10655000.0,
        "Insurance And Claims": 337000.0,
        "Salaries And Wages": 10318000.0,
        "Total Revenue": 26915000.0,
        "Operating Revenue": 26915000.0,
        "Occupancy And Equipment": 3420000.0,
        "Professional Expense And Contract Services Expense": 586000.0,
        "Other Non Interest Expense": 2813000.0
    },
    "2025-03-31": {
        "Tax Effect Of Unusual Items": -1686510.0,
        "Tax Rate For Calcs": 0.21,
        "Total Unusual Items": -8031000.0,
        "Total Unusual Items Excluding Goodwill": -8031000.0,
        "Net Income From Continuing Operation Net Minority Interest": -272000.0,
        "Reconciled Depreciation": 1445000.0,
        "Net Interest Income": 26750000.0,
        "Interest Expense": 9200000.0,
        "Interest Income": 35950000.0,
        "Normalized Income": 6072490.0,
        "Net Income From Continuing And Discontinued Operation": -272000.0,
        "Diluted Average Shares": 9823475.0,
        "Basic Average Shares": 9806299.0,
        "Diluted EPS": -0.03,
        "Basic EPS": -0.03,
        "Diluted NI Availto Com Stockholders": -272000.0,
        "Net Income Common Stockholders": -272000.0,
        "Net Income": -272000.0,
        "Net Income Including Noncontrolling Interests": -272000.0,
        "Net Income Continuous Operations": -272000.0,
        "Tax Provision": -277000.0,
        "Pretax Income": -549000.0,
        "Special Income Charges": -8031000.0,
        "Restructuring And Mergern Acquisition": 8031000.0,
        "Gain On Sale Of Security": 14000.0,
        "Depreciation Amortization Depletion Income Statement": 857000.0,
        "Depreciation And Amortization In Income Statement": 857000.0,
        "Amortization": 857000.0,
        "Amortization Of Intangibles Income Statement": 857000.0,
        "Selling General And Administration": 13262000.0,
        "Selling And Marketing Expense": NaN,
        "General And Administrative Expense": 13262000.0,
        "Insurance And Claims": 401000.0,
        "Salaries And Wages": 12861000.0,
        "Total Revenue": 34274000.0,
        "Operating Revenue": 34274000.0,
        "Occupancy And Equipment": 3722000.0,
        "Professional Expense And Contract Services Expense": 577000.0,
        "Other Non Interest Expense": 2886000.0
    },
    "2025-06-30": {
        "Tax Effect Of Unusual Items": -425088.262911,
        "Tax Rate For Calcs": 0.218779,
        "Total Unusual Items": -1943000.0,
        "Total Unusual Items Excluding Goodwill": -1943000.0,
        "Net Income From Continuing Operation Net Minority Interest": 11648000.0,
        "Reconciled Depreciation": 1773000.0,
        "Net Interest Income": 30705000.0,
        "Interest Expense": 10564000.0,
        "Interest Income": 41269000.0,
        "Normalized Income": 13165911.737089,
        "Net Income From Continuing And Discontinued Operation": 11648000.0,
        "Diluted Average Shares": 10487519.0,
        "Basic Average Shares": 10451469.0,
        "Diluted EPS": 1.11,
        "Basic EPS": 1.11,
        "Diluted NI Availto Com Stockholders": 11648000.0,
        "Net Income Common Stockholders": 11648000.0,
        "Net Income": 11648000.0,
        "Net Income Including Noncontrolling Interests": 11648000.0,
        "Net Income Continuous Operations": 11648000.0,
        "Tax Provision": 3262000.0,
        "Pretax Income": 14910000.0,
        "Special Income Charges": -1943000.0,
        "Restructuring And Mergern Acquisition": 1943000.0,
        "Gain On Sale Of Security": 25000.0,
        "Depreciation Amortization Depletion Income Statement": 1141000.0,
        "Depreciation And Amortization In Income Statement": 1141000.0,
        "Amortization": 1141000.0,
        "Amortization Of Intangibles Income Statement": 1141000.0,
        "Selling General And Administration": 14128000.0,
        "Selling And Marketing Expense": NaN,
        "General And Administrative Expense": 14128000.0,
        "Insurance And Claims": 435000.0,
        "Salaries And Wages": 13693000.0,
        "Total Revenue": 39694000.0,
        "Operating Revenue": 39694000.0,
        "Occupancy And Equipment": 3816000.0,
        "Professional Expense And Contract Services Expense": 743000.0,
        "Other Non Interest Expense": 3595000.0
    }
}