{
    "2023-03-31": {
        "Tax Effect Of Unusual Items": -56637.0,
        "Tax Rate For Calcs": 0.217,
        "Normalized EBITDA": -4102000.0,
        "Total Unusual Items": -261000.0,
        "Total Unusual Items Excluding Goodwill": -261000.0,
        "Net Income From Continuing Operation Net Minority Interest": -5788000.0,
        "Reconciled Depreciation": 1925000.0,
        "Reconciled Cost Of Revenue": 53394000.0,
        "EBITDA": -4363000.0,
        "EBIT": -6288000.0,
        "Net Interest Income": -1107000.0,
        "Interest Expense": 1107000.0,
        "Normalized Income": -5583637.0,
        "Net Income From Continuing And Discontinued Operation": -5199000.0,
        "Total Expenses": 60982000.0,
        "Total Operating Income As Reported": -6383000.0,
        "Diluted Average Shares": NaN,
        "Basic Average Shares": NaN,
        "Diluted EPS": NaN,
        "Basic EPS": NaN,
        "Diluted NI Availto Com Stockholders": -5199000.0,
        "Net Income Common Stockholders": -5199000.0,
        "Net Income": -5199000.0,
        "Net Income Including Noncontrolling Interests": -5199000.0,
        "Net Income Discontinuous Operations": 589000.0,
        "Net Income Continuous Operations": -5788000.0,
        "Tax Provision": -1607000.0,
        "Pretax Income": -7395000.0,
        "Other Income Expense": -166000.0,
        "Other Non Operating Income Expenses": 95000.0,
        "Special Income Charges": -261000.0,
        "Impairment Of Capital Assets": NaN,
        "Restructuring And Mergern Acquisition": 261000.0,
        "Net Non Operating Interest Income Expense": -1107000.0,
        "Interest Expense Non Operating": 1107000.0,
        "Operating Income": -6122000.0,
        "Operating Expense": 7588000.0,
        "Selling General And Administration": 7588000.0,
        "Gross Profit": 1466000.0,
        "Cost Of Revenue": 53394000.0,
        "Total Revenue": 54860000.0,
        "Operating Revenue": 54860000.0
    },
    "2022-12-31": {
        "Tax Effect Of Unusual Items": NaN,
        "Tax Rate For Calcs": NaN,
        "Normalized EBITDA": NaN,
        "Total Unusual Items": NaN,
        "Total Unusual Items Excluding Goodwill": NaN,
        "Net Income From Continuing Operation Net Minority Interest": NaN,
        "Reconciled Depreciation": NaN,
        "Reconciled Cost Of Revenue": NaN,
        "EBITDA": NaN,
        "EBIT": NaN,
        "Net Interest Income": NaN,
        "Interest Expense": NaN,
        "Normalized Income": NaN,
        "Net Income From Continuing And Discontinued Operation": NaN,
        "Total Expenses": NaN,
        "Total Operating Income As Reported": NaN,
        "Diluted Average Shares": NaN,
        "Basic Average Shares": NaN,
        "Diluted EPS": NaN,
        "Basic EPS": NaN,
        "Diluted NI Availto Com Stockholders": NaN,
        "Net Income Common Stockholders": NaN,
        "Net Income": NaN,
        "Net Income Including Noncontrolling Interests": NaN,
        "Net Income Discontinuous Operations": NaN,
        "Net Income Continuous Operations": NaN,
        "Tax Provision": NaN,
        "Pretax Income": NaN,
        "Other Income Expense": NaN,
        "Other Non Operating Income Expenses": NaN,
        "Special Income Charges": NaN,
        "Write Off": 0.0,
        "Impairment Of Capital Assets": NaN,
        "Restructuring And Mergern Acquisition": NaN,
        "Net Non Operating Interest Income Expense": NaN,
        "Interest Expense Non Operating": NaN,
        "Operating Income": NaN,
        "Operating Expense": NaN,
        "Selling General And Administration": NaN,
        "Gross Profit": NaN,
        "Cost Of Revenue": NaN,
        "Total Revenue": NaN,
        "Operating Revenue": NaN
    },
    "2022-09-30": {
        "Tax Effect Of Unusual Items": NaN,
        "Tax Rate For Calcs": NaN,
        "Normalized EBITDA": NaN,
        "Total Unusual Items": NaN,
        "Total Unusual Items Excluding Goodwill": NaN,
        "Net Income From Continuing Operation Net Minority Interest": NaN,
        "Reconciled Depreciation": NaN,
        "Reconciled Cost Of Revenue": NaN,
        "EBITDA": NaN,
        "EBIT": NaN,
        "Net Interest Income": NaN,
        "Interest Expense": NaN,
        "Normalized Income": NaN,
        "Net Income From Continuing And Discontinued Operation": NaN,
        "Total Expenses": NaN,
        "Total Operating Income As Reported": NaN,
        "Diluted Average Shares": NaN,
        "Basic Average Shares": NaN,
        "Diluted EPS": NaN,
        "Basic EPS": NaN,
        "Diluted NI Availto Com Stockholders": NaN,
        "Net Income Common Stockholders": NaN,
        "Net Income": NaN,
        "Net Income Including Noncontrolling Interests": NaN,
        "Net Income Discontinuous Operations": -2481000.0,
        "Net Income Continuous Operations": NaN,
        "Tax Provision": NaN,
        "Pretax Income": NaN,
        "Other Income Expense": NaN,
        "Other Non Operating Income Expenses": NaN,
        "Special Income Charges": NaN,
        "Write Off": 0.0,
        "Impairment Of Capital Assets": 0.0,
        "Restructuring And Mergern Acquisition": NaN,
        "Net Non Operating Interest Income Expense": NaN,
        "Interest Expense Non Operating": NaN,
        "Operating Income": NaN,
        "Operating Expense": NaN,
        "Selling General And Administration": NaN,
        "Gross Profit": NaN,
        "Cost Of Revenue": NaN,
        "Total Revenue": NaN,
        "Operating Revenue": NaN
    },
    "2022-06-30": {
        "Tax Effect Of Unusual Items": -3072.0,
        "Tax Rate For Calcs": 0.064,
        "Normalized EBITDA": 15075000.0,
        "Total Unusual Items": -48000.0,
        "Total Unusual Items Excluding Goodwill": -48000.0,
        "Net Income From Continuing Operation Net Minority Interest": 11057000.0,
        "Reconciled Depreciation": 2813000.0,
        "Reconciled Cost Of Revenue": 95329000.0,
        "EBITDA": 15027000.0,
        "EBIT": 12214000.0,
        "Net Interest Income": -407000.0,
        "Interest Expense": 407000.0,
        "Normalized Income": 11101928.0,
        "Net Income From Continuing And Discontinued Operation": 11057000.0,
        "Total Expenses": 103963000.0,
        "Total Operating Income As Reported": 12191000.0,
        "Diluted Average Shares": 10431000.0,
        "Basic Average Shares": 10244000.0,
        "Diluted EPS": 1.06,
        "Basic EPS": 1.08,
        "Diluted NI Availto Com Stockholders": 11057000.0,
        "Net Income Common Stockholders": 11057000.0,
        "Net Income": 11057000.0,
        "Net Income Including Noncontrolling Interests": 11057000.0,
        "Net Income Discontinuous Operations": NaN,
        "Net Income Continuous Operations": 11057000.0,
        "Tax Provision": 750000.0,
        "Pretax Income": 11807000.0,
        "Other Income Expense": -25000.0,
        "Other Non Operating Income Expenses": 23000.0,
        "Special Income Charges": -48000.0,
        "Write Off": 0.0,
        "Restructuring And Mergern Acquisition": 48000.0,
        "Net Non Operating Interest Income Expense": -407000.0,
        "Interest Expense Non Operating": 407000.0,
        "Operating Income": 12239000.0,
        "Operating Expense": 8634000.0,
        "Selling General And Administration": 8634000.0,
        "Gross Profit": 20873000.0,
        "Cost Of Revenue": 95329000.0,
        "Total Revenue": 116202000.0,
        "Operating Revenue": 116202000.0
    },
    "2022-03-31": {
        "Diluted EPS": 0.99,
        "Total Revenue": 116,
        "Gross Profit": 22,
        "Operating Income": 13,
        "EBIT": 16,
        "Net Income": 10
    },
    "2021-12-31": {
        "Diluted EPS": 0.84,
        "Total Revenue": 96,
        "Gross Profit": 20,
        "Operating Income": 10,
        "EBIT": 13,
        "Net Income": 8
    },
    "2021-09-30": {
        "Diluted EPS": 0.87,
        "Total Revenue": 86,
        "Gross Profit": 18,
        "Operating Income": 11,
        "EBIT": 13,
        "Net Income": 8
    },
    "2021-06-30": {
        "Diluted EPS": 0.31,
        "Total Revenue": 83,
        "Gross Profit": 14,
        "Operating Income": 4,
        "EBIT": 7,
        "Net Income": 3
    },
    "2021-03-31": {
        "Diluted EPS": 0.12,
        "Total Revenue": 70,
        "Gross Profit": 9,
        "Operating Income": 2,
        "EBIT": 5,
        "Net Income": 1
    },
    "2020-12-31": {
        "Diluted EPS": -0.92,
        "Total Revenue": 56,
        "Gross Profit": 6,
        "Operating Income": -7,
        "EBIT": 1,
        "Net Income": -9
    },
    "2020-09-30": {
        "Diluted EPS": -1.16,
        "Total Revenue": 59,
        "Gross Profit": 5,
        "Operating Income": -13,
        "EBIT": 1,
        "Net Income": -11
    },
    "2020-06-30": {
        "Diluted EPS": -0.77,
        "Total Revenue": 66,
        "Gross Profit": 4,
        "Operating Income": -11,
        "EBIT": -8,
        "Net Income": -7
    },
    "2020-03-31": {
        "Diluted EPS": -0.13,
        "Total Revenue": 75,
        "Gross Profit": 7,
        "Operating Income": -1,
        "EBIT": 2,
        "Net Income": -1
    },
    "2019-12-31": {
        "Diluted EPS": -0.1,
        "Total Revenue": 68,
        "Gross Profit": 7,
        "Operating Income": -2,
        "EBIT": 1,
        "Net Income": -1
    },
    "2019-09-30": {
        "Diluted EPS": -0.11,
        "Total Revenue": 74,
        "Gross Profit": 7,
        "Operating Income": 0,
        "EBIT": 3,
        "Net Income": -1
    },
    "2019-06-30": {
        "Diluted EPS": -0.03,
        "Total Revenue": 79,
        "Gross Profit": 8,
        "Operating Income": 1,
        "EBIT": 3,
        "Net Income": 0
    },
    "2019-03-31": {
        "Diluted EPS": -0.1,
        "Total Revenue": 85,
        "Gross Profit": 9,
        "Operating Income": -1,
        "EBIT": 2,
        "Net Income": -1
    },
    "2018-12-31": {
        "Diluted EPS": 0.07,
        "Total Revenue": 73,
        "Gross Profit": 10,
        "Operating Income": 4,
        "EBIT": 6,
        "Net Income": 1
    },
    "2018-09-30": {
        "Diluted EPS": 0.56,
        "Total Revenue": 78,
        "Gross Profit": 14,
        "Operating Income": 8,
        "EBIT": 10,
        "Net Income": 5
    },
    "2018-06-30": {
        "Diluted EPS": 0.41,
        "Total Revenue": 72,
        "Gross Profit": 16,
        "Operating Income": 5,
        "EBIT": 7,
        "Net Income": 4
    },
    "2018-03-31": {
        "Diluted EPS": 0.44,
        "Total Revenue": 58,
        "Gross Profit": 11,
        "Operating Income": 5,
        "EBIT": 7,
        "Net Income": 4
    },
    "2017-12-31": {
        "Diluted EPS": 0.11,
        "Total Revenue": 53,
        "Gross Profit": 8,
        "Operating Income": 1,
        "EBIT": 3,
        "Net Income": 1
    },
    "2017-09-30": {
        "Diluted EPS": -0.14,
        "Total Revenue": 55,
        "Gross Profit": 5,
        "Operating Income": -2,
        "EBIT": 0,
        "Net Income": -1
    },
    "2017-06-30": {
        "Diluted EPS": 0.1,
        "Total Revenue": 52,
        "Gross Profit": 8,
        "Operating Income": 2,
        "EBIT": 4,
        "Net Income": 1
    },
    "2017-03-31": {
        "Diluted EPS": 0.08,
        "Total Revenue": 42,
        "Gross Profit": 7,
        "Operating Income": 1,
        "EBIT": 3,
        "Net Income": 1
    },
    "2016-12-31": {
        "Diluted EPS": -0.17,
        "Total Revenue": 33,
        "Gross Profit": 4,
        "Operating Income": -2,
        "EBIT": 0,
        "Net Income": -1
    },
    "2016-09-30": {
        "Diluted EPS": -0.3,
        "Total Revenue": 34,
        "Gross Profit": 5,
        "Operating Income": -4,
        "EBIT": -2,
        "Net Income": -3
    },
    "2016-06-30": {
        "Diluted EPS": -0.19,
        "Total Revenue": 35,
        "Gross Profit": 4,
        "Operating Income": -2,
        "EBIT": 0,
        "Net Income": -2
    },
    "2016-03-31": {
        "Diluted EPS": -0.16,
        "Total Revenue": 36,
        "Gross Profit": 5,
        "Operating Income": -1,
        "EBIT": 1,
        "Net Income": -1
    },
    "2015-12-31": {
        "Diluted EPS": -2.18,
        "Total Revenue": 36,
        "Gross Profit": 3,
        "Operating Income": -19,
        "EBIT": -1,
        "Net Income": -19
    },
    "2015-09-30": {
        "Diluted EPS": 0.16,
        "Total Revenue": 38,
        "Gross Profit": 5,
        "Operating Income": 0,
        "EBIT": 2,
        "Net Income": 1
    },
    "2015-06-30": {
        "Diluted EPS": 0.28,
        "Total Revenue": 50,
        "Gross Profit": 8,
        "Operating Income": 3,
        "EBIT": 5,
        "Net Income": 2
    },
    "2015-03-31": {
        "Diluted EPS": 0.42,
        "Total Revenue": 52,
        "Gross Profit": 9,
        "Operating Income": 3,
        "EBIT": 5,
        "Net Income": 4
    },
    "2014-12-31": {
        "Diluted EPS": 0.25,
        "Total Revenue": 49,
        "Gross Profit": 8,
        "Operating Income": 3,
        "EBIT": 4,
        "Net Income": 2
    },
    "2014-09-30": {
        "Diluted EPS": 0.14,
        "Total Revenue": 48,
        "Gross Profit": 8,
        "Operating Income": 5,
        "EBIT": 6,
        "Net Income": 1
    },
    "2014-06-30": {
        "Diluted EPS": 0.04,
        "Total Revenue": 53,
        "Gross Profit": 9,
        "Operating Income": 5,
        "EBIT": 6,
        "Net Income": 0
    },
    "2014-03-31": {
        "Diluted EPS": 0.2,
        "Total Revenue": 50,
        "Gross Profit": 8,
        "Operating Income": 4,
        "EBIT": 5,
        "Net Income": 2
    },
    "2013-12-31": {
        "Diluted EPS": -0.49,
        "Total Revenue": 36,
        "Gross Profit": 1,
        "Operating Income": -3,
        "EBIT": -2,
        "Net Income": -3
    },
    "2013-09-30": {
        "Diluted EPS": 0.23,
        "Total Revenue": 49,
        "Gross Profit": 5,
        "Operating Income": 1,
        "EBIT": 2,
        "Net Income": 1
    },
    "2013-06-30": {
        "Diluted EPS": 0.29,
        "Total Revenue": 53,
        "Gross Profit": 7,
        "Operating Income": 3,
        "EBIT": 4,
        "Net Income": 2
    },
    "2013-03-31": {
        "Diluted EPS": 0.23,
        "Total Revenue": 58,
        "Gross Profit": 7,
        "Operating Income": 2,
        "EBIT": 4,
        "Net Income": 1
    },
    "2012-12-31": {
        "Diluted EPS": 0.15,
        "Total Revenue": 22,
        "Gross Profit": 4,
        "Operating Income": 2,
        "EBIT": 3,
        "Net Income": 1
    },
    "2012-09-30": {
        "Diluted EPS": 0.13,
        "Total Revenue": 50,
        "Gross Profit": 6,
        "Operating Income": 1,
        "EBIT": 2,
        "Net Income": 1
    },
    "2012-06-30": {
        "Diluted EPS": 0.17,
        "Total Revenue": 47,
        "Gross Profit": 5,
        "Operating Income": 2,
        "EBIT": 2,
        "Net Income": 1
    },
    "2012-03-31": {
        "Diluted EPS": 0.21,
        "Total Revenue": 47,
        "Gross Profit": 5,
        "Operating Income": 2,
        "EBIT": 3,
        "Net Income": 1
    },
    "2011-12-31": {
        "Diluted EPS": 0.16,
        "Total Revenue": 40,
        "Gross Profit": 5,
        "Operating Income": 1,
        "EBIT": 2,
        "Net Income": 1
    },
    "2011-09-30": {
        "Diluted EPS": 0.09,
        "Total Revenue": 46,
        "Gross Profit": 4,
        "Operating Income": 1,
        "EBIT": 2,
        "Net Income": 1
    },
    "2011-06-30": {
        "Diluted EPS": 0.27,
        "Total Revenue": 41,
        "Gross Profit": 6,
        "Operating Income": 3,
        "EBIT": 3,
        "Net Income": 2
    },
    "2011-03-31": {
        "Diluted EPS": 0.39,
        "Total Revenue": 43,
        "Gross Profit": 7,
        "Operating Income": 4,
        "EBIT": 5,
        "Net Income": 3
    },
    "2010-12-31": {
        "Diluted EPS": 0.24,
        "Total Revenue": 38,
        "Gross Profit": 4,
        "Operating Income": 2,
        "EBIT": 3,
        "Net Income": 1
    },
    "2010-09-30": {
        "Diluted EPS": 0.22,
        "Total Revenue": 42,
        "Gross Profit": 5,
        "Operating Income": 2,
        "EBIT": 3,
        "Net Income": 1
    },
    "2010-06-30": {
        "Diluted EPS": 0.17,
        "Total Revenue": 36,
        "Gross Profit": 4,
        "Operating Income": 2,
        "EBIT": 2,
        "Net Income": 1
    },
    "2010-03-31": {
        "Diluted EPS": 0.01,
        "Total Revenue": 35,
        "Gross Profit": 3,
        "Operating Income": 0,
        "EBIT": 1,
        "Net Income": 0
    },
    "2009-12-31": {
        "Diluted EPS": -0.05,
        "Total Revenue": 26,
        "Gross Profit": 2,
        "Operating Income": 0,
        "EBIT": 0,
        "Net Income": 0
    },
    "2009-09-30": {
        "Diluted EPS": 0.07,
        "Total Revenue": 26,
        "Gross Profit": 3,
        "Operating Income": 1,
        "EBIT": 1,
        "Net Income": 0
    },
    "2009-06-30": {
        "Diluted EPS": -0.02,
        "Total Revenue": 22,
        "Gross Profit": 2,
        "Operating Income": 0,
        "EBIT": 0,
        "Net Income": 0
    },
    "2009-03-31": {
        "Diluted EPS": 0.03,
        "Total Revenue": 30,
        "Gross Profit": 3,
        "Operating Income": 1,
        "EBIT": 1,
        "Net Income": 0
    },
    "2023-06-30": {
        "Tax Effect Of Unusual Items": -3456.0,
        "Tax Rate For Calcs": 0.216,
        "Normalized EBITDA": -4840000.0,
        "Total Unusual Items": -16000.0,
        "Total Unusual Items Excluding Goodwill": -16000.0,
        "Net Income From Continuing Operation Net Minority Interest": -6149000.0,
        "Reconciled Depreciation": 1939000.0,
        "Reconciled Cost Of Revenue": 51132000.0,
        "EBITDA": -4856000.0,
        "EBIT": -6795000.0,
        "Net Interest Income": -1047000.0,
        "Interest Expense": 1047000.0,
        "Normalized Income": -6136456.0,
        "Net Income From Continuing And Discontinued Operation": -14636000.0,
        "Total Expenses": 57288000.0,
        "Total Operating Income As Reported": -6949000.0,
        "Diluted Average Shares": NaN,
        "Basic Average Shares": NaN,
        "Diluted EPS": NaN,
        "Basic EPS": NaN,
        "Diluted NI Availto Com Stockholders": -14636000.0,
        "Net Income Common Stockholders": -14636000.0,
        "Net Income": -14636000.0,
        "Net Income Including Noncontrolling Interests": -14636000.0,
        "Net Income Discontinuous Operations": -8487000.0,
        "Net Income Continuous Operations": -6149000.0,
        "Tax Provision": -1693000.0,
        "Pretax Income": -7842000.0,
        "Other Income Expense": 138000.0,
        "Other Non Operating Income Expenses": 154000.0,
        "Special Income Charges": -16000.0,
        "Other Special Charges": NaN,
        "Impairment Of Capital Assets": NaN,
        "Restructuring And Mergern Acquisition": 16000.0,
        "Net Non Operating Interest Income Expense": -1047000.0,
        "Interest Expense Non Operating": 1047000.0,
        "Operating Income": -6933000.0,
        "Operating Expense": 6156000.0,
        "Selling General And Administration": 6156000.0,
        "Gross Profit": -777000.0,
        "Cost Of Revenue": 51132000.0,
        "Total Revenue": 50355000.0,
        "Operating Revenue": 50355000.0
    },
    "2023-09-30": {
        "Tax Effect Of Unusual Items": NaN,
        "Tax Rate For Calcs": NaN,
        "Normalized EBITDA": NaN,
        "Total Unusual Items": NaN,
        "Total Unusual Items Excluding Goodwill": NaN,
        "Net Income From Continuing Operation Net Minority Interest": NaN,
        "Reconciled Depreciation": NaN,
        "Reconciled Cost Of Revenue": NaN,
        "EBITDA": NaN,
        "EBIT": NaN,
        "Net Interest Income": NaN,
        "Interest Expense": NaN,
        "Normalized Income": NaN,
        "Net Income From Continuing And Discontinued Operation": NaN,
        "Total Expenses": NaN,
        "Total Operating Income As Reported": NaN,
        "Diluted Average Shares": NaN,
        "Basic Average Shares": NaN,
        "Diluted EPS": NaN,
        "Basic EPS": NaN,
        "Diluted NI Availto Com Stockholders": NaN,
        "Net Income Common Stockholders": NaN,
        "Net Income": NaN,
        "Net Income Including Noncontrolling Interests": NaN,
        "Net Income Discontinuous Operations": NaN,
        "Net Income Continuous Operations": NaN,
        "Tax Provision": NaN,
        "Pretax Income": NaN,
        "Other Income Expense": NaN,
        "Other Non Operating Income Expenses": NaN,
        "Special Income Charges": NaN,
        "Other Special Charges": NaN,
        "Impairment Of Capital Assets": 11389000.0,
        "Restructuring And Mergern Acquisition": NaN,
        "Net Non Operating Interest Income Expense": NaN,
        "Interest Expense Non Operating": NaN,
        "Operating Income": NaN,
        "Operating Expense": NaN,
        "Selling General And Administration": NaN,
        "Gross Profit": NaN,
        "Cost Of Revenue": NaN,
        "Total Revenue": NaN,
        "Operating Revenue": NaN
    },
    "2023-12-31": {
        "Tax Effect Of Unusual Items": NaN,
        "Tax Rate For Calcs": NaN,
        "Normalized EBITDA": NaN,
        "Total Unusual Items": NaN,
        "Total Unusual Items Excluding Goodwill": NaN,
        "Net Income From Continuing Operation Net Minority Interest": NaN,
        "Reconciled Depreciation": NaN,
        "Reconciled Cost Of Revenue": NaN,
        "EBITDA": NaN,
        "EBIT": NaN,
        "Net Interest Income": NaN,
        "Interest Expense": NaN,
        "Interest Income": NaN,
        "Normalized Income": NaN,
        "Net Income From Continuing And Discontinued Operation": NaN,
        "Total Expenses": NaN,
        "Total Operating Income As Reported": NaN,
        "Diluted Average Shares": NaN,
        "Basic Average Shares": NaN,
        "Diluted EPS": NaN,
        "Basic EPS": NaN,
        "Diluted NI Availto Com Stockholders": NaN,
        "Net Income Common Stockholders": NaN,
        "Net Income": NaN,
        "Net Income Including Noncontrolling Interests": NaN,
        "Net Income Discontinuous Operations": NaN,
        "Net Income Continuous Operations": NaN,
        "Tax Provision": NaN,
        "Pretax Income": NaN,
        "Other Income Expense": NaN,
        "Other Non Operating Income Expenses": NaN,
        "Special Income Charges": NaN,
        "Other Special Charges": NaN,
        "Write Off": NaN,
        "Impairment Of Capital Assets": 0.0,
        "Restructuring And Mergern Acquisition": NaN,
        "Net Non Operating Interest Income Expense": NaN,
        "Interest Expense Non Operating": NaN,
        "Interest Income Non Operating": NaN,
        "Operating Income": NaN,
        "Operating Expense": NaN,
        "Selling General And Administration": NaN,
        "Gross Profit": NaN,
        "Cost Of Revenue": NaN,
        "Total Revenue": NaN,
        "Operating Revenue": NaN
    },
    "2024-03-31": {
        "Tax Effect Of Unusual Items": NaN,
        "Tax Rate For Calcs": NaN,
        "Normalized EBITDA": NaN,
        "Total Unusual Items": NaN,
        "Total Unusual Items Excluding Goodwill": NaN,
        "Net Income From Continuing Operation Net Minority Interest": NaN,
        "Reconciled Depreciation": NaN,
        "Reconciled Cost Of Revenue": NaN,
        "EBITDA": NaN,
        "EBIT": NaN,
        "Net Interest Income": NaN,
        "Interest Expense": 127000.0,
        "Interest Income": NaN,
        "Normalized Income": NaN,
        "Net Income From Continuing And Discontinued Operation": NaN,
        "Total Expenses": NaN,
        "Total Operating Income As Reported": NaN,
        "Diluted Average Shares": NaN,
        "Basic Average Shares": NaN,
        "Diluted EPS": NaN,
        "Basic EPS": NaN,
        "Diluted NI Availto Com Stockholders": NaN,
        "Net Income Common Stockholders": NaN,
        "Net Income": NaN,
        "Net Income Including Noncontrolling Interests": NaN,
        "Net Income Discontinuous Operations": NaN,
        "Net Income Continuous Operations": NaN,
        "Tax Provision": NaN,
        "Pretax Income": NaN,
        "Other Income Expense": NaN,
        "Other Non Operating Income Expenses": NaN,
        "Special Income Charges": NaN,
        "Other Special Charges": NaN,
        "Write Off": NaN,
        "Impairment Of Capital Assets": NaN,
        "Restructuring And Mergern Acquisition": NaN,
        "Net Non Operating Interest Income Expense": NaN,
        "Total Other Finance Cost": NaN,
        "Interest Expense Non Operating": 127000.0,
        "Interest Income Non Operating": NaN,
        "Operating Income": NaN,
        "Operating Expense": NaN,
        "Selling General And Administration": NaN,
        "Gross Profit": NaN,
        "Cost Of Revenue": NaN,
        "Total Revenue": NaN,
        "Operating Revenue": NaN
    },
    "2024-06-30": {
        "Tax Effect Of Unusual Items": NaN,
        "Tax Rate For Calcs": NaN,
        "Normalized EBITDA": NaN,
        "Total Unusual Items": NaN,
        "Total Unusual Items Excluding Goodwill": NaN,
        "Net Income From Continuing Operation Net Minority Interest": NaN,
        "Reconciled Depreciation": NaN,
        "Reconciled Cost Of Revenue": NaN,
        "EBITDA": NaN,
        "EBIT": NaN,
        "Net Interest Income": NaN,
        "Interest Expense": 72000.0,
        "Interest Income": NaN,
        "Normalized Income": NaN,
        "Net Income From Continuing And Discontinued Operation": NaN,
        "Total Expenses": NaN,
        "Total Operating Income As Reported": NaN,
        "Diluted Average Shares": NaN,
        "Basic Average Shares": NaN,
        "Diluted EPS": NaN,
        "Basic EPS": NaN,
        "Diluted NI Availto Com Stockholders": NaN,
        "Net Income Common Stockholders": NaN,
        "Net Income": NaN,
        "Net Income Including Noncontrolling Interests": NaN,
        "Net Income Discontinuous Operations": NaN,
        "Net Income Continuous Operations": NaN,
        "Tax Provision": NaN,
        "Pretax Income": NaN,
        "Other Income Expense": NaN,
        "Other Non Operating Income Expenses": NaN,
        "Special Income Charges": NaN,
        "Other Special Charges": NaN,
        "Write Off": 0.0,
        "Impairment Of Capital Assets": NaN,
        "Restructuring And Mergern Acquisition": NaN,
        "Net Non Operating Interest Income Expense": NaN,
        "Total Other Finance Cost": NaN,
        "Interest Expense Non Operating": 72000.0,
        "Interest Income Non Operating": NaN,
        "Operating Income": NaN,
        "Operating Expense": NaN,
        "Selling General And Administration": NaN,
        "Gross Profit": NaN,
        "Cost Of Revenue": NaN,
        "Total Revenue": NaN,
        "Operating Revenue": NaN
    },
    "2024-09-30": {
        "Tax Effect Of Unusual Items": 13020.0,
        "Tax Rate For Calcs": 0.21,
        "Normalized EBITDA": 3822000.0,
        "Total Unusual Items": 62000.0,
        "Total Unusual Items Excluding Goodwill": 62000.0,
        "Net Income From Continuing Operation Net Minority Interest": -7016000.0,
        "Reconciled Depreciation": 3297000.0,
        "Reconciled Cost Of Revenue": 36442000.0,
        "EBITDA": 3884000.0,
        "EBIT": 587000.0,
        "Net Interest Income": -124000.0,
        "Interest Expense": 124000.0,
        "Interest Income": NaN,
        "Normalized Income": -7064980.0,
        "Net Income From Continuing And Discontinued Operation": -6152000.0,
        "Total Expenses": 42467000.0,
        "Total Operating Income As Reported": 496000.0,
        "Diluted Average Shares": 10114000.0,
        "Basic Average Shares": 10114000.0,
        "Diluted EPS": -0.61,
        "Basic EPS": -0.61,
        "Diluted NI Availto Com Stockholders": -6152000.0,
        "Net Income Common Stockholders": -6152000.0,
        "Net Income": -6152000.0,
        "Net Income Including Noncontrolling Interests": -6152000.0,
        "Net Income Discontinuous Operations": 864000.0,
        "Net Income Continuous Operations": -7016000.0,
        "Tax Provision": 7479000.0,
        "Pretax Income": 463000.0,
        "Other Income Expense": 153000.0,
        "Other Non Operating Income Expenses": 91000.0,
        "Special Income Charges": 62000.0,
        "Other Special Charges": -67000.0,
        "Write Off": NaN,
        "Impairment Of Capital Assets": 0.0,
        "Restructuring And Mergern Acquisition": 5000.0,
        "Net Non Operating Interest Income Expense": -124000.0,
        "Total Other Finance Cost": NaN,
        "Interest Expense Non Operating": 124000.0,
        "Interest Income Non Operating": NaN,
        "Operating Income": 434000.0,
        "Operating Expense": 6025000.0,
        "Selling General And Administration": 6025000.0,
        "Gross Profit": 6459000.0,
        "Cost Of Revenue": 36442000.0,
        "Total Revenue": 42901000.0,
        "Operating Revenue": 42901000.0
    },
    "2024-12-31": {
        "Tax Effect Of Unusual Items": -127680.0,
        "Tax Rate For Calcs": 0.21,
        "Normalized EBITDA": 2495000.0,
        "Total Unusual Items": -608000.0,
        "Total Unusual Items Excluding Goodwill": -608000.0,
        "Net Income From Continuing Operation Net Minority Interest": 84000.0,
        "Reconciled Depreciation": 1819000.0,
        "Reconciled Cost Of Revenue": 33404000.0,
        "EBITDA": 1887000.0,
        "EBIT": 68000.0,
        "Net Interest Income": -95000.0,
        "Interest Expense": 95000.0,
        "Interest Income": NaN,
        "Normalized Income": 564320.0,
        "Net Income From Continuing And Discontinued Operation": -1027000.0,
        "Total Expenses": 40140000.0,
        "Total Operating Income As Reported": -77000.0,
        "Diluted Average Shares": 10337000.0,
        "Basic Average Shares": 10090000.0,
        "Diluted EPS": -0.1,
        "Basic EPS": -0.1,
        "Diluted NI Availto Com Stockholders": -1027000.0,
        "Net Income Common Stockholders": -1027000.0,
        "Net Income": -1027000.0,
        "Net Income Including Noncontrolling Interests": -1027000.0,
        "Net Income Discontinuous Operations": -1111000.0,
        "Net Income Continuous Operations": 84000.0,
        "Tax Provision": -111000.0,
        "Pretax Income": -27000.0,
        "Other Income Expense": -463000.0,
        "Other Non Operating Income Expenses": 145000.0,
        "Special Income Charges": -608000.0,
        "Other Special Charges": 0.0,
        "Write Off": NaN,
        "Impairment Of Capital Assets": 0.0,
        "Restructuring And Mergern Acquisition": 608000.0,
        "Net Non Operating Interest Income Expense": -95000.0,
        "Total Other Finance Cost": NaN,
        "Interest Expense Non Operating": 95000.0,
        "Interest Income Non Operating": NaN,
        "Operating Income": 531000.0,
        "Operating Expense": 6736000.0,
        "Selling General And Administration": 6736000.0,
        "Gross Profit": 7267000.0,
        "Cost Of Revenue": 33404000.0,
        "Total Revenue": 40671000.0,
        "Operating Revenue": 40671000.0
    },
    "2025-03-31": {
        "Tax Effect Of Unusual Items": -94.8,
        "Tax Rate For Calcs": 0.0004,
        "Normalized EBITDA": 780000.0,
        "Total Unusual Items": -237000.0,
        "Total Unusual Items Excluding Goodwill": -237000.0,
        "Net Income From Continuing Operation Net Minority Interest": -1002000.0,
        "Reconciled Depreciation": 1430000.0,
        "Reconciled Cost Of Revenue": 19955000.0,
        "EBITDA": 543000.0,
        "EBIT": -887000.0,
        "Net Interest Income": -115000.0,
        "Interest Expense": 115000.0,
        "Interest Income": NaN,
        "Normalized Income": -765094.8,
        "Net Income From Continuing And Discontinued Operation": -2293000.0,
        "Total Expenses": 25530000.0,
        "Total Operating Income As Reported": -1035000.0,
        "Diluted Average Shares": 10076000.0,
        "Basic Average Shares": 10076000.0,
        "Diluted EPS": -0.23,
        "Basic EPS": -0.23,
        "Diluted NI Availto Com Stockholders": -2293000.0,
        "Net Income Common Stockholders": -2293000.0,
        "Net Income": -2293000.0,
        "Net Income Including Noncontrolling Interests": -2293000.0,
        "Net Income Discontinuous Operations": -1291000.0,
        "Net Income Continuous Operations": -1002000.0,
        "Tax Provision": 0.0,
        "Pretax Income": -1002000.0,
        "Other Income Expense": -89000.0,
        "Other Non Operating Income Expenses": 148000.0,
        "Special Income Charges": -237000.0,
        "Other Special Charges": NaN,
        "Write Off": NaN,
        "Impairment Of Capital Assets": NaN,
        "Restructuring And Mergern Acquisition": 237000.0,
        "Net Non Operating Interest Income Expense": -115000.0,
        "Total Other Finance Cost": NaN,
        "Interest Expense Non Operating": 115000.0,
        "Interest Income Non Operating": NaN,
        "Operating Income": -798000.0,
        "Operating Expense": 5575000.0,
        "Selling General And Administration": 5575000.0,
        "Gross Profit": 4777000.0,
        "Cost Of Revenue": 19955000.0,
        "Total Revenue": 24732000.0,
        "Operating Revenue": 24732000.0
    },
    "2025-06-30": {
        "Tax Effect Of Unusual Items": -38919.952681,
        "Tax Rate For Calcs": 0.035095,
        "Normalized EBITDA": 277000.0,
        "Total Unusual Items": -1109000.0,
        "Total Unusual Items Excluding Goodwill": -1109000.0,
        "Net Income From Continuing Operation Net Minority Interest": -2447000.0,
        "Reconciled Depreciation": 746000.0,
        "Reconciled Cost Of Revenue": 13786000.0,
        "EBITDA": -832000.0,
        "EBIT": -1578000.0,
        "Net Interest Income": 15000.0,
        "Interest Expense": NaN,
        "Interest Income": 15000.0,
        "Normalized Income": -1376919.952681,
        "Net Income From Continuing And Discontinued Operation": 6286000.0,
        "Total Expenses": 20230000.0,
        "Total Operating Income As Reported": -2687000.0,
        "Diluted Average Shares": 9751000.0,
        "Basic Average Shares": 9751000.0,
        "Diluted EPS": 0.65,
        "Basic EPS": 0.65,
        "Diluted NI Availto Com Stockholders": 6286000.0,
        "Net Income Common Stockholders": 6286000.0,
        "Net Income": 6286000.0,
        "Net Income Including Noncontrolling Interests": 6286000.0,
        "Net Income Discontinuous Operations": 8733000.0,
        "Net Income Continuous Operations": -2447000.0,
        "Tax Provision": -89000.0,
        "Pretax Income": -2536000.0,
        "Other Income Expense": -973000.0,
        "Other Non Operating Income Expenses": 136000.0,
        "Special Income Charges": -1109000.0,
        "Other Special Charges": -544000.0,
        "Write Off": 1622000.0,
        "Impairment Of Capital Assets": NaN,
        "Restructuring And Mergern Acquisition": 31000.0,
        "Net Non Operating Interest Income Expense": 15000.0,
        "Total Other Finance Cost": NaN,
        "Interest Expense Non Operating": NaN,
        "Interest Income Non Operating": 15000.0,
        "Operating Income": -1578000.0,
        "Operating Expense": 6444000.0,
        "Selling General And Administration": 6444000.0,
        "Gross Profit": 4866000.0,
        "Cost Of Revenue": 13786000.0,
        "Total Revenue": 18652000.0,
        "Operating Revenue": 18652000.0
    },
    "2025-09-30": {
        "Tax Effect Of Unusual Items": -83580.0,
        "Tax Rate For Calcs": 0.21,
        "Normalized EBITDA": 993000.0,
        "Total Unusual Items": -398000.0,
        "Total Unusual Items Excluding Goodwill": -398000.0,
        "Net Income From Continuing Operation Net Minority Interest": -125000.0,
        "Reconciled Depreciation": 1007000.0,
        "Reconciled Cost Of Revenue": 13856000.0,
        "EBITDA": 595000.0,
        "EBIT": -412000.0,
        "Net Interest Income": 447000.0,
        "Interest Expense": NaN,
        "Interest Income": NaN,
        "Normalized Income": 189420.0,
        "Net Income From Continuing And Discontinued Operation": -2087000.0,
        "Total Expenses": 20109000.0,
        "Total Operating Income As Reported": -810000.0,
        "Diluted Average Shares": 9379000.0,
        "Basic Average Shares": 9379000.0,
        "Diluted EPS": -0.22,
        "Basic EPS": -0.22,
        "Diluted NI Availto Com Stockholders": -2087000.0,
        "Net Income Common Stockholders": -2087000.0,
        "Net Income": -2087000.0,
        "Net Income Including Noncontrolling Interests": -2087000.0,
        "Net Income Discontinuous Operations": -1962000.0,
        "Net Income Continuous Operations": -125000.0,
        "Tax Provision": 58000.0,
        "Pretax Income": -67000.0,
        "Other Income Expense": -102000.0,
        "Other Non Operating Income Expenses": 296000.0,
        "Special Income Charges": -398000.0,
        "Other Special Charges": NaN,
        "Write Off": 0.0,
        "Impairment Of Capital Assets": NaN,
        "Restructuring And Mergern Acquisition": 398000.0,
        "Net Non Operating Interest Income Expense": 447000.0,
        "Total Other Finance Cost": -447000.0,
        "Interest Expense Non Operating": NaN,
        "Interest Income Non Operating": NaN,
        "Operating Income": -412000.0,
        "Operating Expense": 6253000.0,
        "Selling General And Administration": 6253000.0,
        "Gross Profit": 5841000.0,
        "Cost Of Revenue": 13856000.0,
        "Total Revenue": 19697000.0,
        "Operating Revenue": 19697000.0
    }
}