{
    "2023-03-31": {
        "Tax Effect Of Unusual Items": 117828.0,
        "Tax Rate For Calcs": 0.108,
        "Normalized EBITDA": -4469000.0,
        "Total Unusual Items": 1091000.0,
        "Total Unusual Items Excluding Goodwill": 1091000.0,
        "Net Income From Continuing Operation Net Minority Interest": -16824000.0,
        "Reconciled Depreciation": 7913000.0,
        "Reconciled Cost Of Revenue": 3012000.0,
        "EBITDA": -3378000.0,
        "EBIT": -11291000.0,
        "Net Interest Income": -7478000.0,
        "Interest Expense": 7571000.0,
        "Interest Income": 93000.0,
        "Normalized Income": -17797172.0,
        "Net Income From Continuing And Discontinued Operation": -16824000.0,
        "Total Expenses": 34825000.0,
        "Total Operating Income As Reported": -11476000.0,
        "Diluted Average Shares": 1216900.0,
        "Basic Average Shares": 1216900.0,
        "Diluted EPS": -13.8,
        "Basic EPS": -13.8,
        "Diluted NI Availto Com Stockholders": -16824000.0,
        "Net Income Common Stockholders": -16824000.0,
        "Net Income": -16824000.0,
        "Net Income Including Noncontrolling Interests": -16824000.0,
        "Net Income Continuous Operations": -16824000.0,
        "Tax Provision": -2038000.0,
        "Pretax Income": -18862000.0,
        "Other Income Expense": 1183000.0,
        "Other Non Operating Income Expenses": 92000.0,
        "Special Income Charges": 1091000.0,
        "Restructuring And Mergern Acquisition": -1091000.0,
        "Gain On Sale Of Security": NaN,
        "Net Non Operating Interest Income Expense": -7478000.0,
        "Total Other Finance Cost": NaN,
        "Interest Expense Non Operating": 7571000.0,
        "Interest Income Non Operating": 93000.0,
        "Operating Income": -12567000.0,
        "Operating Expense": 31591000.0,
        "Depreciation Amortization Depletion Income Statement": 7691000.0,
        "Depreciation And Amortization In Income Statement": 7691000.0,
        "Amortization": 7691000.0,
        "Amortization Of Intangibles Income Statement": 7691000.0,
        "Research And Development": 1386000.0,
        "Selling General And Administration": 22514000.0,
        "General And Administrative Expense": NaN,
        "Other Gand A": NaN,
        "Salaries And Wages": NaN,
        "Gross Profit": 19024000.0,
        "Cost Of Revenue": 3234000.0,
        "Total Revenue": 22258000.0,
        "Operating Revenue": 22258000.0
    },
    "2022-12-31": {
        "Tax Effect Of Unusual Items": 2602332.437193,
        "Tax Rate For Calcs": 0.112728,
        "Normalized EBITDA": 14227000.0,
        "Total Unusual Items": 23085000.0,
        "Total Unusual Items Excluding Goodwill": 23085000.0,
        "Net Income From Continuing Operation Net Minority Interest": 19142000.0,
        "Reconciled Depreciation": 8039000.0,
        "Reconciled Cost Of Revenue": 4212000.0,
        "EBITDA": 37312000.0,
        "EBIT": 29273000.0,
        "Net Interest Income": -5828000.0,
        "Interest Expense": 7699000.0,
        "Interest Income": 1871000.0,
        "Normalized Income": -1340667.562807,
        "Net Income From Continuing And Discontinued Operation": 19142000.0,
        "Total Expenses": 27153000.0,
        "Total Operating Income As Reported": 267000.0,
        "Diluted Average Shares": 2186050.0,
        "Basic Average Shares": 1216700.0,
        "Diluted EPS": 11.4,
        "Basic EPS": 15.8,
        "Diluted NI Availto Com Stockholders": 19142000.0,
        "Net Income Common Stockholders": 19142000.0,
        "Net Income": 19142000.0,
        "Net Income Including Noncontrolling Interests": 19142000.0,
        "Net Income Continuous Operations": 19142000.0,
        "Tax Provision": 2432000.0,
        "Pretax Income": 21574000.0,
        "Other Income Expense": 23085000.0,
        "Other Non Operating Income Expenses": 0.0,
        "Special Income Charges": 23092000.0,
        "Restructuring And Mergern Acquisition": 4050000.0,
        "Gain On Sale Of Security": -7000.0,
        "Net Non Operating Interest Income Expense": -5828000.0,
        "Total Other Finance Cost": NaN,
        "Interest Expense Non Operating": 7699000.0,
        "Interest Income Non Operating": 1871000.0,
        "Operating Income": 4317000.0,
        "Operating Expense": 22593000.0,
        "Depreciation Amortization Depletion Income Statement": 7691000.0,
        "Depreciation And Amortization In Income Statement": 7691000.0,
        "Amortization": 7691000.0,
        "Amortization Of Intangibles Income Statement": 7691000.0,
        "Research And Development": 1202000.0,
        "Selling General And Administration": 26254000.0,
        "General And Administrative Expense": NaN,
        "Other Gand A": NaN,
        "Salaries And Wages": NaN,
        "Gross Profit": 26910000.0,
        "Cost Of Revenue": 4560000.0,
        "Total Revenue": 31470000.0,
        "Operating Revenue": 31470000.0
    },
    "2022-09-30": {
        "Tax Effect Of Unusual Items": 960960.0,
        "Tax Rate For Calcs": 0.21,
        "Normalized EBITDA": -6450000.0,
        "Total Unusual Items": 4576000.0,
        "Total Unusual Items Excluding Goodwill": 4576000.0,
        "Net Income From Continuing Operation Net Minority Interest": -13854000.0,
        "Reconciled Depreciation": 7691000.0,
        "Reconciled Cost Of Revenue": 11005000.0,
        "EBITDA": -1874000.0,
        "EBIT": -9565000.0,
        "Net Interest Income": -7448000.0,
        "Interest Expense": 7465000.0,
        "Interest Income": 17000.0,
        "Normalized Income": -17469040.0,
        "Net Income From Continuing And Discontinued Operation": -13854000.0,
        "Total Expenses": 43076000.0,
        "Total Operating Income As Reported": -4989000.0,
        "Diluted Average Shares": 1214500.0,
        "Basic Average Shares": 1214500.0,
        "Diluted EPS": -11.4,
        "Basic EPS": -11.4,
        "Diluted NI Availto Com Stockholders": -13854000.0,
        "Net Income Common Stockholders": -13854000.0,
        "Net Income": -13854000.0,
        "Net Income Including Noncontrolling Interests": -13854000.0,
        "Net Income Continuous Operations": -13854000.0,
        "Tax Provision": 1416000.0,
        "Pretax Income": -12438000.0,
        "Other Income Expense": -2873000.0,
        "Other Non Operating Income Expenses": -7449000.0,
        "Special Income Charges": 4576000.0,
        "Other Special Charges": NaN,
        "Restructuring And Mergern Acquisition": -4576000.0,
        "Gain On Sale Of Security": -1000.0,
        "Net Non Operating Interest Income Expense": -7448000.0,
        "Interest Expense Non Operating": 7465000.0,
        "Interest Income Non Operating": 17000.0,
        "Operating Income": -9565000.0,
        "Operating Expense": 32071000.0,
        "Other Operating Expenses": NaN,
        "Depreciation Amortization Depletion Income Statement": 7691000.0,
        "Depreciation And Amortization In Income Statement": 7691000.0,
        "Amortization": 7691000.0,
        "Amortization Of Intangibles Income Statement": 7691000.0,
        "Research And Development": 1383000.0,
        "Selling General And Administration": 22997000.0,
        "General And Administrative Expense": NaN,
        "Other Gand A": NaN,
        "Salaries And Wages": NaN,
        "Gross Profit": 22506000.0,
        "Cost Of Revenue": 11005000.0,
        "Total Revenue": 33511000.0,
        "Operating Revenue": 33511000.0
    },
    "2022-06-30": {
        "Tax Effect Of Unusual Items": 1246800.0,
        "Tax Rate For Calcs": 0.4,
        "Normalized EBITDA": -12458000.0,
        "Total Unusual Items": 3117000.0,
        "Total Unusual Items Excluding Goodwill": 3117000.0,
        "Net Income From Continuing Operation Net Minority Interest": -46682000.0,
        "Reconciled Depreciation": 7691000.0,
        "Reconciled Cost Of Revenue": 8800000.0,
        "EBITDA": -9341000.0,
        "EBIT": -17032000.0,
        "Net Interest Income": -7454000.0,
        "Interest Expense": 7474000.0,
        "Interest Income": 20000.0,
        "Normalized Income": -48552200.0,
        "Net Income From Continuing And Discontinued Operation": -46682000.0,
        "Total Expenses": 48083000.0,
        "Total Operating Income As Reported": -13915000.0,
        "Diluted Average Shares": 864000.0,
        "Basic Average Shares": 864000.0,
        "Diluted EPS": -54.01,
        "Basic EPS": -54.01,
        "Diluted NI Availto Com Stockholders": -46682000.0,
        "Net Income Common Stockholders": -46682000.0,
        "Net Income": -46682000.0,
        "Net Income Including Noncontrolling Interests": -46682000.0,
        "Net Income Continuous Operations": -46682000.0,
        "Tax Provision": 26563000.0,
        "Pretax Income": -20119000.0,
        "Other Income Expense": -3087000.0,
        "Other Non Operating Income Expenses": -6204000.0,
        "Special Income Charges": 3110000.0,
        "Other Special Charges": NaN,
        "Restructuring And Mergern Acquisition": -3110000.0,
        "Gain On Sale Of Security": 7000.0,
        "Net Non Operating Interest Income Expense": -7454000.0,
        "Interest Expense Non Operating": 7474000.0,
        "Interest Income Non Operating": 20000.0,
        "Operating Income": -17032000.0,
        "Operating Expense": 39283000.0,
        "Other Operating Expenses": NaN,
        "Depreciation Amortization Depletion Income Statement": 7691000.0,
        "Depreciation And Amortization In Income Statement": 7691000.0,
        "Amortization": 7691000.0,
        "Amortization Of Intangibles Income Statement": 7691000.0,
        "Research And Development": 1525000.0,
        "Selling General And Administration": 30067000.0,
        "General And Administrative Expense": NaN,
        "Other Gand A": NaN,
        "Salaries And Wages": NaN,
        "Gross Profit": 22251000.0,
        "Cost Of Revenue": 8800000.0,
        "Total Revenue": 31051000.0,
        "Operating Revenue": 31051000.0
    },
    "2022-03-31": {
        "Diluted EPS": -37.0,
        "Total Revenue": 23,
        "Gross Profit": 17,
        "Operating Income": -17,
        "EBIT": -4,
        "Net Income": -25
    },
    "2021-12-31": {
        "Diluted EPS": -30.8,
        "Total Revenue": 37,
        "Gross Profit": 33,
        "Operating Income": -12,
        "EBIT": 1,
        "Net Income": -21
    },
    "2021-09-30": {
        "Diluted EPS": -48.6,
        "Total Revenue": 31,
        "Gross Profit": 18,
        "Operating Income": -23,
        "EBIT": -11,
        "Net Income": -27
    },
    "2021-06-30": {
        "Diluted EPS": -45.8,
        "Total Revenue": 32,
        "Gross Profit": 20,
        "Operating Income": -16,
        "EBIT": -3,
        "Net Income": -23
    },
    "2021-03-31": {
        "Diluted EPS": -70.6,
        "Total Revenue": 29,
        "Gross Profit": 17,
        "Operating Income": -29,
        "EBIT": -16,
        "Net Income": -33
    },
    "2020-12-31": {
        "Diluted EPS": -192.8,
        "Total Revenue": 38,
        "Gross Profit": 27,
        "Operating Income": -78,
        "EBIT": -63,
        "Net Income": -83
    },
    "2020-09-30": {
        "Diluted EPS": 6.4,
        "Total Revenue": 53,
        "Gross Profit": 41,
        "Operating Income": 16,
        "EBIT": 30,
        "Net Income": 7
    },
    "2020-06-30": {
        "Diluted EPS": -43.8,
        "Total Revenue": 34,
        "Gross Profit": 27,
        "Operating Income": -10,
        "EBIT": 5,
        "Net Income": -17
    },
    "2020-03-31": {
        "Diluted EPS": -16.2,
        "Total Revenue": 28,
        "Gross Profit": 24,
        "Operating Income": -6,
        "EBIT": 8,
        "Net Income": -6
    },
    "2019-12-31": {
        "Diluted EPS": 166.83,
        "Total Revenue": 50,
        "Gross Profit": 42,
        "Operating Income": 14,
        "EBIT": 305,
        "Net Income": 66
    },
    "2019-09-30": {
        "Diluted EPS": -665.87,
        "Total Revenue": 48,
        "Gross Profit": 40,
        "Operating Income": -259,
        "EBIT": -246,
        "Net Income": -264
    },
    "2019-06-30": {
        "Diluted EPS": -69.59,
        "Total Revenue": 50,
        "Gross Profit": 41,
        "Operating Income": -23,
        "EBIT": -10,
        "Net Income": -27
    },
    "2019-03-31": {
        "Diluted EPS": -119.98,
        "Total Revenue": 44,
        "Gross Profit": 35,
        "Operating Income": -43,
        "EBIT": -34,
        "Net Income": -48
    },
    "2018-12-31": {
        "Diluted EPS": 24.0,
        "Total Revenue": 69,
        "Gross Profit": 48,
        "Operating Income": -49,
        "EBIT": -44,
        "Net Income": 10
    },
    "2018-09-30": {
        "Diluted EPS": -34.79,
        "Total Revenue": 143,
        "Gross Profit": 118,
        "Operating Income": 28,
        "EBIT": 34,
        "Net Income": -14
    },
    "2018-06-30": {
        "Diluted EPS": 117.58,
        "Total Revenue": 153,
        "Gross Profit": 123,
        "Operating Income": 59,
        "EBIT": 66,
        "Net Income": 46
    },
    "2018-03-31": {
        "Diluted EPS": -21.6,
        "Total Revenue": 106,
        "Gross Profit": 86,
        "Operating Income": 0,
        "EBIT": 8,
        "Net Income": -8
    },
    "2017-12-31": {
        "Diluted EPS": -446.31,
        "Total Revenue": 188,
        "Gross Profit": 162,
        "Operating Income": -218,
        "EBIT": 88,
        "Net Income": -171
    },
    "2017-09-30": {
        "Diluted EPS": -65.99,
        "Total Revenue": 141,
        "Gross Profit": 111,
        "Operating Income": -2,
        "EBIT": 6,
        "Net Income": -25
    },
    "2017-06-30": {
        "Diluted EPS": -21.6,
        "Total Revenue": 139,
        "Gross Profit": 110,
        "Operating Income": 3,
        "EBIT": 13,
        "Net Income": -8
    },
    "2017-03-31": {
        "Diluted EPS": -49.19,
        "Total Revenue": 119,
        "Gross Profit": 94,
        "Operating Income": -15,
        "EBIT": -7,
        "Net Income": -19
    },
    "2016-12-31": {
        "Diluted EPS": -8.4,
        "Total Revenue": 141,
        "Gross Profit": 110,
        "Operating Income": 1,
        "EBIT": 9,
        "Net Income": -3
    },
    "2016-09-30": {
        "Diluted EPS": -33.59,
        "Total Revenue": 136,
        "Gross Profit": 108,
        "Operating Income": -5,
        "EBIT": 3,
        "Net Income": -13
    },
    "2016-06-30": {
        "Diluted EPS": -47.99,
        "Total Revenue": 127,
        "Gross Profit": 101,
        "Operating Income": -14,
        "EBIT": -6,
        "Net Income": -18
    },
    "2016-03-31": {
        "Diluted EPS": -1.2,
        "Total Revenue": 116,
        "Gross Profit": 93,
        "Operating Income": -17,
        "EBIT": -11,
        "Net Income": -1
    },
    "2015-12-31": {
        "Diluted EPS": 25.2,
        "Total Revenue": 131,
        "Gross Profit": 104,
        "Operating Income": 4,
        "EBIT": 11,
        "Net Income": 9
    },
    "2015-09-30": {
        "Diluted EPS": 10.8,
        "Total Revenue": 148,
        "Gross Profit": 123,
        "Operating Income": 26,
        "EBIT": 32,
        "Net Income": 4
    },
    "2015-06-30": {
        "Diluted EPS": 2.4,
        "Total Revenue": 114,
        "Gross Profit": 91,
        "Operating Income": 6,
        "EBIT": 12,
        "Net Income": 1
    },
    "2015-03-31": {
        "Diluted EPS": -8.4,
        "Total Revenue": 100,
        "Gross Profit": 81,
        "Operating Income": -1,
        "EBIT": 5,
        "Net Income": -3
    },
    "2014-12-31": {
        "Diluted EPS": 1.2,
        "Total Revenue": 118,
        "Gross Profit": 93,
        "Operating Income": 1,
        "EBIT": 7,
        "Net Income": 0
    },
    "2014-09-30": {
        "Diluted EPS": 33.59,
        "Total Revenue": 106,
        "Gross Profit": 85,
        "Operating Income": 21,
        "EBIT": 26,
        "Net Income": 12
    },
    "2014-06-30": {
        "Diluted EPS": 13.2,
        "Total Revenue": 97,
        "Gross Profit": 78,
        "Operating Income": 11,
        "EBIT": 14,
        "Net Income": 5
    },
    "2014-03-31": {
        "Diluted EPS": 2.4,
        "Total Revenue": 81,
        "Gross Profit": 65,
        "Operating Income": 3,
        "EBIT": 6,
        "Net Income": 1
    },
    "2013-12-31": {
        "Diluted EPS": 18.0,
        "Total Revenue": 93,
        "Gross Profit": 74,
        "Operating Income": 13,
        "EBIT": 16,
        "Net Income": 6
    },
    "2013-09-30": {
        "Diluted EPS": 21.6,
        "Total Revenue": 85,
        "Gross Profit": 68,
        "Operating Income": 11,
        "EBIT": 14,
        "Net Income": 7
    },
    "2013-06-30": {
        "Diluted EPS": 10.8,
        "Total Revenue": 87,
        "Gross Profit": 70,
        "Operating Income": 9,
        "EBIT": 11,
        "Net Income": 4
    },
    "2013-03-31": {
        "Diluted EPS": -3.6,
        "Total Revenue": 72,
        "Gross Profit": 58,
        "Operating Income": -2,
        "EBIT": 0,
        "Net Income": -1
    },
    "2012-12-31": {
        "Diluted EPS": 395.92,
        "Total Revenue": 81,
        "Gross Profit": 65,
        "Operating Income": 1,
        "EBIT": 4,
        "Net Income": 133
    },
    "2012-09-30": {
        "Diluted EPS": 28.79,
        "Total Revenue": 77,
        "Gross Profit": 63,
        "Operating Income": 10,
        "EBIT": 12,
        "Net Income": 10
    },
    "2012-06-30": {
        "Diluted EPS": 13.2,
        "Total Revenue": 76,
        "Gross Profit": 62,
        "Operating Income": 5,
        "EBIT": 7,
        "Net Income": 5
    },
    "2012-03-31": {
        "Diluted EPS": 22.8,
        "Total Revenue": 71,
        "Gross Profit": 59,
        "Operating Income": 9,
        "EBIT": 11,
        "Net Income": 8
    },
    "2011-12-31": {
        "Diluted EPS": 38.39,
        "Total Revenue": 73,
        "Gross Profit": 59,
        "Operating Income": 13,
        "EBIT": 3,
        "Net Income": 13
    },
    "2011-09-30": {
        "Diluted EPS": 56.39,
        "Total Revenue": 93,
        "Gross Profit": 64,
        "Operating Income": 21,
        "EBIT": 36,
        "Net Income": 19
    },
    "2011-06-30": {
        "Diluted EPS": -1.2,
        "Total Revenue": 65,
        "Gross Profit": 53,
        "Operating Income": 1,
        "EBIT": 4,
        "Net Income": 0
    },
    "2011-03-31": {
        "Diluted EPS": -2.4,
        "Total Revenue": 61,
        "Gross Profit": 49,
        "Operating Income": 0,
        "EBIT": 3,
        "Net Income": -1
    },
    "2010-12-31": {
        "Diluted EPS": 14.4,
        "Total Revenue": 67,
        "Gross Profit": 53,
        "Operating Income": 4,
        "EBIT": 7,
        "Net Income": 4
    },
    "2010-09-30": {
        "Diluted EPS": 37.19,
        "Total Revenue": 64,
        "Gross Profit": 52,
        "Operating Income": 13,
        "EBIT": 15,
        "Net Income": 12
    },
    "2010-06-30": {
        "Diluted EPS": -21.6,
        "Total Revenue": 43,
        "Gross Profit": 35,
        "Operating Income": -6,
        "EBIT": -4,
        "Net Income": -7
    },
    "2010-03-31": {
        "Diluted EPS": -67.19,
        "Total Revenue": 18,
        "Gross Profit": 15,
        "Operating Income": -20,
        "EBIT": -18,
        "Net Income": -21
    },
    "2009-12-31": {
        "Diluted EPS": -70.79,
        "Total Revenue": 14,
        "Gross Profit": 11,
        "Operating Income": -22,
        "EBIT": -20,
        "Net Income": -22
    },
    "2009-09-30": {
        "Diluted EPS": -61.19,
        "Total Revenue": 15,
        "Gross Profit": 13,
        "Operating Income": -19,
        "EBIT": -17,
        "Net Income": -19
    },
    "2009-06-30": {
        "Diluted EPS": -74.39,
        "Total Revenue": 13,
        "Gross Profit": 10,
        "Operating Income": -22,
        "EBIT": -20,
        "Net Income": -23
    },
    "2009-03-31": {
        "Diluted EPS": -59.99,
        "Total Revenue": 12,
        "Gross Profit": 10,
        "Operating Income": -18,
        "EBIT": -17,
        "Net Income": -19
    },
    "2023-06-30": {
        "Tax Effect Of Unusual Items": 142379.0,
        "Tax Rate For Calcs": 0.173,
        "Normalized EBITDA": 3517000.0,
        "Total Unusual Items": 823000.0,
        "Total Unusual Items Excluding Goodwill": 823000.0,
        "Net Income From Continuing Operation Net Minority Interest": -9381000.0,
        "Reconciled Depreciation": 7913000.0,
        "Reconciled Cost Of Revenue": 2843000.0,
        "EBITDA": 4340000.0,
        "EBIT": -3573000.0,
        "Net Interest Income": -7715000.0,
        "Interest Expense": 7773000.0,
        "Interest Income": 58000.0,
        "Normalized Income": -10061621.0,
        "Net Income From Continuing And Discontinued Operation": -9381000.0,
        "Total Expenses": 34131000.0,
        "Total Operating Income As Reported": -3632000.0,
        "Diluted Average Shares": 1242000.0,
        "Basic Average Shares": 1242000.0,
        "Diluted EPS": -7.55,
        "Basic EPS": -7.55,
        "Diluted NI Availto Com Stockholders": -9381000.0,
        "Net Income Common Stockholders": -9381000.0,
        "Net Income": -9381000.0,
        "Net Income Including Noncontrolling Interests": -9381000.0,
        "Net Income Continuous Operations": -9381000.0,
        "Tax Provision": -1965000.0,
        "Pretax Income": -11346000.0,
        "Other Income Expense": 825000.0,
        "Other Non Operating Income Expenses": 2000.0,
        "Special Income Charges": 824000.0,
        "Restructuring And Mergern Acquisition": -824000.0,
        "Gain On Sale Of Security": -1000.0,
        "Net Non Operating Interest Income Expense": -7715000.0,
        "Total Other Finance Cost": NaN,
        "Interest Expense Non Operating": 7773000.0,
        "Interest Income Non Operating": 58000.0,
        "Operating Income": -4456000.0,
        "Operating Expense": 31066000.0,
        "Depreciation Amortization Depletion Income Statement": 7691000.0,
        "Depreciation And Amortization In Income Statement": 7691000.0,
        "Amortization": 7691000.0,
        "Amortization Of Intangibles Income Statement": 7691000.0,
        "Research And Development": 1550000.0,
        "Selling General And Administration": 21825000.0,
        "General And Administrative Expense": 21825000.0,
        "Other Gand A": 21701000.0,
        "Salaries And Wages": 124000.0,
        "Gross Profit": 26610000.0,
        "Cost Of Revenue": 3065000.0,
        "Total Revenue": 29675000.0,
        "Operating Revenue": 29675000.0
    },
    "2023-09-30": {
        "Tax Effect Of Unusual Items": 582046.0,
        "Tax Rate For Calcs": 0.106,
        "Normalized EBITDA": 120000.0,
        "Total Unusual Items": 5491000.0,
        "Total Unusual Items Excluding Goodwill": 5491000.0,
        "Net Income From Continuing Operation Net Minority Interest": -8888000.0,
        "Reconciled Depreciation": 7917000.0,
        "Reconciled Cost Of Revenue": 3161000.0,
        "EBITDA": 5611000.0,
        "EBIT": -2306000.0,
        "Net Interest Income": -7827000.0,
        "Interest Expense": 7637000.0,
        "Interest Income": 157000.0,
        "Normalized Income": -13796954.0,
        "Net Income From Continuing And Discontinued Operation": -8888000.0,
        "Total Expenses": 35437000.0,
        "Total Operating Income As Reported": -2519000.0,
        "Diluted Average Shares": 1242000.0,
        "Basic Average Shares": 1242000.0,
        "Diluted EPS": -7.16,
        "Basic EPS": -7.16,
        "Diluted NI Availto Com Stockholders": -8888000.0,
        "Net Income Common Stockholders": -8888000.0,
        "Net Income": -8888000.0,
        "Net Income Including Noncontrolling Interests": -8888000.0,
        "Net Income Continuous Operations": -8888000.0,
        "Tax Provision": -1055000.0,
        "Pretax Income": -9943000.0,
        "Other Income Expense": 5606000.0,
        "Other Non Operating Income Expenses": 115000.0,
        "Special Income Charges": 5203000.0,
        "Restructuring And Mergern Acquisition": -5203000.0,
        "Gain On Sale Of Security": 288000.0,
        "Net Non Operating Interest Income Expense": -7827000.0,
        "Total Other Finance Cost": 347000.0,
        "Interest Expense Non Operating": 7637000.0,
        "Interest Income Non Operating": 157000.0,
        "Operating Income": -7722000.0,
        "Operating Expense": 32050000.0,
        "Depreciation Amortization Depletion Income Statement": 7691000.0,
        "Depreciation And Amortization In Income Statement": 7691000.0,
        "Amortization": 7691000.0,
        "Amortization Of Intangibles Income Statement": 7691000.0,
        "Research And Development": 1207000.0,
        "Selling General And Administration": 23152000.0,
        "General And Administrative Expense": NaN,
        "Other Gand A": NaN,
        "Salaries And Wages": NaN,
        "Gross Profit": 24328000.0,
        "Cost Of Revenue": 3387000.0,
        "Total Revenue": 27715000.0,
        "Operating Revenue": 27715000.0
    },
    "2023-12-31": {
        "Tax Effect Of Unusual Items": -37117066.830813,
        "Tax Rate For Calcs": 0.148939,
        "Normalized EBITDA": 10463000.0,
        "Total Unusual Items": -249210000.0,
        "Total Unusual Items Excluding Goodwill": -249210000.0,
        "Net Income From Continuing Operation Net Minority Interest": -217761000.0,
        "Reconciled Depreciation": 7923000.0,
        "Reconciled Cost Of Revenue": 5366000.0,
        "EBITDA": -238747000.0,
        "EBIT": -246670000.0,
        "Net Interest Income": -7983000.0,
        "Interest Expense": 9200000.0,
        "Interest Income": 222000.0,
        "Normalized Income": -5668066.830813,
        "Net Income From Continuing And Discontinued Operation": -217761000.0,
        "Total Expenses": 36504000.0,
        "Total Operating Income As Reported": -247325000.0,
        "Diluted Average Shares": NaN,
        "Basic Average Shares": NaN,
        "Diluted EPS": NaN,
        "Basic EPS": NaN,
        "Diluted NI Availto Com Stockholders": -217761000.0,
        "Net Income Common Stockholders": -217761000.0,
        "Net Income": -217761000.0,
        "Net Income Including Noncontrolling Interests": -217761000.0,
        "Net Income Continuous Operations": -217761000.0,
        "Tax Provision": -38109000.0,
        "Pretax Income": -255870000.0,
        "Other Income Expense": -249368000.0,
        "Other Non Operating Income Expenses": -158000.0,
        "Special Income Charges": -248635000.0,
        "Restructuring And Mergern Acquisition": -2516000.0,
        "Gain On Sale Of Security": -575000.0,
        "Net Non Operating Interest Income Expense": -7983000.0,
        "Total Other Finance Cost": NaN,
        "Interest Expense Non Operating": 9200000.0,
        "Interest Income Non Operating": 222000.0,
        "Operating Income": 1481000.0,
        "Operating Expense": 30906000.0,
        "Depreciation Amortization Depletion Income Statement": 7691000.0,
        "Depreciation And Amortization In Income Statement": 7691000.0,
        "Amortization": 7691000.0,
        "Amortization Of Intangibles Income Statement": 7691000.0,
        "Research And Development": 1009000.0,
        "Selling General And Administration": 22206000.0,
        "General And Administrative Expense": NaN,
        "Other Gand A": NaN,
        "Salaries And Wages": NaN,
        "Gross Profit": 32387000.0,
        "Cost Of Revenue": 5598000.0,
        "Total Revenue": 37985000.0,
        "Operating Revenue": 37985000.0
    }
}