{
    "2023-03-31": {
        "Tax Effect Of Unusual Items": 0.0,
        "Tax Rate For Calcs": 0.216,
        "Net Income From Continuing Operation Net Minority Interest": 175988000.0,
        "EBIT": 237578000.0,
        "Net Interest Income": -13065000.0,
        "Interest Expense": 13065000.0,
        "Normalized Income": 175988000.0,
        "Net Income From Continuing And Discontinued Operation": 175988000.0,
        "Total Expenses": 56426000.0,
        "Diluted Average Shares": 163179000.0,
        "Basic Average Shares": 162442000.0,
        "Diluted EPS": 1.08,
        "Basic EPS": 1.08,
        "Diluted NI Availto Com Stockholders": 175988000.0,
        "Net Income Common Stockholders": 175988000.0,
        "Net Income": 175988000.0,
        "Net Income Including Noncontrolling Interests": 175988000.0,
        "Net Income Continuous Operations": 175988000.0,
        "Tax Provision": 48525000.0,
        "Pretax Income": 224513000.0,
        "Other Income Expense": 612000.0,
        "Net Non Operating Interest Income Expense": -13065000.0,
        "Interest Expense Non Operating": 13065000.0,
        "Other Operating Expenses": NaN,
        "Total Revenue": 280939000.0,
        "Operating Revenue": 280939000.0,
        "Loss Adjustment Expense": -10984000.0,
        "Net Policyholder Benefits And Claims": -10984000.0
    },
    "2022-12-31": {
        "Tax Effect Of Unusual Items": 0.0,
        "Tax Rate For Calcs": 0.213251,
        "Net Income From Continuing Operation Net Minority Interest": 143806000.0,
        "EBIT": 196043000.0,
        "Net Interest Income": -13258000.0,
        "Interest Expense": 13258000.0,
        "Normalized Income": 143806000.0,
        "Net Income From Continuing And Discontinued Operation": 143806000.0,
        "Total Expenses": 93884000.0,
        "Diluted Average Shares": 163520000.0,
        "Basic Average Shares": 162824000.0,
        "Diluted EPS": 0.88,
        "Basic EPS": 0.88,
        "Diluted NI Availto Com Stockholders": 143806000.0,
        "Net Income Common Stockholders": 143806000.0,
        "Net Income": 143806000.0,
        "Net Income Including Noncontrolling Interests": 143806000.0,
        "Net Income Continuous Operations": 143806000.0,
        "Tax Provision": 38979000.0,
        "Pretax Income": 182785000.0,
        "Other Income Expense": 483000.0,
        "Net Non Operating Interest Income Expense": -13258000.0,
        "Interest Expense Non Operating": 13258000.0,
        "Total Revenue": 276669000.0,
        "Operating Revenue": 276669000.0
    },
    "2022-09-30": {
        "Tax Effect Of Unusual Items": 0.0,
        "Tax Rate For Calcs": 0.219331,
        "Net Income From Continuing Operation Net Minority Interest": 190986000.0,
        "EBIT": 257523000.0,
        "Net Interest Income": -12879000.0,
        "Interest Expense": 12879000.0,
        "Normalized Income": 190986000.0,
        "Net Income From Continuing And Discontinued Operation": 190986000.0,
        "Total Expenses": 30431000.0,
        "Diluted Average Shares": 163376000.0,
        "Basic Average Shares": 162843000.0,
        "Diluted EPS": 1.17,
        "Basic EPS": 1.17,
        "Diluted NI Availto Com Stockholders": 190986000.0,
        "Net Income Common Stockholders": 190986000.0,
        "Net Income": 190986000.0,
        "Net Income Including Noncontrolling Interests": 190986000.0,
        "Net Income Continuous Operations": 190986000.0,
        "Tax Provision": 53658000.0,
        "Pretax Income": 244644000.0,
        "Other Income Expense": 564000.0,
        "Net Non Operating Interest Income Expense": -12879000.0,
        "Interest Expense Non Operating": 12879000.0,
        "Total Revenue": 275075000.0,
        "Operating Revenue": 275075000.0
    },
    "2022-06-30": {
        "Tax Effect Of Unusual Items": 0.0,
        "Tax Rate For Calcs": 0.215235,
        "Net Income From Continuing Operation Net Minority Interest": 204735000.0,
        "EBIT": 273673000.0,
        "Net Interest Income": -12786000.0,
        "Interest Expense": 12786000.0,
        "Normalized Income": 204735000.0,
        "Net Income From Continuing And Discontinued Operation": 204735000.0,
        "Total Expenses": 12654000.0,
        "Diluted Average Shares": 163225000.0,
        "Basic Average Shares": 162842000.0,
        "Diluted EPS": 1.25,
        "Basic EPS": 1.25,
        "Diluted NI Availto Com Stockholders": 204735000.0,
        "Net Income Common Stockholders": 204735000.0,
        "Net Income": 204735000.0,
        "Net Income Including Noncontrolling Interests": 204735000.0,
        "Net Income Continuous Operations": 204735000.0,
        "Tax Provision": 56152000.0,
        "Pretax Income": 260887000.0,
        "Other Income Expense": 760000.0,
        "Net Non Operating Interest Income Expense": -12786000.0,
        "Interest Expense Non Operating": 12786000.0,
        "Total Revenue": 273541000.0,
        "Operating Revenue": 273541000.0
    },
    "2023-06-30": {
        "Tax Effect Of Unusual Items": NaN,
        "Tax Rate For Calcs": NaN,
        "Total Unusual Items": 0.0,
        "Total Unusual Items Excluding Goodwill": 0.0,
        "Net Income From Continuing Operation Net Minority Interest": NaN,
        "EBIT": NaN,
        "Net Interest Income": NaN,
        "Interest Expense": NaN,
        "Normalized Income": NaN,
        "Net Income From Continuing And Discontinued Operation": NaN,
        "Total Expenses": NaN,
        "Diluted Average Shares": NaN,
        "Basic Average Shares": NaN,
        "Diluted EPS": NaN,
        "Basic EPS": NaN,
        "Diluted NI Availto Com Stockholders": NaN,
        "Net Income Common Stockholders": NaN,
        "Net Income": NaN,
        "Net Income Including Noncontrolling Interests": NaN,
        "Net Income Continuous Operations": NaN,
        "Tax Provision": NaN,
        "Pretax Income": NaN,
        "Other Income Expense": NaN,
        "Special Income Charges": 0.0,
        "Other Special Charges": NaN,
        "Net Non Operating Interest Income Expense": NaN,
        "Interest Expense Non Operating": NaN,
        "Other Operating Expenses": NaN,
        "Total Revenue": NaN,
        "Operating Revenue": NaN,
        "Loss Adjustment Expense": NaN,
        "Net Policyholder Benefits And Claims": NaN
    },
    "2022-03-31": {
        "Diluted EPS": 1.01,
        "Total Revenue": 270,
        "Gross Profit": 226,
        "Operating Income": 210,
        "EBIT": 225,
        "Net Income": 165
    },
    "2021-12-31": {
        "Diluted EPS": 0.95,
        "Total Revenue": 273,
        "Gross Profit": 211,
        "Operating Income": 195,
        "EBIT": 210,
        "Net Income": 154
    },
    "2021-09-30": {
        "Diluted EPS": 0.84,
        "Total Revenue": 280,
        "Gross Profit": 191,
        "Operating Income": 175,
        "EBIT": 189,
        "Net Income": 137
    },
    "2021-06-30": {
        "Diluted EPS": 0.8,
        "Total Revenue": 276,
        "Gross Profit": 183,
        "Operating Income": 167,
        "EBIT": 182,
        "Net Income": 131
    },
    "2021-03-31": {
        "Diluted EPS": 0.77,
        "Total Revenue": 289,
        "Gross Profit": 176,
        "Operating Income": 159,
        "EBIT": 173,
        "Net Income": 125
    },
    "2020-12-31": {
        "Diluted EPS": 0.0,
        "Total Revenue": NaN,
        "Gross Profit": NaN,
        "Operating Income": NaN,
        "EBIT": NaN,
        "Net Income": NaN
    },
    "2020-09-30": {
        "Diluted EPS": 0.85,
        "Total Revenue": 284,
        "Gross Profit": 185,
        "Operating Income": 175,
        "EBIT": 184,
        "Net Income": 138
    },
    "2020-06-30": {
        "Diluted EPS": 0.0,
        "Total Revenue": NaN,
        "Gross Profit": NaN,
        "Operating Income": NaN,
        "EBIT": NaN,
        "Net Income": NaN
    },
    "2019-12-31": {
        "Diluted EPS": 0.0,
        "Total Revenue": NaN,
        "Gross Profit": NaN,
        "Operating Income": NaN,
        "EBIT": NaN,
        "Net Income": NaN
    },
    "2023-09-30": {
        "Tax Effect Of Unusual Items": NaN,
        "Tax Rate For Calcs": NaN,
        "Total Unusual Items": 0.0,
        "Total Unusual Items Excluding Goodwill": 0.0,
        "Net Income From Continuing Operation Net Minority Interest": NaN,
        "EBIT": NaN,
        "Net Interest Income": NaN,
        "Interest Expense": NaN,
        "Normalized Income": NaN,
        "Net Income From Continuing And Discontinued Operation": NaN,
        "Total Expenses": NaN,
        "Diluted Average Shares": NaN,
        "Basic Average Shares": NaN,
        "Diluted EPS": NaN,
        "Basic EPS": NaN,
        "Diluted NI Availto Com Stockholders": NaN,
        "Net Income Common Stockholders": NaN,
        "Net Income": NaN,
        "Net Income Including Noncontrolling Interests": NaN,
        "Net Income Continuous Operations": NaN,
        "Tax Provision": NaN,
        "Pretax Income": NaN,
        "Other Income Expense": NaN,
        "Special Income Charges": 0.0,
        "Other Special Charges": NaN,
        "Net Non Operating Interest Income Expense": NaN,
        "Interest Expense Non Operating": NaN,
        "Other Operating Expenses": NaN,
        "Total Revenue": NaN,
        "Operating Revenue": NaN,
        "Loss Adjustment Expense": NaN,
        "Net Policyholder Benefits And Claims": NaN
    },
    "2023-12-31": {
        "Tax Effect Of Unusual Items": 0.0,
        "Tax Rate For Calcs": 0.212452,
        "Total Unusual Items": NaN,
        "Total Unusual Items Excluding Goodwill": NaN,
        "Net Income From Continuing Operation Net Minority Interest": 157308000.0,
        "EBIT": 212692000.0,
        "Net Interest Income": -12948000.0,
        "Interest Expense": 12948000.0,
        "Normalized Income": 157308000.0,
        "Net Income From Continuing And Discontinued Operation": 157308000.0,
        "Total Expenses": 96446000.0,
        "Diluted Average Shares": 160895000.0,
        "Basic Average Shares": 159655000.0,
        "Diluted EPS": 0.98,
        "Basic EPS": 0.99,
        "Diluted NI Availto Com Stockholders": 157308000.0,
        "Net Income Common Stockholders": 157308000.0,
        "Net Income": 157308000.0,
        "Net Income Including Noncontrolling Interests": 157308000.0,
        "Net Income Continuous Operations": 157308000.0,
        "Tax Provision": 42436000.0,
        "Pretax Income": 199744000.0,
        "Other Income Expense": 804000.0,
        "Special Income Charges": NaN,
        "Other Special Charges": NaN,
        "Net Non Operating Interest Income Expense": -12948000.0,
        "Interest Expense Non Operating": 12948000.0,
        "Other Operating Expenses": NaN,
        "Total Revenue": 296190000.0,
        "Operating Revenue": 296190000.0,
        "Loss Adjustment Expense": 24372000.0,
        "Net Policyholder Benefits And Claims": 24372000.0
    },
    "2024-03-31": {
        "Tax Effect Of Unusual Items": NaN,
        "Tax Rate For Calcs": NaN,
        "Total Unusual Items": NaN,
        "Total Unusual Items Excluding Goodwill": NaN,
        "Net Income From Continuing Operation Net Minority Interest": NaN,
        "EBIT": NaN,
        "Net Interest Income": NaN,
        "Interest Expense": NaN,
        "Normalized Income": NaN,
        "Net Income From Continuing And Discontinued Operation": NaN,
        "Total Expenses": NaN,
        "Diluted Average Shares": NaN,
        "Basic Average Shares": NaN,
        "Diluted EPS": NaN,
        "Basic EPS": NaN,
        "Diluted NI Availto Com Stockholders": NaN,
        "Net Income Common Stockholders": NaN,
        "Net Income": NaN,
        "Net Income Including Noncontrolling Interests": NaN,
        "Net Income Continuous Operations": NaN,
        "Tax Provision": NaN,
        "Pretax Income": NaN,
        "Other Income Expense": NaN,
        "Special Income Charges": NaN,
        "Other Special Charges": NaN,
        "Net Non Operating Interest Income Expense": NaN,
        "Interest Expense Non Operating": NaN,
        "Other Operating Expenses": 11000.0,
        "Total Revenue": NaN,
        "Operating Revenue": NaN,
        "Loss Adjustment Expense": NaN,
        "Net Policyholder Benefits And Claims": NaN
    },
    "2024-06-30": {
        "Tax Effect Of Unusual Items": NaN,
        "Tax Rate For Calcs": NaN,
        "Total Unusual Items": -10930000.0,
        "Total Unusual Items Excluding Goodwill": -10930000.0,
        "Net Income From Continuing Operation Net Minority Interest": NaN,
        "EBIT": NaN,
        "Net Interest Income": NaN,
        "Interest Expense": NaN,
        "Normalized Income": NaN,
        "Net Income From Continuing And Discontinued Operation": NaN,
        "Total Expenses": NaN,
        "Diluted Average Shares": NaN,
        "Basic Average Shares": NaN,
        "Diluted EPS": NaN,
        "Basic EPS": NaN,
        "Diluted NI Availto Com Stockholders": NaN,
        "Net Income Common Stockholders": NaN,
        "Net Income": NaN,
        "Net Income Including Noncontrolling Interests": NaN,
        "Net Income Continuous Operations": NaN,
        "Tax Provision": NaN,
        "Pretax Income": NaN,
        "Other Income Expense": NaN,
        "Special Income Charges": -10930000.0,
        "Other Special Charges": 10930000.0,
        "Net Non Operating Interest Income Expense": NaN,
        "Interest Expense Non Operating": NaN,
        "Other Operating Expenses": NaN,
        "Total Revenue": NaN,
        "Operating Revenue": NaN,
        "Loss Adjustment Expense": NaN,
        "Net Policyholder Benefits And Claims": NaN
    },
    "2024-09-30": {
        "Tax Effect Of Unusual Items": 0.0,
        "Tax Rate For Calcs": 0.213,
        "Total Unusual Items": 0.0,
        "Total Unusual Items Excluding Goodwill": 0.0,
        "Net Income From Continuing Operation Net Minority Interest": 180669000.0,
        "EBIT": 241747000.0,
        "Net Interest Income": -12290000.0,
        "Interest Expense": 12290000.0,
        "Normalized Income": 180669000.0,
        "Net Income From Continuing And Discontinued Operation": 180669000.0,
        "Total Expenses": 80131000.0,
        "Diluted Average Shares": NaN,
        "Basic Average Shares": NaN,
        "Diluted EPS": NaN,
        "Basic EPS": NaN,
        "Diluted NI Availto Com Stockholders": 180669000.0,
        "Net Income Common Stockholders": 180669000.0,
        "Net Income": 180669000.0,
        "Net Income Including Noncontrolling Interests": 180669000.0,
        "Net Income Continuous Operations": 180669000.0,
        "Tax Provision": 48788000.0,
        "Pretax Income": 229457000.0,
        "Other Income Expense": 720000.0,
        "Special Income Charges": 0.0,
        "Other Special Charges": NaN,
        "Net Non Operating Interest Income Expense": -12290000.0,
        "Interest Expense Non Operating": 12290000.0,
        "Other Operating Expenses": NaN,
        "Total Revenue": 309588000.0,
        "Operating Revenue": 309588000.0,
        "Loss Adjustment Expense": 12164000.0,
        "Net Policyholder Benefits And Claims": 12164000.0
    },
    "2024-12-31": {
        "Tax Effect Of Unusual Items": 0.0,
        "Tax Rate For Calcs": 0.217056,
        "Total Unusual Items": 0.0,
        "Total Unusual Items Excluding Goodwill": 0.0,
        "Net Income From Continuing Operation Net Minority Interest": 162738000.0,
        "EBIT": 220116000.0,
        "Net Interest Income": -12262000.0,
        "Interest Expense": 12262000.0,
        "Normalized Income": 162738000.0,
        "Net Income From Continuing And Discontinued Operation": 162738000.0,
        "Total Expenses": 94080000.0,
        "Diluted Average Shares": 154542000.0,
        "Basic Average Shares": 153537000.0,
        "Diluted EPS": 1.05,
        "Basic EPS": 1.06,
        "Diluted NI Availto Com Stockholders": 162738000.0,
        "Net Income Common Stockholders": 162738000.0,
        "Net Income": 162738000.0,
        "Net Income Including Noncontrolling Interests": 162738000.0,
        "Net Income Continuous Operations": 162738000.0,
        "Tax Provision": 45116000.0,
        "Pretax Income": 207854000.0,
        "Other Income Expense": 584000.0,
        "Special Income Charges": 0.0,
        "Other Special Charges": 0.0,
        "Net Non Operating Interest Income Expense": -12262000.0,
        "Interest Expense Non Operating": 12262000.0,
        "Other Operating Expenses": NaN,
        "Total Revenue": 301934000.0,
        "Operating Revenue": 301934000.0,
        "Loss Adjustment Expense": 23813000.0,
        "Net Policyholder Benefits And Claims": 23813000.0
    },
    "2025-03-31": {
        "Tax Effect Of Unusual Items": 0.0,
        "Tax Rate For Calcs": 0.216,
        "Total Unusual Items": NaN,
        "Total Unusual Items Excluding Goodwill": NaN,
        "Net Income From Continuing Operation Net Minority Interest": 165778000.0,
        "EBIT": 223712000.0,
        "Net Interest Income": -12291000.0,
        "Interest Expense": 12291000.0,
        "Normalized Income": 165778000.0,
        "Net Income From Continuing And Discontinued Operation": 165778000.0,
        "Total Expenses": 95470000.0,
        "Diluted Average Shares": 152907000.0,
        "Basic Average Shares": 151831000.0,
        "Diluted EPS": 1.08,
        "Basic EPS": 1.09,
        "Diluted NI Availto Com Stockholders": 165778000.0,
        "Net Income Common Stockholders": 165778000.0,
        "Net Income": 165778000.0,
        "Net Income Including Noncontrolling Interests": 165778000.0,
        "Net Income Continuous Operations": 165778000.0,
        "Tax Provision": 45643000.0,
        "Pretax Income": 211421000.0,
        "Other Income Expense": 2196000.0,
        "Special Income Charges": NaN,
        "Other Special Charges": NaN,
        "Net Non Operating Interest Income Expense": -12291000.0,
        "Interest Expense Non Operating": 12291000.0,
        "Other Operating Expenses": 115000.0,
        "Total Revenue": 306891000.0,
        "Operating Revenue": 306891000.0,
        "Loss Adjustment Expense": 30541000.0,
        "Net Policyholder Benefits And Claims": 30541000.0
    },
    "2025-06-30": {
        "Tax Effect Of Unusual Items": 0.0,
        "Tax Rate For Calcs": 0.218,
        "Total Unusual Items": 0.0,
        "Total Unusual Items Excluding Goodwill": 0.0,
        "Net Income From Continuing Operation Net Minority Interest": 167808000.0,
        "EBIT": 226798000.0,
        "Net Interest Income": -12296000.0,
        "Interest Expense": 12296000.0,
        "Normalized Income": 167808000.0,
        "Net Income From Continuing And Discontinued Operation": 167808000.0,
        "Total Expenses": 90115000.0,
        "Diluted Average Shares": 150729000.0,
        "Basic Average Shares": 149940000.0,
        "Diluted EPS": 1.11,
        "Basic EPS": 1.12,
        "Diluted NI Availto Com Stockholders": 167808000.0,
        "Net Income Common Stockholders": 167808000.0,
        "Net Income": 167808000.0,
        "Net Income Including Noncontrolling Interests": 167808000.0,
        "Net Income Continuous Operations": 167808000.0,
        "Tax Provision": 46694000.0,
        "Pretax Income": 214502000.0,
        "Other Income Expense": 1060000.0,
        "Special Income Charges": 0.0,
        "Other Special Charges": NaN,
        "Net Non Operating Interest Income Expense": -12296000.0,
        "Interest Expense Non Operating": 12296000.0,
        "Other Operating Expenses": -273000.0,
        "Total Revenue": 304617000.0,
        "Operating Revenue": 304617000.0,
        "Loss Adjustment Expense": 25289000.0,
        "Net Policyholder Benefits And Claims": 25289000.0
    },
    "2025-09-30": {
        "Tax Effect Of Unusual Items": 0.0,
        "Tax Rate For Calcs": 0.221,
        "Total Unusual Items": 0.0,
        "Total Unusual Items Excluding Goodwill": 0.0,
        "Net Income From Continuing Operation Net Minority Interest": 163497000.0,
        "EBIT": 222726000.0,
        "Net Interest Income": -12897000.0,
        "Interest Expense": 12897000.0,
        "Normalized Income": 163497000.0,
        "Net Income From Continuing And Discontinued Operation": 163497000.0,
        "Total Expenses": 101626000.0,
        "Diluted Average Shares": 148340000.0,
        "Basic Average Shares": 147434000.0,
        "Diluted EPS": 1.1,
        "Basic EPS": 1.11,
        "Diluted NI Availto Com Stockholders": 163497000.0,
        "Net Income Common Stockholders": 163497000.0,
        "Net Income": 163497000.0,
        "Net Income Including Noncontrolling Interests": 163497000.0,
        "Net Income Continuous Operations": 163497000.0,
        "Tax Provision": 46332000.0,
        "Pretax Income": 209829000.0,
        "Other Income Expense": 990000.0,
        "Special Income Charges": 0.0,
        "Other Special Charges": NaN,
        "Net Non Operating Interest Income Expense": -12897000.0,
        "Interest Expense Non Operating": 12897000.0,
        "Other Operating Expenses": NaN,
        "Total Revenue": 311455000.0,
        "Operating Revenue": 311455000.0,
        "Loss Adjustment Expense": 35885000.0,
        "Net Policyholder Benefits And Claims": 35885000.0
    },
    "2025-12-31": {
        "Tax Effect Of Unusual Items": NaN,
        "Tax Rate For Calcs": NaN,
        "Total Unusual Items": NaN,
        "Total Unusual Items Excluding Goodwill": NaN,
        "Net Income From Continuing Operation Net Minority Interest": NaN,
        "EBIT": NaN,
        "Net Interest Income": NaN,
        "Interest Expense": NaN,
        "Normalized Income": NaN,
        "Net Income From Continuing And Discontinued Operation": NaN,
        "Total Expenses": NaN,
        "Diluted Average Shares": 145294000.0,
        "Basic Average Shares": 144290000.0,
        "Diluted EPS": 1.22,
        "Basic EPS": 1.23,
        "Diluted NI Availto Com Stockholders": NaN,
        "Net Income Common Stockholders": NaN,
        "Net Income": NaN,
        "Net Income Including Noncontrolling Interests": NaN,
        "Net Income Continuous Operations": NaN,
        "Tax Provision": NaN,
        "Pretax Income": NaN,
        "Other Income Expense": NaN,
        "Special Income Charges": NaN,
        "Other Special Charges": NaN,
        "Net Non Operating Interest Income Expense": NaN,
        "Interest Expense Non Operating": NaN,
        "Other Operating Expenses": NaN,
        "Total Revenue": NaN,
        "Operating Revenue": NaN,
        "Loss Adjustment Expense": NaN,
        "Net Policyholder Benefits And Claims": NaN
    }
}