{
    "2023-03-31": {
        "Tax Effect Of Unusual Items": NaN,
        "Tax Rate For Calcs": NaN,
        "Normalized EBITDA": NaN,
        "Total Unusual Items": NaN,
        "Total Unusual Items Excluding Goodwill": NaN,
        "Net Income From Continuing Operation Net Minority Interest": NaN,
        "Reconciled Depreciation": NaN,
        "Reconciled Cost Of Revenue": NaN,
        "EBITDA": NaN,
        "EBIT": NaN,
        "Net Interest Income": NaN,
        "Interest Expense": NaN,
        "Interest Income": NaN,
        "Normalized Income": NaN,
        "Net Income From Continuing And Discontinued Operation": NaN,
        "Total Expenses": NaN,
        "Total Operating Income As Reported": NaN,
        "Diluted Average Shares": NaN,
        "Basic Average Shares": NaN,
        "Diluted EPS": NaN,
        "Basic EPS": NaN,
        "Diluted NI Availto Com Stockholders": NaN,
        "Average Dilution Earnings": NaN,
        "Net Income Common Stockholders": NaN,
        "Otherunder Preferred Stock Dividend": NaN,
        "Preferred Stock Dividends": 2254000.0,
        "Net Income": NaN,
        "Minority Interests": NaN,
        "Net Income Including Noncontrolling Interests": NaN,
        "Net Income Continuous Operations": NaN,
        "Tax Provision": NaN,
        "Pretax Income": NaN,
        "Other Income Expense": NaN,
        "Special Income Charges": NaN,
        "Other Special Charges": NaN,
        "Earnings From Equity Interest": NaN,
        "Gain On Sale Of Security": NaN,
        "Net Non Operating Interest Income Expense": NaN,
        "Interest Expense Non Operating": NaN,
        "Interest Income Non Operating": NaN,
        "Operating Income": NaN,
        "Operating Expense": NaN,
        "Research And Development": NaN,
        "Selling General And Administration": NaN,
        "Selling And Marketing Expense": NaN,
        "General And Administrative Expense": NaN,
        "Other Gand A": NaN,
        "Gross Profit": NaN,
        "Cost Of Revenue": NaN,
        "Total Revenue": NaN,
        "Operating Revenue": NaN
    },
    "2022-12-31": {
        "Tax Effect Of Unusual Items": NaN,
        "Tax Rate For Calcs": NaN,
        "Normalized EBITDA": NaN,
        "Total Unusual Items": NaN,
        "Total Unusual Items Excluding Goodwill": NaN,
        "Net Income From Continuing Operation Net Minority Interest": NaN,
        "Reconciled Depreciation": NaN,
        "Reconciled Cost Of Revenue": NaN,
        "EBITDA": NaN,
        "EBIT": NaN,
        "Net Interest Income": NaN,
        "Interest Expense": NaN,
        "Interest Income": NaN,
        "Normalized Income": NaN,
        "Net Income From Continuing And Discontinued Operation": NaN,
        "Total Expenses": NaN,
        "Total Operating Income As Reported": NaN,
        "Diluted Average Shares": NaN,
        "Basic Average Shares": NaN,
        "Diluted EPS": NaN,
        "Basic EPS": NaN,
        "Diluted NI Availto Com Stockholders": NaN,
        "Average Dilution Earnings": NaN,
        "Net Income Common Stockholders": NaN,
        "Otherunder Preferred Stock Dividend": NaN,
        "Preferred Stock Dividends": -3029000.0,
        "Net Income": NaN,
        "Minority Interests": NaN,
        "Net Income Including Noncontrolling Interests": NaN,
        "Net Income Continuous Operations": NaN,
        "Tax Provision": NaN,
        "Pretax Income": NaN,
        "Other Income Expense": NaN,
        "Special Income Charges": NaN,
        "Other Special Charges": NaN,
        "Earnings From Equity Interest": -404000.0,
        "Gain On Sale Of Security": NaN,
        "Net Non Operating Interest Income Expense": NaN,
        "Interest Expense Non Operating": NaN,
        "Interest Income Non Operating": NaN,
        "Operating Income": NaN,
        "Operating Expense": NaN,
        "Research And Development": NaN,
        "Selling General And Administration": NaN,
        "Selling And Marketing Expense": NaN,
        "General And Administrative Expense": NaN,
        "Other Gand A": NaN,
        "Gross Profit": NaN,
        "Cost Of Revenue": NaN,
        "Total Revenue": NaN,
        "Operating Revenue": NaN
    },
    "2022-09-30": {
        "Tax Effect Of Unusual Items": NaN,
        "Tax Rate For Calcs": NaN,
        "Normalized EBITDA": NaN,
        "Total Unusual Items": NaN,
        "Total Unusual Items Excluding Goodwill": NaN,
        "Net Income From Continuing Operation Net Minority Interest": NaN,
        "Reconciled Depreciation": NaN,
        "Reconciled Cost Of Revenue": NaN,
        "EBITDA": NaN,
        "EBIT": NaN,
        "Net Interest Income": NaN,
        "Interest Expense": NaN,
        "Interest Income": NaN,
        "Normalized Income": NaN,
        "Net Income From Continuing And Discontinued Operation": NaN,
        "Total Expenses": NaN,
        "Total Operating Income As Reported": NaN,
        "Diluted Average Shares": NaN,
        "Basic Average Shares": NaN,
        "Diluted EPS": NaN,
        "Basic EPS": NaN,
        "Diluted NI Availto Com Stockholders": NaN,
        "Average Dilution Earnings": NaN,
        "Net Income Common Stockholders": NaN,
        "Otherunder Preferred Stock Dividend": NaN,
        "Preferred Stock Dividends": NaN,
        "Net Income": NaN,
        "Minority Interests": NaN,
        "Net Income Including Noncontrolling Interests": NaN,
        "Net Income Continuous Operations": NaN,
        "Tax Provision": NaN,
        "Pretax Income": NaN,
        "Other Income Expense": NaN,
        "Special Income Charges": NaN,
        "Other Special Charges": NaN,
        "Earnings From Equity Interest": 850000.0,
        "Gain On Sale Of Security": NaN,
        "Net Non Operating Interest Income Expense": NaN,
        "Interest Expense Non Operating": NaN,
        "Interest Income Non Operating": NaN,
        "Operating Income": NaN,
        "Operating Expense": NaN,
        "Research And Development": NaN,
        "Selling General And Administration": NaN,
        "Selling And Marketing Expense": NaN,
        "General And Administrative Expense": NaN,
        "Other Gand A": NaN,
        "Gross Profit": NaN,
        "Cost Of Revenue": NaN,
        "Total Revenue": NaN,
        "Operating Revenue": NaN
    },
    "2022-06-30": {
        "Tax Effect Of Unusual Items": 0.0,
        "Tax Rate For Calcs": 0.0,
        "Normalized EBITDA": 40686000.0,
        "Total Unusual Items": -83109000.0,
        "Total Unusual Items Excluding Goodwill": -83109000.0,
        "Net Income From Continuing Operation Net Minority Interest": -61503000.0,
        "Reconciled Depreciation": 3408000.0,
        "Reconciled Cost Of Revenue": 9226000.0,
        "EBITDA": -42423000.0,
        "EBIT": -45831000.0,
        "Net Interest Income": -996000.0,
        "Interest Expense": 1859000.0,
        "Interest Income": 863000.0,
        "Normalized Income": 21606000.0,
        "Net Income From Continuing And Discontinued Operation": -61503000.0,
        "Total Expenses": 22387000.0,
        "Total Operating Income As Reported": -5670000.0,
        "Diluted Average Shares": 43988677.0,
        "Basic Average Shares": 43988677.0,
        "Diluted EPS": -1.44,
        "Basic EPS": -1.44,
        "Diluted NI Availto Com Stockholders": -63443000.0,
        "Average Dilution Earnings": 0.0,
        "Net Income Common Stockholders": -63443000.0,
        "Otherunder Preferred Stock Dividend": 0.0,
        "Preferred Stock Dividends": 1940000.0,
        "Net Income": -61503000.0,
        "Minority Interests": -14013000.0,
        "Net Income Including Noncontrolling Interests": -47490000.0,
        "Net Income Continuous Operations": -47490000.0,
        "Tax Provision": -200000.0,
        "Pretax Income": -47690000.0,
        "Other Income Expense": -41024000.0,
        "Earnings From Equity Interest": 42085000.0,
        "Gain On Sale Of Security": -83109000.0,
        "Net Non Operating Interest Income Expense": -996000.0,
        "Interest Expense Non Operating": 1859000.0,
        "Interest Income Non Operating": 863000.0,
        "Operating Income": -5670000.0,
        "Operating Expense": 13161000.0,
        "Research And Development": 145000.0,
        "Selling General And Administration": 13016000.0,
        "Selling And Marketing Expense": 2294000.0,
        "General And Administrative Expense": 10722000.0,
        "Other Gand A": 10722000.0,
        "Gross Profit": 7491000.0,
        "Cost Of Revenue": 9226000.0,
        "Total Revenue": 16717000.0,
        "Operating Revenue": 16717000.0
    },
    "2022-03-31": {
        "Diluted EPS": -1.61,
        "Total Revenue": 14,
        "Gross Profit": 5,
        "Operating Income": -9,
        "EBIT": -5,
        "Net Income": -75
    },
    "2021-12-31": {
        "Diluted EPS": 3.63,
        "Total Revenue": 63,
        "Gross Profit": 46,
        "Operating Income": 31,
        "EBIT": 35,
        "Net Income": 167
    },
    "2021-09-30": {
        "Diluted EPS": 0.86,
        "Total Revenue": 2,
        "Gross Profit": -2,
        "Operating Income": -13,
        "EBIT": -10,
        "Net Income": 73
    },
    "2021-06-30": {
        "Diluted EPS": 0.23,
        "Total Revenue": 17,
        "Gross Profit": 8,
        "Operating Income": 2,
        "EBIT": 4,
        "Net Income": 15
    },
    "2021-03-31": {
        "Diluted EPS": -2.81,
        "Total Revenue": 6,
        "Gross Profit": 0,
        "Operating Income": -6,
        "EBIT": -3,
        "Net Income": -137
    },
    "2020-12-31": {
        "Diluted EPS": 1.31,
        "Total Revenue": 4,
        "Gross Profit": 0,
        "Operating Income": -6,
        "EBIT": 1,
        "Net Income": 64
    },
    "2020-09-30": {
        "Diluted EPS": 0.32,
        "Total Revenue": 19,
        "Gross Profit": 5,
        "Operating Income": -3,
        "EBIT": -1,
        "Net Income": 31
    },
    "2020-06-30": {
        "Diluted EPS": 0.09,
        "Total Revenue": 2,
        "Gross Profit": -1,
        "Operating Income": -7,
        "EBIT": -5,
        "Net Income": 4
    },
    "2020-03-31": {
        "Diluted EPS": -0.24,
        "Total Revenue": 4,
        "Gross Profit": 2,
        "Operating Income": -4,
        "EBIT": -3,
        "Net Income": -12
    },
    "2019-12-31": {
        "Diluted EPS": -0.04,
        "Total Revenue": 1,
        "Gross Profit": -2,
        "Operating Income": -7,
        "EBIT": -7,
        "Net Income": 0
    },
    "2019-09-30": {
        "Diluted EPS": -0.15,
        "Total Revenue": 2,
        "Gross Profit": 0,
        "Operating Income": -5,
        "EBIT": -4,
        "Net Income": -8
    },
    "2019-06-30": {
        "Diluted EPS": -0.12,
        "Total Revenue": 5,
        "Gross Profit": 0,
        "Operating Income": -4,
        "EBIT": -3,
        "Net Income": -6
    },
    "2019-03-31": {
        "Diluted EPS": -0.09,
        "Total Revenue": 3,
        "Gross Profit": -3,
        "Operating Income": -7,
        "EBIT": -6,
        "Net Income": -4
    },
    "2018-12-31": {
        "Diluted EPS": -0.23,
        "Total Revenue": 49,
        "Gross Profit": 17,
        "Operating Income": 10,
        "EBIT": 22,
        "Net Income": -11
    },
    "2018-09-30": {
        "Diluted EPS": -0.67,
        "Total Revenue": 14,
        "Gross Profit": 3,
        "Operating Income": -5,
        "EBIT": 0,
        "Net Income": -33
    },
    "2018-06-30": {
        "Diluted EPS": -0.57,
        "Total Revenue": 6,
        "Gross Profit": -4,
        "Operating Income": -39,
        "EBIT": -34,
        "Net Income": -28
    },
    "2018-03-31": {
        "Diluted EPS": -0.63,
        "Total Revenue": 62,
        "Gross Profit": 12,
        "Operating Income": 9,
        "EBIT": 14,
        "Net Income": -32
    },
    "2017-12-31": {
        "Diluted EPS": -2.17,
        "Total Revenue": 3,
        "Gross Profit": -12,
        "Operating Income": -7,
        "EBIT": -4,
        "Net Income": -110
    },
    "2017-09-30": {
        "Diluted EPS": 3.13,
        "Total Revenue": 37,
        "Gross Profit": 15,
        "Operating Income": 0,
        "EBIT": 7,
        "Net Income": 158
    },
    "2017-06-30": {
        "Diluted EPS": -0.28,
        "Total Revenue": 16,
        "Gross Profit": -1,
        "Operating Income": -8,
        "EBIT": -2,
        "Net Income": -14
    },
    "2017-03-31": {
        "Diluted EPS": -0.24,
        "Total Revenue": 9,
        "Gross Profit": 1,
        "Operating Income": -12,
        "EBIT": -6,
        "Net Income": -12
    },
    "2016-12-31": {
        "Diluted EPS": -0.21,
        "Total Revenue": 22,
        "Gross Profit": -8,
        "Operating Income": -9,
        "EBIT": -3,
        "Net Income": -11
    },
    "2016-09-30": {
        "Diluted EPS": 0.14,
        "Total Revenue": 65,
        "Gross Profit": 25,
        "Operating Income": 16,
        "EBIT": 23,
        "Net Income": 7
    },
    "2016-06-30": {
        "Diluted EPS": -0.81,
        "Total Revenue": 41,
        "Gross Profit": 13,
        "Operating Income": -35,
        "EBIT": -24,
        "Net Income": -41
    },
    "2016-03-31": {
        "Diluted EPS": -0.2,
        "Total Revenue": 25,
        "Gross Profit": 11,
        "Operating Income": -10,
        "EBIT": 1,
        "Net Income": -10
    },
    "2015-12-31": {
        "Diluted EPS": -2.35,
        "Total Revenue": 37,
        "Gross Profit": -48,
        "Operating Income": -113,
        "EBIT": -70,
        "Net Income": -116
    },
    "2015-09-30": {
        "Diluted EPS": -0.55,
        "Total Revenue": 13,
        "Gross Profit": 1,
        "Operating Income": -27,
        "EBIT": -13,
        "Net Income": -27
    },
    "2015-06-30": {
        "Diluted EPS": -0.08,
        "Total Revenue": 40,
        "Gross Profit": 25,
        "Operating Income": 1,
        "EBIT": 14,
        "Net Income": -4
    },
    "2015-03-31": {
        "Diluted EPS": -0.27,
        "Total Revenue": 34,
        "Gross Profit": 21,
        "Operating Income": -14,
        "EBIT": -1,
        "Net Income": -13
    },
    "2014-12-31": {
        "Diluted EPS": -0.33,
        "Total Revenue": 31,
        "Gross Profit": 0,
        "Operating Income": -15,
        "EBIT": -5,
        "Net Income": -16
    },
    "2014-09-30": {
        "Diluted EPS": -0.26,
        "Total Revenue": 37,
        "Gross Profit": 2,
        "Operating Income": -13,
        "EBIT": 1,
        "Net Income": -13
    },
    "2014-06-30": {
        "Diluted EPS": -0.27,
        "Total Revenue": 50,
        "Gross Profit": 6,
        "Operating Income": -8,
        "EBIT": 7,
        "Net Income": -13
    },
    "2014-03-31": {
        "Diluted EPS": -0.51,
        "Total Revenue": 13,
        "Gross Profit": -12,
        "Operating Income": -26,
        "EBIT": -11,
        "Net Income": -25
    },
    "2013-12-31": {
        "Diluted EPS": -0.69,
        "Total Revenue": 15,
        "Gross Profit": -31,
        "Operating Income": -32,
        "EBIT": -20,
        "Net Income": -33
    },
    "2013-09-30": {
        "Diluted EPS": -0.33,
        "Total Revenue": 16,
        "Gross Profit": -13,
        "Operating Income": -35,
        "EBIT": -23,
        "Net Income": -16
    },
    "2013-06-30": {
        "Diluted EPS": -0.26,
        "Total Revenue": 23,
        "Gross Profit": -9,
        "Operating Income": -23,
        "EBIT": -10,
        "Net Income": -13
    },
    "2013-03-31": {
        "Diluted EPS": 0.1,
        "Total Revenue": 77,
        "Gross Profit": 40,
        "Operating Income": 7,
        "EBIT": 19,
        "Net Income": 5
    },
    "2012-12-31": {
        "Diluted EPS": 0.13,
        "Total Revenue": 66,
        "Gross Profit": 32,
        "Operating Income": 15,
        "EBIT": 33,
        "Net Income": 8
    },
    "2012-09-30": {
        "Diluted EPS": -0.14,
        "Total Revenue": 35,
        "Gross Profit": 5,
        "Operating Income": -8,
        "EBIT": 2,
        "Net Income": -7
    },
    "2012-06-30": {
        "Diluted EPS": 0.13,
        "Total Revenue": 50,
        "Gross Profit": 24,
        "Operating Income": 10,
        "EBIT": 15,
        "Net Income": 6
    },
    "2012-03-31": {
        "Diluted EPS": 1.09,
        "Total Revenue": 99,
        "Gross Profit": 79,
        "Operating Income": 64,
        "EBIT": 70,
        "Net Income": 50
    },
    "2011-12-31": {
        "Diluted EPS": -0.14,
        "Total Revenue": 21,
        "Gross Profit": 5,
        "Operating Income": -5,
        "EBIT": -3,
        "Net Income": -5
    },
    "2011-09-30": {
        "Diluted EPS": 0.25,
        "Total Revenue": 51,
        "Gross Profit": 17,
        "Operating Income": 12,
        "EBIT": 14,
        "Net Income": 11
    },
    "2011-06-30": {
        "Diluted EPS": 0.05,
        "Total Revenue": 40,
        "Gross Profit": 12,
        "Operating Income": 2,
        "EBIT": 5,
        "Net Income": 2
    },
    "2011-03-31": {
        "Diluted EPS": 0.34,
        "Total Revenue": 61,
        "Gross Profit": 31,
        "Operating Income": 21,
        "EBIT": 24,
        "Net Income": 12
    },
    "2010-12-31": {
        "Diluted EPS": -0.16,
        "Total Revenue": 13,
        "Gross Profit": 3,
        "Operating Income": -5,
        "EBIT": -3,
        "Net Income": -5
    },
    "2010-09-30": {
        "Diluted EPS": 0.7,
        "Total Revenue": 64,
        "Gross Profit": 35,
        "Operating Income": 28,
        "EBIT": 30,
        "Net Income": 25
    },
    "2010-06-30": {
        "Diluted EPS": -0.12,
        "Total Revenue": 15,
        "Gross Profit": 2,
        "Operating Income": -4,
        "EBIT": -2,
        "Net Income": -4
    },
    "2010-03-31": {
        "Diluted EPS": 0.55,
        "Total Revenue": 40,
        "Gross Profit": 26,
        "Operating Income": 19,
        "EBIT": 21,
        "Net Income": 19
    },
    "2009-12-31": {
        "Diluted EPS": -0.16,
        "Total Revenue": 20,
        "Gross Profit": 4,
        "Operating Income": -2,
        "EBIT": -1,
        "Net Income": -5
    },
    "2009-09-30": {
        "Diluted EPS": -0.11,
        "Total Revenue": 16,
        "Gross Profit": 2,
        "Operating Income": -3,
        "EBIT": -1,
        "Net Income": -3
    },
    "2009-06-30": {
        "Diluted EPS": -0.1,
        "Total Revenue": 14,
        "Gross Profit": 5,
        "Operating Income": -1,
        "EBIT": 0,
        "Net Income": -3
    },
    "2009-03-31": {
        "Diluted EPS": -0.01,
        "Total Revenue": 17,
        "Gross Profit": 5,
        "Operating Income": -1,
        "EBIT": 1,
        "Net Income": 0
    },
    "2023-06-30": {
        "Tax Effect Of Unusual Items": NaN,
        "Tax Rate For Calcs": NaN,
        "Normalized EBITDA": NaN,
        "Total Unusual Items": NaN,
        "Total Unusual Items Excluding Goodwill": NaN,
        "Net Income From Continuing Operation Net Minority Interest": NaN,
        "Reconciled Depreciation": NaN,
        "Reconciled Cost Of Revenue": NaN,
        "EBITDA": NaN,
        "EBIT": NaN,
        "Net Interest Income": NaN,
        "Interest Expense": NaN,
        "Interest Income": NaN,
        "Normalized Income": NaN,
        "Net Income From Continuing And Discontinued Operation": NaN,
        "Total Expenses": NaN,
        "Total Operating Income As Reported": NaN,
        "Diluted Average Shares": NaN,
        "Basic Average Shares": NaN,
        "Diluted EPS": NaN,
        "Basic EPS": NaN,
        "Diluted NI Availto Com Stockholders": NaN,
        "Average Dilution Earnings": NaN,
        "Net Income Common Stockholders": NaN,
        "Otherunder Preferred Stock Dividend": NaN,
        "Preferred Stock Dividends": 2376000.0,
        "Net Income": NaN,
        "Minority Interests": NaN,
        "Net Income Including Noncontrolling Interests": NaN,
        "Net Income Continuous Operations": NaN,
        "Tax Provision": NaN,
        "Pretax Income": NaN,
        "Other Income Expense": NaN,
        "Special Income Charges": NaN,
        "Other Special Charges": NaN,
        "Earnings From Equity Interest": 0.0,
        "Gain On Sale Of Security": NaN,
        "Net Non Operating Interest Income Expense": NaN,
        "Interest Expense Non Operating": NaN,
        "Interest Income Non Operating": NaN,
        "Operating Income": NaN,
        "Operating Expense": NaN,
        "Research And Development": NaN,
        "Selling General And Administration": NaN,
        "Selling And Marketing Expense": NaN,
        "General And Administrative Expense": NaN,
        "Other Gand A": NaN,
        "Gross Profit": NaN,
        "Cost Of Revenue": NaN,
        "Total Revenue": NaN,
        "Operating Revenue": NaN
    },
    "2023-09-30": {
        "Tax Effect Of Unusual Items": NaN,
        "Tax Rate For Calcs": NaN,
        "Normalized EBITDA": NaN,
        "Total Unusual Items": NaN,
        "Total Unusual Items Excluding Goodwill": NaN,
        "Net Income From Continuing Operation Net Minority Interest": NaN,
        "Reconciled Depreciation": NaN,
        "Reconciled Cost Of Revenue": NaN,
        "EBITDA": NaN,
        "EBIT": NaN,
        "Net Interest Income": NaN,
        "Interest Expense": NaN,
        "Interest Income": NaN,
        "Normalized Income": NaN,
        "Net Income From Continuing And Discontinued Operation": NaN,
        "Total Expenses": NaN,
        "Total Operating Income As Reported": NaN,
        "Diluted Average Shares": NaN,
        "Basic Average Shares": NaN,
        "Diluted EPS": NaN,
        "Basic EPS": NaN,
        "Diluted NI Availto Com Stockholders": NaN,
        "Average Dilution Earnings": -1423000.0,
        "Net Income Common Stockholders": NaN,
        "Otherunder Preferred Stock Dividend": 0.0,
        "Preferred Stock Dividends": 3377000.0,
        "Net Income": NaN,
        "Minority Interests": NaN,
        "Net Income Including Noncontrolling Interests": NaN,
        "Net Income Continuous Operations": NaN,
        "Tax Provision": NaN,
        "Pretax Income": NaN,
        "Other Income Expense": NaN,
        "Special Income Charges": NaN,
        "Other Special Charges": NaN,
        "Earnings From Equity Interest": 3375000.0,
        "Gain On Sale Of Security": NaN,
        "Net Non Operating Interest Income Expense": NaN,
        "Interest Expense Non Operating": NaN,
        "Interest Income Non Operating": NaN,
        "Operating Income": NaN,
        "Operating Expense": NaN,
        "Research And Development": 172000.0,
        "Selling General And Administration": NaN,
        "Selling And Marketing Expense": NaN,
        "General And Administrative Expense": NaN,
        "Other Gand A": NaN,
        "Gross Profit": NaN,
        "Cost Of Revenue": NaN,
        "Total Revenue": NaN,
        "Operating Revenue": NaN
    },
    "2023-12-31": {
        "Tax Effect Of Unusual Items": NaN,
        "Tax Rate For Calcs": NaN,
        "Normalized EBITDA": NaN,
        "Total Unusual Items": NaN,
        "Total Unusual Items Excluding Goodwill": NaN,
        "Net Income From Continuing Operation Net Minority Interest": NaN,
        "Reconciled Depreciation": NaN,
        "Reconciled Cost Of Revenue": NaN,
        "EBITDA": NaN,
        "EBIT": NaN,
        "Net Interest Income": NaN,
        "Interest Expense": NaN,
        "Interest Income": NaN,
        "Normalized Income": NaN,
        "Net Income From Continuing And Discontinued Operation": NaN,
        "Total Expenses": NaN,
        "Total Operating Income As Reported": NaN,
        "Diluted Average Shares": NaN,
        "Basic Average Shares": NaN,
        "Diluted EPS": NaN,
        "Basic EPS": NaN,
        "Diluted NI Availto Com Stockholders": NaN,
        "Average Dilution Earnings": -1932000.0,
        "Net Income Common Stockholders": NaN,
        "Otherunder Preferred Stock Dividend": 10520000.0,
        "Preferred Stock Dividends": -6607000.0,
        "Net Income": NaN,
        "Minority Interests": NaN,
        "Net Income Including Noncontrolling Interests": NaN,
        "Net Income Continuous Operations": NaN,
        "Tax Provision": NaN,
        "Pretax Income": NaN,
        "Other Income Expense": NaN,
        "Other Non Operating Income Expenses": NaN,
        "Special Income Charges": NaN,
        "Other Special Charges": NaN,
        "Earnings From Equity Interest": 792000.0,
        "Gain On Sale Of Security": NaN,
        "Net Non Operating Interest Income Expense": NaN,
        "Interest Expense Non Operating": NaN,
        "Interest Income Non Operating": NaN,
        "Operating Income": NaN,
        "Operating Expense": NaN,
        "Research And Development": 142000.0,
        "Selling General And Administration": NaN,
        "Selling And Marketing Expense": NaN,
        "General And Administrative Expense": NaN,
        "Other Gand A": NaN,
        "Gross Profit": NaN,
        "Cost Of Revenue": NaN,
        "Total Revenue": NaN,
        "Operating Revenue": NaN
    },
    "2024-03-31": {
        "Tax Effect Of Unusual Items": NaN,
        "Tax Rate For Calcs": NaN,
        "Normalized EBITDA": NaN,
        "Total Unusual Items": NaN,
        "Total Unusual Items Excluding Goodwill": NaN,
        "Net Income From Continuing Operation Net Minority Interest": NaN,
        "Reconciled Depreciation": NaN,
        "Reconciled Cost Of Revenue": NaN,
        "EBITDA": NaN,
        "EBIT": NaN,
        "Net Interest Income": NaN,
        "Interest Expense": NaN,
        "Interest Income": NaN,
        "Normalized Income": NaN,
        "Net Income From Continuing And Discontinued Operation": NaN,
        "Total Expenses": NaN,
        "Total Operating Income As Reported": NaN,
        "Diluted Average Shares": NaN,
        "Basic Average Shares": NaN,
        "Diluted EPS": NaN,
        "Basic EPS": NaN,
        "Diluted NI Availto Com Stockholders": NaN,
        "Average Dilution Earnings": 0.0,
        "Net Income Common Stockholders": NaN,
        "Otherunder Preferred Stock Dividend": 0.0,
        "Net Income": NaN,
        "Minority Interests": NaN,
        "Net Income Including Noncontrolling Interests": NaN,
        "Net Income Continuous Operations": NaN,
        "Tax Provision": NaN,
        "Pretax Income": NaN,
        "Other Income Expense": NaN,
        "Other Non Operating Income Expenses": NaN,
        "Special Income Charges": NaN,
        "Other Special Charges": 6243000.0,
        "Earnings From Equity Interest": NaN,
        "Gain On Sale Of Security": NaN,
        "Net Non Operating Interest Income Expense": NaN,
        "Interest Expense Non Operating": NaN,
        "Interest Income Non Operating": NaN,
        "Operating Income": NaN,
        "Operating Expense": NaN,
        "Research And Development": 134000.0,
        "Selling General And Administration": NaN,
        "Selling And Marketing Expense": NaN,
        "General And Administrative Expense": NaN,
        "Other Gand A": NaN,
        "Gross Profit": NaN,
        "Cost Of Revenue": NaN,
        "Total Revenue": NaN,
        "Operating Revenue": NaN
    },
    "2024-06-30": {
        "Tax Effect Of Unusual Items": NaN,
        "Tax Rate For Calcs": NaN,
        "Normalized EBITDA": NaN,
        "Total Unusual Items": NaN,
        "Total Unusual Items Excluding Goodwill": NaN,
        "Net Income From Continuing Operation Net Minority Interest": NaN,
        "Reconciled Depreciation": NaN,
        "Reconciled Cost Of Revenue": NaN,
        "EBITDA": NaN,
        "EBIT": NaN,
        "Net Interest Income": NaN,
        "Interest Expense": NaN,
        "Interest Income": NaN,
        "Normalized Income": NaN,
        "Net Income From Continuing And Discontinued Operation": NaN,
        "Total Expenses": NaN,
        "Total Operating Income As Reported": NaN,
        "Diluted Average Shares": NaN,
        "Basic Average Shares": NaN,
        "Diluted EPS": NaN,
        "Basic EPS": NaN,
        "Diluted NI Availto Com Stockholders": NaN,
        "Average Dilution Earnings": NaN,
        "Net Income Common Stockholders": NaN,
        "Otherunder Preferred Stock Dividend": NaN,
        "Net Income": NaN,
        "Minority Interests": NaN,
        "Net Income Including Noncontrolling Interests": NaN,
        "Net Income Continuous Operations": NaN,
        "Tax Provision": NaN,
        "Pretax Income": NaN,
        "Other Income Expense": NaN,
        "Other Non Operating Income Expenses": -159000.0,
        "Special Income Charges": NaN,
        "Other Special Charges": 6613000.0,
        "Earnings From Equity Interest": NaN,
        "Gain On Sale Of Security": NaN,
        "Net Non Operating Interest Income Expense": NaN,
        "Interest Expense Non Operating": NaN,
        "Interest Income Non Operating": NaN,
        "Operating Income": NaN,
        "Operating Expense": NaN,
        "Research And Development": 178000.0,
        "Selling General And Administration": NaN,
        "Selling And Marketing Expense": NaN,
        "General And Administrative Expense": NaN,
        "Other Gand A": NaN,
        "Gross Profit": NaN,
        "Cost Of Revenue": NaN,
        "Total Revenue": NaN,
        "Operating Revenue": NaN
    },
    "2024-09-30": {
        "Tax Effect Of Unusual Items": 438900.0,
        "Tax Rate For Calcs": 0.21,
        "Normalized EBITDA": 1512000.0,
        "Total Unusual Items": 2090000.0,
        "Total Unusual Items Excluding Goodwill": 2090000.0,
        "Net Income From Continuing Operation Net Minority Interest": -13996000.0,
        "Reconciled Depreciation": 9762000.0,
        "Reconciled Cost Of Revenue": 20959000.0,
        "EBITDA": 3602000.0,
        "EBIT": -6160000.0,
        "Net Interest Income": 2022000.0,
        "Interest Expense": 0.0,
        "Interest Income": 2022000.0,
        "Normalized Income": -15647100.0,
        "Net Income From Continuing And Discontinued Operation": -13996000.0,
        "Total Expenses": 33582000.0,
        "Total Operating Income As Reported": -10272000.0,
        "Diluted Average Shares": 99854723.0,
        "Basic Average Shares": 99854723.0,
        "Diluted EPS": -0.14,
        "Basic EPS": -0.14,
        "Diluted NI Availto Com Stockholders": -13996000.0,
        "Average Dilution Earnings": 0.0,
        "Net Income Common Stockholders": -13996000.0,
        "Otherunder Preferred Stock Dividend": 0.0,
        "Net Income": -13996000.0,
        "Minority Interests": -2339000.0,
        "Net Income Including Noncontrolling Interests": -11657000.0,
        "Net Income Continuous Operations": -11657000.0,
        "Tax Provision": 5497000.0,
        "Pretax Income": -6160000.0,
        "Other Income Expense": 2090000.0,
        "Other Non Operating Income Expenses": NaN,
        "Special Income Charges": -2000000.0,
        "Other Special Charges": 2000000.0,
        "Earnings From Equity Interest": 0.0,
        "Gain On Sale Of Security": 4090000.0,
        "Net Non Operating Interest Income Expense": 2022000.0,
        "Interest Expense Non Operating": 0.0,
        "Interest Income Non Operating": 2022000.0,
        "Operating Income": -10272000.0,
        "Operating Expense": 12623000.0,
        "Research And Development": 108000.0,
        "Selling General And Administration": 12515000.0,
        "Selling And Marketing Expense": 1391000.0,
        "General And Administrative Expense": 11124000.0,
        "Other Gand A": 11124000.0,
        "Gross Profit": 2351000.0,
        "Cost Of Revenue": 20959000.0,
        "Total Revenue": 23310000.0,
        "Operating Revenue": 23310000.0
    },
    "2024-12-31": {
        "Tax Effect Of Unusual Items": 14629.637138,
        "Tax Rate For Calcs": 0.052436,
        "Normalized EBITDA": 3200000.0,
        "Total Unusual Items": 279000.0,
        "Total Unusual Items Excluding Goodwill": 279000.0,
        "Net Income From Continuing Operation Net Minority Interest": -13429000.0,
        "Reconciled Depreciation": 11839000.0,
        "Reconciled Cost Of Revenue": 40254000.0,
        "EBITDA": 3479000.0,
        "EBIT": -8360000.0,
        "Net Interest Income": 731000.0,
        "Interest Expense": 6439000.0,
        "Interest Income": 7170000.0,
        "Normalized Income": -13693370.362862,
        "Net Income From Continuing And Discontinued Operation": -13429000.0,
        "Total Expenses": 64653000.0,
        "Total Operating Income As Reported": -15809000.0,
        "Diluted Average Shares": 97190102.0,
        "Basic Average Shares": 97190102.0,
        "Diluted EPS": -0.14,
        "Basic EPS": -0.14,
        "Diluted NI Availto Com Stockholders": -13429000.0,
        "Average Dilution Earnings": 0.0,
        "Net Income Common Stockholders": -13429000.0,
        "Otherunder Preferred Stock Dividend": 0.0,
        "Net Income": -13429000.0,
        "Minority Interests": 594000.0,
        "Net Income Including Noncontrolling Interests": -14023000.0,
        "Net Income Continuous Operations": -14023000.0,
        "Tax Provision": -776000.0,
        "Pretax Income": -14799000.0,
        "Other Income Expense": 279000.0,
        "Other Non Operating Income Expenses": NaN,
        "Special Income Charges": 0.0,
        "Other Special Charges": 0.0,
        "Earnings From Equity Interest": 0.0,
        "Gain On Sale Of Security": 279000.0,
        "Net Non Operating Interest Income Expense": 731000.0,
        "Interest Expense Non Operating": 6439000.0,
        "Interest Income Non Operating": 7170000.0,
        "Operating Income": -15809000.0,
        "Operating Expense": 24399000.0,
        "Research And Development": NaN,
        "Selling General And Administration": 24819000.0,
        "Selling And Marketing Expense": 2884000.0,
        "General And Administrative Expense": 21935000.0,
        "Other Gand A": 21935000.0,
        "Gross Profit": 8590000.0,
        "Cost Of Revenue": 40254000.0,
        "Total Revenue": 48844000.0,
        "Operating Revenue": 48844000.0
    },
    "2025-03-31": {
        "Tax Effect Of Unusual Items": -1687980.0,
        "Tax Rate For Calcs": 0.21,
        "Normalized EBITDA": 50708000.0,
        "Total Unusual Items": -8038000.0,
        "Total Unusual Items Excluding Goodwill": -8038000.0,
        "Net Income From Continuing Operation Net Minority Interest": 24287000.0,
        "Reconciled Depreciation": 10610000.0,
        "Reconciled Cost Of Revenue": 65485000.0,
        "EBITDA": 42670000.0,
        "EBIT": 32060000.0,
        "Net Interest Income": -658000.0,
        "Interest Expense": 2451000.0,
        "Interest Income": 1793000.0,
        "Normalized Income": 30637020.0,
        "Net Income From Continuing And Discontinued Operation": 24287000.0,
        "Total Expenses": 86117000.0,
        "Total Operating Income As Reported": 38305000.0,
        "Diluted Average Shares": 96981413.0,
        "Basic Average Shares": 96018047.0,
        "Diluted EPS": 0.25,
        "Basic EPS": 0.25,
        "Diluted NI Availto Com Stockholders": 24287000.0,
        "Average Dilution Earnings": NaN,
        "Net Income Common Stockholders": 24287000.0,
        "Otherunder Preferred Stock Dividend": NaN,
        "Net Income": 24287000.0,
        "Minority Interests": 759000.0,
        "Net Income Including Noncontrolling Interests": 23528000.0,
        "Net Income Continuous Operations": 23528000.0,
        "Tax Provision": 6081000.0,
        "Pretax Income": 29609000.0,
        "Other Income Expense": -8038000.0,
        "Other Non Operating Income Expenses": NaN,
        "Special Income Charges": 0.0,
        "Other Special Charges": NaN,
        "Earnings From Equity Interest": NaN,
        "Gain On Sale Of Security": -8038000.0,
        "Net Non Operating Interest Income Expense": -658000.0,
        "Interest Expense Non Operating": 2451000.0,
        "Interest Income Non Operating": 1793000.0,
        "Operating Income": 38305000.0,
        "Operating Expense": 20632000.0,
        "Research And Development": NaN,
        "Selling General And Administration": 20632000.0,
        "Selling And Marketing Expense": 3312000.0,
        "General And Administrative Expense": 17320000.0,
        "Other Gand A": 17320000.0,
        "Gross Profit": 58937000.0,
        "Cost Of Revenue": 65485000.0,
        "Total Revenue": 124422000.0,
        "Operating Revenue": 124422000.0
    },
    "2025-06-30": {
        "Tax Effect Of Unusual Items": 2318610.0,
        "Tax Rate For Calcs": 0.21,
        "Normalized EBITDA": 1843000.0,
        "Total Unusual Items": 11041000.0,
        "Total Unusual Items Excluding Goodwill": 11041000.0,
        "Net Income From Continuing Operation Net Minority Interest": -3293000.0,
        "Reconciled Depreciation": 11445000.0,
        "Reconciled Cost Of Revenue": 44695000.0,
        "EBITDA": 12884000.0,
        "EBIT": 1439000.0,
        "Net Interest Income": 607000.0,
        "Interest Expense": 2329000.0,
        "Interest Income": 2936000.0,
        "Normalized Income": -12015390.0,
        "Net Income From Continuing And Discontinued Operation": -3293000.0,
        "Total Expenses": 63622000.0,
        "Total Operating Income As Reported": -12385000.0,
        "Diluted Average Shares": 96244590.0,
        "Basic Average Shares": 96244590.0,
        "Diluted EPS": -0.03,
        "Basic EPS": -0.03,
        "Diluted NI Availto Com Stockholders": -3293000.0,
        "Average Dilution Earnings": NaN,
        "Net Income Common Stockholders": -3293000.0,
        "Otherunder Preferred Stock Dividend": NaN,
        "Net Income": -3293000.0,
        "Minority Interests": -1856000.0,
        "Net Income Including Noncontrolling Interests": -1437000.0,
        "Net Income Continuous Operations": -1437000.0,
        "Tax Provision": 547000.0,
        "Pretax Income": -890000.0,
        "Other Income Expense": 10888000.0,
        "Other Non Operating Income Expenses": -153000.0,
        "Special Income Charges": 0.0,
        "Other Special Charges": NaN,
        "Earnings From Equity Interest": NaN,
        "Gain On Sale Of Security": 11041000.0,
        "Net Non Operating Interest Income Expense": 607000.0,
        "Interest Expense Non Operating": 2329000.0,
        "Interest Income Non Operating": 2936000.0,
        "Operating Income": -12385000.0,
        "Operating Expense": 18927000.0,
        "Research And Development": NaN,
        "Selling General And Administration": 18927000.0,
        "Selling And Marketing Expense": 3381000.0,
        "General And Administrative Expense": 15546000.0,
        "Other Gand A": 15546000.0,
        "Gross Profit": 6542000.0,
        "Cost Of Revenue": 44695000.0,
        "Total Revenue": 51237000.0,
        "Operating Revenue": 51237000.0
    },
    "2025-09-30": {
        "Tax Effect Of Unusual Items": 789487.209994,
        "Tax Rate For Calcs": 0.287924,
        "Normalized EBITDA": 6962000.0,
        "Total Unusual Items": 2742000.0,
        "Total Unusual Items Excluding Goodwill": 2742000.0,
        "Net Income From Continuing Operation Net Minority Interest": -2730000.0,
        "Reconciled Depreciation": 10836000.0,
        "Reconciled Cost Of Revenue": 53246000.0,
        "EBITDA": 9704000.0,
        "EBIT": -1132000.0,
        "Net Interest Income": 771000.0,
        "Interest Expense": 2230000.0,
        "Interest Income": 3001000.0,
        "Normalized Income": -4682512.790006,
        "Net Income From Continuing And Discontinued Operation": -2730000.0,
        "Total Expenses": 65872000.0,
        "Total Operating Income As Reported": -6426000.0,
        "Diluted Average Shares": 96445160.0,
        "Basic Average Shares": 96445160.0,
        "Diluted EPS": -0.03,
        "Basic EPS": -0.03,
        "Diluted NI Availto Com Stockholders": -2730000.0,
        "Average Dilution Earnings": NaN,
        "Net Income Common Stockholders": -2730000.0,
        "Otherunder Preferred Stock Dividend": NaN,
        "Net Income": -2730000.0,
        "Minority Interests": -336000.0,
        "Net Income Including Noncontrolling Interests": -2394000.0,
        "Net Income Continuous Operations": -2394000.0,
        "Tax Provision": -968000.0,
        "Pretax Income": -3362000.0,
        "Other Income Expense": 2293000.0,
        "Other Non Operating Income Expenses": -449000.0,
        "Special Income Charges": 0.0,
        "Other Special Charges": NaN,
        "Earnings From Equity Interest": NaN,
        "Gain On Sale Of Security": 2742000.0,
        "Net Non Operating Interest Income Expense": 771000.0,
        "Interest Expense Non Operating": 2230000.0,
        "Interest Income Non Operating": 3001000.0,
        "Operating Income": -6426000.0,
        "Operating Expense": 12626000.0,
        "Research And Development": NaN,
        "Selling General And Administration": 12626000.0,
        "Selling And Marketing Expense": 1250000.0,
        "General And Administrative Expense": 11376000.0,
        "Other Gand A": 11376000.0,
        "Gross Profit": 6200000.0,
        "Cost Of Revenue": 53246000.0,
        "Total Revenue": 59446000.0,
        "Operating Revenue": 59446000.0
    }
}