{
    "2023-12-31": {
        "Tax Effect Of Unusual Items": 0.0,
        "Tax Rate For Calcs": 0.208791,
        "Normalized EBITDA": 16001676.0,
        "Net Income From Continuing Operation Net Minority Interest": 11207160.0,
        "Reconciled Depreciation": 1335591.0,
        "Reconciled Cost Of Revenue": 25538712.0,
        "EBITDA": 16001676.0,
        "EBIT": 14666085.0,
        "Net Interest Income": -460164.0,
        "Interest Expense": 501481.0,
        "Interest Income": 41317.0,
        "Normalized Income": 11207160.0,
        "Net Income From Continuing And Discontinued Operation": 11207160.0,
        "Total Expenses": 39849330.0,
        "Total Operating Income As Reported": 2092617.0,
        "Diluted Average Shares": 3909000.0,
        "Basic Average Shares": 3610000.0,
        "Diluted EPS": 2.87,
        "Basic EPS": 3.1,
        "Diluted NI Availto Com Stockholders": 11207160.0,
        "Net Income Common Stockholders": 11207160.0,
        "Net Income": 11207160.0,
        "Net Income Including Noncontrolling Interests": 11207160.0,
        "Net Income Continuous Operations": 11207160.0,
        "Tax Provision": 2957444.0,
        "Pretax Income": 14164604.0,
        "Other Income Expense": 12532151.0,
        "Other Non Operating Income Expenses": -32002.0,
        "Net Non Operating Interest Income Expense": -460164.0,
        "Interest Expense Non Operating": 501481.0,
        "Interest Income Non Operating": 41317.0,
        "Operating Income": 2092617.0,
        "Operating Expense": 14310618.0,
        "Selling General And Administration": 14310618.0,
        "Gross Profit": 16403235.0,
        "Cost Of Revenue": 25538712.0,
        "Total Revenue": 41941947.0,
        "Operating Revenue": 41941947.0
    },
    "2023-09-30": {
        "Tax Effect Of Unusual Items": NaN,
        "Tax Rate For Calcs": NaN,
        "Normalized EBITDA": NaN,
        "Net Income From Continuing Operation Net Minority Interest": NaN,
        "Reconciled Depreciation": NaN,
        "Reconciled Cost Of Revenue": NaN,
        "EBITDA": NaN,
        "EBIT": NaN,
        "Net Interest Income": NaN,
        "Interest Expense": NaN,
        "Interest Income": NaN,
        "Normalized Income": NaN,
        "Net Income From Continuing And Discontinued Operation": NaN,
        "Total Expenses": NaN,
        "Total Operating Income As Reported": NaN,
        "Diluted Average Shares": 3721000.0,
        "Basic Average Shares": 3578000.0,
        "Diluted EPS": 0.58,
        "Basic EPS": 0.6,
        "Diluted NI Availto Com Stockholders": NaN,
        "Net Income Common Stockholders": NaN,
        "Net Income": NaN,
        "Net Income Including Noncontrolling Interests": NaN,
        "Net Income Continuous Operations": NaN,
        "Tax Provision": NaN,
        "Pretax Income": NaN,
        "Other Income Expense": NaN,
        "Other Non Operating Income Expenses": NaN,
        "Net Non Operating Interest Income Expense": NaN,
        "Interest Expense Non Operating": NaN,
        "Interest Income Non Operating": NaN,
        "Operating Income": NaN,
        "Operating Expense": NaN,
        "Selling General And Administration": NaN,
        "Gross Profit": NaN,
        "Cost Of Revenue": NaN,
        "Total Revenue": NaN,
        "Operating Revenue": NaN
    },
    "2023-06-30": {
        "Tax Effect Of Unusual Items": 0.0,
        "Tax Rate For Calcs": 0.23,
        "Normalized EBITDA": 6515000.0,
        "Net Income From Continuing Operation Net Minority Interest": 3443000.0,
        "Reconciled Depreciation": 1214000.0,
        "Reconciled Cost Of Revenue": 33314000.0,
        "EBITDA": 6515000.0,
        "EBIT": 5301000.0,
        "Net Interest Income": -832000.0,
        "Interest Expense": 860000.0,
        "Interest Income": 28000.0,
        "Normalized Income": 3443000.0,
        "Net Income From Continuing And Discontinued Operation": 3443000.0,
        "Total Expenses": 48086000.0,
        "Total Operating Income As Reported": 5250000.0,
        "Diluted Average Shares": 3591000.0,
        "Basic Average Shares": 3555000.0,
        "Diluted EPS": 0.96,
        "Basic EPS": 0.97,
        "Diluted NI Availto Com Stockholders": 3443000.0,
        "Net Income Common Stockholders": 3443000.0,
        "Net Income": 3443000.0,
        "Net Income Including Noncontrolling Interests": 3443000.0,
        "Net Income Continuous Operations": 3443000.0,
        "Tax Provision": 998000.0,
        "Pretax Income": 4441000.0,
        "Other Income Expense": 23000.0,
        "Other Non Operating Income Expenses": 23000.0,
        "Net Non Operating Interest Income Expense": -832000.0,
        "Interest Expense Non Operating": 860000.0,
        "Interest Income Non Operating": 28000.0,
        "Operating Income": 5250000.0,
        "Operating Expense": 14772000.0,
        "Selling General And Administration": 14772000.0,
        "Gross Profit": 20022000.0,
        "Cost Of Revenue": 33314000.0,
        "Total Revenue": 53336000.0,
        "Operating Revenue": 53336000.0
    },
    "2023-03-31": {
        "Tax Effect Of Unusual Items": 0.0,
        "Tax Rate For Calcs": 0.24,
        "Normalized EBITDA": 3465000.0,
        "Total Unusual Items": NaN,
        "Total Unusual Items Excluding Goodwill": NaN,
        "Net Income From Continuing Operation Net Minority Interest": 990000.0,
        "Reconciled Depreciation": 1237000.0,
        "Reconciled Cost Of Revenue": 29557000.0,
        "EBITDA": 3465000.0,
        "EBIT": 2228000.0,
        "Net Interest Income": -902000.0,
        "Interest Expense": 919000.0,
        "Interest Income": 17000.0,
        "Normalized Income": 990000.0,
        "Net Income From Continuing And Discontinued Operation": 990000.0,
        "Total Expenses": 43650000.0,
        "Total Operating Income As Reported": 2188000.0,
        "Diluted Average Shares": 3541000.0,
        "Basic Average Shares": 3541000.0,
        "Diluted EPS": 0.28,
        "Basic EPS": 0.28,
        "Diluted NI Availto Com Stockholders": 990000.0,
        "Net Income Common Stockholders": 990000.0,
        "Net Income": 990000.0,
        "Net Income Including Noncontrolling Interests": 990000.0,
        "Net Income Continuous Operations": 990000.0,
        "Tax Provision": 319000.0,
        "Pretax Income": 1309000.0,
        "Other Income Expense": 23000.0,
        "Other Non Operating Income Expenses": 23000.0,
        "Special Income Charges": NaN,
        "Net Non Operating Interest Income Expense": -902000.0,
        "Interest Expense Non Operating": 919000.0,
        "Interest Income Non Operating": 17000.0,
        "Operating Income": 2188000.0,
        "Operating Expense": 14093000.0,
        "Selling General And Administration": 14093000.0,
        "Gross Profit": 16281000.0,
        "Cost Of Revenue": 29557000.0,
        "Total Revenue": 45838000.0,
        "Operating Revenue": 45838000.0
    },
    "2024-03-31": {
        "Tax Effect Of Unusual Items": 0.0,
        "Tax Rate For Calcs": 0.242242,
        "Normalized EBITDA": 4100000.0,
        "Net Income From Continuing Operation Net Minority Interest": 1636000.0,
        "Reconciled Depreciation": 1465000.0,
        "Reconciled Cost Of Revenue": 27560000.0,
        "EBITDA": 4100000.0,
        "EBIT": 2635000.0,
        "Net Interest Income": -443000.0,
        "Interest Expense": 476000.0,
        "Interest Income": 33000.0,
        "Normalized Income": 1636000.0,
        "Net Income From Continuing And Discontinued Operation": 1636000.0,
        "Total Expenses": 42398000.0,
        "Total Operating Income As Reported": 2558000.0,
        "Diluted Average Shares": 4213000.0,
        "Basic Average Shares": 3650000.0,
        "Diluted EPS": 0.39,
        "Basic EPS": 0.45,
        "Diluted NI Availto Com Stockholders": 1636000.0,
        "Net Income Common Stockholders": 1636000.0,
        "Net Income": 1636000.0,
        "Net Income Including Noncontrolling Interests": 1636000.0,
        "Net Income Continuous Operations": 1636000.0,
        "Tax Provision": 523000.0,
        "Pretax Income": 2159000.0,
        "Other Income Expense": 44000.0,
        "Other Non Operating Income Expenses": 44000.0,
        "Net Non Operating Interest Income Expense": -443000.0,
        "Interest Expense Non Operating": 476000.0,
        "Interest Income Non Operating": 33000.0,
        "Operating Income": 2558000.0,
        "Operating Expense": 14838000.0,
        "Selling General And Administration": 14838000.0,
        "Gross Profit": 17396000.0,
        "Cost Of Revenue": 27560000.0,
        "Total Revenue": 44956000.0,
        "Operating Revenue": 44956000.0
    },
    "2022-12-31": {
        "Tax Effect Of Unusual Items": NaN,
        "Tax Rate For Calcs": NaN,
        "Normalized EBITDA": NaN,
        "Total Unusual Items": 0.0,
        "Total Unusual Items Excluding Goodwill": 0.0,
        "Net Income From Continuing Operation Net Minority Interest": NaN,
        "Reconciled Depreciation": NaN,
        "Reconciled Cost Of Revenue": NaN,
        "EBITDA": NaN,
        "EBIT": NaN,
        "Net Interest Income": NaN,
        "Interest Expense": NaN,
        "Interest Income": NaN,
        "Normalized Income": NaN,
        "Net Income From Continuing And Discontinued Operation": NaN,
        "Total Expenses": NaN,
        "Total Operating Income As Reported": NaN,
        "Diluted Average Shares": NaN,
        "Basic Average Shares": NaN,
        "Diluted EPS": NaN,
        "Basic EPS": NaN,
        "Diluted NI Availto Com Stockholders": NaN,
        "Net Income Common Stockholders": NaN,
        "Net Income": NaN,
        "Net Income Including Noncontrolling Interests": NaN,
        "Net Income Continuous Operations": NaN,
        "Tax Provision": NaN,
        "Pretax Income": NaN,
        "Other Income Expense": NaN,
        "Other Non Operating Income Expenses": NaN,
        "Special Income Charges": 0.0,
        "Net Non Operating Interest Income Expense": NaN,
        "Interest Expense Non Operating": NaN,
        "Interest Income Non Operating": NaN,
        "Operating Income": NaN,
        "Operating Expense": NaN,
        "Selling General And Administration": NaN,
        "Gross Profit": NaN,
        "Cost Of Revenue": NaN,
        "Total Revenue": NaN,
        "Operating Revenue": NaN
    },
    "2022-09-30": {
        "Tax Effect Of Unusual Items": NaN,
        "Tax Rate For Calcs": NaN,
        "Normalized EBITDA": NaN,
        "Total Unusual Items": 0.0,
        "Total Unusual Items Excluding Goodwill": 0.0,
        "Net Income From Continuing Operation Net Minority Interest": NaN,
        "Reconciled Depreciation": NaN,
        "Reconciled Cost Of Revenue": NaN,
        "EBITDA": NaN,
        "EBIT": NaN,
        "Net Interest Income": NaN,
        "Interest Expense": NaN,
        "Interest Income": NaN,
        "Normalized Income": NaN,
        "Net Income From Continuing And Discontinued Operation": NaN,
        "Total Expenses": NaN,
        "Total Operating Income As Reported": NaN,
        "Diluted Average Shares": NaN,
        "Basic Average Shares": NaN,
        "Diluted EPS": NaN,
        "Basic EPS": NaN,
        "Diluted NI Availto Com Stockholders": NaN,
        "Net Income Common Stockholders": NaN,
        "Net Income": NaN,
        "Net Income Including Noncontrolling Interests": NaN,
        "Net Income Continuous Operations": NaN,
        "Tax Provision": NaN,
        "Pretax Income": NaN,
        "Other Income Expense": NaN,
        "Other Non Operating Income Expenses": NaN,
        "Special Income Charges": 0.0,
        "Net Non Operating Interest Income Expense": NaN,
        "Interest Expense Non Operating": NaN,
        "Interest Income Non Operating": NaN,
        "Operating Income": NaN,
        "Operating Expense": NaN,
        "Selling General And Administration": NaN,
        "Gross Profit": NaN,
        "Cost Of Revenue": NaN,
        "Total Revenue": NaN,
        "Operating Revenue": NaN
    },
    "2024-06-30": {
        "Tax Effect Of Unusual Items": 0.0,
        "Tax Rate For Calcs": 0.240791,
        "Normalized EBITDA": 7920000.0,
        "Net Income From Continuing Operation Net Minority Interest": 4452000.0,
        "Reconciled Depreciation": 1478000.0,
        "Reconciled Cost Of Revenue": 32798000.0,
        "EBITDA": 7920000.0,
        "EBIT": 6442000.0,
        "Net Interest Income": -539000.0,
        "Interest Expense": 578000.0,
        "Interest Income": 39000.0,
        "Normalized Income": 4452000.0,
        "Net Income From Continuing And Discontinued Operation": 4452000.0,
        "Total Expenses": 49050000.0,
        "Total Operating Income As Reported": 6375000.0,
        "Diluted Average Shares": NaN,
        "Basic Average Shares": NaN,
        "Diluted EPS": NaN,
        "Basic EPS": NaN,
        "Diluted NI Availto Com Stockholders": 4452000.0,
        "Net Income Common Stockholders": 4452000.0,
        "Net Income": 4452000.0,
        "Net Income Including Noncontrolling Interests": 4452000.0,
        "Net Income Continuous Operations": 4452000.0,
        "Tax Provision": 1412000.0,
        "Pretax Income": 5864000.0,
        "Other Income Expense": 28000.0,
        "Other Non Operating Income Expenses": 28000.0,
        "Net Non Operating Interest Income Expense": -539000.0,
        "Interest Expense Non Operating": 578000.0,
        "Interest Income Non Operating": 39000.0,
        "Operating Income": 6375000.0,
        "Operating Expense": 16252000.0,
        "Selling General And Administration": 16252000.0,
        "Gross Profit": 22627000.0,
        "Cost Of Revenue": 32798000.0,
        "Total Revenue": 55425000.0,
        "Operating Revenue": 55425000.0
    },
    "2024-09-30": {
        "Tax Effect Of Unusual Items": 0.0,
        "Tax Rate For Calcs": 0.075581,
        "Normalized EBITDA": 4502000.0,
        "Net Income From Continuing Operation Net Minority Interest": 2226000.0,
        "Reconciled Depreciation": 1526000.0,
        "Reconciled Cost Of Revenue": 29602000.0,
        "EBITDA": 4502000.0,
        "EBIT": 2976000.0,
        "Net Interest Income": -535000.0,
        "Interest Expense": 568000.0,
        "Interest Income": 33000.0,
        "Normalized Income": 2226000.0,
        "Net Income From Continuing And Discontinued Operation": 2226000.0,
        "Total Expenses": 45240000.0,
        "Total Operating Income As Reported": 2926000.0,
        "Diluted Average Shares": 4104000.0,
        "Basic Average Shares": 3726000.0,
        "Diluted EPS": 0.54,
        "Basic EPS": 0.6,
        "Diluted NI Availto Com Stockholders": 2226000.0,
        "Net Income Common Stockholders": 2226000.0,
        "Net Income": 2226000.0,
        "Net Income Including Noncontrolling Interests": 2226000.0,
        "Net Income Continuous Operations": 2226000.0,
        "Tax Provision": 182000.0,
        "Pretax Income": 2408000.0,
        "Other Income Expense": 17000.0,
        "Other Non Operating Income Expenses": 17000.0,
        "Net Non Operating Interest Income Expense": -535000.0,
        "Interest Expense Non Operating": 568000.0,
        "Interest Income Non Operating": 33000.0,
        "Operating Income": 2926000.0,
        "Operating Expense": 15638000.0,
        "Selling General And Administration": 15638000.0,
        "Gross Profit": 18564000.0,
        "Cost Of Revenue": 29602000.0,
        "Total Revenue": 48166000.0,
        "Operating Revenue": 48166000.0
    },
    "2024-12-31": {
        "Tax Effect Of Unusual Items": 0.0,
        "Tax Rate For Calcs": 0.082271,
        "Normalized EBITDA": 3921957.0,
        "Net Income From Continuing Operation Net Minority Interest": 1707351.0,
        "Reconciled Depreciation": 1600225.0,
        "Reconciled Cost Of Revenue": 28179167.0,
        "EBITDA": 3921957.0,
        "EBIT": 2321732.0,
        "Net Interest Income": -425643.0,
        "Interest Expense": 461323.0,
        "Interest Income": 35680.0,
        "Normalized Income": 1707351.0,
        "Net Income From Continuing And Discontinued Operation": 1707351.0,
        "Total Expenses": 43662049.0,
        "Total Operating Income As Reported": 2280942.0,
        "Diluted Average Shares": 4155000.0,
        "Basic Average Shares": 3748000.0,
        "Diluted EPS": 0.41,
        "Basic EPS": 0.46,
        "Diluted NI Availto Com Stockholders": 1707351.0,
        "Net Income Common Stockholders": 1707351.0,
        "Net Income": 1707351.0,
        "Net Income Including Noncontrolling Interests": 1707351.0,
        "Net Income Continuous Operations": 1707351.0,
        "Tax Provision": 153058.0,
        "Pretax Income": 1860409.0,
        "Other Income Expense": 5110.0,
        "Other Non Operating Income Expenses": 5110.0,
        "Net Non Operating Interest Income Expense": -425643.0,
        "Interest Expense Non Operating": 461323.0,
        "Interest Income Non Operating": 35680.0,
        "Operating Income": 2280942.0,
        "Operating Expense": 15482882.0,
        "Selling General And Administration": 15482882.0,
        "Gross Profit": 17763824.0,
        "Cost Of Revenue": 28179167.0,
        "Total Revenue": 45942991.0,
        "Operating Revenue": 45942991.0
    },
    "2025-03-31": {
        "Tax Effect Of Unusual Items": 0.0,
        "Tax Rate For Calcs": 0.22,
        "Normalized EBITDA": 4046000.0,
        "Net Income From Continuing Operation Net Minority Interest": 1653000.0,
        "Reconciled Depreciation": 1501000.0,
        "Reconciled Cost Of Revenue": 28041000.0,
        "EBITDA": 4046000.0,
        "EBIT": 2545000.0,
        "Net Interest Income": -397000.0,
        "Interest Expense": 426000.0,
        "Interest Income": 29000.0,
        "Normalized Income": 1653000.0,
        "Net Income From Continuing And Discontinued Operation": 1653000.0,
        "Total Expenses": 43532000.0,
        "Total Operating Income As Reported": 2426000.0,
        "Diluted Average Shares": 4065000.0,
        "Basic Average Shares": 3754000.0,
        "Diluted EPS": 0.41,
        "Basic EPS": 0.44,
        "Diluted NI Availto Com Stockholders": 1653000.0,
        "Net Income Common Stockholders": 1653000.0,
        "Net Income": 1653000.0,
        "Net Income Including Noncontrolling Interests": 1653000.0,
        "Net Income Continuous Operations": 1653000.0,
        "Tax Provision": 466000.0,
        "Pretax Income": 2119000.0,
        "Other Income Expense": 90000.0,
        "Other Non Operating Income Expenses": 90000.0,
        "Net Non Operating Interest Income Expense": -397000.0,
        "Interest Expense Non Operating": 426000.0,
        "Interest Income Non Operating": 29000.0,
        "Operating Income": 2426000.0,
        "Operating Expense": 15491000.0,
        "Selling General And Administration": 15491000.0,
        "Gross Profit": 17917000.0,
        "Cost Of Revenue": 28041000.0,
        "Total Revenue": 45958000.0,
        "Operating Revenue": 45958000.0
    },
    "2025-06-30": {
        "Tax Effect Of Unusual Items": 0.0,
        "Tax Rate For Calcs": 0.219448,
        "Normalized EBITDA": 8041000.0,
        "Net Income From Continuing Operation Net Minority Interest": 4752000.0,
        "Reconciled Depreciation": 1523000.0,
        "Reconciled Cost Of Revenue": 31847000.0,
        "EBITDA": 8041000.0,
        "EBIT": 6518000.0,
        "Net Interest Income": -401000.0,
        "Interest Expense": 430000.0,
        "Interest Income": 29000.0,
        "Normalized Income": 4752000.0,
        "Net Income From Continuing And Discontinued Operation": 4752000.0,
        "Total Expenses": 47606000.0,
        "Total Operating Income As Reported": 6390000.0,
        "Diluted Average Shares": 4104000.0,
        "Basic Average Shares": 3785000.0,
        "Diluted EPS": 1.16,
        "Basic EPS": 1.26,
        "Diluted NI Availto Com Stockholders": 4752000.0,
        "Net Income Common Stockholders": 4752000.0,
        "Net Income": 4752000.0,
        "Net Income Including Noncontrolling Interests": 4752000.0,
        "Net Income Continuous Operations": 4752000.0,
        "Tax Provision": 1336000.0,
        "Pretax Income": 6088000.0,
        "Other Income Expense": 99000.0,
        "Other Non Operating Income Expenses": 99000.0,
        "Net Non Operating Interest Income Expense": -401000.0,
        "Interest Expense Non Operating": 430000.0,
        "Interest Income Non Operating": 29000.0,
        "Operating Income": 6390000.0,
        "Operating Expense": 15759000.0,
        "Selling General And Administration": 15759000.0,
        "Gross Profit": 22149000.0,
        "Cost Of Revenue": 31847000.0,
        "Total Revenue": 53996000.0,
        "Operating Revenue": 53996000.0
    },
    "2025-09-30": {
        "Tax Effect Of Unusual Items": 0.0,
        "Tax Rate For Calcs": 0.219762,
        "Normalized EBITDA": 4495000.0,
        "Net Income From Continuing Operation Net Minority Interest": 1903000.0,
        "Reconciled Depreciation": 1605000.0,
        "Reconciled Cost Of Revenue": 29868000.0,
        "EBITDA": 4495000.0,
        "EBIT": 2890000.0,
        "Net Interest Income": -422000.0,
        "Interest Expense": 451000.0,
        "Interest Income": 29000.0,
        "Normalized Income": 1903000.0,
        "Net Income From Continuing And Discontinued Operation": 1903000.0,
        "Total Expenses": 46056000.0,
        "Total Operating Income As Reported": 3007000.0,
        "Diluted Average Shares": 4168000.0,
        "Basic Average Shares": 3802000.0,
        "Diluted EPS": 0.46,
        "Basic EPS": 0.5,
        "Diluted NI Availto Com Stockholders": 1903000.0,
        "Net Income Common Stockholders": 1903000.0,
        "Net Income": 1903000.0,
        "Net Income Including Noncontrolling Interests": 1903000.0,
        "Net Income Continuous Operations": 1903000.0,
        "Tax Provision": 536000.0,
        "Pretax Income": 2439000.0,
        "Other Income Expense": -146000.0,
        "Other Non Operating Income Expenses": -146000.0,
        "Net Non Operating Interest Income Expense": -422000.0,
        "Interest Expense Non Operating": 451000.0,
        "Interest Income Non Operating": 29000.0,
        "Operating Income": 3007000.0,
        "Operating Expense": 16188000.0,
        "Selling General And Administration": 16188000.0,
        "Gross Profit": 19195000.0,
        "Cost Of Revenue": 29868000.0,
        "Total Revenue": 49063000.0,
        "Operating Revenue": 49063000.0
    }
}