{
    "2023-03-31": {
        "Tax Effect Of Unusual Items": 0.0,
        "Tax Rate For Calcs": 0.21,
        "Normalized EBITDA": -14146000.0,
        "Net Income From Continuing Operation Net Minority Interest": -18200000.0,
        "Reconciled Depreciation": 3392000.0,
        "Reconciled Cost Of Revenue": 59611000.0,
        "EBITDA": -14146000.0,
        "EBIT": -17538000.0,
        "Net Interest Income": 2981000.0,
        "Interest Expense": 315000.0,
        "Interest Income": 3296000.0,
        "Normalized Income": -18200000.0,
        "Net Income From Continuing And Discontinued Operation": -18200000.0,
        "Total Expenses": 140460000.0,
        "Total Operating Income As Reported": -20834000.0,
        "Diluted Average Shares": 158694919.0,
        "Basic Average Shares": 158694919.0,
        "Diluted EPS": -0.11,
        "Basic EPS": -0.11,
        "Diluted NI Availto Com Stockholders": -18200000.0,
        "Net Income Common Stockholders": -18200000.0,
        "Net Income": -18200000.0,
        "Net Income Including Noncontrolling Interests": -18200000.0,
        "Net Income Continuous Operations": -18200000.0,
        "Tax Provision": 347000.0,
        "Pretax Income": -17853000.0,
        "Net Non Operating Interest Income Expense": 2981000.0,
        "Interest Expense Non Operating": 315000.0,
        "Interest Income Non Operating": 3296000.0,
        "Operating Income": -20834000.0,
        "Operating Expense": 80742000.0,
        "Other Operating Expenses": 35660000.0,
        "Depreciation Amortization Depletion Income Statement": 3285000.0,
        "Depreciation And Amortization In Income Statement": 3285000.0,
        "Selling General And Administration": 41797000.0,
        "Gross Profit": 59908000.0,
        "Cost Of Revenue": 59718000.0,
        "Total Revenue": 119626000.0,
        "Operating Revenue": 119626000.0
    },
    "2022-12-31": {
        "Tax Effect Of Unusual Items": 0.0,
        "Tax Rate For Calcs": 0.024201,
        "Normalized EBITDA": -21659000.0,
        "Net Income From Continuing Operation Net Minority Interest": -24515000.0,
        "Reconciled Depreciation": 3168000.0,
        "Reconciled Cost Of Revenue": 52711000.0,
        "EBITDA": -21659000.0,
        "EBIT": -24827000.0,
        "Net Interest Income": 2168000.0,
        "Interest Expense": 296000.0,
        "Interest Income": 2464000.0,
        "Normalized Income": -24515000.0,
        "Net Income From Continuing And Discontinued Operation": -24515000.0,
        "Total Expenses": 125264000.0,
        "Total Operating Income As Reported": -27291000.0,
        "Diluted Average Shares": NaN,
        "Basic Average Shares": NaN,
        "Diluted EPS": NaN,
        "Basic EPS": NaN,
        "Diluted NI Availto Com Stockholders": -24515000.0,
        "Net Income Common Stockholders": -24515000.0,
        "Net Income": -24515000.0,
        "Net Income Including Noncontrolling Interests": -24515000.0,
        "Net Income Continuous Operations": -24515000.0,
        "Tax Provision": -608000.0,
        "Pretax Income": -25123000.0,
        "Net Non Operating Interest Income Expense": 2168000.0,
        "Interest Expense Non Operating": 296000.0,
        "Interest Income Non Operating": 2464000.0,
        "Operating Income": -27291000.0,
        "Operating Expense": 72443000.0,
        "Other Operating Expenses": 32645000.0,
        "Depreciation Amortization Depletion Income Statement": 3058000.0,
        "Depreciation And Amortization In Income Statement": 3058000.0,
        "Selling General And Administration": 36740000.0,
        "Gross Profit": 45152000.0,
        "Cost Of Revenue": 52821000.0,
        "Total Revenue": 97973000.0,
        "Operating Revenue": 97973000.0
    },
    "2022-09-30": {
        "Tax Effect Of Unusual Items": 0.0,
        "Tax Rate For Calcs": 0.4,
        "Normalized EBITDA": -20045000.0,
        "Net Income From Continuing Operation Net Minority Interest": -23668000.0,
        "Reconciled Depreciation": 3109000.0,
        "Reconciled Cost Of Revenue": 58371000.0,
        "EBITDA": -20045000.0,
        "EBIT": -23154000.0,
        "Net Interest Income": 1701000.0,
        "Interest Expense": 235000.0,
        "Interest Income": 1936000.0,
        "Normalized Income": -23668000.0,
        "Net Income From Continuing And Discontinued Operation": -23668000.0,
        "Total Expenses": 130509000.0,
        "Total Operating Income As Reported": -25090000.0,
        "Diluted Average Shares": 157264153.0,
        "Basic Average Shares": 157264153.0,
        "Diluted EPS": -0.15,
        "Basic EPS": -0.15,
        "Diluted NI Availto Com Stockholders": -23668000.0,
        "Net Income Common Stockholders": -23668000.0,
        "Net Income": -23668000.0,
        "Net Income Including Noncontrolling Interests": -23668000.0,
        "Net Income Continuous Operations": -23668000.0,
        "Tax Provision": 279000.0,
        "Pretax Income": -23389000.0,
        "Net Non Operating Interest Income Expense": 1701000.0,
        "Interest Expense Non Operating": 235000.0,
        "Interest Income Non Operating": 1936000.0,
        "Operating Income": -25090000.0,
        "Operating Expense": 72033000.0,
        "Other Operating Expenses": 34328000.0,
        "Depreciation Amortization Depletion Income Statement": 3004000.0,
        "Depreciation And Amortization In Income Statement": 3004000.0,
        "Selling General And Administration": 34701000.0,
        "Gross Profit": 46943000.0,
        "Cost Of Revenue": 58476000.0,
        "Total Revenue": 105419000.0,
        "Operating Revenue": 105419000.0
    },
    "2022-06-30": {
        "Tax Effect Of Unusual Items": 0.0,
        "Tax Rate For Calcs": 0.4,
        "Normalized EBITDA": -21515000.0,
        "Net Income From Continuing Operation Net Minority Interest": -24515000.0,
        "Reconciled Depreciation": 2586000.0,
        "Reconciled Cost Of Revenue": 64361000.0,
        "EBITDA": -21515000.0,
        "EBIT": -24101000.0,
        "Net Interest Income": 400000.0,
        "Interest Expense": 238000.0,
        "Interest Income": 638000.0,
        "Normalized Income": -24515000.0,
        "Net Income From Continuing And Discontinued Operation": -24515000.0,
        "Total Expenses": 139811000.0,
        "Total Operating Income As Reported": -24739000.0,
        "Diluted Average Shares": 156703734.0,
        "Basic Average Shares": 156703734.0,
        "Diluted EPS": -0.16,
        "Basic EPS": -0.16,
        "Diluted NI Availto Com Stockholders": -24515000.0,
        "Net Income Common Stockholders": -24515000.0,
        "Net Income": -24515000.0,
        "Net Income Including Noncontrolling Interests": -24515000.0,
        "Net Income Continuous Operations": -24515000.0,
        "Tax Provision": 176000.0,
        "Pretax Income": -24339000.0,
        "Net Non Operating Interest Income Expense": 400000.0,
        "Interest Expense Non Operating": 238000.0,
        "Interest Income Non Operating": 638000.0,
        "Operating Income": -24739000.0,
        "Operating Expense": 75343000.0,
        "Other Operating Expenses": 36720000.0,
        "Depreciation Amortization Depletion Income Statement": 2479000.0,
        "Depreciation And Amortization In Income Statement": 2479000.0,
        "Selling General And Administration": 36144000.0,
        "Gross Profit": 50604000.0,
        "Cost Of Revenue": 64468000.0,
        "Total Revenue": 115072000.0,
        "Operating Revenue": 115072000.0
    },
    "2022-03-31": {
        "Diluted EPS": -0.19,
        "Total Revenue": 103,
        "Gross Profit": 42,
        "Operating Income": -29,
        "EBIT": -27,
        "Net Income": -29
    },
    "2021-12-31": {
        "Diluted EPS": 0.11,
        "Total Revenue": 100,
        "Gross Profit": 42,
        "Operating Income": -26,
        "EBIT": -23,
        "Net Income": -26
    },
    "2021-09-30": {
        "Diluted EPS": -0.16,
        "Total Revenue": 92,
        "Gross Profit": 38,
        "Operating Income": -25,
        "EBIT": -22,
        "Net Income": -25
    },
    "2021-06-30": {
        "Diluted EPS": -0.06,
        "Total Revenue": 97,
        "Gross Profit": 43,
        "Operating Income": -9,
        "EBIT": -7,
        "Net Income": -10
    },
    "2021-03-31": {
        "Diluted EPS": -0.51,
        "Total Revenue": 69,
        "Gross Profit": 30,
        "Operating Income": -17,
        "EBIT": -15,
        "Net Income": -17
    },
    "2020-12-31": {
        "Diluted EPS": -0.41,
        "Total Revenue": 54,
        "Gross Profit": 23,
        "Operating Income": -12,
        "EBIT": -10,
        "Net Income": -12
    },
    "2020-09-30": {
        "Diluted EPS": 0.02,
        "Total Revenue": 67,
        "Gross Profit": 34,
        "Operating Income": 4,
        "EBIT": 6,
        "Net Income": 3
    },
    "2020-06-30": {
        "Diluted EPS": -0.21,
        "Total Revenue": 45,
        "Gross Profit": 25,
        "Operating Income": -4,
        "EBIT": -3,
        "Net Income": -4
    },
    "2020-03-31": {
        "Diluted EPS": -1.3,
        "Total Revenue": 42,
        "Gross Profit": 13,
        "Operating Income": -28,
        "EBIT": -26,
        "Net Income": -28
    },
    "2019-12-31": {
        "Diluted EPS": 0.0,
        "Total Revenue": NaN,
        "Gross Profit": NaN,
        "Operating Income": NaN,
        "EBIT": NaN,
        "Net Income": NaN
    },
    "2023-06-30": {
        "Tax Effect Of Unusual Items": 0.0,
        "Tax Rate For Calcs": 0.21,
        "Normalized EBITDA": -11142000.0,
        "Net Income From Continuing Operation Net Minority Interest": -15582000.0,
        "Reconciled Depreciation": 3928000.0,
        "Reconciled Cost Of Revenue": 63596000.0,
        "EBITDA": -11142000.0,
        "EBIT": -15070000.0,
        "Net Interest Income": 4269000.0,
        "Interest Expense": 451000.0,
        "Interest Income": 4720000.0,
        "Normalized Income": -15582000.0,
        "Net Income From Continuing And Discontinued Operation": -15582000.0,
        "Total Expenses": 144007000.0,
        "Total Operating Income As Reported": -19790000.0,
        "Diluted Average Shares": 159463851.0,
        "Basic Average Shares": 159463851.0,
        "Diluted EPS": -0.1,
        "Basic EPS": -0.1,
        "Diluted NI Availto Com Stockholders": -15582000.0,
        "Net Income Common Stockholders": -15582000.0,
        "Net Income": -15582000.0,
        "Net Income Including Noncontrolling Interests": -15582000.0,
        "Net Income Continuous Operations": -15582000.0,
        "Tax Provision": 61000.0,
        "Pretax Income": -15521000.0,
        "Net Non Operating Interest Income Expense": 4269000.0,
        "Interest Expense Non Operating": 451000.0,
        "Interest Income Non Operating": 4720000.0,
        "Operating Income": -19790000.0,
        "Operating Expense": 80304000.0,
        "Other Operating Expenses": 35303000.0,
        "Depreciation Amortization Depletion Income Statement": 3821000.0,
        "Depreciation And Amortization In Income Statement": 3821000.0,
        "Selling General And Administration": 41180000.0,
        "Gross Profit": 60514000.0,
        "Cost Of Revenue": 63703000.0,
        "Total Revenue": 124217000.0,
        "Operating Revenue": 124217000.0
    },
    "2023-09-30": {
        "Tax Effect Of Unusual Items": NaN,
        "Tax Rate For Calcs": NaN,
        "Normalized EBITDA": NaN,
        "Net Income From Continuing Operation Net Minority Interest": NaN,
        "Reconciled Depreciation": NaN,
        "Reconciled Cost Of Revenue": NaN,
        "EBITDA": NaN,
        "EBIT": NaN,
        "Net Interest Income": NaN,
        "Interest Expense": NaN,
        "Interest Income": NaN,
        "Normalized Income": NaN,
        "Net Income From Continuing And Discontinued Operation": NaN,
        "Total Expenses": NaN,
        "Total Operating Income As Reported": NaN,
        "Diluted Average Shares": 160427987.0,
        "Basic Average Shares": 160427987.0,
        "Diluted EPS": -0.11,
        "Basic EPS": -0.11,
        "Diluted NI Availto Com Stockholders": NaN,
        "Net Income Common Stockholders": NaN,
        "Net Income": NaN,
        "Net Income Including Noncontrolling Interests": NaN,
        "Net Income Continuous Operations": NaN,
        "Tax Provision": NaN,
        "Pretax Income": NaN,
        "Net Non Operating Interest Income Expense": NaN,
        "Interest Expense Non Operating": NaN,
        "Interest Income Non Operating": NaN,
        "Operating Income": NaN,
        "Operating Expense": NaN,
        "Other Operating Expenses": NaN,
        "Depreciation Amortization Depletion Income Statement": NaN,
        "Depreciation And Amortization In Income Statement": NaN,
        "Selling General And Administration": NaN,
        "Gross Profit": NaN,
        "Cost Of Revenue": NaN,
        "Total Revenue": NaN,
        "Operating Revenue": NaN
    },
    "2023-12-31": {
        "Tax Effect Of Unusual Items": 0.0,
        "Tax Rate For Calcs": 0.21,
        "Normalized EBITDA": -15862000.0,
        "Net Income From Continuing Operation Net Minority Interest": -23241000.0,
        "Reconciled Depreciation": 6878000.0,
        "Reconciled Cost Of Revenue": 60665000.0,
        "EBITDA": -15862000.0,
        "EBIT": -22764000.0,
        "Net Interest Income": 3642000.0,
        "Interest Expense": 360000.0,
        "Interest Income": 4002000.0,
        "Normalized Income": -23241000.0,
        "Net Income From Continuing And Discontinued Operation": -23241000.0,
        "Total Expenses": 145143000.0,
        "Total Operating Income As Reported": -26766000.0,
        "Diluted Average Shares": 161174469.0,
        "Basic Average Shares": 161174469.0,
        "Diluted EPS": -0.14,
        "Basic EPS": -0.14,
        "Diluted NI Availto Com Stockholders": -23241000.0,
        "Net Income Common Stockholders": -23241000.0,
        "Net Income": -23241000.0,
        "Net Income Including Noncontrolling Interests": -23241000.0,
        "Net Income Continuous Operations": -23241000.0,
        "Tax Provision": 117000.0,
        "Pretax Income": -23124000.0,
        "Net Non Operating Interest Income Expense": 3642000.0,
        "Interest Expense Non Operating": 360000.0,
        "Interest Income Non Operating": 4002000.0,
        "Operating Income": -26766000.0,
        "Operating Expense": 84502000.0,
        "Other Operating Expenses": 34779000.0,
        "Depreciation Amortization Depletion Income Statement": 6902000.0,
        "Depreciation And Amortization In Income Statement": 6902000.0,
        "Selling General And Administration": 42821000.0,
        "Gross Profit": 57736000.0,
        "Cost Of Revenue": 60641000.0,
        "Total Revenue": 118377000.0,
        "Operating Revenue": 118377000.0
    },
    "2024-03-31": {
        "Tax Effect Of Unusual Items": 0.0,
        "Tax Rate For Calcs": 0.21,
        "Normalized EBITDA": -11694000.0,
        "Net Income From Continuing Operation Net Minority Interest": -20471000.0,
        "Reconciled Depreciation": 7802000.0,
        "Reconciled Cost Of Revenue": 68492000.0,
        "EBITDA": -11694000.0,
        "EBIT": -19496000.0,
        "Net Interest Income": 2496000.0,
        "Interest Expense": 535000.0,
        "Interest Income": 3031000.0,
        "Normalized Income": -20471000.0,
        "Net Income From Continuing And Discontinued Operation": -20471000.0,
        "Total Expenses": 168216000.0,
        "Total Operating Income As Reported": -22527000.0,
        "Diluted Average Shares": 162890000.0,
        "Basic Average Shares": 162890000.0,
        "Diluted EPS": -0.13,
        "Basic EPS": -0.13,
        "Diluted NI Availto Com Stockholders": -20471000.0,
        "Net Income Common Stockholders": -20471000.0,
        "Net Income": -20471000.0,
        "Net Income Including Noncontrolling Interests": -20471000.0,
        "Net Income Continuous Operations": -20471000.0,
        "Tax Provision": 440000.0,
        "Pretax Income": -20031000.0,
        "Net Non Operating Interest Income Expense": 2496000.0,
        "Interest Expense Non Operating": 535000.0,
        "Interest Income Non Operating": 3031000.0,
        "Operating Income": -22527000.0,
        "Operating Expense": 99709000.0,
        "Other Operating Expenses": 38069000.0,
        "Depreciation Amortization Depletion Income Statement": 7787000.0,
        "Depreciation And Amortization In Income Statement": 7787000.0,
        "Selling General And Administration": 53853000.0,
        "Gross Profit": 77182000.0,
        "Cost Of Revenue": 68507000.0,
        "Total Revenue": 145689000.0,
        "Operating Revenue": 145689000.0
    },
    "2024-06-30": {
        "Tax Effect Of Unusual Items": 0.0,
        "Tax Rate For Calcs": 0.21,
        "Normalized EBITDA": -7432000.0,
        "Net Income From Continuing Operation Net Minority Interest": -17063000.0,
        "Reconciled Depreciation": 8880000.0,
        "Reconciled Cost Of Revenue": 78779000.0,
        "EBITDA": -7432000.0,
        "EBIT": -16312000.0,
        "Net Interest Income": 1723000.0,
        "Interest Expense": 606000.0,
        "Interest Income": 2329000.0,
        "Normalized Income": -17063000.0,
        "Net Income From Continuing And Discontinued Operation": -17063000.0,
        "Total Expenses": 179265000.0,
        "Total Operating Income As Reported": -18641000.0,
        "Diluted Average Shares": 164384000.0,
        "Basic Average Shares": 164384000.0,
        "Diluted EPS": -0.1,
        "Basic EPS": -0.1,
        "Diluted NI Availto Com Stockholders": -17063000.0,
        "Net Income Common Stockholders": -17063000.0,
        "Net Income": -17063000.0,
        "Net Income Including Noncontrolling Interests": -17063000.0,
        "Net Income Continuous Operations": -17063000.0,
        "Tax Provision": 145000.0,
        "Pretax Income": -16918000.0,
        "Net Non Operating Interest Income Expense": 1723000.0,
        "Interest Expense Non Operating": 606000.0,
        "Interest Income Non Operating": 2329000.0,
        "Operating Income": -18641000.0,
        "Operating Expense": 100454000.0,
        "Other Operating Expenses": 39694000.0,
        "Depreciation Amortization Depletion Income Statement": 8848000.0,
        "Depreciation And Amortization In Income Statement": 8848000.0,
        "Selling General And Administration": 51912000.0,
        "Gross Profit": 81813000.0,
        "Cost Of Revenue": 78811000.0,
        "Total Revenue": 160624000.0,
        "Operating Revenue": 160624000.0
    },
    "2024-09-30": {
        "Tax Effect Of Unusual Items": 0.0,
        "Tax Rate For Calcs": 0.008475,
        "Normalized EBITDA": -5320000.0,
        "Net Income From Continuing Operation Net Minority Interest": -16029000.0,
        "Reconciled Depreciation": 9769000.0,
        "Reconciled Cost Of Revenue": 81187000.0,
        "EBITDA": -5320000.0,
        "EBIT": -15089000.0,
        "Net Interest Income": 973000.0,
        "Interest Expense": 1077000.0,
        "Interest Income": 2050000.0,
        "Normalized Income": -16029000.0,
        "Net Income From Continuing And Discontinued Operation": -16029000.0,
        "Total Expenses": 188468000.0,
        "Total Operating Income As Reported": -17139000.0,
        "Diluted Average Shares": 165723168.0,
        "Basic Average Shares": 165723168.0,
        "Diluted EPS": -0.1,
        "Basic EPS": -0.1,
        "Diluted NI Availto Com Stockholders": -16029000.0,
        "Net Income Common Stockholders": -16029000.0,
        "Net Income": -16029000.0,
        "Net Income Including Noncontrolling Interests": -16029000.0,
        "Net Income Continuous Operations": -16029000.0,
        "Tax Provision": -137000.0,
        "Pretax Income": -16166000.0,
        "Net Non Operating Interest Income Expense": 973000.0,
        "Interest Expense Non Operating": 1077000.0,
        "Interest Income Non Operating": 2050000.0,
        "Operating Income": -17139000.0,
        "Operating Expense": 107228000.0,
        "Other Operating Expenses": 42539000.0,
        "Depreciation Amortization Depletion Income Statement": 9716000.0,
        "Depreciation And Amortization In Income Statement": 9716000.0,
        "Selling General And Administration": 54973000.0,
        "Gross Profit": 90089000.0,
        "Cost Of Revenue": 81240000.0,
        "Total Revenue": 171329000.0,
        "Operating Revenue": 171329000.0
    },
    "2024-12-31": {
        "Tax Effect Of Unusual Items": 0.0,
        "Tax Rate For Calcs": 0.21,
        "Normalized EBITDA": -13514000.0,
        "Net Income From Continuing Operation Net Minority Interest": -26137000.0,
        "Reconciled Depreciation": 10357000.0,
        "Reconciled Cost Of Revenue": 75860000.0,
        "EBITDA": -13514000.0,
        "EBIT": -23871000.0,
        "Net Interest Income": -99000.0,
        "Interest Expense": 2026000.0,
        "Interest Income": 1927000.0,
        "Normalized Income": -26137000.0,
        "Net Income From Continuing And Discontinued Operation": -26137000.0,
        "Total Expenses": 185312000.0,
        "Total Operating Income As Reported": -25798000.0,
        "Diluted Average Shares": 166484713.0,
        "Basic Average Shares": 166484713.0,
        "Diluted EPS": -0.16,
        "Basic EPS": -0.16,
        "Diluted NI Availto Com Stockholders": -26137000.0,
        "Net Income Common Stockholders": -26137000.0,
        "Net Income": -26137000.0,
        "Net Income Including Noncontrolling Interests": -26137000.0,
        "Net Income Continuous Operations": -26137000.0,
        "Tax Provision": 240000.0,
        "Pretax Income": -25897000.0,
        "Net Non Operating Interest Income Expense": -99000.0,
        "Interest Expense Non Operating": 2026000.0,
        "Interest Income Non Operating": 1927000.0,
        "Operating Income": -25798000.0,
        "Operating Expense": 109429000.0,
        "Other Operating Expenses": 42398000.0,
        "Depreciation Amortization Depletion Income Statement": 10334000.0,
        "Depreciation And Amortization In Income Statement": 10334000.0,
        "Selling General And Administration": 56697000.0,
        "Gross Profit": 83631000.0,
        "Cost Of Revenue": 75883000.0,
        "Total Revenue": 159514000.0,
        "Operating Revenue": 159514000.0
    },
    "2025-03-31": {
        "Tax Effect Of Unusual Items": 0.0,
        "Tax Rate For Calcs": 0.21,
        "Normalized EBITDA": -1995000.0,
        "Net Income From Continuing Operation Net Minority Interest": -14817000.0,
        "Reconciled Depreciation": 10547000.0,
        "Reconciled Cost Of Revenue": 83373000.0,
        "EBITDA": -1995000.0,
        "EBIT": -12542000.0,
        "Net Interest Income": -21000.0,
        "Interest Expense": 1910000.0,
        "Interest Income": 1889000.0,
        "Normalized Income": -14817000.0,
        "Net Income From Continuing And Discontinued Operation": -14817000.0,
        "Total Expenses": 197128000.0,
        "Total Operating Income As Reported": -14431000.0,
        "Diluted Average Shares": 168347000.0,
        "Basic Average Shares": 168347000.0,
        "Diluted EPS": -0.09,
        "Basic EPS": -0.09,
        "Diluted NI Availto Com Stockholders": -14817000.0,
        "Net Income Common Stockholders": -14817000.0,
        "Net Income": -14817000.0,
        "Net Income Including Noncontrolling Interests": -14817000.0,
        "Net Income Continuous Operations": -14817000.0,
        "Tax Provision": 365000.0,
        "Pretax Income": -14452000.0,
        "Net Non Operating Interest Income Expense": -21000.0,
        "Interest Expense Non Operating": 1910000.0,
        "Interest Income Non Operating": 1889000.0,
        "Operating Income": -14431000.0,
        "Operating Expense": 113749000.0,
        "Other Operating Expenses": 44190000.0,
        "Depreciation Amortization Depletion Income Statement": 10541000.0,
        "Depreciation And Amortization In Income Statement": 10541000.0,
        "Selling General And Administration": 59018000.0,
        "Gross Profit": 99318000.0,
        "Cost Of Revenue": 83379000.0,
        "Total Revenue": 182697000.0,
        "Operating Revenue": 182697000.0
    },
    "2025-06-30": {
        "Tax Effect Of Unusual Items": 0.0,
        "Tax Rate For Calcs": 0.00423,
        "Normalized EBITDA": 5859000.0,
        "Net Income From Continuing Operation Net Minority Interest": -7298000.0,
        "Reconciled Depreciation": 10902000.0,
        "Reconciled Cost Of Revenue": 91223000.0,
        "EBITDA": 5859000.0,
        "EBIT": -5043000.0,
        "Net Interest Income": -134000.0,
        "Interest Expense": 2286000.0,
        "Interest Income": 2152000.0,
        "Normalized Income": -7298000.0,
        "Net Income From Continuing And Discontinued Operation": -7298000.0,
        "Total Expenses": 200898000.0,
        "Total Operating Income As Reported": -7195000.0,
        "Diluted Average Shares": 170472000.0,
        "Basic Average Shares": 170472000.0,
        "Diluted EPS": -0.04,
        "Basic EPS": -0.04,
        "Diluted NI Availto Com Stockholders": -7298000.0,
        "Net Income Common Stockholders": -7298000.0,
        "Net Income": -7298000.0,
        "Net Income Including Noncontrolling Interests": -7298000.0,
        "Net Income Continuous Operations": -7298000.0,
        "Tax Provision": -31000.0,
        "Pretax Income": -7329000.0,
        "Net Non Operating Interest Income Expense": -134000.0,
        "Interest Expense Non Operating": 2286000.0,
        "Interest Income Non Operating": 2152000.0,
        "Operating Income": -7195000.0,
        "Operating Expense": 109670000.0,
        "Other Operating Expenses": 45801000.0,
        "Depreciation Amortization Depletion Income Statement": 10897000.0,
        "Depreciation And Amortization In Income Statement": 10897000.0,
        "Selling General And Administration": 52972000.0,
        "Gross Profit": 102475000.0,
        "Cost Of Revenue": 91228000.0,
        "Total Revenue": 193703000.0,
        "Operating Revenue": 193703000.0
    }
}