{
    "2023-04-30": {
        "Tax Effect Of Unusual Items": NaN,
        "Tax Rate For Calcs": NaN,
        "Normalized EBITDA": NaN,
        "Total Unusual Items": NaN,
        "Total Unusual Items Excluding Goodwill": NaN,
        "Net Income From Continuing Operation Net Minority Interest": NaN,
        "Reconciled Depreciation": NaN,
        "Reconciled Cost Of Revenue": NaN,
        "EBITDA": NaN,
        "EBIT": NaN,
        "Net Interest Income": NaN,
        "Interest Expense": NaN,
        "Interest Income": NaN,
        "Normalized Income": NaN,
        "Net Income From Continuing And Discontinued Operation": NaN,
        "Total Expenses": NaN,
        "Total Operating Income As Reported": NaN,
        "Diluted Average Shares": NaN,
        "Basic Average Shares": NaN,
        "Diluted EPS": NaN,
        "Basic EPS": NaN,
        "Diluted NI Availto Com Stockholders": NaN,
        "Net Income Common Stockholders": NaN,
        "Net Income": NaN,
        "Net Income Including Noncontrolling Interests": NaN,
        "Net Income Continuous Operations": NaN,
        "Tax Provision": NaN,
        "Pretax Income": NaN,
        "Other Income Expense": NaN,
        "Other Non Operating Income Expenses": NaN,
        "Special Income Charges": NaN,
        "Other Special Charges": NaN,
        "Restructuring And Mergern Acquisition": 23136000.0,
        "Net Non Operating Interest Income Expense": NaN,
        "Interest Expense Non Operating": NaN,
        "Interest Income Non Operating": NaN,
        "Operating Income": NaN,
        "Operating Expense": NaN,
        "Depreciation Amortization Depletion Income Statement": NaN,
        "Depreciation And Amortization In Income Statement": NaN,
        "Amortization": NaN,
        "Amortization Of Intangibles Income Statement": NaN,
        "Research And Development": NaN,
        "Selling General And Administration": NaN,
        "Gross Profit": NaN,
        "Cost Of Revenue": NaN,
        "Total Revenue": NaN,
        "Operating Revenue": NaN
    },
    "2023-01-31": {
        "Tax Effect Of Unusual Items": NaN,
        "Tax Rate For Calcs": NaN,
        "Normalized EBITDA": NaN,
        "Total Unusual Items": NaN,
        "Total Unusual Items Excluding Goodwill": NaN,
        "Net Income From Continuing Operation Net Minority Interest": NaN,
        "Reconciled Depreciation": NaN,
        "Reconciled Cost Of Revenue": NaN,
        "EBITDA": NaN,
        "EBIT": NaN,
        "Net Interest Income": NaN,
        "Interest Expense": NaN,
        "Interest Income": NaN,
        "Normalized Income": NaN,
        "Net Income From Continuing And Discontinued Operation": NaN,
        "Total Expenses": NaN,
        "Total Operating Income As Reported": NaN,
        "Diluted Average Shares": NaN,
        "Basic Average Shares": NaN,
        "Diluted EPS": NaN,
        "Basic EPS": NaN,
        "Diluted NI Availto Com Stockholders": NaN,
        "Net Income Common Stockholders": NaN,
        "Net Income": NaN,
        "Net Income Including Noncontrolling Interests": NaN,
        "Net Income Continuous Operations": NaN,
        "Tax Provision": NaN,
        "Pretax Income": NaN,
        "Other Income Expense": NaN,
        "Other Non Operating Income Expenses": NaN,
        "Special Income Charges": NaN,
        "Other Special Charges": NaN,
        "Restructuring And Mergern Acquisition": 0.0,
        "Net Non Operating Interest Income Expense": NaN,
        "Interest Expense Non Operating": NaN,
        "Interest Income Non Operating": NaN,
        "Operating Income": NaN,
        "Operating Expense": NaN,
        "Depreciation Amortization Depletion Income Statement": NaN,
        "Depreciation And Amortization In Income Statement": NaN,
        "Amortization": NaN,
        "Amortization Of Intangibles Income Statement": NaN,
        "Research And Development": NaN,
        "Selling General And Administration": NaN,
        "Gross Profit": NaN,
        "Cost Of Revenue": NaN,
        "Total Revenue": NaN,
        "Operating Revenue": NaN
    },
    "2022-10-31": {
        "Tax Effect Of Unusual Items": -3189917.783384,
        "Tax Rate For Calcs": 0.106665,
        "Normalized EBITDA": 1698239000.0,
        "Total Unusual Items": -29906000.0,
        "Total Unusual Items Excluding Goodwill": -29906000.0,
        "Net Income From Continuing Operation Net Minority Interest": 936226000.0,
        "Reconciled Depreciation": 572614000.0,
        "Reconciled Cost Of Revenue": 785152000.0,
        "EBITDA": 1668333000.0,
        "EBIT": 1095719000.0,
        "Net Interest Income": -43379000.0,
        "Interest Expense": 47707000.0,
        "Interest Income": 4328000.0,
        "Normalized Income": 962942082.216616,
        "Net Income From Continuing And Discontinued Operation": 936226000.0,
        "Total Expenses": 2115334000.0,
        "Total Operating Income As Reported": 1102476000.0,
        "Diluted Average Shares": 515757000.0,
        "Basic Average Shares": 512231000.0,
        "Diluted EPS": 1.82,
        "Basic EPS": 1.83,
        "Diluted NI Availto Com Stockholders": 936226000.0,
        "Net Income Common Stockholders": 936226000.0,
        "Net Income": 936226000.0,
        "Net Income Including Noncontrolling Interests": 936226000.0,
        "Net Income Continuous Operations": 936226000.0,
        "Tax Provision": 111786000.0,
        "Pretax Income": 1048012000.0,
        "Other Income Expense": -40991000.0,
        "Other Non Operating Income Expenses": -11085000.0,
        "Special Income Charges": -29906000.0,
        "Restructuring And Mergern Acquisition": 29906000.0,
        "Net Non Operating Interest Income Expense": -43379000.0,
        "Interest Expense Non Operating": 47707000.0,
        "Interest Income Non Operating": 4328000.0,
        "Operating Income": 1132382000.0,
        "Operating Expense": 1010433000.0,
        "Depreciation Amortization Depletion Income Statement": 252865000.0,
        "Depreciation And Amortization In Income Statement": 252865000.0,
        "Amortization": 252865000.0,
        "Amortization Of Intangibles Income Statement": 252865000.0,
        "Research And Development": 421008000.0,
        "Selling General And Administration": 336560000.0,
        "Gross Profit": 2142815000.0,
        "Cost Of Revenue": 1104901000.0,
        "Total Revenue": 3247716000.0,
        "Operating Revenue": 3247716000.0
    },
    "2022-07-31": {
        "Tax Effect Of Unusual Items": -16169517.0,
        "Tax Rate For Calcs": 0.117,
        "Normalized EBITDA": 1616296000.0,
        "Total Unusual Items": -138201000.0,
        "Total Unusual Items Excluding Goodwill": -138201000.0,
        "Net Income From Continuing Operation Net Minority Interest": 748985000.0,
        "Reconciled Depreciation": 578969000.0,
        "Reconciled Cost Of Revenue": 740633000.0,
        "EBITDA": 1478095000.0,
        "EBIT": 899126000.0,
        "Net Interest Income": -49392000.0,
        "Interest Expense": 51189000.0,
        "Interest Income": 1797000.0,
        "Normalized Income": 871016483.0,
        "Net Income From Continuing And Discontinued Operation": 748985000.0,
        "Total Expenses": 2078373000.0,
        "Total Operating Income As Reported": 893306000.0,
        "Diluted Average Shares": 520550000.0,
        "Basic Average Shares": 517011000.0,
        "Diluted EPS": 1.44,
        "Basic EPS": 1.45,
        "Diluted NI Availto Com Stockholders": 748985000.0,
        "Net Income Common Stockholders": 748985000.0,
        "Net Income": 748985000.0,
        "Net Income Including Noncontrolling Interests": 748985000.0,
        "Net Income Continuous Operations": 748985000.0,
        "Tax Provision": 98952000.0,
        "Pretax Income": 847937000.0,
        "Other Income Expense": -134178000.0,
        "Other Non Operating Income Expenses": 4023000.0,
        "Special Income Charges": -138201000.0,
        "Restructuring And Mergern Acquisition": 138201000.0,
        "Net Non Operating Interest Income Expense": -49392000.0,
        "Interest Expense Non Operating": 51189000.0,
        "Interest Income Non Operating": 1797000.0,
        "Operating Income": 1031507000.0,
        "Operating Expense": 1011635000.0,
        "Depreciation Amortization Depletion Income Statement": 252864000.0,
        "Depreciation And Amortization In Income Statement": 252864000.0,
        "Amortization": 252864000.0,
        "Amortization Of Intangibles Income Statement": 252864000.0,
        "Research And Development": 431829000.0,
        "Selling General And Administration": 326942000.0,
        "Gross Profit": 2043142000.0,
        "Cost Of Revenue": 1066738000.0,
        "Total Revenue": 3109880000.0,
        "Operating Revenue": 3109880000.0
    },
    "2022-04-30": {
        "Diluted EPS": 1.49,
        "Total Revenue": NaN,
        "Gross Profit": NaN,
        "Operating Income": 918,
        "EBIT": NaN,
        "Net Income": 783
    },
    "2022-01-31": {
        "Diluted EPS": 0.53,
        "Total Revenue": NaN,
        "Gross Profit": NaN,
        "Operating Income": 365,
        "EBIT": 935,
        "Net Income": 280
    },
    "2021-10-31": {
        "Diluted EPS": -0.07,
        "Total Revenue": NaN,
        "Gross Profit": NaN,
        "Operating Income": 99,
        "EBIT": 578,
        "Net Income": 76
    },
    "2021-07-31": {
        "Diluted EPS": 1.35,
        "Total Revenue": NaN,
        "Gross Profit": NaN,
        "Operating Income": 610,
        "EBIT": 806,
        "Net Income": 503
    },
    "2021-04-30": {
        "Diluted EPS": 1.14,
        "Total Revenue": NaN,
        "Gross Profit": NaN,
        "Operating Income": 520,
        "EBIT": 718,
        "Net Income": 423
    },
    "2021-01-31": {
        "Diluted EPS": 1.04,
        "Total Revenue": NaN,
        "Gross Profit": NaN,
        "Operating Income": 464,
        "EBIT": 665,
        "Net Income": 389
    },
    "2020-10-31": {
        "Diluted EPS": 1.04,
        "Total Revenue": NaN,
        "Gross Profit": NaN,
        "Operating Income": 462,
        "EBIT": 664,
        "Net Income": 387
    },
    "2020-07-31": {
        "Diluted EPS": 0.97,
        "Total Revenue": NaN,
        "Gross Profit": 973,
        "Operating Income": 419,
        "EBIT": 621,
        "Net Income": 363
    },
    "2020-04-30": {
        "Diluted EPS": 0.72,
        "Total Revenue": NaN,
        "Gross Profit": 847,
        "Operating Income": 344,
        "EBIT": 547,
        "Net Income": 268
    },
    "2020-01-31": {
        "Diluted EPS": 0.55,
        "Total Revenue": NaN,
        "Gross Profit": 848,
        "Operating Income": 273,
        "EBIT": 477,
        "Net Income": 204
    },
    "2019-10-31": {
        "Diluted EPS": 0.75,
        "Total Revenue": NaN,
        "Gross Profit": 942,
        "Operating Income": 338,
        "EBIT": 544,
        "Net Income": 278
    },
    "2019-07-31": {
        "Diluted EPS": 0.97,
        "Total Revenue": NaN,
        "Gross Profit": 998,
        "Operating Income": 447,
        "EBIT": 651,
        "Net Income": 362
    },
    "2019-04-30": {
        "Diluted EPS": 0.98,
        "Total Revenue": NaN,
        "Gross Profit": NaN,
        "Operating Income": 470,
        "EBIT": 671,
        "Net Income": 368
    },
    "2019-01-31": {
        "Diluted EPS": 0.95,
        "Total Revenue": NaN,
        "Gross Profit": NaN,
        "Operating Income": 456,
        "EBIT": 656,
        "Net Income": 355
    },
    "2018-10-31": {
        "Diluted EPS": 1.08,
        "Total Revenue": NaN,
        "Gross Profit": NaN,
        "Operating Income": 466,
        "EBIT": 667,
        "Net Income": 399
    },
    "2018-07-31": {
        "Diluted EPS": 1.08,
        "Total Revenue": NaN,
        "Gross Profit": NaN,
        "Operating Income": 489,
        "EBIT": 689,
        "Net Income": 409
    },
    "2018-04-30": {
        "Diluted EPS": 1.06,
        "Total Revenue": NaN,
        "Gross Profit": NaN,
        "Operating Income": 503,
        "EBIT": 702,
        "Net Income": 400
    },
    "2018-01-31": {
        "Diluted EPS": 0.78,
        "Total Revenue": NaN,
        "Gross Profit": NaN,
        "Operating Income": 442,
        "EBIT": 640,
        "Net Income": 293
    },
    "2017-10-31": {
        "Diluted EPS": 1.15,
        "Total Revenue": NaN,
        "Gross Profit": NaN,
        "Operating Income": 556,
        "EBIT": 746,
        "Net Income": 426
    },
    "2017-07-31": {
        "Diluted EPS": 0.18,
        "Total Revenue": NaN,
        "Gross Profit": 767,
        "Operating Income": 195,
        "EBIT": 397,
        "Net Income": 69
    },
    "2017-04-30": {
        "Diluted EPS": 0.27,
        "Total Revenue": NaN,
        "Gross Profit": 640,
        "Operating Income": 146,
        "EBIT": 283,
        "Net Income": 94
    },
    "2017-01-31": {
        "Diluted EPS": 0.69,
        "Total Revenue": 984,
        "Gross Profit": 649,
        "Operating Income": 266,
        "EBIT": 321,
        "Net Income": 217
    },
    "2016-10-31": {
        "Diluted EPS": 0.95,
        "Total Revenue": NaN,
        "Gross Profit": 667,
        "Operating Income": 357,
        "EBIT": 411,
        "Net Income": 296
    },
    "2016-07-31": {
        "Diluted EPS": 0.74,
        "Total Revenue": 870,
        "Gross Profit": 572,
        "Operating Income": 269,
        "EBIT": 321,
        "Net Income": 230
    },
    "2016-04-30": {
        "Diluted EPS": 0.55,
        "Total Revenue": 779,
        "Gross Profit": 511,
        "Operating Income": 207,
        "EBIT": 259,
        "Net Income": 171
    },
    "2016-01-31": {
        "Diluted EPS": 0.52,
        "Total Revenue": 769,
        "Gross Profit": 477,
        "Operating Income": 195,
        "EBIT": 247,
        "Net Income": 165
    },
    "2015-10-31": {
        "Diluted EPS": 0.3,
        "Total Revenue": 979,
        "Gross Profit": 642,
        "Operating Income": 109,
        "EBIT": 160,
        "Net Income": 96
    },
    "2015-07-31": {
        "Diluted EPS": 0.68,
        "Total Revenue": 863,
        "Gross Profit": 569,
        "Operating Income": 265,
        "EBIT": 323,
        "Net Income": 216
    },
    "2015-04-30": {
        "Diluted EPS": 0.65,
        "Total Revenue": 821,
        "Gross Profit": 545,
        "Operating Income": 249,
        "EBIT": 306,
        "Net Income": 205
    },
    "2015-01-31": {
        "Diluted EPS": 0.57,
        "Total Revenue": 772,
        "Gross Profit": 504,
        "Operating Income": 208,
        "EBIT": 264,
        "Net Income": 179
    },
    "2014-10-31": {
        "Diluted EPS": 0.34,
        "Total Revenue": 814,
        "Gross Profit": 486,
        "Operating Income": 150,
        "EBIT": 207,
        "Net Income": 109
    },
    "2014-07-31": {
        "Diluted EPS": 0.57,
        "Total Revenue": 728,
        "Gross Profit": 476,
        "Operating Income": 203,
        "EBIT": 233,
        "Net Income": 181
    },
    "2014-04-30": {
        "Diluted EPS": 0.59,
        "Total Revenue": 695,
        "Gross Profit": 459,
        "Operating Income": 220,
        "EBIT": 248,
        "Net Income": 187
    },
    "2014-01-31": {
        "Diluted EPS": 0.48,
        "Total Revenue": 628,
        "Gross Profit": 409,
        "Operating Income": 180,
        "EBIT": 207,
        "Net Income": 153
    },
    "2013-10-31": {
        "Diluted EPS": 0.64,
        "Total Revenue": 678,
        "Gross Profit": 445,
        "Operating Income": 200,
        "EBIT": 227,
        "Net Income": 202
    },
    "2013-07-31": {
        "Diluted EPS": 0.56,
        "Total Revenue": 674,
        "Gross Profit": 435,
        "Operating Income": 208,
        "EBIT": 236,
        "Net Income": 176
    },
    "2013-04-30": {
        "Diluted EPS": 0.52,
        "Total Revenue": 659,
        "Gross Profit": 422,
        "Operating Income": 191,
        "EBIT": 219,
        "Net Income": 164
    },
    "2013-01-31": {
        "Diluted EPS": 0.42,
        "Total Revenue": 622,
        "Gross Profit": 390,
        "Operating Income": 153,
        "EBIT": 181,
        "Net Income": 131
    },
    "2012-10-31": {
        "Diluted EPS": 0.58,
        "Total Revenue": 695,
        "Gross Profit": 443,
        "Operating Income": 215,
        "EBIT": 243,
        "Net Income": 179
    },
    "2012-07-31": {
        "Diluted EPS": 0.56,
        "Total Revenue": 683,
        "Gross Profit": 448,
        "Operating Income": 212,
        "EBIT": 240,
        "Net Income": 170
    },
    "2012-04-30": {
        "Diluted EPS": 0.53,
        "Total Revenue": 675,
        "Gross Profit": 440,
        "Operating Income": 213,
        "EBIT": 240,
        "Net Income": 163
    },
    "2012-01-31": {
        "Diluted EPS": 0.46,
        "Total Revenue": 648,
        "Gross Profit": 409,
        "Operating Income": 183,
        "EBIT": 212,
        "Net Income": 139
    },
    "2011-10-31": {
        "Diluted EPS": 0.6,
        "Total Revenue": 716,
        "Gross Profit": 461,
        "Operating Income": 235,
        "EBIT": 264,
        "Net Income": 184
    },
    "2011-07-31": {
        "Diluted EPS": 0.71,
        "Total Revenue": 758,
        "Gross Profit": 510,
        "Operating Income": 279,
        "EBIT": 308,
        "Net Income": 220
    },
    "2011-04-30": {
        "Diluted EPS": 0.78,
        "Total Revenue": 791,
        "Gross Profit": 534,
        "Operating Income": 298,
        "EBIT": 328,
        "Net Income": 242
    },
    "2011-01-31": {
        "Diluted EPS": 0.72,
        "Total Revenue": 729,
        "Gross Profit": 482,
        "Operating Income": 259,
        "EBIT": 289,
        "Net Income": 222
    },
    "2010-10-31": {
        "Diluted EPS": 0.73,
        "Total Revenue": 770,
        "Gross Profit": 516,
        "Operating Income": 286,
        "EBIT": 316,
        "Net Income": 225
    },
    "2010-07-31": {
        "Diluted EPS": 0.65,
        "Total Revenue": 720,
        "Gross Profit": 480,
        "Operating Income": 251,
        "EBIT": 280,
        "Net Income": 199
    },
    "2010-04-30": {
        "Diluted EPS": 0.55,
        "Total Revenue": 668,
        "Gross Profit": 435,
        "Operating Income": 214,
        "EBIT": 245,
        "Net Income": 167
    },
    "2010-01-31": {
        "Diluted EPS": 0.4,
        "Total Revenue": 603,
        "Gross Profit": 368,
        "Operating Income": 149,
        "EBIT": 180,
        "Net Income": 120
    },
    "2009-10-31": {
        "Diluted EPS": 0.36,
        "Total Revenue": 572,
        "Gross Profit": 322,
        "Operating Income": 128,
        "EBIT": 161,
        "Net Income": 106
    },
    "2009-07-31": {
        "Diluted EPS": 0.22,
        "Total Revenue": 492,
        "Gross Profit": 266,
        "Operating Income": 79,
        "EBIT": 111,
        "Net Income": 65
    },
    "2009-04-30": {
        "Diluted EPS": 0.18,
        "Total Revenue": 475,
        "Gross Profit": 262,
        "Operating Income": 58,
        "EBIT": 93,
        "Net Income": 52
    },
    "2009-01-31": {
        "Diluted EPS": 0.09,
        "Total Revenue": 477,
        "Gross Profit": 269,
        "Operating Income": 20,
        "EBIT": 60,
        "Net Income": 25
    },
    "2023-07-31": {
        "Tax Effect Of Unusual Items": NaN,
        "Tax Rate For Calcs": NaN,
        "Normalized EBITDA": NaN,
        "Total Unusual Items": NaN,
        "Total Unusual Items Excluding Goodwill": NaN,
        "Net Income From Continuing Operation Net Minority Interest": NaN,
        "Reconciled Depreciation": NaN,
        "Reconciled Cost Of Revenue": NaN,
        "EBITDA": NaN,
        "EBIT": NaN,
        "Net Interest Income": NaN,
        "Interest Expense": NaN,
        "Interest Income": NaN,
        "Normalized Income": NaN,
        "Net Income From Continuing And Discontinued Operation": NaN,
        "Total Expenses": NaN,
        "Total Operating Income As Reported": NaN,
        "Diluted Average Shares": NaN,
        "Basic Average Shares": NaN,
        "Diluted EPS": NaN,
        "Basic EPS": NaN,
        "Diluted NI Availto Com Stockholders": NaN,
        "Net Income Common Stockholders": NaN,
        "Net Income": NaN,
        "Net Income Including Noncontrolling Interests": NaN,
        "Net Income Continuous Operations": NaN,
        "Tax Provision": NaN,
        "Pretax Income": NaN,
        "Other Income Expense": NaN,
        "Other Non Operating Income Expenses": NaN,
        "Special Income Charges": NaN,
        "Other Special Charges": NaN,
        "Restructuring And Mergern Acquisition": 23539000.0,
        "Net Non Operating Interest Income Expense": NaN,
        "Interest Expense Non Operating": NaN,
        "Interest Income Non Operating": NaN,
        "Operating Income": NaN,
        "Operating Expense": NaN,
        "Depreciation Amortization Depletion Income Statement": NaN,
        "Depreciation And Amortization In Income Statement": NaN,
        "Amortization": NaN,
        "Amortization Of Intangibles Income Statement": NaN,
        "Research And Development": NaN,
        "Selling General And Administration": NaN,
        "Gross Profit": NaN,
        "Cost Of Revenue": NaN,
        "Total Revenue": NaN,
        "Operating Revenue": NaN
    },
    "2023-10-31": {
        "Tax Effect Of Unusual Items": NaN,
        "Tax Rate For Calcs": NaN,
        "Normalized EBITDA": NaN,
        "Total Unusual Items": NaN,
        "Total Unusual Items Excluding Goodwill": NaN,
        "Net Income From Continuing Operation Net Minority Interest": NaN,
        "Reconciled Depreciation": NaN,
        "Reconciled Cost Of Revenue": NaN,
        "EBITDA": NaN,
        "EBIT": NaN,
        "Net Interest Income": NaN,
        "Interest Expense": NaN,
        "Interest Income": NaN,
        "Normalized Income": NaN,
        "Net Income From Continuing And Discontinued Operation": NaN,
        "Total Expenses": NaN,
        "Total Operating Income As Reported": NaN,
        "Diluted Average Shares": NaN,
        "Basic Average Shares": NaN,
        "Diluted EPS": NaN,
        "Basic EPS": NaN,
        "Diluted NI Availto Com Stockholders": NaN,
        "Net Income Common Stockholders": NaN,
        "Net Income": NaN,
        "Net Income Including Noncontrolling Interests": NaN,
        "Net Income Continuous Operations": NaN,
        "Tax Provision": NaN,
        "Pretax Income": NaN,
        "Other Income Expense": NaN,
        "Other Non Operating Income Expenses": NaN,
        "Special Income Charges": NaN,
        "Other Special Charges": NaN,
        "Restructuring And Mergern Acquisition": 114035000.0,
        "Net Non Operating Interest Income Expense": NaN,
        "Interest Expense Non Operating": NaN,
        "Interest Income Non Operating": NaN,
        "Operating Income": NaN,
        "Operating Expense": NaN,
        "Depreciation Amortization Depletion Income Statement": NaN,
        "Depreciation And Amortization In Income Statement": NaN,
        "Amortization": NaN,
        "Amortization Of Intangibles Income Statement": NaN,
        "Research And Development": NaN,
        "Selling General And Administration": NaN,
        "Gross Profit": NaN,
        "Cost Of Revenue": NaN,
        "Total Revenue": NaN,
        "Operating Revenue": NaN
    },
    "2024-01-31": {
        "Tax Effect Of Unusual Items": NaN,
        "Tax Rate For Calcs": NaN,
        "Normalized EBITDA": NaN,
        "Total Unusual Items": NaN,
        "Total Unusual Items Excluding Goodwill": NaN,
        "Net Income From Continuing Operation Net Minority Interest": NaN,
        "Reconciled Depreciation": NaN,
        "Reconciled Cost Of Revenue": NaN,
        "EBITDA": NaN,
        "EBIT": NaN,
        "Net Interest Income": NaN,
        "Interest Expense": NaN,
        "Interest Income": NaN,
        "Normalized Income": NaN,
        "Net Income From Continuing And Discontinued Operation": NaN,
        "Total Expenses": NaN,
        "Total Operating Income As Reported": NaN,
        "Diluted Average Shares": NaN,
        "Basic Average Shares": NaN,
        "Diluted EPS": NaN,
        "Basic EPS": NaN,
        "Diluted NI Availto Com Stockholders": NaN,
        "Net Income Common Stockholders": NaN,
        "Net Income": NaN,
        "Net Income Including Noncontrolling Interests": NaN,
        "Net Income Continuous Operations": NaN,
        "Tax Provision": NaN,
        "Pretax Income": NaN,
        "Other Income Expense": NaN,
        "Other Non Operating Income Expenses": NaN,
        "Special Income Charges": NaN,
        "Other Special Charges": NaN,
        "Restructuring And Mergern Acquisition": 16140000.0,
        "Net Non Operating Interest Income Expense": NaN,
        "Interest Expense Non Operating": NaN,
        "Interest Income Non Operating": NaN,
        "Operating Income": NaN,
        "Operating Expense": NaN,
        "Depreciation Amortization Depletion Income Statement": NaN,
        "Depreciation And Amortization In Income Statement": NaN,
        "Amortization": NaN,
        "Amortization Of Intangibles Income Statement": NaN,
        "Research And Development": NaN,
        "Selling General And Administration": NaN,
        "Gross Profit": NaN,
        "Cost Of Revenue": NaN,
        "Total Revenue": NaN,
        "Operating Revenue": NaN
    },
    "2024-04-30": {
        "Tax Effect Of Unusual Items": NaN,
        "Tax Rate For Calcs": NaN,
        "Normalized EBITDA": NaN,
        "Total Unusual Items": NaN,
        "Total Unusual Items Excluding Goodwill": NaN,
        "Net Income From Continuing Operation Net Minority Interest": NaN,
        "Reconciled Depreciation": NaN,
        "Reconciled Cost Of Revenue": NaN,
        "EBITDA": NaN,
        "EBIT": NaN,
        "Net Interest Income": NaN,
        "Interest Expense": NaN,
        "Interest Income": NaN,
        "Normalized Income": NaN,
        "Net Income From Continuing And Discontinued Operation": NaN,
        "Total Expenses": NaN,
        "Total Operating Income As Reported": NaN,
        "Diluted Average Shares": NaN,
        "Basic Average Shares": NaN,
        "Diluted EPS": NaN,
        "Basic EPS": NaN,
        "Diluted NI Availto Com Stockholders": NaN,
        "Net Income Common Stockholders": NaN,
        "Net Income": NaN,
        "Net Income Including Noncontrolling Interests": NaN,
        "Net Income Continuous Operations": NaN,
        "Tax Provision": NaN,
        "Pretax Income": NaN,
        "Other Income Expense": NaN,
        "Other Non Operating Income Expenses": NaN,
        "Special Income Charges": NaN,
        "Other Special Charges": 5977000.0,
        "Net Non Operating Interest Income Expense": NaN,
        "Interest Expense Non Operating": NaN,
        "Interest Income Non Operating": NaN,
        "Operating Income": NaN,
        "Operating Expense": NaN,
        "Depreciation Amortization Depletion Income Statement": NaN,
        "Depreciation And Amortization In Income Statement": NaN,
        "Amortization": NaN,
        "Amortization Of Intangibles Income Statement": NaN,
        "Research And Development": NaN,
        "Selling General And Administration": NaN,
        "Gross Profit": NaN,
        "Cost Of Revenue": NaN,
        "Total Revenue": NaN,
        "Operating Revenue": NaN
    },
    "2024-07-31": {
        "Tax Effect Of Unusual Items": NaN,
        "Tax Rate For Calcs": NaN,
        "Normalized EBITDA": NaN,
        "Total Unusual Items": NaN,
        "Total Unusual Items Excluding Goodwill": NaN,
        "Net Income From Continuing Operation Net Minority Interest": NaN,
        "Reconciled Depreciation": NaN,
        "Reconciled Cost Of Revenue": NaN,
        "EBITDA": NaN,
        "EBIT": NaN,
        "Net Interest Income": NaN,
        "Interest Expense": NaN,
        "Interest Income": NaN,
        "Normalized Income": NaN,
        "Net Income From Continuing And Discontinued Operation": NaN,
        "Total Expenses": NaN,
        "Total Operating Income As Reported": NaN,
        "Diluted Average Shares": 498794000.0,
        "Basic Average Shares": 496338000.0,
        "Diluted EPS": 0.79,
        "Basic EPS": 0.79,
        "Diluted NI Availto Com Stockholders": NaN,
        "Net Income Common Stockholders": NaN,
        "Net Income": NaN,
        "Net Income Including Noncontrolling Interests": NaN,
        "Net Income Continuous Operations": NaN,
        "Tax Provision": NaN,
        "Pretax Income": NaN,
        "Other Income Expense": NaN,
        "Other Non Operating Income Expenses": NaN,
        "Special Income Charges": NaN,
        "Other Special Charges": 12282000.0,
        "Net Non Operating Interest Income Expense": NaN,
        "Interest Expense Non Operating": NaN,
        "Interest Income Non Operating": NaN,
        "Operating Income": NaN,
        "Operating Expense": NaN,
        "Depreciation Amortization Depletion Income Statement": NaN,
        "Depreciation And Amortization In Income Statement": NaN,
        "Amortization": NaN,
        "Amortization Of Intangibles Income Statement": NaN,
        "Research And Development": NaN,
        "Selling General And Administration": NaN,
        "Gross Profit": NaN,
        "Cost Of Revenue": NaN,
        "Total Revenue": NaN,
        "Operating Revenue": NaN
    },
    "2024-10-31": {
        "Tax Effect Of Unusual Items": -211830.278428,
        "Tax Rate For Calcs": 0.074092,
        "Normalized EBITDA": 1122452000.0,
        "Total Unusual Items": -2859000.0,
        "Total Unusual Items Excluding Goodwill": -2859000.0,
        "Net Income From Continuing Operation Net Minority Interest": 478072000.0,
        "Reconciled Depreciation": 520461000.0,
        "Reconciled Cost Of Revenue": 694370000.0,
        "EBITDA": 1119593000.0,
        "EBIT": 599132000.0,
        "Net Interest Income": -54857000.0,
        "Interest Expense": 82804000.0,
        "Interest Income": 27947000.0,
        "Normalized Income": 480719169.721572,
        "Net Income From Continuing And Discontinued Operation": 478072000.0,
        "Total Expenses": 1870954000.0,
        "Total Operating Income As Reported": 569392000.0,
        "Diluted Average Shares": 498722000.0,
        "Basic Average Shares": 496432000.0,
        "Diluted EPS": 0.96,
        "Basic EPS": 0.96,
        "Diluted NI Availto Com Stockholders": 478072000.0,
        "Net Income Common Stockholders": 478072000.0,
        "Net Income": 478072000.0,
        "Net Income Including Noncontrolling Interests": 478072000.0,
        "Net Income Continuous Operations": 478072000.0,
        "Tax Provision": 38256000.0,
        "Pretax Income": 516328000.0,
        "Other Income Expense": -1066000.0,
        "Other Non Operating Income Expenses": 1793000.0,
        "Special Income Charges": -2859000.0,
        "Other Special Charges": 2859000.0,
        "Net Non Operating Interest Income Expense": -54857000.0,
        "Interest Expense Non Operating": 82804000.0,
        "Interest Income Non Operating": 27947000.0,
        "Operating Income": 572251000.0,
        "Operating Expense": 843877000.0,
        "Depreciation Amortization Depletion Income Statement": 187754000.0,
        "Depreciation And Amortization In Income Statement": 187754000.0,
        "Amortization": 187754000.0,
        "Amortization Of Intangibles Income Statement": 187754000.0,
        "Research And Development": 378903000.0,
        "Selling General And Administration": 277220000.0,
        "Gross Profit": 1416128000.0,
        "Cost Of Revenue": 1027077000.0,
        "Total Revenue": 2443205000.0,
        "Operating Revenue": 2443205000.0
    },
    "2025-01-31": {
        "Tax Effect Of Unusual Items": -6516474.0,
        "Tax Rate For Calcs": 0.102,
        "Normalized EBITDA": 1090330000.0,
        "Total Unusual Items": -63887000.0,
        "Total Unusual Items Excluding Goodwill": -63887000.0,
        "Net Income From Continuing Operation Net Minority Interest": 391316000.0,
        "Reconciled Depreciation": 515603000.0,
        "Reconciled Cost Of Revenue": 664683000.0,
        "EBITDA": 1026443000.0,
        "EBIT": 510840000.0,
        "Net Interest Income": -51777000.0,
        "Interest Expense": 75264000.0,
        "Interest Income": 23487000.0,
        "Normalized Income": 448686526.0,
        "Net Income From Continuing And Discontinued Operation": 391316000.0,
        "Total Expenses": 1867974000.0,
        "Total Operating Income As Reported": 491313000.0,
        "Diluted Average Shares": 498668000.0,
        "Basic Average Shares": 496116000.0,
        "Diluted EPS": 0.78,
        "Basic EPS": 0.79,
        "Diluted NI Availto Com Stockholders": 391316000.0,
        "Net Income Common Stockholders": 391316000.0,
        "Net Income": 391316000.0,
        "Net Income Including Noncontrolling Interests": 391316000.0,
        "Net Income Continuous Operations": 391316000.0,
        "Tax Provision": 44260000.0,
        "Pretax Income": 435576000.0,
        "Other Income Expense": -67847000.0,
        "Other Non Operating Income Expenses": -3960000.0,
        "Special Income Charges": -63887000.0,
        "Other Special Charges": 63887000.0,
        "Net Non Operating Interest Income Expense": -51777000.0,
        "Interest Expense Non Operating": 75264000.0,
        "Interest Income Non Operating": 23487000.0,
        "Operating Income": 555200000.0,
        "Operating Expense": 875103000.0,
        "Depreciation Amortization Depletion Income Statement": 187415000.0,
        "Depreciation And Amortization In Income Statement": 187415000.0,
        "Amortization": 187415000.0,
        "Amortization Of Intangibles Income Statement": 187415000.0,
        "Research And Development": 402892000.0,
        "Selling General And Administration": 284796000.0,
        "Gross Profit": 1430303000.0,
        "Cost Of Revenue": 992871000.0,
        "Total Revenue": 2423174000.0,
        "Operating Revenue": 2423174000.0
    },
    "2025-04-30": {
        "Tax Effect Of Unusual Items": -157050.0,
        "Tax Rate For Calcs": 0.09,
        "Normalized EBITDA": 1202983000.0,
        "Total Unusual Items": -1745000.0,
        "Total Unusual Items Excluding Goodwill": -1745000.0,
        "Net Income From Continuing Operation Net Minority Interest": 569770000.0,
        "Reconciled Depreciation": 500607000.0,
        "Reconciled Cost Of Revenue": 715266000.0,
        "EBITDA": 1201238000.0,
        "EBIT": 700631000.0,
        "Net Interest Income": -52978000.0,
        "Interest Expense": 74703000.0,
        "Interest Income": 21725000.0,
        "Normalized Income": 571357950.0,
        "Net Income From Continuing And Discontinued Operation": 569770000.0,
        "Total Expenses": 1960379000.0,
        "Total Operating Income As Reported": 677944000.0,
        "Diluted Average Shares": 498201000.0,
        "Basic Average Shares": 496173000.0,
        "Diluted EPS": 1.14,
        "Basic EPS": 1.15,
        "Diluted NI Availto Com Stockholders": 569770000.0,
        "Net Income Common Stockholders": 569770000.0,
        "Net Income": 569770000.0,
        "Net Income Including Noncontrolling Interests": 569770000.0,
        "Net Income Continuous Operations": 569770000.0,
        "Tax Provision": 56158000.0,
        "Pretax Income": 625928000.0,
        "Other Income Expense": -783000.0,
        "Other Non Operating Income Expenses": 962000.0,
        "Special Income Charges": -1745000.0,
        "Other Special Charges": 1745000.0,
        "Net Non Operating Interest Income Expense": -52978000.0,
        "Interest Expense Non Operating": 74703000.0,
        "Interest Income Non Operating": 21725000.0,
        "Operating Income": 679689000.0,
        "Operating Expense": 931921000.0,
        "Depreciation Amortization Depletion Income Statement": 187415000.0,
        "Depreciation And Amortization In Income Statement": 187415000.0,
        "Amortization": 187415000.0,
        "Amortization Of Intangibles Income Statement": 187415000.0,
        "Research And Development": 441837000.0,
        "Selling General And Administration": 302669000.0,
        "Gross Profit": 1611610000.0,
        "Cost Of Revenue": 1028458000.0,
        "Total Revenue": 2640068000.0,
        "Operating Revenue": 2640068000.0
    },
    "2025-07-31": {
        "Tax Effect Of Unusual Items": -1395708.0,
        "Tax Rate For Calcs": 0.321,
        "Normalized EBITDA": 1334641000.0,
        "Total Unusual Items": -4348000.0,
        "Total Unusual Items Excluding Goodwill": -4348000.0,
        "Net Income From Continuing Operation Net Minority Interest": 518518000.0,
        "Reconciled Depreciation": 487292000.0,
        "Reconciled Cost Of Revenue": 790723000.0,
        "EBITDA": 1330293000.0,
        "EBIT": 843001000.0,
        "Net Interest Income": -52509000.0,
        "Interest Expense": 79592000.0,
        "Interest Income": 27083000.0,
        "Normalized Income": 521470292.0,
        "Net Income From Continuing And Discontinued Operation": 518518000.0,
        "Total Expenses": 2057972000.0,
        "Total Operating Income As Reported": 818028000.0,
        "Diluted Average Shares": 496726000.0,
        "Basic Average Shares": 494390000.0,
        "Diluted EPS": 1.04,
        "Basic EPS": 1.05,
        "Diluted NI Availto Com Stockholders": 518518000.0,
        "Net Income Common Stockholders": 518518000.0,
        "Net Income": 518518000.0,
        "Net Income Including Noncontrolling Interests": 518518000.0,
        "Net Income Continuous Operations": 518518000.0,
        "Tax Provision": 244891000.0,
        "Pretax Income": 763409000.0,
        "Other Income Expense": -6458000.0,
        "Other Non Operating Income Expenses": -2110000.0,
        "Special Income Charges": -4348000.0,
        "Other Special Charges": NaN,
        "Net Non Operating Interest Income Expense": -52509000.0,
        "Interest Expense Non Operating": 79592000.0,
        "Interest Income Non Operating": 27083000.0,
        "Operating Income": 822376000.0,
        "Operating Expense": 967372000.0,
        "Depreciation Amortization Depletion Income Statement": 187415000.0,
        "Depreciation And Amortization In Income Statement": 187415000.0,
        "Amortization": 187415000.0,
        "Amortization Of Intangibles Income Statement": 187415000.0,
        "Research And Development": 454251000.0,
        "Selling General And Administration": 325706000.0,
        "Gross Profit": 1789748000.0,
        "Cost Of Revenue": 1090600000.0,
        "Total Revenue": 2880348000.0,
        "Operating Revenue": 2880348000.0
    },
    "2025-10-31": {
        "Tax Effect Of Unusual Items": 0.0,
        "Tax Rate For Calcs": 0.112107,
        "Normalized EBITDA": 1470699000.0,
        "Total Unusual Items": 0.0,
        "Total Unusual Items Excluding Goodwill": 0.0,
        "Net Income From Continuing Operation Net Minority Interest": 787738000.0,
        "Reconciled Depreciation": 495343000.0,
        "Reconciled Cost Of Revenue": 826374000.0,
        "EBITDA": 1470699000.0,
        "EBIT": 975356000.0,
        "Net Interest Income": -55186000.0,
        "Interest Expense": 88157000.0,
        "Interest Income": 32971000.0,
        "Normalized Income": 787738000.0,
        "Net Income From Continuing And Discontinued Operation": 787738000.0,
        "Total Expenses": 2130906000.0,
        "Total Operating Income As Reported": 945211000.0,
        "Diluted Average Shares": NaN,
        "Basic Average Shares": NaN,
        "Diluted EPS": NaN,
        "Basic EPS": NaN,
        "Diluted NI Availto Com Stockholders": 787738000.0,
        "Net Income Common Stockholders": 787738000.0,
        "Net Income": 787738000.0,
        "Net Income Including Noncontrolling Interests": 787738000.0,
        "Net Income Continuous Operations": 787738000.0,
        "Tax Provision": 99461000.0,
        "Pretax Income": 887199000.0,
        "Other Income Expense": -2826000.0,
        "Other Non Operating Income Expenses": -2826000.0,
        "Special Income Charges": 0.0,
        "Other Special Charges": NaN,
        "Net Non Operating Interest Income Expense": -55186000.0,
        "Interest Expense Non Operating": 88157000.0,
        "Interest Income Non Operating": 32971000.0,
        "Operating Income": 945211000.0,
        "Operating Expense": 996606000.0,
        "Depreciation Amortization Depletion Income Statement": 187417000.0,
        "Depreciation And Amortization In Income Statement": 187417000.0,
        "Amortization": 187417000.0,
        "Amortization Of Intangibles Income Statement": 187417000.0,
        "Research And Development": 467021000.0,
        "Selling General And Administration": 342168000.0,
        "Gross Profit": 1941817000.0,
        "Cost Of Revenue": 1134300000.0,
        "Total Revenue": 3076117000.0,
        "Operating Revenue": 3076117000.0
    }
}