{
    "2023-03-31": {
        "Tax Effect Of Unusual Items": 274188.0,
        "Tax Rate For Calcs": 0.219,
        "Normalized EBITDA": -16329000.0,
        "Total Unusual Items": 1252000.0,
        "Total Unusual Items Excluding Goodwill": 1252000.0,
        "Net Income From Continuing Operation Net Minority Interest": -40083000.0,
        "Reconciled Depreciation": 33402000.0,
        "Reconciled Cost Of Revenue": 236104000.0,
        "EBITDA": -15077000.0,
        "EBIT": -48479000.0,
        "Net Interest Income": -2983000.0,
        "Interest Expense": 3287000.0,
        "Interest Income": 304000.0,
        "Normalized Income": -41060812.0,
        "Net Income From Continuing And Discontinued Operation": -40083000.0,
        "Total Expenses": 373644000.0,
        "Total Operating Income As Reported": -49732000.0,
        "Diluted Average Shares": 78358000.0,
        "Basic Average Shares": 78358000.0,
        "Diluted EPS": -0.51,
        "Basic EPS": -0.51,
        "Diluted NI Availto Com Stockholders": -40083000.0,
        "Net Income Common Stockholders": -40083000.0,
        "Net Income": -40083000.0,
        "Minority Interests": 370000.0,
        "Net Income Including Noncontrolling Interests": -40453000.0,
        "Net Income Continuous Operations": -40453000.0,
        "Tax Provision": -11313000.0,
        "Pretax Income": -51766000.0,
        "Other Income Expense": 949000.0,
        "Other Non Operating Income Expenses": -303000.0,
        "Special Income Charges": 0.0,
        "Write Off": NaN,
        "Impairment Of Capital Assets": 0.0,
        "Gain On Sale Of Security": 1252000.0,
        "Net Non Operating Interest Income Expense": -2983000.0,
        "Interest Expense Non Operating": 3287000.0,
        "Interest Income Non Operating": 304000.0,
        "Operating Income": -49732000.0,
        "Operating Expense": 137540000.0,
        "Research And Development": 70143000.0,
        "Selling General And Administration": 67397000.0,
        "Gross Profit": 87808000.0,
        "Cost Of Revenue": 236104000.0,
        "Total Revenue": 323912000.0,
        "Operating Revenue": 323912000.0
    },
    "2022-12-31": {
        "Tax Effect Of Unusual Items": NaN,
        "Tax Rate For Calcs": NaN,
        "Normalized EBITDA": NaN,
        "Total Unusual Items": NaN,
        "Total Unusual Items Excluding Goodwill": NaN,
        "Net Income From Continuing Operation Net Minority Interest": NaN,
        "Reconciled Depreciation": NaN,
        "Reconciled Cost Of Revenue": NaN,
        "EBITDA": NaN,
        "EBIT": NaN,
        "Net Interest Income": NaN,
        "Interest Expense": NaN,
        "Interest Income": NaN,
        "Normalized Income": NaN,
        "Net Income From Continuing And Discontinued Operation": NaN,
        "Total Expenses": NaN,
        "Total Operating Income As Reported": NaN,
        "Diluted Average Shares": NaN,
        "Basic Average Shares": NaN,
        "Diluted EPS": NaN,
        "Basic EPS": NaN,
        "Diluted NI Availto Com Stockholders": NaN,
        "Net Income Common Stockholders": NaN,
        "Net Income": NaN,
        "Minority Interests": NaN,
        "Net Income Including Noncontrolling Interests": NaN,
        "Net Income Continuous Operations": NaN,
        "Tax Provision": NaN,
        "Pretax Income": NaN,
        "Other Income Expense": NaN,
        "Other Non Operating Income Expenses": NaN,
        "Special Income Charges": NaN,
        "Write Off": 464000.0,
        "Impairment Of Capital Assets": NaN,
        "Gain On Sale Of Security": NaN,
        "Net Non Operating Interest Income Expense": NaN,
        "Interest Expense Non Operating": NaN,
        "Interest Income Non Operating": NaN,
        "Operating Income": NaN,
        "Operating Expense": NaN,
        "Research And Development": NaN,
        "Selling General And Administration": NaN,
        "Gross Profit": NaN,
        "Cost Of Revenue": NaN,
        "Total Revenue": NaN,
        "Operating Revenue": NaN
    },
    "2022-09-30": {
        "Tax Effect Of Unusual Items": NaN,
        "Tax Rate For Calcs": NaN,
        "Normalized EBITDA": NaN,
        "Total Unusual Items": NaN,
        "Total Unusual Items Excluding Goodwill": NaN,
        "Net Income From Continuing Operation Net Minority Interest": NaN,
        "Reconciled Depreciation": NaN,
        "Reconciled Cost Of Revenue": NaN,
        "EBITDA": NaN,
        "EBIT": NaN,
        "Net Interest Income": NaN,
        "Interest Expense": NaN,
        "Interest Income": NaN,
        "Normalized Income": NaN,
        "Net Income From Continuing And Discontinued Operation": NaN,
        "Total Expenses": NaN,
        "Total Operating Income As Reported": NaN,
        "Diluted Average Shares": NaN,
        "Basic Average Shares": NaN,
        "Diluted EPS": NaN,
        "Basic EPS": NaN,
        "Diluted NI Availto Com Stockholders": NaN,
        "Net Income Common Stockholders": NaN,
        "Net Income": NaN,
        "Minority Interests": NaN,
        "Net Income Including Noncontrolling Interests": NaN,
        "Net Income Continuous Operations": NaN,
        "Tax Provision": NaN,
        "Pretax Income": NaN,
        "Other Income Expense": NaN,
        "Other Non Operating Income Expenses": NaN,
        "Special Income Charges": NaN,
        "Write Off": 16969000.0,
        "Impairment Of Capital Assets": 0.0,
        "Gain On Sale Of Security": NaN,
        "Net Non Operating Interest Income Expense": NaN,
        "Interest Expense Non Operating": NaN,
        "Interest Income Non Operating": NaN,
        "Operating Income": NaN,
        "Operating Expense": NaN,
        "Research And Development": NaN,
        "Selling General And Administration": NaN,
        "Gross Profit": NaN,
        "Cost Of Revenue": NaN,
        "Total Revenue": NaN,
        "Operating Revenue": NaN
    },
    "2022-06-30": {
        "Tax Effect Of Unusual Items": -1858400.0,
        "Tax Rate For Calcs": 0.4,
        "Normalized EBITDA": 9031000.0,
        "Total Unusual Items": -4646000.0,
        "Total Unusual Items Excluding Goodwill": -4646000.0,
        "Net Income From Continuing Operation Net Minority Interest": 2143000.0,
        "Reconciled Depreciation": 3574000.0,
        "Reconciled Cost Of Revenue": 109532000.0,
        "EBITDA": 4385000.0,
        "EBIT": 4385000.0,
        "Net Interest Income": 123000.0,
        "Interest Expense": 94000.0,
        "Interest Income": 217000.0,
        "Normalized Income": 4930600.0,
        "Net Income From Continuing And Discontinued Operation": 2143000.0,
        "Total Expenses": 163905000.0,
        "Total Operating Income As Reported": 8133000.0,
        "Diluted Average Shares": 49809000.0,
        "Basic Average Shares": 49123000.0,
        "Diluted EPS": 0.04,
        "Basic EPS": 0.04,
        "Diluted NI Availto Com Stockholders": 2143000.0,
        "Net Income Common Stockholders": 2143000.0,
        "Net Income": 2143000.0,
        "Minority Interests": NaN,
        "Net Income Including Noncontrolling Interests": 2143000.0,
        "Net Income Continuous Operations": 2143000.0,
        "Tax Provision": 2148000.0,
        "Pretax Income": 4291000.0,
        "Other Income Expense": -3965000.0,
        "Other Non Operating Income Expenses": 681000.0,
        "Special Income Charges": NaN,
        "Write Off": NaN,
        "Gain On Sale Of Security": -4646000.0,
        "Net Non Operating Interest Income Expense": 123000.0,
        "Interest Expense Non Operating": 94000.0,
        "Interest Income Non Operating": 217000.0,
        "Operating Income": 8133000.0,
        "Operating Expense": 54373000.0,
        "Research And Development": 26500000.0,
        "Selling General And Administration": 27873000.0,
        "Gross Profit": 62506000.0,
        "Cost Of Revenue": 109532000.0,
        "Total Revenue": 172038000.0,
        "Operating Revenue": 172038000.0
    },
    "2022-03-31": {
        "Diluted EPS": -0.02,
        "Total Revenue": 155,
        "Gross Profit": 54,
        "Operating Income": 0,
        "EBIT": 4,
        "Net Income": -1
    },
    "2021-12-31": {
        "Diluted EPS": -0.09,
        "Total Revenue": 154,
        "Gross Profit": 54,
        "Operating Income": -7,
        "EBIT": -3,
        "Net Income": -4
    },
    "2021-09-30": {
        "Diluted EPS": -0.21,
        "Total Revenue": 138,
        "Gross Profit": 48,
        "Operating Income": -10,
        "EBIT": -6,
        "Net Income": -10
    },
    "2021-06-30": {
        "Diluted EPS": 0.1,
        "Total Revenue": 143,
        "Gross Profit": 63,
        "Operating Income": 4,
        "EBIT": 8,
        "Net Income": 5
    },
    "2021-03-31": {
        "Diluted EPS": 0.02,
        "Total Revenue": 128,
        "Gross Profit": 54,
        "Operating Income": -1,
        "EBIT": 3,
        "Net Income": 1
    },
    "2020-12-31": {
        "Diluted EPS": 0.13,
        "Total Revenue": 130,
        "Gross Profit": 54,
        "Operating Income": -3,
        "EBIT": 1,
        "Net Income": 6
    },
    "2020-09-30": {
        "Diluted EPS": 0.11,
        "Total Revenue": 133,
        "Gross Profit": 59,
        "Operating Income": 5,
        "EBIT": 9,
        "Net Income": 5
    },
    "2020-06-30": {
        "Diluted EPS": 0.02,
        "Total Revenue": 129,
        "Gross Profit": 53,
        "Operating Income": -6,
        "EBIT": -2,
        "Net Income": 1
    },
    "2020-03-31": {
        "Diluted EPS": -0.21,
        "Total Revenue": 115,
        "Gross Profit": 52,
        "Operating Income": -5,
        "EBIT": -1,
        "Net Income": -10
    },
    "2019-12-31": {
        "Diluted EPS": -0.25,
        "Total Revenue": 116,
        "Gross Profit": 47,
        "Operating Income": -14,
        "EBIT": -10,
        "Net Income": -12
    },
    "2019-09-30": {
        "Diluted EPS": -0.96,
        "Total Revenue": 114,
        "Gross Profit": 46,
        "Operating Income": -20,
        "EBIT": -16,
        "Net Income": -46
    },
    "2019-06-30": {
        "Diluted EPS": 0.08,
        "Total Revenue": 156,
        "Gross Profit": 65,
        "Operating Income": 1,
        "EBIT": 5,
        "Net Income": 4
    },
    "2019-03-31": {
        "Diluted EPS": 0.02,
        "Total Revenue": 144,
        "Gross Profit": 61,
        "Operating Income": -6,
        "EBIT": -2,
        "Net Income": 1
    },
    "2018-12-31": {
        "Diluted EPS": -0.18,
        "Total Revenue": 140,
        "Gross Profit": 55,
        "Operating Income": -4,
        "EBIT": 0,
        "Net Income": -8
    },
    "2018-09-30": {
        "Diluted EPS": 0.16,
        "Total Revenue": 140,
        "Gross Profit": 58,
        "Operating Income": -2,
        "EBIT": 2,
        "Net Income": 8
    },
    "2018-06-30": {
        "Diluted EPS": -0.16,
        "Total Revenue": 128,
        "Gross Profit": 50,
        "Operating Income": -13,
        "EBIT": -9,
        "Net Income": -8
    },
    "2018-03-31": {
        "Diluted EPS": -0.22,
        "Total Revenue": 121,
        "Gross Profit": 40,
        "Operating Income": -27,
        "EBIT": -23,
        "Net Income": -11
    },
    "2017-12-31": {
        "Diluted EPS": -0.24,
        "Total Revenue": 127,
        "Gross Profit": 59,
        "Operating Income": -4,
        "EBIT": 0,
        "Net Income": -11
    },
    "2017-09-30": {
        "Diluted EPS": 0.33,
        "Total Revenue": 185,
        "Gross Profit": 86,
        "Operating Income": 18,
        "EBIT": 22,
        "Net Income": 16
    },
    "2017-06-30": {
        "Diluted EPS": 0.26,
        "Total Revenue": 185,
        "Gross Profit": 85,
        "Operating Income": 16,
        "EBIT": 21,
        "Net Income": 12
    },
    "2017-03-31": {
        "Diluted EPS": 0.14,
        "Total Revenue": 170,
        "Gross Profit": 74,
        "Operating Income": 7,
        "EBIT": 11,
        "Net Income": 7
    },
    "2016-12-31": {
        "Diluted EPS": 0.15,
        "Total Revenue": 163,
        "Gross Profit": 71,
        "Operating Income": 4,
        "EBIT": 8,
        "Net Income": 8
    },
    "2016-09-30": {
        "Diluted EPS": 0.26,
        "Total Revenue": 169,
        "Gross Profit": 76,
        "Operating Income": 10,
        "EBIT": 14,
        "Net Income": 12
    },
    "2016-06-30": {
        "Diluted EPS": 0.21,
        "Total Revenue": 163,
        "Gross Profit": 79,
        "Operating Income": 15,
        "EBIT": 18,
        "Net Income": 10
    },
    "2016-03-31": {
        "Diluted EPS": 0.1,
        "Total Revenue": 142,
        "Gross Profit": 66,
        "Operating Income": 6,
        "EBIT": 9,
        "Net Income": 5
    },
    "2015-12-31": {
        "Diluted EPS": 0.11,
        "Total Revenue": 139,
        "Gross Profit": 62,
        "Operating Income": 3,
        "EBIT": 7,
        "Net Income": 6
    },
    "2015-09-30": {
        "Diluted EPS": 0.14,
        "Total Revenue": 158,
        "Gross Profit": 71,
        "Operating Income": 8,
        "EBIT": 12,
        "Net Income": 7
    },
    "2015-06-30": {
        "Diluted EPS": 0.05,
        "Total Revenue": 160,
        "Gross Profit": 68,
        "Operating Income": 1,
        "EBIT": 5,
        "Net Income": 3
    },
    "2015-03-31": {
        "Diluted EPS": 0.06,
        "Total Revenue": 143,
        "Gross Profit": 66,
        "Operating Income": 2,
        "EBIT": 7,
        "Net Income": 3
    },
    "2014-12-31": {
        "Diluted EPS": 0.16,
        "Total Revenue": 144,
        "Gross Profit": 68,
        "Operating Income": 4,
        "EBIT": 9,
        "Net Income": 9
    },
    "2014-09-30": {
        "Diluted EPS": 0.21,
        "Total Revenue": 163,
        "Gross Profit": 78,
        "Operating Income": 12,
        "EBIT": 17,
        "Net Income": 11
    },
    "2014-06-30": {
        "Diluted EPS": 0.26,
        "Total Revenue": 176,
        "Gross Profit": 87,
        "Operating Income": 19,
        "EBIT": 24,
        "Net Income": 14
    },
    "2014-03-31": {
        "Diluted EPS": 0.17,
        "Total Revenue": 147,
        "Gross Profit": 78,
        "Operating Income": 11,
        "EBIT": 16,
        "Net Income": 10
    },
    "2013-12-31": {
        "Diluted EPS": 0.19,
        "Total Revenue": 159,
        "Gross Profit": 77,
        "Operating Income": 11,
        "EBIT": 16,
        "Net Income": 12
    },
    "2013-09-30": {
        "Diluted EPS": 0.28,
        "Total Revenue": 177,
        "Gross Profit": 83,
        "Operating Income": 17,
        "EBIT": 22,
        "Net Income": 16
    },
    "2013-06-30": {
        "Diluted EPS": 0.17,
        "Total Revenue": 162,
        "Gross Profit": 80,
        "Operating Income": 14,
        "EBIT": 19,
        "Net Income": 10
    },
    "2013-03-31": {
        "Diluted EPS": 0.13,
        "Total Revenue": 143,
        "Gross Profit": 70,
        "Operating Income": 7,
        "EBIT": 12,
        "Net Income": 8
    },
    "2012-12-31": {
        "Diluted EPS": 0.06,
        "Total Revenue": 140,
        "Gross Profit": 67,
        "Operating Income": 3,
        "EBIT": 9,
        "Net Income": 4
    },
    "2012-09-30": {
        "Diluted EPS": 0.15,
        "Total Revenue": 162,
        "Gross Profit": 80,
        "Operating Income": 10,
        "EBIT": 16,
        "Net Income": 9
    },
    "2012-06-30": {
        "Diluted EPS": 0.33,
        "Total Revenue": 184,
        "Gross Profit": 95,
        "Operating Income": 27,
        "EBIT": 33,
        "Net Income": 21
    },
    "2012-03-31": {
        "Diluted EPS": 0.2,
        "Total Revenue": 135,
        "Gross Profit": 74,
        "Operating Income": 16,
        "EBIT": 21,
        "Net Income": 13
    },
    "2011-12-31": {
        "Diluted EPS": 0.48,
        "Total Revenue": 175,
        "Gross Profit": 99,
        "Operating Income": 41,
        "EBIT": 46,
        "Net Income": 31
    },
    "2011-09-30": {
        "Diluted EPS": 0.56,
        "Total Revenue": 192,
        "Gross Profit": 109,
        "Operating Income": 51,
        "EBIT": 56,
        "Net Income": 36
    },
    "2011-06-30": {
        "Diluted EPS": 0.56,
        "Total Revenue": 184,
        "Gross Profit": 107,
        "Operating Income": 51,
        "EBIT": 56,
        "Net Income": 37
    },
    "2011-03-31": {
        "Diluted EPS": 0.52,
        "Total Revenue": 166,
        "Gross Profit": 99,
        "Operating Income": 46,
        "EBIT": 50,
        "Net Income": 34
    },
    "2010-12-31": {
        "Diluted EPS": 0.55,
        "Total Revenue": 165,
        "Gross Profit": 97,
        "Operating Income": 45,
        "EBIT": 49,
        "Net Income": 36
    },
    "2010-09-30": {
        "Diluted EPS": 0.5,
        "Total Revenue": 163,
        "Gross Profit": 97,
        "Operating Income": 45,
        "EBIT": 49,
        "Net Income": 32
    },
    "2010-06-30": {
        "Diluted EPS": 0.44,
        "Total Revenue": 150,
        "Gross Profit": 89,
        "Operating Income": 39,
        "EBIT": 42,
        "Net Income": 28
    },
    "2010-03-31": {
        "Diluted EPS": 0.29,
        "Total Revenue": 127,
        "Gross Profit": 75,
        "Operating Income": 25,
        "EBIT": 29,
        "Net Income": 18
    },
    "2009-12-31": {
        "Diluted EPS": 0.29,
        "Total Revenue": 124,
        "Gross Profit": 73,
        "Operating Income": 26,
        "EBIT": 30,
        "Net Income": 19
    },
    "2009-09-30": {
        "Diluted EPS": 0.34,
        "Total Revenue": 128,
        "Gross Profit": 74,
        "Operating Income": 29,
        "EBIT": 32,
        "Net Income": 22
    },
    "2009-06-30": {
        "Diluted EPS": 0.3,
        "Total Revenue": 122,
        "Gross Profit": 72,
        "Operating Income": 26,
        "EBIT": 29,
        "Net Income": 19
    },
    "2009-03-31": {
        "Diluted EPS": 0.24,
        "Total Revenue": 110,
        "Gross Profit": 67,
        "Operating Income": 23,
        "EBIT": 26,
        "Net Income": 15
    },
    "2023-06-30": {
        "Tax Effect Of Unusual Items": 236755.93342,
        "Tax Rate For Calcs": 0.187604,
        "Normalized EBITDA": -7711000.0,
        "Total Unusual Items": 1262000.0,
        "Total Unusual Items Excluding Goodwill": 1262000.0,
        "Net Income From Continuing Operation Net Minority Interest": -39097000.0,
        "Reconciled Depreciation": 34065000.0,
        "Reconciled Cost Of Revenue": 234825000.0,
        "EBITDA": -6449000.0,
        "EBIT": -40514000.0,
        "Net Interest Income": -3706000.0,
        "Interest Expense": 4064000.0,
        "Interest Income": 358000.0,
        "Normalized Income": -40122244.06658,
        "Net Income From Continuing And Discontinued Operation": -39097000.0,
        "Total Expenses": 372006000.0,
        "Total Operating Income As Reported": -44628000.0,
        "Diluted Average Shares": 78366000.0,
        "Basic Average Shares": 78366000.0,
        "Diluted EPS": -0.43,
        "Basic EPS": -0.43,
        "Diluted NI Availto Com Stockholders": -39097000.0,
        "Net Income Common Stockholders": -39097000.0,
        "Net Income": -39097000.0,
        "Minority Interests": -2882000.0,
        "Net Income Including Noncontrolling Interests": -36215000.0,
        "Net Income Continuous Operations": -36215000.0,
        "Tax Provision": -8363000.0,
        "Pretax Income": -44578000.0,
        "Other Income Expense": 3756000.0,
        "Other Non Operating Income Expenses": 2494000.0,
        "Special Income Charges": 0.0,
        "Write Off": NaN,
        "Impairment Of Capital Assets": 0.0,
        "Gain On Sale Of Security": 1262000.0,
        "Net Non Operating Interest Income Expense": -3706000.0,
        "Interest Expense Non Operating": 4064000.0,
        "Interest Income Non Operating": 358000.0,
        "Operating Income": -44628000.0,
        "Operating Expense": 137181000.0,
        "Research And Development": 70598000.0,
        "Selling General And Administration": 66583000.0,
        "Gross Profit": 92553000.0,
        "Cost Of Revenue": 234825000.0,
        "Total Revenue": 327378000.0,
        "Operating Revenue": 327378000.0
    },
    "2023-09-30": {
        "Tax Effect Of Unusual Items": NaN,
        "Tax Rate For Calcs": NaN,
        "Normalized EBITDA": NaN,
        "Total Unusual Items": NaN,
        "Total Unusual Items Excluding Goodwill": NaN,
        "Net Income From Continuing Operation Net Minority Interest": NaN,
        "Reconciled Depreciation": NaN,
        "Reconciled Cost Of Revenue": NaN,
        "EBITDA": NaN,
        "EBIT": NaN,
        "Net Interest Income": NaN,
        "Interest Expense": NaN,
        "Interest Income": NaN,
        "Normalized Income": NaN,
        "Net Income From Continuing And Discontinued Operation": NaN,
        "Total Expenses": NaN,
        "Total Operating Income As Reported": NaN,
        "Diluted Average Shares": 78389000.0,
        "Basic Average Shares": 78389000.0,
        "Diluted EPS": -1.0,
        "Basic EPS": -1.0,
        "Diluted NI Availto Com Stockholders": NaN,
        "Net Income Common Stockholders": NaN,
        "Net Income": NaN,
        "Minority Interests": NaN,
        "Net Income Including Noncontrolling Interests": NaN,
        "Net Income Continuous Operations": NaN,
        "Tax Provision": NaN,
        "Pretax Income": NaN,
        "Other Income Expense": NaN,
        "Other Non Operating Income Expenses": NaN,
        "Special Income Charges": NaN,
        "Write Off": 0.0,
        "Impairment Of Capital Assets": NaN,
        "Gain On Sale Of Security": NaN,
        "Net Non Operating Interest Income Expense": NaN,
        "Interest Expense Non Operating": NaN,
        "Interest Income Non Operating": NaN,
        "Operating Income": NaN,
        "Operating Expense": NaN,
        "Research And Development": NaN,
        "Selling General And Administration": NaN,
        "Gross Profit": NaN,
        "Cost Of Revenue": NaN,
        "Total Revenue": NaN,
        "Operating Revenue": NaN
    },
    "2023-12-31": {
        "Tax Effect Of Unusual Items": 353430.0,
        "Tax Rate For Calcs": 0.21,
        "Normalized EBITDA": -18379000.0,
        "Total Unusual Items": 1683000.0,
        "Total Unusual Items Excluding Goodwill": 1683000.0,
        "Net Income From Continuing Operation Net Minority Interest": -127155000.0,
        "Reconciled Depreciation": 21527000.0,
        "Reconciled Cost Of Revenue": 147014000.0,
        "EBITDA": -16696000.0,
        "EBIT": -38223000.0,
        "Net Interest Income": -3284000.0,
        "Interest Expense": 4441000.0,
        "Interest Income": 1157000.0,
        "Normalized Income": -128484570.0,
        "Net Income From Continuing And Discontinued Operation": -127155000.0,
        "Total Expenses": 263094000.0,
        "Total Operating Income As Reported": -37615000.0,
        "Diluted Average Shares": 78530000.0,
        "Basic Average Shares": 78530000.0,
        "Diluted EPS": -1.4,
        "Basic EPS": -1.4,
        "Diluted NI Availto Com Stockholders": -127155000.0,
        "Net Income Common Stockholders": -127155000.0,
        "Net Income": -127155000.0,
        "Minority Interests": -20129000.0,
        "Net Income Including Noncontrolling Interests": -107026000.0,
        "Net Income Continuous Operations": -107026000.0,
        "Tax Provision": 64362000.0,
        "Pretax Income": -42664000.0,
        "Other Income Expense": -1765000.0,
        "Other Non Operating Income Expenses": -3448000.0,
        "Special Income Charges": 0.0,
        "Write Off": 0.0,
        "Impairment Of Capital Assets": 0.0,
        "Gain On Sale Of Security": 1683000.0,
        "Net Non Operating Interest Income Expense": -3284000.0,
        "Interest Expense Non Operating": 4441000.0,
        "Interest Income Non Operating": 1157000.0,
        "Operating Income": -37615000.0,
        "Operating Expense": 116080000.0,
        "Research And Development": 54818000.0,
        "Selling General And Administration": 61262000.0,
        "Gross Profit": 78465000.0,
        "Cost Of Revenue": 147014000.0,
        "Total Revenue": 225479000.0,
        "Operating Revenue": 225479000.0
    },
    "2024-03-31": {
        "Tax Effect Of Unusual Items": -15968150.0,
        "Tax Rate For Calcs": 0.055,
        "Normalized EBITDA": -22861000.0,
        "Total Unusual Items": -290330000.0,
        "Total Unusual Items Excluding Goodwill": -290330000.0,
        "Net Income From Continuing Operation Net Minority Interest": -324550000.0,
        "Reconciled Depreciation": 22390000.0,
        "Reconciled Cost Of Revenue": 153918000.0,
        "EBITDA": -313191000.0,
        "EBIT": -335719000.0,
        "Net Interest Income": -4201000.0,
        "Interest Expense": 4598000.0,
        "Interest Income": 397000.0,
        "Normalized Income": -50188150.0,
        "Net Income From Continuing And Discontinued Operation": -324550000.0,
        "Total Expenses": 273269000.0,
        "Total Operating Income As Reported": -339679000.0,
        "Diluted Average Shares": 78814000.0,
        "Basic Average Shares": 78814000.0,
        "Diluted EPS": -4.12,
        "Basic EPS": -4.12,
        "Diluted NI Availto Com Stockholders": -324550000.0,
        "Net Income Common Stockholders": -324550000.0,
        "Net Income": -324550000.0,
        "Minority Interests": -2880000.0,
        "Net Income Including Noncontrolling Interests": -328235000.0,
        "Net Income Continuous Operations": -321670000.0,
        "Tax Provision": -18647000.0,
        "Pretax Income": -340317000.0,
        "Other Income Expense": -289020000.0,
        "Other Non Operating Income Expenses": 1310000.0,
        "Special Income Charges": -292583000.0,
        "Write Off": NaN,
        "Impairment Of Capital Assets": 292583000.0,
        "Gain On Sale Of Security": 2253000.0,
        "Net Non Operating Interest Income Expense": -4201000.0,
        "Interest Expense Non Operating": 4598000.0,
        "Interest Income Non Operating": 397000.0,
        "Operating Income": -47096000.0,
        "Operating Expense": 119351000.0,
        "Research And Development": 60251000.0,
        "Selling General And Administration": 59100000.0,
        "Gross Profit": 72255000.0,
        "Cost Of Revenue": 153918000.0,
        "Total Revenue": 226173000.0,
        "Operating Revenue": 226173000.0
    },
    "2024-06-30": {
        "Tax Effect Of Unusual Items": 183120.0,
        "Tax Rate For Calcs": 0.21,
        "Normalized EBITDA": -16213000.0,
        "Total Unusual Items": 872000.0,
        "Total Unusual Items Excluding Goodwill": 872000.0,
        "Net Income From Continuing Operation Net Minority Interest": -49865000.0,
        "Reconciled Depreciation": 22628000.0,
        "Reconciled Cost Of Revenue": 144416000.0,
        "EBITDA": -15341000.0,
        "EBIT": -37969000.0,
        "Net Interest Income": -6540000.0,
        "Interest Expense": 6906000.0,
        "Interest Income": 366000.0,
        "Normalized Income": -50553880.0,
        "Net Income From Continuing And Discontinued Operation": -49865000.0,
        "Total Expenses": 264297000.0,
        "Total Operating Income As Reported": -38306000.0,
        "Diluted Average Shares": 78852000.0,
        "Basic Average Shares": 78852000.0,
        "Diluted EPS": -0.63,
        "Basic EPS": -0.63,
        "Diluted NI Availto Com Stockholders": -49865000.0,
        "Net Income Common Stockholders": -49865000.0,
        "Net Income": -49865000.0,
        "Minority Interests": -2854000.0,
        "Net Income Including Noncontrolling Interests": -47011000.0,
        "Net Income Continuous Operations": -47011000.0,
        "Tax Provision": 2136000.0,
        "Pretax Income": -44875000.0,
        "Other Income Expense": -29000.0,
        "Other Non Operating Income Expenses": -901000.0,
        "Special Income Charges": 0.0,
        "Write Off": NaN,
        "Impairment Of Capital Assets": 0.0,
        "Gain On Sale Of Security": 872000.0,
        "Net Non Operating Interest Income Expense": -6540000.0,
        "Interest Expense Non Operating": 6906000.0,
        "Interest Income Non Operating": 366000.0,
        "Operating Income": -38306000.0,
        "Operating Expense": 119881000.0,
        "Research And Development": 60388000.0,
        "Selling General And Administration": 59493000.0,
        "Gross Profit": 81575000.0,
        "Cost Of Revenue": 144416000.0,
        "Total Revenue": 225991000.0,
        "Operating Revenue": 225991000.0
    },
    "2024-09-30": {
        "Tax Effect Of Unusual Items": 290220.0,
        "Tax Rate For Calcs": 0.21,
        "Normalized EBITDA": -905000.0,
        "Total Unusual Items": 1382000.0,
        "Total Unusual Items Excluding Goodwill": 1382000.0,
        "Net Income From Continuing Operation Net Minority Interest": -31239000.0,
        "Reconciled Depreciation": 23265000.0,
        "Reconciled Cost Of Revenue": 142453000.0,
        "EBITDA": 477000.0,
        "EBIT": -22788000.0,
        "Net Interest Income": -5015000.0,
        "Interest Expense": 5679000.0,
        "Interest Income": 664000.0,
        "Normalized Income": -32330780.0,
        "Net Income From Continuing And Discontinued Operation": -31239000.0,
        "Total Expenses": 251688000.0,
        "Total Operating Income As Reported": -23984000.0,
        "Diluted Average Shares": 78952000.0,
        "Basic Average Shares": 78952000.0,
        "Diluted EPS": -0.36,
        "Basic EPS": -0.36,
        "Diluted NI Availto Com Stockholders": -31239000.0,
        "Net Income Common Stockholders": -31239000.0,
        "Net Income": -31239000.0,
        "Minority Interests": -2382000.0,
        "Net Income Including Noncontrolling Interests": -28857000.0,
        "Net Income Continuous Operations": -28857000.0,
        "Tax Provision": 390000.0,
        "Pretax Income": -28467000.0,
        "Other Income Expense": 532000.0,
        "Other Non Operating Income Expenses": -850000.0,
        "Special Income Charges": 0.0,
        "Write Off": NaN,
        "Impairment Of Capital Assets": 0.0,
        "Gain On Sale Of Security": 1382000.0,
        "Net Non Operating Interest Income Expense": -5015000.0,
        "Interest Expense Non Operating": 5679000.0,
        "Interest Income Non Operating": 664000.0,
        "Operating Income": -23984000.0,
        "Operating Expense": 109235000.0,
        "Research And Development": 51615000.0,
        "Selling General And Administration": 57620000.0,
        "Gross Profit": 85251000.0,
        "Cost Of Revenue": 142453000.0,
        "Total Revenue": 227704000.0,
        "Operating Revenue": 227704000.0
    },
    "2024-12-31": {
        "Tax Effect Of Unusual Items": -193200.0,
        "Tax Rate For Calcs": 0.21,
        "Normalized EBITDA": 9750000.0,
        "Total Unusual Items": -920000.0,
        "Total Unusual Items Excluding Goodwill": -920000.0,
        "Net Income From Continuing Operation Net Minority Interest": -45917000.0,
        "Reconciled Depreciation": 22564000.0,
        "Reconciled Cost Of Revenue": 151619000.0,
        "EBITDA": 8830000.0,
        "EBIT": -13734000.0,
        "Net Interest Income": -3239000.0,
        "Interest Expense": 4870000.0,
        "Interest Income": 1631000.0,
        "Normalized Income": -45190200.0,
        "Net Income From Continuing And Discontinued Operation": -45917000.0,
        "Total Expenses": 257984000.0,
        "Total Operating Income As Reported": -15132000.0,
        "Diluted Average Shares": NaN,
        "Basic Average Shares": NaN,
        "Diluted EPS": NaN,
        "Basic EPS": NaN,
        "Diluted NI Availto Com Stockholders": -42936000.0,
        "Net Income Common Stockholders": -42936000.0,
        "Net Income": -45917000.0,
        "Minority Interests": -2407000.0,
        "Net Income Including Noncontrolling Interests": -43510000.0,
        "Net Income Continuous Operations": -43510000.0,
        "Tax Provision": 24906000.0,
        "Pretax Income": -18604000.0,
        "Other Income Expense": -233000.0,
        "Other Non Operating Income Expenses": 687000.0,
        "Special Income Charges": 0.0,
        "Write Off": NaN,
        "Impairment Of Capital Assets": 0.0,
        "Gain On Sale Of Security": -920000.0,
        "Net Non Operating Interest Income Expense": -3239000.0,
        "Interest Expense Non Operating": 4870000.0,
        "Interest Income Non Operating": 1631000.0,
        "Operating Income": -15132000.0,
        "Operating Expense": 106365000.0,
        "Research And Development": 49210000.0,
        "Selling General And Administration": 57155000.0,
        "Gross Profit": 91233000.0,
        "Cost Of Revenue": 151619000.0,
        "Total Revenue": 242852000.0,
        "Operating Revenue": 242852000.0
    },
    "2025-03-31": {
        "Tax Effect Of Unusual Items": NaN,
        "Tax Rate For Calcs": NaN,
        "Normalized EBITDA": NaN,
        "Total Unusual Items": NaN,
        "Total Unusual Items Excluding Goodwill": NaN,
        "Net Income From Continuing Operation Net Minority Interest": NaN,
        "Reconciled Depreciation": NaN,
        "Reconciled Cost Of Revenue": NaN,
        "EBITDA": NaN,
        "EBIT": NaN,
        "Net Interest Income": NaN,
        "Interest Expense": NaN,
        "Interest Income": NaN,
        "Normalized Income": NaN,
        "Net Income From Continuing And Discontinued Operation": NaN,
        "Total Expenses": NaN,
        "Total Operating Income As Reported": NaN,
        "Diluted Average Shares": 79534000.0,
        "Basic Average Shares": NaN,
        "Diluted EPS": NaN,
        "Basic EPS": NaN,
        "Diluted NI Availto Com Stockholders": NaN,
        "Net Income Common Stockholders": NaN,
        "Net Income": NaN,
        "Minority Interests": NaN,
        "Net Income Including Noncontrolling Interests": NaN,
        "Net Income Continuous Operations": NaN,
        "Tax Provision": NaN,
        "Pretax Income": NaN,
        "Other Income Expense": NaN,
        "Other Non Operating Income Expenses": NaN,
        "Special Income Charges": NaN,
        "Write Off": NaN,
        "Impairment Of Capital Assets": NaN,
        "Gain On Sale Of Security": NaN,
        "Net Non Operating Interest Income Expense": NaN,
        "Interest Expense Non Operating": NaN,
        "Interest Income Non Operating": NaN,
        "Operating Income": NaN,
        "Operating Expense": NaN,
        "Research And Development": NaN,
        "Selling General And Administration": NaN,
        "Gross Profit": NaN,
        "Cost Of Revenue": NaN,
        "Total Revenue": NaN,
        "Operating Revenue": NaN
    }
}