{
    "2023-06-30": {
        "Tax Effect Of Unusual Items": 0.0,
        "Tax Rate For Calcs": 0.238,
        "Normalized EBITDA": 25212000.0,
        "Net Income From Continuing Operation Net Minority Interest": 14852000.0,
        "Reconciled Depreciation": 3382000.0,
        "Reconciled Cost Of Revenue": 177662000.0,
        "EBITDA": 25212000.0,
        "EBIT": 21830000.0,
        "Net Interest Income": -2040000.0,
        "Interest Expense": 2331000.0,
        "Interest Income": 291000.0,
        "Normalized Income": 14852000.0,
        "Net Income From Continuing And Discontinued Operation": 14852000.0,
        "Total Expenses": 238441000.0,
        "Total Operating Income As Reported": 21539000.0,
        "Diluted Average Shares": 16283000.0,
        "Basic Average Shares": 16214000.0,
        "Diluted EPS": 0.91,
        "Basic EPS": 0.915999,
        "Diluted NI Availto Com Stockholders": 14852000.0,
        "Net Income Common Stockholders": 14852000.0,
        "Net Income": 14852000.0,
        "Net Income Including Noncontrolling Interests": 14852000.0,
        "Net Income Continuous Operations": 14852000.0,
        "Tax Provision": 4647000.0,
        "Pretax Income": 19499000.0,
        "Net Non Operating Interest Income Expense": -2040000.0,
        "Interest Expense Non Operating": 2331000.0,
        "Interest Income Non Operating": 291000.0,
        "Operating Income": 21539000.0,
        "Operating Expense": 60779000.0,
        "Depreciation Amortization Depletion Income Statement": 3382000.0,
        "Depreciation And Amortization In Income Statement": 3382000.0,
        "Selling General And Administration": 57397000.0,
        "General And Administrative Expense": 57397000.0,
        "Other Gand A": 57397000.0,
        "Gross Profit": 82318000.0,
        "Cost Of Revenue": 177662000.0,
        "Total Revenue": 259980000.0,
        "Operating Revenue": 259980000.0
    },
    "2023-03-31": {
        "Tax Effect Of Unusual Items": 0.0,
        "Tax Rate For Calcs": 0.22,
        "Normalized EBITDA": 22161000.0,
        "Net Income From Continuing Operation Net Minority Interest": 12675000.0,
        "Reconciled Depreciation": 3447000.0,
        "Reconciled Cost Of Revenue": 173184000.0,
        "EBITDA": 22161000.0,
        "EBIT": 18714000.0,
        "Net Interest Income": -2355000.0,
        "Interest Expense": 2461000.0,
        "Interest Income": 106000.0,
        "Normalized Income": 12675000.0,
        "Net Income From Continuing And Discontinued Operation": 12675000.0,
        "Total Expenses": 232991000.0,
        "Total Operating Income As Reported": 18608000.0,
        "Diluted Average Shares": 16297000.0,
        "Basic Average Shares": 16204000.0,
        "Diluted EPS": 0.78,
        "Basic EPS": 0.782214,
        "Diluted NI Availto Com Stockholders": 12675000.0,
        "Net Income Common Stockholders": 12675000.0,
        "Net Income": 12675000.0,
        "Net Income Including Noncontrolling Interests": 12675000.0,
        "Net Income Continuous Operations": 12675000.0,
        "Tax Provision": 3578000.0,
        "Pretax Income": 16253000.0,
        "Net Non Operating Interest Income Expense": -2355000.0,
        "Interest Expense Non Operating": 2461000.0,
        "Interest Income Non Operating": 106000.0,
        "Operating Income": 18608000.0,
        "Operating Expense": 59807000.0,
        "Depreciation Amortization Depletion Income Statement": 3447000.0,
        "Depreciation And Amortization In Income Statement": 3447000.0,
        "Selling General And Administration": 56360000.0,
        "General And Administrative Expense": 56360000.0,
        "Other Gand A": 56360000.0,
        "Gross Profit": 78415000.0,
        "Cost Of Revenue": 173184000.0,
        "Total Revenue": 251599000.0,
        "Operating Revenue": 251599000.0
    },
    "2022-12-31": {
        "Tax Effect Of Unusual Items": 0.0,
        "Tax Rate For Calcs": 0.192318,
        "Normalized EBITDA": 24395000.0,
        "Net Income From Continuing Operation Net Minority Interest": 14762000.0,
        "Reconciled Depreciation": 3489000.0,
        "Reconciled Cost Of Revenue": 168281000.0,
        "EBITDA": 24395000.0,
        "EBIT": 20906000.0,
        "Net Interest Income": -2537000.0,
        "Interest Expense": 2629000.0,
        "Interest Income": 92000.0,
        "Normalized Income": 14762000.0,
        "Net Income From Continuing And Discontinued Operation": 14762000.0,
        "Total Expenses": 226236000.0,
        "Total Operating Income As Reported": 20814000.0,
        "Diluted Average Shares": 16258000.0,
        "Basic Average Shares": 16128000.0,
        "Diluted EPS": 0.91,
        "Basic EPS": 0.915303,
        "Diluted NI Availto Com Stockholders": 14762000.0,
        "Net Income Common Stockholders": 14762000.0,
        "Net Income": 14762000.0,
        "Net Income Including Noncontrolling Interests": 14762000.0,
        "Net Income Continuous Operations": 14762000.0,
        "Tax Provision": 3515000.0,
        "Pretax Income": 18277000.0,
        "Net Non Operating Interest Income Expense": -2537000.0,
        "Interest Expense Non Operating": 2629000.0,
        "Interest Income Non Operating": 92000.0,
        "Operating Income": 20814000.0,
        "Operating Expense": 57955000.0,
        "Depreciation Amortization Depletion Income Statement": 3489000.0,
        "Depreciation And Amortization In Income Statement": 3489000.0,
        "Selling General And Administration": 54466000.0,
        "General And Administrative Expense": 54466000.0,
        "Other Gand A": 54466000.0,
        "Gross Profit": 78769000.0,
        "Cost Of Revenue": 168281000.0,
        "Total Revenue": 247050000.0,
        "Operating Revenue": 247050000.0
    },
    "2022-09-30": {
        "Tax Effect Of Unusual Items": 0.0,
        "Tax Rate For Calcs": 0.236927,
        "Normalized EBITDA": 20957000.0,
        "Net Income From Continuing Operation Net Minority Interest": 11543000.0,
        "Reconciled Depreciation": 3441000.0,
        "Reconciled Cost Of Revenue": 165310000.0,
        "EBITDA": 20957000.0,
        "EBIT": 17516000.0,
        "Net Interest Income": -2389000.0,
        "Interest Expense": 2389000.0,
        "Interest Income": 83000.0,
        "Normalized Income": 11543000.0,
        "Net Income From Continuing And Discontinued Operation": 11543000.0,
        "Total Expenses": 222979000.0,
        "Total Operating Income As Reported": 17516000.0,
        "Diluted Average Shares": 16184000.0,
        "Basic Average Shares": 16090000.0,
        "Diluted EPS": 0.71,
        "Basic EPS": 0.717402,
        "Diluted NI Availto Com Stockholders": 11543000.0,
        "Net Income Common Stockholders": 11543000.0,
        "Net Income": 11543000.0,
        "Net Income Including Noncontrolling Interests": 11543000.0,
        "Net Income Continuous Operations": 11543000.0,
        "Tax Provision": 3584000.0,
        "Pretax Income": 15127000.0,
        "Net Non Operating Interest Income Expense": -2389000.0,
        "Total Other Finance Cost": NaN,
        "Interest Expense Non Operating": 2389000.0,
        "Interest Income Non Operating": 83000.0,
        "Operating Income": 17516000.0,
        "Operating Expense": 57669000.0,
        "Depreciation Amortization Depletion Income Statement": 3441000.0,
        "Depreciation And Amortization In Income Statement": 3441000.0,
        "Selling General And Administration": 54228000.0,
        "General And Administrative Expense": 54228000.0,
        "Other Gand A": 54228000.0,
        "Gross Profit": 75185000.0,
        "Cost Of Revenue": 165310000.0,
        "Total Revenue": 240495000.0,
        "Operating Revenue": 240495000.0
    },
    "2022-06-30": {
        "Tax Effect Of Unusual Items": 0.0,
        "Tax Rate For Calcs": 0.250799,
        "Normalized EBITDA": 20503000.0,
        "Net Income From Continuing Operation Net Minority Interest": 11250000.0,
        "Reconciled Depreciation": 3609000.0,
        "Reconciled Cost Of Revenue": 161342000.0,
        "EBITDA": 20503000.0,
        "EBIT": 16894000.0,
        "Net Interest Income": -1878000.0,
        "Interest Expense": 1878000.0,
        "Interest Income": 108000.0,
        "Normalized Income": 11250000.0,
        "Net Income From Continuing And Discontinued Operation": 11250000.0,
        "Total Expenses": 220046000.0,
        "Total Operating Income As Reported": 16894000.0,
        "Diluted Average Shares": 16131000.0,
        "Basic Average Shares": 16081000.0,
        "Diluted EPS": 0.699583,
        "Basic EPS": 0.699583,
        "Diluted NI Availto Com Stockholders": 11250000.0,
        "Net Income Common Stockholders": 11250000.0,
        "Net Income": 11250000.0,
        "Net Income Including Noncontrolling Interests": 11250000.0,
        "Net Income Continuous Operations": 11250000.0,
        "Tax Provision": 3766000.0,
        "Pretax Income": 15016000.0,
        "Net Non Operating Interest Income Expense": -1878000.0,
        "Total Other Finance Cost": NaN,
        "Interest Expense Non Operating": 1878000.0,
        "Interest Income Non Operating": 108000.0,
        "Operating Income": 16894000.0,
        "Operating Expense": 58704000.0,
        "Depreciation Amortization Depletion Income Statement": 3609000.0,
        "Depreciation And Amortization In Income Statement": 3609000.0,
        "Selling General And Administration": 55095000.0,
        "General And Administrative Expense": 55095000.0,
        "Other Gand A": 55095000.0,
        "Gross Profit": 75598000.0,
        "Cost Of Revenue": 161342000.0,
        "Total Revenue": 236940000.0,
        "Operating Revenue": 236940000.0
    },
    "2022-03-31": {
        "Diluted EPS": 0.53,
        "Total Revenue": 227,
        "Gross Profit": 70,
        "Operating Income": 14,
        "EBIT": 17,
        "Net Income": 8
    },
    "2021-12-31": {
        "Diluted EPS": 0.82,
        "Total Revenue": 225,
        "Gross Profit": 73,
        "Operating Income": 19,
        "EBIT": 23,
        "Net Income": 13
    },
    "2021-09-30": {
        "Diluted EPS": 0.72,
        "Total Revenue": 217,
        "Gross Profit": 67,
        "Operating Income": 17,
        "EBIT": 21,
        "Net Income": 12
    },
    "2021-06-30": {
        "Diluted EPS": 0.72,
        "Total Revenue": 218,
        "Gross Profit": 69,
        "Operating Income": 17,
        "EBIT": 21,
        "Net Income": 12
    },
    "2021-03-31": {
        "Diluted EPS": 0.55,
        "Total Revenue": 205,
        "Gross Profit": 61,
        "Operating Income": 12,
        "EBIT": 16,
        "Net Income": 9
    },
    "2020-12-31": {
        "Diluted EPS": 0.54,
        "Total Revenue": 196,
        "Gross Profit": 59,
        "Operating Income": 12,
        "EBIT": 15,
        "Net Income": 8
    },
    "2020-09-30": {
        "Diluted EPS": 0.57,
        "Total Revenue": 194,
        "Gross Profit": 56,
        "Operating Income": 13,
        "EBIT": 16,
        "Net Income": 9
    },
    "2020-06-30": {
        "Diluted EPS": 0.43,
        "Total Revenue": 185,
        "Gross Profit": 55,
        "Operating Income": 10,
        "EBIT": 13,
        "Net Income": 7
    },
    "2020-03-31": {
        "Diluted EPS": 0.54,
        "Total Revenue": 190,
        "Gross Profit": 56,
        "Operating Income": 11,
        "EBIT": 14,
        "Net Income": 9
    },
    "2019-12-31": {
        "Diluted EPS": 0.71,
        "Total Revenue": 192,
        "Gross Profit": 58,
        "Operating Income": 15,
        "EBIT": 18,
        "Net Income": 11
    },
    "2019-09-30": {
        "Diluted EPS": 0.35,
        "Total Revenue": 169,
        "Gross Profit": 45,
        "Operating Income": 7,
        "EBIT": 10,
        "Net Income": 5
    },
    "2019-06-30": {
        "Diluted EPS": 0.39,
        "Total Revenue": 149,
        "Gross Profit": 40,
        "Operating Income": 7,
        "EBIT": 10,
        "Net Income": 5
    },
    "2019-03-31": {
        "Diluted EPS": 0.32,
        "Total Revenue": 139,
        "Gross Profit": 37,
        "Operating Income": 5,
        "EBIT": 8,
        "Net Income": 4
    },
    "2018-12-31": {
        "Diluted EPS": 0.27,
        "Total Revenue": 138,
        "Gross Profit": 36,
        "Operating Income": 5,
        "EBIT": 7,
        "Net Income": 4
    },
    "2018-09-30": {
        "Diluted EPS": 0.28,
        "Total Revenue": 138,
        "Gross Profit": 37,
        "Operating Income": 6,
        "EBIT": 9,
        "Net Income": 4
    },
    "2018-06-30": {
        "Diluted EPS": 0.36,
        "Total Revenue": 131,
        "Gross Profit": 36,
        "Operating Income": 7,
        "EBIT": 9,
        "Net Income": 4
    },
    "2018-03-31": {
        "Diluted EPS": 0.42,
        "Total Revenue": 109,
        "Gross Profit": 28,
        "Operating Income": 5,
        "EBIT": 7,
        "Net Income": 5
    },
    "2017-12-31": {
        "Diluted EPS": 0.14,
        "Total Revenue": 112,
        "Gross Profit": 31,
        "Operating Income": 7,
        "EBIT": 9,
        "Net Income": 2
    },
    "2017-09-30": {
        "Diluted EPS": 0.29,
        "Total Revenue": 109,
        "Gross Profit": 29,
        "Operating Income": 6,
        "EBIT": 8,
        "Net Income": 3
    },
    "2017-06-30": {
        "Diluted EPS": 0.23,
        "Total Revenue": 104,
        "Gross Profit": 29,
        "Operating Income": 6,
        "EBIT": 9,
        "Net Income": 3
    },
    "2017-03-31": {
        "Diluted EPS": 0.37,
        "Total Revenue": 102,
        "Gross Profit": 27,
        "Operating Income": 7,
        "EBIT": 9,
        "Net Income": 4
    },
    "2016-12-31": {
        "Diluted EPS": 0.68,
        "Total Revenue": 104,
        "Gross Profit": 29,
        "Operating Income": 8,
        "EBIT": 10,
        "Net Income": 8
    },
    "2016-09-30": {
        "Diluted EPS": 0.15,
        "Total Revenue": 104,
        "Gross Profit": 27,
        "Operating Income": 2,
        "EBIT": 4,
        "Net Income": 2
    },
    "2016-06-30": {
        "Diluted EPS": 0.23,
        "Total Revenue": 101,
        "Gross Profit": 26,
        "Operating Income": 4,
        "EBIT": 5,
        "Net Income": 3
    },
    "2016-03-31": {
        "Diluted EPS": 0.01,
        "Total Revenue": 93,
        "Gross Profit": 24,
        "Operating Income": 1,
        "EBIT": 3,
        "Net Income": 0
    },
    "2015-12-31": {
        "Diluted EPS": 0.3,
        "Total Revenue": 85,
        "Gross Profit": 22,
        "Operating Income": 3,
        "EBIT": 4,
        "Net Income": 3
    },
    "2015-09-30": {
        "Diluted EPS": 0.26,
        "Total Revenue": 84,
        "Gross Profit": 24,
        "Operating Income": 4,
        "EBIT": 5,
        "Net Income": 3
    },
    "2015-06-30": {
        "Diluted EPS": 0.29,
        "Total Revenue": 86,
        "Gross Profit": 24,
        "Operating Income": 5,
        "EBIT": 6,
        "Net Income": 3
    },
    "2015-03-31": {
        "Diluted EPS": 0.19,
        "Total Revenue": 82,
        "Gross Profit": 22,
        "Operating Income": 4,
        "EBIT": 5,
        "Net Income": 2
    },
    "2014-12-31": {
        "Diluted EPS": 0.35,
        "Total Revenue": 83,
        "Gross Profit": 23,
        "Operating Income": 5,
        "EBIT": 6,
        "Net Income": 4
    },
    "2014-09-30": {
        "Diluted EPS": 0.29,
        "Total Revenue": 82,
        "Gross Profit": 22,
        "Operating Income": 5,
        "EBIT": 6,
        "Net Income": 3
    },
    "2014-06-30": {
        "Diluted EPS": 0.25,
        "Total Revenue": 77,
        "Gross Profit": 21,
        "Operating Income": 4,
        "EBIT": 5,
        "Net Income": 3
    },
    "2014-03-31": {
        "Diluted EPS": 0.21,
        "Total Revenue": 72,
        "Gross Profit": 19,
        "Operating Income": 4,
        "EBIT": 4,
        "Net Income": 2
    },
    "2013-12-31": {
        "Diluted EPS": 0.05,
        "Total Revenue": 70,
        "Gross Profit": 18,
        "Operating Income": 3,
        "EBIT": 4,
        "Net Income": 1
    },
    "2013-09-30": {
        "Diluted EPS": 0.23,
        "Total Revenue": 67,
        "Gross Profit": 17,
        "Operating Income": 4,
        "EBIT": 5,
        "Net Income": 3
    },
    "2013-06-30": {
        "Diluted EPS": 0.22,
        "Total Revenue": 66,
        "Gross Profit": 17,
        "Operating Income": 4,
        "EBIT": 5,
        "Net Income": 2
    },
    "2013-03-31": {
        "Diluted EPS": 1.23,
        "Total Revenue": 63,
        "Gross Profit": 16,
        "Operating Income": 4,
        "EBIT": 4,
        "Net Income": 13
    },
    "2012-12-31": {
        "Diluted EPS": 0.35,
        "Total Revenue": 64,
        "Gross Profit": 18,
        "Operating Income": 5,
        "EBIT": 6,
        "Net Income": 4
    },
    "2012-09-30": {
        "Diluted EPS": 0.16,
        "Total Revenue": 61,
        "Gross Profit": 16,
        "Operating Income": 4,
        "EBIT": 5,
        "Net Income": 2
    },
    "2012-06-30": {
        "Diluted EPS": 0.14,
        "Total Revenue": 60,
        "Gross Profit": 16,
        "Operating Income": 3,
        "EBIT": 4,
        "Net Income": 1
    },
    "2012-03-31": {
        "Diluted EPS": 0.06,
        "Total Revenue": 59,
        "Gross Profit": 15,
        "Operating Income": 3,
        "EBIT": 4,
        "Net Income": 1
    },
    "2011-12-31": {
        "Diluted EPS": 0.24,
        "Total Revenue": 26,
        "Gross Profit": 1,
        "Operating Income": 21,
        "EBIT": 22,
        "Net Income": 2
    },
    "2011-09-30": {
        "Diluted EPS": -0.62,
        "Total Revenue": 69,
        "Gross Profit": 21,
        "Operating Income": -13,
        "EBIT": 4,
        "Net Income": -7
    },
    "2011-06-30": {
        "Diluted EPS": 0.12,
        "Total Revenue": 68,
        "Gross Profit": 20,
        "Operating Income": 3,
        "EBIT": 4,
        "Net Income": 1
    },
    "2011-03-31": {
        "Diluted EPS": 0.08,
        "Total Revenue": 67,
        "Gross Profit": 19,
        "Operating Income": 2,
        "EBIT": 3,
        "Net Income": 1
    },
    "2010-12-31": {
        "Diluted EPS": 0.14,
        "Total Revenue": 28,
        "Gross Profit": 1,
        "Operating Income": 1,
        "EBIT": 2,
        "Net Income": 2
    },
    "2010-09-30": {
        "Diluted EPS": 0.14,
        "Total Revenue": 70,
        "Gross Profit": 20,
        "Operating Income": 3,
        "EBIT": 4,
        "Net Income": 1
    },
    "2010-06-30": {
        "Diluted EPS": 0.16,
        "Total Revenue": 67,
        "Gross Profit": 20,
        "Operating Income": 3,
        "EBIT": 4,
        "Net Income": 2
    },
    "2010-03-31": {
        "Diluted EPS": 0.13,
        "Total Revenue": 65,
        "Gross Profit": 19,
        "Operating Income": 3,
        "EBIT": 4,
        "Net Income": 1
    },
    "2009-12-31": {
        "Diluted EPS": -1.63,
        "Total Revenue": 66,
        "Gross Profit": 20,
        "Operating Income": 1,
        "EBIT": 2,
        "Net Income": -4
    },
    "2009-09-30": {
        "Diluted EPS": 0.4,
        "Total Revenue": 67,
        "Gross Profit": 20,
        "Operating Income": 4,
        "EBIT": 5,
        "Net Income": 1
    },
    "2009-06-30": {
        "Diluted EPS": 0.37,
        "Total Revenue": 65,
        "Gross Profit": 19,
        "Operating Income": 4,
        "EBIT": 5,
        "Net Income": 1
    },
    "2009-03-31": {
        "Diluted EPS": 0.2,
        "Total Revenue": 62,
        "Gross Profit": 18,
        "Operating Income": 3,
        "EBIT": 5,
        "Net Income": 0
    },
    "2023-09-30": {
        "Tax Effect Of Unusual Items": 0.0,
        "Tax Rate For Calcs": 0.238,
        "Normalized EBITDA": 27039000.0,
        "Net Income From Continuing Operation Net Minority Interest": 15411000.0,
        "Reconciled Depreciation": 3620000.0,
        "Reconciled Cost Of Revenue": 183991000.0,
        "EBITDA": 27039000.0,
        "EBIT": 23419000.0,
        "Net Interest Income": -2619000.0,
        "Interest Expense": 3199000.0,
        "Interest Income": 580000.0,
        "Normalized Income": 15411000.0,
        "Net Income From Continuing And Discontinued Operation": 15411000.0,
        "Total Expenses": 247882000.0,
        "Total Operating Income As Reported": 22839000.0,
        "Diluted Average Shares": 16283000.0,
        "Basic Average Shares": 16214653.0,
        "Diluted EPS": 0.95,
        "Basic EPS": 0.950437,
        "Diluted NI Availto Com Stockholders": 15411000.0,
        "Net Income Common Stockholders": 15411000.0,
        "Net Income": 15411000.0,
        "Net Income Including Noncontrolling Interests": 15411000.0,
        "Net Income Continuous Operations": 15411000.0,
        "Tax Provision": 4809000.0,
        "Pretax Income": 20220000.0,
        "Net Non Operating Interest Income Expense": -2619000.0,
        "Interest Expense Non Operating": 3199000.0,
        "Interest Income Non Operating": 580000.0,
        "Operating Income": 22839000.0,
        "Operating Expense": 63891000.0,
        "Depreciation Amortization Depletion Income Statement": 3620000.0,
        "Depreciation And Amortization In Income Statement": 3620000.0,
        "Selling General And Administration": 60271000.0,
        "General And Administrative Expense": 60271000.0,
        "Other Gand A": 60271000.0,
        "Gross Profit": 86730000.0,
        "Cost Of Revenue": 183991000.0,
        "Total Revenue": 270721000.0,
        "Operating Revenue": 270721000.0
    },
    "2023-12-31": {
        "Tax Effect Of Unusual Items": 0.0,
        "Tax Rate For Calcs": 0.227814,
        "Normalized EBITDA": 32146000.0,
        "Net Income From Continuing Operation Net Minority Interest": 19578000.0,
        "Reconciled Depreciation": 3677000.0,
        "Reconciled Cost Of Revenue": 183938000.0,
        "EBITDA": 32146000.0,
        "EBIT": 28469000.0,
        "Net Interest Income": -2616000.0,
        "Interest Expense": 3115000.0,
        "Interest Income": 499000.0,
        "Normalized Income": 19578000.0,
        "Net Income From Continuing And Discontinued Operation": 19578000.0,
        "Total Expenses": 248381000.0,
        "Total Operating Income As Reported": 27970000.0,
        "Diluted Average Shares": 16307000.0,
        "Basic Average Shares": 16227000.0,
        "Diluted EPS": 1.2,
        "Basic EPS": 1.206508,
        "Diluted NI Availto Com Stockholders": 19578000.0,
        "Net Income Common Stockholders": 19578000.0,
        "Net Income": 19578000.0,
        "Net Income Including Noncontrolling Interests": 19578000.0,
        "Net Income Continuous Operations": 19578000.0,
        "Tax Provision": 5776000.0,
        "Pretax Income": 25354000.0,
        "Net Non Operating Interest Income Expense": -2616000.0,
        "Interest Expense Non Operating": 3115000.0,
        "Interest Income Non Operating": 499000.0,
        "Operating Income": 27970000.0,
        "Operating Expense": 64443000.0,
        "Depreciation Amortization Depletion Income Statement": 3677000.0,
        "Depreciation And Amortization In Income Statement": 3677000.0,
        "Selling General And Administration": 60766000.0,
        "General And Administrative Expense": 60766000.0,
        "Other Gand A": 60766000.0,
        "Gross Profit": 92413000.0,
        "Cost Of Revenue": 183938000.0,
        "Total Revenue": 276351000.0,
        "Operating Revenue": 276351000.0
    },
    "2024-03-31": {
        "Tax Effect Of Unusual Items": 0.0,
        "Tax Rate For Calcs": 0.257,
        "Normalized EBITDA": 27537000.0,
        "Net Income From Continuing Operation Net Minority Interest": 15830000.0,
        "Reconciled Depreciation": 3469000.0,
        "Reconciled Cost Of Revenue": 192569000.0,
        "EBITDA": 27537000.0,
        "EBIT": 24068000.0,
        "Net Interest Income": -2335000.0,
        "Interest Expense": 2758000.0,
        "Interest Income": 423000.0,
        "Normalized Income": 15830000.0,
        "Net Income From Continuing And Discontinued Operation": 15830000.0,
        "Total Expenses": 257101000.0,
        "Total Operating Income As Reported": 23645000.0,
        "Diluted Average Shares": 16373000.0,
        "Basic Average Shares": 16063000.0,
        "Diluted EPS": 0.97,
        "Basic EPS": 0.99,
        "Diluted NI Availto Com Stockholders": 15830000.0,
        "Net Income Common Stockholders": 15830000.0,
        "Net Income": 15830000.0,
        "Net Income Including Noncontrolling Interests": 15830000.0,
        "Net Income Continuous Operations": 15830000.0,
        "Tax Provision": 5480000.0,
        "Pretax Income": 21310000.0,
        "Net Non Operating Interest Income Expense": -2335000.0,
        "Interest Expense Non Operating": 2758000.0,
        "Interest Income Non Operating": 423000.0,
        "Operating Income": 23645000.0,
        "Operating Expense": 64532000.0,
        "Depreciation Amortization Depletion Income Statement": 3469000.0,
        "Depreciation And Amortization In Income Statement": 3469000.0,
        "Selling General And Administration": 61063000.0,
        "General And Administrative Expense": 61063000.0,
        "Other Gand A": 61063000.0,
        "Gross Profit": 88177000.0,
        "Cost Of Revenue": 192569000.0,
        "Total Revenue": 280746000.0,
        "Operating Revenue": 280746000.0
    },
    "2024-06-30": {
        "Tax Effect Of Unusual Items": 0.0,
        "Tax Rate For Calcs": 0.263,
        "Normalized EBITDA": 30056000.0,
        "Net Income From Continuing Operation Net Minority Interest": 18079000.0,
        "Reconciled Depreciation": 3401000.0,
        "Reconciled Cost Of Revenue": 193764000.0,
        "EBITDA": 30056000.0,
        "EBIT": 26655000.0,
        "Net Interest Income": -1640000.0,
        "Interest Expense": 2114000.0,
        "Interest Income": 474000.0,
        "Normalized Income": 18079000.0,
        "Net Income From Continuing And Discontinued Operation": 18079000.0,
        "Total Expenses": 260741000.0,
        "Total Operating Income As Reported": 26181000.0,
        "Diluted Average Shares": 16498000.0,
        "Basic Average Shares": 16177000.0,
        "Diluted EPS": 1.1,
        "Basic EPS": 1.12,
        "Diluted NI Availto Com Stockholders": 18079000.0,
        "Net Income Common Stockholders": 18079000.0,
        "Net Income": 18079000.0,
        "Net Income Including Noncontrolling Interests": 18079000.0,
        "Net Income Continuous Operations": 18079000.0,
        "Tax Provision": 6462000.0,
        "Pretax Income": 24541000.0,
        "Net Non Operating Interest Income Expense": -1640000.0,
        "Interest Expense Non Operating": 2114000.0,
        "Interest Income Non Operating": 474000.0,
        "Operating Income": 26181000.0,
        "Operating Expense": 66977000.0,
        "Depreciation Amortization Depletion Income Statement": 3401000.0,
        "Depreciation And Amortization In Income Statement": 3401000.0,
        "Selling General And Administration": 63576000.0,
        "General And Administrative Expense": 63576000.0,
        "Other Gand A": 63576000.0,
        "Gross Profit": 93158000.0,
        "Cost Of Revenue": 193764000.0,
        "Total Revenue": 286922000.0,
        "Operating Revenue": 286922000.0
    },
    "2024-09-30": {
        "Tax Effect Of Unusual Items": 0.0,
        "Tax Rate For Calcs": 0.261,
        "Normalized EBITDA": 31307000.0,
        "Net Income From Continuing Operation Net Minority Interest": 20163000.0,
        "Reconciled Depreciation": 3446000.0,
        "Reconciled Cost Of Revenue": 197583000.0,
        "EBITDA": 31307000.0,
        "EBIT": 27861000.0,
        "Net Interest Income": 1335000.0,
        "Interest Expense": 573000.0,
        "Interest Income": 1908000.0,
        "Normalized Income": 20163000.0,
        "Net Income From Continuing And Discontinued Operation": 20163000.0,
        "Total Expenses": 263834000.0,
        "Total Operating Income As Reported": 25953000.0,
        "Diluted Average Shares": 18255000.0,
        "Basic Average Shares": 17868000.0,
        "Diluted EPS": 1.1,
        "Basic EPS": 1.13,
        "Diluted NI Availto Com Stockholders": 20163000.0,
        "Net Income Common Stockholders": 20163000.0,
        "Net Income": 20163000.0,
        "Net Income Including Noncontrolling Interests": 20163000.0,
        "Net Income Continuous Operations": 20163000.0,
        "Tax Provision": 7125000.0,
        "Pretax Income": 27288000.0,
        "Net Non Operating Interest Income Expense": 1335000.0,
        "Interest Expense Non Operating": 573000.0,
        "Interest Income Non Operating": 1908000.0,
        "Operating Income": 25953000.0,
        "Operating Expense": 66251000.0,
        "Depreciation Amortization Depletion Income Statement": 3446000.0,
        "Depreciation And Amortization In Income Statement": 3446000.0,
        "Selling General And Administration": 62805000.0,
        "General And Administrative Expense": 62805000.0,
        "Other Gand A": 62805000.0,
        "Gross Profit": 92204000.0,
        "Cost Of Revenue": 197583000.0,
        "Total Revenue": 289787000.0,
        "Operating Revenue": 289787000.0
    }
}