{
    "2023-03-31": {
        "Tax Effect Of Unusual Items": NaN,
        "Tax Rate For Calcs": NaN,
        "Normalized EBITDA": NaN,
        "Total Unusual Items": NaN,
        "Total Unusual Items Excluding Goodwill": NaN,
        "Net Income From Continuing Operation Net Minority Interest": NaN,
        "Reconciled Depreciation": NaN,
        "Reconciled Cost Of Revenue": NaN,
        "EBITDA": NaN,
        "EBIT": NaN,
        "Net Interest Income": NaN,
        "Interest Expense": NaN,
        "Normalized Income": NaN,
        "Net Income From Continuing And Discontinued Operation": NaN,
        "Total Expenses": NaN,
        "Total Operating Income As Reported": NaN,
        "Diluted Average Shares": NaN,
        "Basic Average Shares": NaN,
        "Diluted EPS": NaN,
        "Basic EPS": NaN,
        "Diluted NI Availto Com Stockholders": NaN,
        "Net Income Common Stockholders": NaN,
        "Net Income": NaN,
        "Minority Interests": NaN,
        "Net Income Including Noncontrolling Interests": NaN,
        "Net Income Discontinuous Operations": -13308000.0,
        "Net Income Continuous Operations": NaN,
        "Tax Provision": NaN,
        "Pretax Income": NaN,
        "Other Income Expense": NaN,
        "Special Income Charges": NaN,
        "Impairment Of Capital Assets": NaN,
        "Earnings From Equity Interest": 0.0,
        "Gain On Sale Of Security": NaN,
        "Net Non Operating Interest Income Expense": NaN,
        "Interest Expense Non Operating": NaN,
        "Operating Income": NaN,
        "Operating Expense": NaN,
        "Depreciation Amortization Depletion Income Statement": NaN,
        "Depreciation And Amortization In Income Statement": NaN,
        "Selling General And Administration": NaN,
        "Gross Profit": NaN,
        "Cost Of Revenue": NaN,
        "Total Revenue": NaN,
        "Operating Revenue": NaN
    },
    "2022-12-31": {
        "Tax Effect Of Unusual Items": -156279099.233556,
        "Tax Rate For Calcs": 0.099367,
        "Normalized EBITDA": 94063000.0,
        "Total Unusual Items": -1572743000.0,
        "Total Unusual Items Excluding Goodwill": -1572743000.0,
        "Net Income From Continuing Operation Net Minority Interest": -1423897000.0,
        "Reconciled Depreciation": 59078000.0,
        "Reconciled Cost Of Revenue": 956927000.0,
        "EBITDA": -1478680000.0,
        "EBIT": -1537758000.0,
        "Net Interest Income": -40831000.0,
        "Interest Expense": 40831000.0,
        "Normalized Income": -7433099.233556,
        "Net Income From Continuing And Discontinued Operation": -1423897000.0,
        "Total Expenses": 1067778000.0,
        "Total Operating Income As Reported": -1537538000.0,
        "Diluted Average Shares": NaN,
        "Basic Average Shares": NaN,
        "Diluted EPS": NaN,
        "Basic EPS": NaN,
        "Diluted NI Availto Com Stockholders": -1423897000.0,
        "Net Income Common Stockholders": -1423897000.0,
        "Net Income": -1423897000.0,
        "Minority Interests": -2168000.0,
        "Net Income Including Noncontrolling Interests": -1421729000.0,
        "Net Income Continuous Operations": -1421729000.0,
        "Tax Provision": -156860000.0,
        "Pretax Income": -1578589000.0,
        "Other Income Expense": -1572743000.0,
        "Gain On Sale Of Security": -220000.0,
        "Net Non Operating Interest Income Expense": -40831000.0,
        "Interest Expense Non Operating": 40831000.0,
        "Operating Income": 34985000.0,
        "Operating Expense": 110851000.0,
        "Depreciation Amortization Depletion Income Statement": 59078000.0,
        "Depreciation And Amortization In Income Statement": 59078000.0,
        "Selling General And Administration": 51773000.0,
        "Gross Profit": 145836000.0,
        "Cost Of Revenue": 956927000.0,
        "Total Revenue": 1102763000.0,
        "Operating Revenue": 1102763000.0
    },
    "2022-09-30": {
        "Tax Effect Of Unusual Items": 51700.0,
        "Tax Rate For Calcs": 0.047,
        "Normalized EBITDA": 104627000.0,
        "Total Unusual Items": 1100000.0,
        "Total Unusual Items Excluding Goodwill": 1100000.0,
        "Net Income From Continuing Operation Net Minority Interest": 21059000.0,
        "Reconciled Depreciation": 57785000.0,
        "Reconciled Cost Of Revenue": 908523000.0,
        "EBITDA": 105727000.0,
        "EBIT": 47942000.0,
        "Net Interest Income": -23557000.0,
        "Interest Expense": 23557000.0,
        "Normalized Income": 20010700.0,
        "Net Income From Continuing And Discontinued Operation": 21059000.0,
        "Total Expenses": 1004253000.0,
        "Total Operating Income As Reported": 46842000.0,
        "Diluted Average Shares": 319725065.0,
        "Basic Average Shares": 318821895.0,
        "Diluted EPS": 0.07,
        "Basic EPS": 0.07,
        "Diluted NI Availto Com Stockholders": 21059000.0,
        "Net Income Common Stockholders": 21059000.0,
        "Net Income": 21059000.0,
        "Minority Interests": -2168000.0,
        "Net Income Including Noncontrolling Interests": 23227000.0,
        "Net Income Continuous Operations": 23227000.0,
        "Tax Provision": 1158000.0,
        "Pretax Income": 24385000.0,
        "Other Income Expense": 1100000.0,
        "Gain On Sale Of Security": 1100000.0,
        "Net Non Operating Interest Income Expense": -23557000.0,
        "Interest Expense Non Operating": 23557000.0,
        "Operating Income": 46842000.0,
        "Operating Expense": 95730000.0,
        "Depreciation Amortization Depletion Income Statement": 57785000.0,
        "Depreciation And Amortization In Income Statement": 57785000.0,
        "Selling General And Administration": 37945000.0,
        "Gross Profit": 142572000.0,
        "Cost Of Revenue": 908523000.0,
        "Total Revenue": 1051095000.0,
        "Operating Revenue": 1051095000.0
    },
    "2022-06-30": {
        "Tax Effect Of Unusual Items": 1297296.0,
        "Tax Rate For Calcs": 0.264,
        "Normalized EBITDA": 86710000.0,
        "Total Unusual Items": 4914000.0,
        "Total Unusual Items Excluding Goodwill": 4914000.0,
        "Net Income From Continuing Operation Net Minority Interest": 3371000.0,
        "Reconciled Depreciation": 58444000.0,
        "Reconciled Cost Of Revenue": 841790000.0,
        "EBITDA": 91624000.0,
        "EBIT": 33180000.0,
        "Net Interest Income": -28188000.0,
        "Interest Expense": 28188000.0,
        "Normalized Income": -245704.0,
        "Net Income From Continuing And Discontinued Operation": 3371000.0,
        "Total Expenses": 952810000.0,
        "Total Operating Income As Reported": 28266000.0,
        "Diluted Average Shares": 319114865.0,
        "Basic Average Shares": 318418746.0,
        "Diluted EPS": 0.01,
        "Basic EPS": 0.01,
        "Diluted NI Availto Com Stockholders": 3371000.0,
        "Average Dilution Earnings": 0.0,
        "Net Income Common Stockholders": 3371000.0,
        "Net Income": 3371000.0,
        "Minority Interests": -305000.0,
        "Net Income Including Noncontrolling Interests": 3676000.0,
        "Net Income Continuous Operations": 3676000.0,
        "Tax Provision": 1316000.0,
        "Pretax Income": 4992000.0,
        "Other Income Expense": 4914000.0,
        "Gain On Sale Of Security": 4914000.0,
        "Net Non Operating Interest Income Expense": -28188000.0,
        "Interest Expense Non Operating": 28188000.0,
        "Operating Income": 28266000.0,
        "Operating Expense": 111020000.0,
        "Depreciation Amortization Depletion Income Statement": 58444000.0,
        "Depreciation And Amortization In Income Statement": 58444000.0,
        "Selling General And Administration": 52576000.0,
        "Gross Profit": 139286000.0,
        "Cost Of Revenue": 841790000.0,
        "Total Revenue": 981076000.0,
        "Operating Revenue": 981076000.0
    },
    "2022-03-31": {
        "Diluted EPS": 0.06,
        "Total Revenue": 915,
        "Gross Profit": 129,
        "Operating Income": 23,
        "EBIT": 83,
        "Net Income": 19
    },
    "2021-12-31": {
        "Diluted EPS": 0.1,
        "Total Revenue": NaN,
        "Gross Profit": 186,
        "Operating Income": 84,
        "EBIT": 152,
        "Net Income": 25
    },
    "2021-09-30": {
        "Diluted EPS": 0.07,
        "Total Revenue": 929,
        "Gross Profit": 163,
        "Operating Income": 66,
        "EBIT": 125,
        "Net Income": 23
    },
    "2021-06-30": {
        "Diluted EPS": 0.0,
        "Total Revenue": 850,
        "Gross Profit": 152,
        "Operating Income": 42,
        "EBIT": 105,
        "Net Income": 6
    },
    "2021-03-31": {
        "Diluted EPS": 0.0,
        "Total Revenue": 791,
        "Gross Profit": 138,
        "Operating Income": 38,
        "EBIT": 97,
        "Net Income": 0
    },
    "2020-12-31": {
        "Diluted EPS": -0.68,
        "Total Revenue": 850,
        "Gross Profit": 181,
        "Operating Income": -53,
        "EBIT": 23,
        "Net Income": -153
    },
    "2020-09-30": {
        "Diluted EPS": 0.18,
        "Total Revenue": 784,
        "Gross Profit": 159,
        "Operating Income": 89,
        "EBIT": 147,
        "Net Income": 36
    },
    "2020-06-30": {
        "Diluted EPS": -0.18,
        "Total Revenue": 642,
        "Gross Profit": 132,
        "Operating Income": 0,
        "EBIT": 59,
        "Net Income": -37
    },
    "2020-03-31": {
        "Diluted EPS": -0.11,
        "Total Revenue": 879,
        "Gross Profit": 133,
        "Operating Income": 31,
        "EBIT": 92,
        "Net Income": -22
    },
    "2019-12-31": {
        "Diluted EPS": 0.0,
        "Total Revenue": NaN,
        "Gross Profit": NaN,
        "Operating Income": NaN,
        "EBIT": NaN,
        "Net Income": NaN
    },
    "2019-09-30": {
        "Diluted EPS": 0.02,
        "Total Revenue": NaN,
        "Gross Profit": NaN,
        "Operating Income": 0,
        "EBIT": 0,
        "Net Income": 1
    },
    "2019-06-30": {
        "Diluted EPS": 0.0,
        "Total Revenue": NaN,
        "Gross Profit": NaN,
        "Operating Income": NaN,
        "EBIT": NaN,
        "Net Income": NaN
    },
    "2018-12-31": {
        "Diluted EPS": 0.0,
        "Total Revenue": NaN,
        "Gross Profit": NaN,
        "Operating Income": NaN,
        "EBIT": NaN,
        "Net Income": NaN
    },
    "2023-06-30": {
        "Tax Effect Of Unusual Items": NaN,
        "Tax Rate For Calcs": NaN,
        "Normalized EBITDA": NaN,
        "Total Unusual Items": NaN,
        "Total Unusual Items Excluding Goodwill": NaN,
        "Net Income From Continuing Operation Net Minority Interest": NaN,
        "Reconciled Depreciation": NaN,
        "Reconciled Cost Of Revenue": NaN,
        "EBITDA": NaN,
        "EBIT": NaN,
        "Net Interest Income": NaN,
        "Interest Expense": NaN,
        "Normalized Income": NaN,
        "Net Income From Continuing And Discontinued Operation": NaN,
        "Total Expenses": NaN,
        "Total Operating Income As Reported": NaN,
        "Diluted Average Shares": NaN,
        "Basic Average Shares": NaN,
        "Diluted EPS": NaN,
        "Basic EPS": NaN,
        "Diluted NI Availto Com Stockholders": NaN,
        "Net Income Common Stockholders": NaN,
        "Net Income": NaN,
        "Minority Interests": NaN,
        "Net Income Including Noncontrolling Interests": NaN,
        "Net Income Discontinuous Operations": NaN,
        "Net Income Continuous Operations": NaN,
        "Tax Provision": NaN,
        "Pretax Income": NaN,
        "Other Income Expense": NaN,
        "Special Income Charges": 0.0,
        "Impairment Of Capital Assets": 0.0,
        "Earnings From Equity Interest": NaN,
        "Gain On Sale Of Security": NaN,
        "Net Non Operating Interest Income Expense": NaN,
        "Interest Expense Non Operating": NaN,
        "Operating Income": NaN,
        "Operating Expense": NaN,
        "Depreciation Amortization Depletion Income Statement": NaN,
        "Depreciation And Amortization In Income Statement": NaN,
        "Selling General And Administration": NaN,
        "Gross Profit": NaN,
        "Cost Of Revenue": NaN,
        "Total Revenue": NaN,
        "Operating Revenue": NaN
    },
    "2023-09-30": {
        "Tax Effect Of Unusual Items": NaN,
        "Tax Rate For Calcs": NaN,
        "Normalized EBITDA": NaN,
        "Total Unusual Items": NaN,
        "Total Unusual Items Excluding Goodwill": NaN,
        "Net Income From Continuing Operation Net Minority Interest": NaN,
        "Reconciled Depreciation": NaN,
        "Reconciled Cost Of Revenue": NaN,
        "EBITDA": NaN,
        "EBIT": NaN,
        "Net Interest Income": NaN,
        "Interest Expense": NaN,
        "Normalized Income": NaN,
        "Net Income From Continuing And Discontinued Operation": NaN,
        "Total Expenses": NaN,
        "Total Operating Income As Reported": NaN,
        "Diluted Average Shares": NaN,
        "Basic Average Shares": NaN,
        "Diluted EPS": NaN,
        "Basic EPS": NaN,
        "Diluted NI Availto Com Stockholders": NaN,
        "Net Income Common Stockholders": NaN,
        "Net Income": NaN,
        "Minority Interests": NaN,
        "Net Income Including Noncontrolling Interests": NaN,
        "Net Income Discontinuous Operations": NaN,
        "Net Income Continuous Operations": NaN,
        "Tax Provision": NaN,
        "Pretax Income": NaN,
        "Other Income Expense": NaN,
        "Special Income Charges": 0.0,
        "Impairment Of Capital Assets": 0.0,
        "Earnings From Equity Interest": NaN,
        "Gain On Sale Of Security": NaN,
        "Net Non Operating Interest Income Expense": NaN,
        "Interest Expense Non Operating": NaN,
        "Operating Income": NaN,
        "Operating Expense": NaN,
        "Depreciation Amortization Depletion Income Statement": NaN,
        "Depreciation And Amortization In Income Statement": NaN,
        "Selling General And Administration": NaN,
        "Gross Profit": NaN,
        "Cost Of Revenue": NaN,
        "Total Revenue": NaN,
        "Operating Revenue": NaN
    },
    "2023-12-31": {
        "Tax Effect Of Unusual Items": -588840.0,
        "Tax Rate For Calcs": 0.21,
        "Normalized EBITDA": 104259000.0,
        "Total Unusual Items": -2804000.0,
        "Total Unusual Items Excluding Goodwill": -2804000.0,
        "Net Income From Continuing Operation Net Minority Interest": 17429000.0,
        "Reconciled Depreciation": 54390000.0,
        "Reconciled Cost Of Revenue": 920117000.0,
        "EBITDA": 101455000.0,
        "EBIT": 47065000.0,
        "Net Interest Income": -45850000.0,
        "Interest Expense": 45850000.0,
        "Normalized Income": 19644160.0,
        "Net Income From Continuing And Discontinued Operation": 17429000.0,
        "Total Expenses": 1035153000.0,
        "Total Operating Income As Reported": 46192000.0,
        "Diluted Average Shares": 340320151.0,
        "Basic Average Shares": 324639562.0,
        "Diluted EPS": 0.05,
        "Basic EPS": 0.05,
        "Diluted NI Availto Com Stockholders": 17429000.0,
        "Net Income Common Stockholders": 17429000.0,
        "Net Income": 17429000.0,
        "Minority Interests": -359000.0,
        "Net Income Including Noncontrolling Interests": 17788000.0,
        "Net Income Discontinuous Operations": NaN,
        "Net Income Continuous Operations": 17788000.0,
        "Tax Provision": -16573000.0,
        "Pretax Income": 1215000.0,
        "Other Income Expense": 2469000.0,
        "Special Income Charges": NaN,
        "Impairment Of Capital Assets": NaN,
        "Earnings From Equity Interest": NaN,
        "Gain On Sale Of Security": 873000.0,
        "Net Non Operating Interest Income Expense": -45850000.0,
        "Interest Expense Non Operating": 45850000.0,
        "Operating Income": 44596000.0,
        "Operating Expense": 115036000.0,
        "Depreciation Amortization Depletion Income Statement": 54390000.0,
        "Depreciation And Amortization In Income Statement": 54390000.0,
        "Selling General And Administration": 60646000.0,
        "Gross Profit": 159632000.0,
        "Cost Of Revenue": 920117000.0,
        "Total Revenue": 1079749000.0,
        "Operating Revenue": 1079749000.0
    },
    "2024-03-31": {
        "Tax Effect Of Unusual Items": -68990.802752,
        "Tax Rate For Calcs": 0.240386,
        "Normalized EBITDA": 19798000.0,
        "Total Unusual Items": -287000.0,
        "Total Unusual Items Excluding Goodwill": -287000.0,
        "Net Income From Continuing Operation Net Minority Interest": -52325000.0,
        "Reconciled Depreciation": 49748000.0,
        "Reconciled Cost Of Revenue": 751844000.0,
        "EBITDA": 19511000.0,
        "EBIT": -30237000.0,
        "Net Interest Income": -35761000.0,
        "Interest Expense": 35761000.0,
        "Normalized Income": -52106990.802752,
        "Net Income From Continuing And Discontinued Operation": -5307000.0,
        "Total Expenses": 890673000.0,
        "Total Operating Income As Reported": -29950000.0,
        "Diluted Average Shares": 321458155.0,
        "Basic Average Shares": 321458155.0,
        "Diluted EPS": -0.02,
        "Basic EPS": -0.02,
        "Diluted NI Availto Com Stockholders": -5307000.0,
        "Net Income Common Stockholders": -5307000.0,
        "Net Income": -5307000.0,
        "Minority Interests": -2192000.0,
        "Net Income Including Noncontrolling Interests": -3115000.0,
        "Net Income Discontinuous Operations": 47018000.0,
        "Net Income Continuous Operations": -50133000.0,
        "Tax Provision": -15865000.0,
        "Pretax Income": -65998000.0,
        "Other Income Expense": -976000.0,
        "Special Income Charges": NaN,
        "Impairment Of Capital Assets": NaN,
        "Earnings From Equity Interest": -689000.0,
        "Gain On Sale Of Security": -287000.0,
        "Net Non Operating Interest Income Expense": -35761000.0,
        "Interest Expense Non Operating": 35761000.0,
        "Operating Income": -29261000.0,
        "Operating Expense": 138829000.0,
        "Depreciation Amortization Depletion Income Statement": 49748000.0,
        "Depreciation And Amortization In Income Statement": 49748000.0,
        "Selling General And Administration": 89081000.0,
        "Gross Profit": 109568000.0,
        "Cost Of Revenue": 751844000.0,
        "Total Revenue": 861412000.0,
        "Operating Revenue": 861412000.0
    },
    "2024-06-30": {
        "Tax Effect Of Unusual Items": -13147789.974449,
        "Tax Rate For Calcs": 0.132827,
        "Normalized EBITDA": 59728000.0,
        "Total Unusual Items": -98984000.0,
        "Total Unusual Items Excluding Goodwill": -98984000.0,
        "Net Income From Continuing Operation Net Minority Interest": -113016000.0,
        "Reconciled Depreciation": 51317000.0,
        "Reconciled Cost Of Revenue": 751337000.0,
        "EBITDA": -39256000.0,
        "EBIT": -90573000.0,
        "Net Interest Income": -39754000.0,
        "Interest Expense": 39754000.0,
        "Normalized Income": -27179789.974449,
        "Net Income From Continuing And Discontinued Operation": -100835000.0,
        "Total Expenses": 865512000.0,
        "Total Operating Income As Reported": -91259000.0,
        "Diluted Average Shares": 322791242.0,
        "Basic Average Shares": 322791242.0,
        "Diluted EPS": -0.31,
        "Basic EPS": -0.31,
        "Diluted NI Availto Com Stockholders": -100835000.0,
        "Net Income Common Stockholders": -100835000.0,
        "Net Income": -100835000.0,
        "Minority Interests": 0.0,
        "Net Income Including Noncontrolling Interests": -100835000.0,
        "Net Income Discontinuous Operations": 12181000.0,
        "Net Income Continuous Operations": -113016000.0,
        "Tax Provision": -17311000.0,
        "Pretax Income": -130327000.0,
        "Other Income Expense": -98418000.0,
        "Special Income Charges": -99670000.0,
        "Impairment Of Capital Assets": 99670000.0,
        "Earnings From Equity Interest": 566000.0,
        "Gain On Sale Of Security": 686000.0,
        "Net Non Operating Interest Income Expense": -39754000.0,
        "Interest Expense Non Operating": 39754000.0,
        "Operating Income": 7845000.0,
        "Operating Expense": 114175000.0,
        "Depreciation Amortization Depletion Income Statement": 51317000.0,
        "Depreciation And Amortization In Income Statement": 51317000.0,
        "Selling General And Administration": 62858000.0,
        "Gross Profit": 122020000.0,
        "Cost Of Revenue": 751337000.0,
        "Total Revenue": 873357000.0,
        "Operating Revenue": 873357000.0
    },
    "2024-09-30": {
        "Tax Effect Of Unusual Items": -4600.0,
        "Tax Rate For Calcs": 0.115,
        "Normalized EBITDA": 48689000.0,
        "Total Unusual Items": -40000.0,
        "Total Unusual Items Excluding Goodwill": -40000.0,
        "Net Income From Continuing Operation Net Minority Interest": -37320000.0,
        "Reconciled Depreciation": 51866000.0,
        "Reconciled Cost Of Revenue": 794958000.0,
        "EBITDA": 48649000.0,
        "EBIT": -3217000.0,
        "Net Interest Income": -38969000.0,
        "Interest Expense": 38969000.0,
        "Normalized Income": -37284600.0,
        "Net Income From Continuing And Discontinued Operation": -42776000.0,
        "Total Expenses": 945262000.0,
        "Total Operating Income As Reported": -3177000.0,
        "Diluted Average Shares": 321080571.0,
        "Basic Average Shares": 321080571.0,
        "Diluted EPS": -0.13,
        "Basic EPS": -0.13,
        "Diluted NI Availto Com Stockholders": -42776000.0,
        "Net Income Common Stockholders": -42776000.0,
        "Net Income": -42776000.0,
        "Minority Interests": 0.0,
        "Net Income Including Noncontrolling Interests": -42776000.0,
        "Net Income Discontinuous Operations": -5456000.0,
        "Net Income Continuous Operations": -37320000.0,
        "Tax Provision": -4866000.0,
        "Pretax Income": -42186000.0,
        "Other Income Expense": 2775000.0,
        "Special Income Charges": 0.0,
        "Impairment Of Capital Assets": 0.0,
        "Earnings From Equity Interest": 2815000.0,
        "Gain On Sale Of Security": -40000.0,
        "Net Non Operating Interest Income Expense": -38969000.0,
        "Interest Expense Non Operating": 38969000.0,
        "Operating Income": -5992000.0,
        "Operating Expense": 150304000.0,
        "Depreciation Amortization Depletion Income Statement": 51866000.0,
        "Depreciation And Amortization In Income Statement": 51866000.0,
        "Selling General And Administration": 98438000.0,
        "Gross Profit": 144312000.0,
        "Cost Of Revenue": 794958000.0,
        "Total Revenue": 939270000.0,
        "Operating Revenue": 939270000.0
    },
    "2024-12-31": {
        "Tax Effect Of Unusual Items": -21399150.754885,
        "Tax Rate For Calcs": 0.122089,
        "Normalized EBITDA": 56525000.0,
        "Total Unusual Items": -175275000.0,
        "Total Unusual Items Excluding Goodwill": -175275000.0,
        "Net Income From Continuing Operation Net Minority Interest": -177935000.0,
        "Reconciled Depreciation": 51622000.0,
        "Reconciled Cost Of Revenue": 760913000.0,
        "EBITDA": -118750000.0,
        "EBIT": -170372000.0,
        "Net Interest Income": -32308000.0,
        "Interest Expense": 32308000.0,
        "Normalized Income": -24059150.754885,
        "Net Income From Continuing And Discontinued Operation": -178044000.0,
        "Total Expenses": 886754000.0,
        "Total Operating Income As Reported": -170597000.0,
        "Diluted Average Shares": 321080571.0,
        "Basic Average Shares": 321080571.0,
        "Diluted EPS": -0.55,
        "Basic EPS": -0.55,
        "Diluted NI Availto Com Stockholders": -178044000.0,
        "Net Income Common Stockholders": -178044000.0,
        "Net Income": -178044000.0,
        "Minority Interests": 0.0,
        "Net Income Including Noncontrolling Interests": -178044000.0,
        "Net Income Discontinuous Operations": -109000.0,
        "Net Income Continuous Operations": -177935000.0,
        "Tax Provision": -24745000.0,
        "Pretax Income": -202680000.0,
        "Other Income Expense": -175903000.0,
        "Special Income Charges": -175500000.0,
        "Impairment Of Capital Assets": 175500000.0,
        "Earnings From Equity Interest": -628000.0,
        "Gain On Sale Of Security": 225000.0,
        "Net Non Operating Interest Income Expense": -32308000.0,
        "Interest Expense Non Operating": 32308000.0,
        "Operating Income": 5531000.0,
        "Operating Expense": 125841000.0,
        "Depreciation Amortization Depletion Income Statement": 51622000.0,
        "Depreciation And Amortization In Income Statement": 51622000.0,
        "Selling General And Administration": 74219000.0,
        "Gross Profit": 131372000.0,
        "Cost Of Revenue": 760913000.0,
        "Total Revenue": 892285000.0,
        "Operating Revenue": 892285000.0
    },
    "2025-03-31": {
        "Tax Effect Of Unusual Items": -2100.0,
        "Tax Rate For Calcs": 0.21,
        "Normalized EBITDA": 35740000.0,
        "Total Unusual Items": -10000.0,
        "Total Unusual Items Excluding Goodwill": -10000.0,
        "Net Income From Continuing Operation Net Minority Interest": -56130000.0,
        "Reconciled Depreciation": 50361000.0,
        "Reconciled Cost Of Revenue": 722754000.0,
        "EBITDA": 35730000.0,
        "EBIT": -14631000.0,
        "Net Interest Income": -34360000.0,
        "Interest Expense": 34360000.0,
        "Normalized Income": -56122100.0,
        "Net Income From Continuing And Discontinued Operation": -56130000.0,
        "Total Expenses": 837980000.0,
        "Total Operating Income As Reported": -14621000.0,
        "Diluted Average Shares": 321683440.0,
        "Basic Average Shares": 321683440.0,
        "Diluted EPS": -0.17,
        "Basic EPS": -0.17,
        "Diluted NI Availto Com Stockholders": -56130000.0,
        "Net Income Common Stockholders": -56130000.0,
        "Net Income": -56130000.0,
        "Minority Interests": 0.0,
        "Net Income Including Noncontrolling Interests": -56130000.0,
        "Net Income Discontinuous Operations": 0.0,
        "Net Income Continuous Operations": -56130000.0,
        "Tax Provision": 7139000.0,
        "Pretax Income": -48991000.0,
        "Other Income Expense": 1557000.0,
        "Special Income Charges": NaN,
        "Impairment Of Capital Assets": NaN,
        "Earnings From Equity Interest": 1567000.0,
        "Gain On Sale Of Security": -10000.0,
        "Net Non Operating Interest Income Expense": -34360000.0,
        "Interest Expense Non Operating": 34360000.0,
        "Operating Income": -16188000.0,
        "Operating Expense": 115226000.0,
        "Depreciation Amortization Depletion Income Statement": 50361000.0,
        "Depreciation And Amortization In Income Statement": 50361000.0,
        "Selling General And Administration": 64865000.0,
        "Gross Profit": 99038000.0,
        "Cost Of Revenue": 722754000.0,
        "Total Revenue": 821792000.0,
        "Operating Revenue": 821792000.0
    },
    "2025-06-30": {
        "Tax Effect Of Unusual Items": -3360.0,
        "Tax Rate For Calcs": 0.21,
        "Normalized EBITDA": 60709000.0,
        "Total Unusual Items": -16000.0,
        "Total Unusual Items Excluding Goodwill": -16000.0,
        "Net Income From Continuing Operation Net Minority Interest": -30440000.0,
        "Reconciled Depreciation": 50698000.0,
        "Reconciled Cost Of Revenue": 746932000.0,
        "EBITDA": 60693000.0,
        "EBIT": 9995000.0,
        "Net Interest Income": -35814000.0,
        "Interest Expense": 35814000.0,
        "Normalized Income": -30427360.0,
        "Net Income From Continuing And Discontinued Operation": -30440000.0,
        "Total Expenses": 866287000.0,
        "Total Operating Income As Reported": 10011000.0,
        "Diluted Average Shares": 324314678.0,
        "Basic Average Shares": 324314678.0,
        "Diluted EPS": -0.09,
        "Basic EPS": -0.09,
        "Diluted NI Availto Com Stockholders": -30440000.0,
        "Net Income Common Stockholders": -30440000.0,
        "Net Income": -30440000.0,
        "Minority Interests": 0.0,
        "Net Income Including Noncontrolling Interests": -30440000.0,
        "Net Income Discontinuous Operations": 0.0,
        "Net Income Continuous Operations": -30440000.0,
        "Tax Provision": 4621000.0,
        "Pretax Income": -25819000.0,
        "Other Income Expense": 2575000.0,
        "Special Income Charges": 0.0,
        "Impairment Of Capital Assets": 0.0,
        "Earnings From Equity Interest": 2591000.0,
        "Gain On Sale Of Security": -16000.0,
        "Net Non Operating Interest Income Expense": -35814000.0,
        "Interest Expense Non Operating": 35814000.0,
        "Operating Income": 7420000.0,
        "Operating Expense": 119355000.0,
        "Depreciation Amortization Depletion Income Statement": 50698000.0,
        "Depreciation And Amortization In Income Statement": 50698000.0,
        "Selling General And Administration": 68657000.0,
        "Gross Profit": 126775000.0,
        "Cost Of Revenue": 746932000.0,
        "Total Revenue": 873707000.0,
        "Operating Revenue": 873707000.0
    }
}