{
    "2023-12-31": {
        "Tax Effect Of Unusual Items": 0.0,
        "Tax Rate For Calcs": 0.086729,
        "Normalized EBITDA": 6476000.0,
        "Net Income From Continuing Operation Net Minority Interest": -874000.0,
        "Reconciled Depreciation": 6574000.0,
        "Reconciled Cost Of Revenue": 706144000.0,
        "EBITDA": 6476000.0,
        "EBIT": -98000.0,
        "Net Interest Income": -281000.0,
        "Interest Expense": 859000.0,
        "Interest Income": 578000.0,
        "Normalized Income": -874000.0,
        "Net Income From Continuing And Discontinued Operation": -874000.0,
        "Total Expenses": 710427000.0,
        "Total Operating Income As Reported": -676000.0,
        "Diluted Average Shares": NaN,
        "Basic Average Shares": NaN,
        "Diluted EPS": NaN,
        "Basic EPS": NaN,
        "Diluted NI Availto Com Stockholders": -874000.0,
        "Net Income Common Stockholders": -874000.0,
        "Net Income": -874000.0,
        "Net Income Including Noncontrolling Interests": -874000.0,
        "Net Income Continuous Operations": -874000.0,
        "Tax Provision": -83000.0,
        "Pretax Income": -957000.0,
        "Net Non Operating Interest Income Expense": -281000.0,
        "Interest Expense Non Operating": 859000.0,
        "Interest Income Non Operating": 578000.0,
        "Operating Income": -676000.0,
        "Operating Expense": 4283000.0,
        "Selling General And Administration": 4283000.0,
        "General And Administrative Expense": 4283000.0,
        "Other Gand A": 4283000.0,
        "Gross Profit": 3607000.0,
        "Cost Of Revenue": 706144000.0,
        "Total Revenue": 709751000.0,
        "Operating Revenue": 709751000.0
    },
    "2023-09-30": {
        "Tax Effect Of Unusual Items": 0.0,
        "Tax Rate For Calcs": 0.251574,
        "Normalized EBITDA": 10980000.0,
        "Net Income From Continuing Operation Net Minority Interest": 2258000.0,
        "Reconciled Depreciation": 6936000.0,
        "Reconciled Cost Of Revenue": 752527000.0,
        "EBITDA": 10980000.0,
        "EBIT": 4044000.0,
        "Net Interest Income": -908000.0,
        "Interest Expense": 1027000.0,
        "Interest Income": 119000.0,
        "Normalized Income": 2258000.0,
        "Net Income From Continuing And Discontinued Operation": 2258000.0,
        "Total Expenses": 756689000.0,
        "Total Operating Income As Reported": 3925000.0,
        "Diluted Average Shares": 2570000.0,
        "Basic Average Shares": 2541000.0,
        "Diluted EPS": 0.88,
        "Basic EPS": 0.89,
        "Diluted NI Availto Com Stockholders": 2258000.0,
        "Net Income Common Stockholders": 2258000.0,
        "Net Income": 2258000.0,
        "Net Income Including Noncontrolling Interests": 2258000.0,
        "Net Income Continuous Operations": 2258000.0,
        "Tax Provision": 759000.0,
        "Pretax Income": 3017000.0,
        "Net Non Operating Interest Income Expense": -908000.0,
        "Interest Expense Non Operating": 1027000.0,
        "Interest Income Non Operating": 119000.0,
        "Operating Income": 3925000.0,
        "Operating Expense": 4162000.0,
        "Selling General And Administration": 4162000.0,
        "General And Administrative Expense": 4162000.0,
        "Other Gand A": 4162000.0,
        "Gross Profit": 8087000.0,
        "Cost Of Revenue": 752527000.0,
        "Total Revenue": 760614000.0,
        "Operating Revenue": 760614000.0
    },
    "2023-06-30": {
        "Tax Effect Of Unusual Items": NaN,
        "Tax Rate For Calcs": NaN,
        "Normalized EBITDA": NaN,
        "Net Income From Continuing Operation Net Minority Interest": NaN,
        "Reconciled Depreciation": NaN,
        "Reconciled Cost Of Revenue": NaN,
        "EBITDA": NaN,
        "EBIT": NaN,
        "Net Interest Income": NaN,
        "Interest Expense": NaN,
        "Interest Income": NaN,
        "Normalized Income": NaN,
        "Net Income From Continuing And Discontinued Operation": NaN,
        "Total Expenses": NaN,
        "Total Operating Income As Reported": NaN,
        "Diluted Average Shares": 2584375.0,
        "Basic Average Shares": 2506061.0,
        "Diluted EPS": 0.32,
        "Basic EPS": 0.33,
        "Diluted NI Availto Com Stockholders": NaN,
        "Net Income Common Stockholders": NaN,
        "Net Income": NaN,
        "Net Income Including Noncontrolling Interests": NaN,
        "Net Income Continuous Operations": NaN,
        "Tax Provision": NaN,
        "Pretax Income": NaN,
        "Net Non Operating Interest Income Expense": NaN,
        "Interest Expense Non Operating": NaN,
        "Interest Income Non Operating": NaN,
        "Operating Income": NaN,
        "Operating Expense": NaN,
        "Selling General And Administration": NaN,
        "General And Administrative Expense": NaN,
        "Other Gand A": NaN,
        "Gross Profit": NaN,
        "Cost Of Revenue": NaN,
        "Total Revenue": NaN,
        "Operating Revenue": NaN
    },
    "2023-03-31": {
        "Tax Effect Of Unusual Items": NaN,
        "Tax Rate For Calcs": NaN,
        "Normalized EBITDA": NaN,
        "Net Income From Continuing Operation Net Minority Interest": NaN,
        "Reconciled Depreciation": NaN,
        "Reconciled Cost Of Revenue": NaN,
        "EBITDA": NaN,
        "EBIT": NaN,
        "Net Interest Income": NaN,
        "Interest Expense": NaN,
        "Interest Income": NaN,
        "Normalized Income": NaN,
        "Net Income From Continuing And Discontinued Operation": NaN,
        "Total Expenses": NaN,
        "Total Operating Income As Reported": NaN,
        "Diluted Average Shares": 2517000.0,
        "Basic Average Shares": 2517000.0,
        "Diluted EPS": -0.79,
        "Basic EPS": -0.79,
        "Diluted NI Availto Com Stockholders": NaN,
        "Net Income Common Stockholders": NaN,
        "Net Income": NaN,
        "Net Income Including Noncontrolling Interests": NaN,
        "Net Income Continuous Operations": NaN,
        "Tax Provision": NaN,
        "Pretax Income": NaN,
        "Net Non Operating Interest Income Expense": NaN,
        "Interest Expense Non Operating": NaN,
        "Interest Income Non Operating": NaN,
        "Operating Income": NaN,
        "Operating Expense": NaN,
        "Selling General And Administration": NaN,
        "General And Administrative Expense": NaN,
        "Other Gand A": NaN,
        "Gross Profit": NaN,
        "Cost Of Revenue": NaN,
        "Total Revenue": NaN,
        "Operating Revenue": NaN
    },
    "2024-03-31": {
        "Tax Effect Of Unusual Items": 0.0,
        "Tax Rate For Calcs": 0.160202,
        "Normalized EBITDA": 6555000.0,
        "Net Income From Continuing Operation Net Minority Interest": -498000.0,
        "Reconciled Depreciation": 6355000.0,
        "Reconciled Cost Of Revenue": 656630000.0,
        "EBITDA": 6555000.0,
        "EBIT": 200000.0,
        "Net Interest Income": -232000.0,
        "Interest Expense": 793000.0,
        "Interest Income": 561000.0,
        "Normalized Income": -498000.0,
        "Net Income From Continuing And Discontinued Operation": -498000.0,
        "Total Expenses": 661411000.0,
        "Total Operating Income As Reported": -361000.0,
        "Diluted Average Shares": 2554000.0,
        "Basic Average Shares": 2554000.0,
        "Diluted EPS": -0.19,
        "Basic EPS": -0.19,
        "Diluted NI Availto Com Stockholders": -498000.0,
        "Net Income Common Stockholders": -498000.0,
        "Net Income": -498000.0,
        "Net Income Including Noncontrolling Interests": -498000.0,
        "Net Income Continuous Operations": -498000.0,
        "Tax Provision": -95000.0,
        "Pretax Income": -593000.0,
        "Net Non Operating Interest Income Expense": -232000.0,
        "Interest Expense Non Operating": 793000.0,
        "Interest Income Non Operating": 561000.0,
        "Operating Income": -361000.0,
        "Operating Expense": 4781000.0,
        "Selling General And Administration": 4781000.0,
        "General And Administrative Expense": 4781000.0,
        "Other Gand A": 4781000.0,
        "Gross Profit": 4420000.0,
        "Cost Of Revenue": 656630000.0,
        "Total Revenue": 661050000.0,
        "Operating Revenue": 661050000.0
    },
    "2022-12-31": {
        "Tax Effect Of Unusual Items": NaN,
        "Tax Rate For Calcs": NaN,
        "Normalized EBITDA": NaN,
        "Net Income From Continuing Operation Net Minority Interest": NaN,
        "Reconciled Depreciation": NaN,
        "Reconciled Cost Of Revenue": NaN,
        "EBITDA": NaN,
        "EBIT": NaN,
        "Net Interest Income": NaN,
        "Interest Expense": NaN,
        "Interest Income": NaN,
        "Normalized Income": NaN,
        "Net Income From Continuing And Discontinued Operation": NaN,
        "Total Expenses": NaN,
        "Total Operating Income As Reported": NaN,
        "Diluted Average Shares": 3106410.0,
        "Basic Average Shares": 3106410.0,
        "Diluted EPS": -2.34,
        "Basic EPS": -2.34,
        "Diluted NI Availto Com Stockholders": NaN,
        "Net Income Common Stockholders": NaN,
        "Net Income": NaN,
        "Net Income Including Noncontrolling Interests": NaN,
        "Net Income Continuous Operations": NaN,
        "Tax Provision": NaN,
        "Pretax Income": NaN,
        "Net Non Operating Interest Income Expense": NaN,
        "Interest Expense Non Operating": NaN,
        "Interest Income Non Operating": NaN,
        "Operating Income": NaN,
        "Operating Expense": NaN,
        "Selling General And Administration": NaN,
        "General And Administrative Expense": NaN,
        "Other Gand A": NaN,
        "Gross Profit": NaN,
        "Cost Of Revenue": NaN,
        "Total Revenue": NaN,
        "Operating Revenue": NaN
    },
    "2024-06-30": {
        "Tax Effect Of Unusual Items": 0.0,
        "Tax Rate For Calcs": 0.120016,
        "Normalized EBITDA": 4318000.0,
        "Net Income From Continuing Operation Net Minority Interest": -2229000.0,
        "Reconciled Depreciation": 6180000.0,
        "Reconciled Cost Of Revenue": 716474000.0,
        "EBITDA": 4318000.0,
        "EBIT": -1862000.0,
        "Net Interest Income": -98000.0,
        "Interest Expense": 671000.0,
        "Interest Income": 573000.0,
        "Normalized Income": -2229000.0,
        "Net Income From Continuing And Discontinued Operation": -2229000.0,
        "Total Expenses": 720928000.0,
        "Total Operating Income As Reported": -2435000.0,
        "Diluted Average Shares": 2567000.0,
        "Basic Average Shares": 2567000.0,
        "Diluted EPS": -0.87,
        "Basic EPS": -0.87,
        "Diluted NI Availto Com Stockholders": -2229000.0,
        "Net Income Common Stockholders": -2229000.0,
        "Net Income": -2229000.0,
        "Net Income Including Noncontrolling Interests": -2229000.0,
        "Net Income Continuous Operations": -2229000.0,
        "Tax Provision": -304000.0,
        "Pretax Income": -2533000.0,
        "Net Non Operating Interest Income Expense": -98000.0,
        "Interest Expense Non Operating": 671000.0,
        "Interest Income Non Operating": 573000.0,
        "Operating Income": -2435000.0,
        "Operating Expense": 4454000.0,
        "Selling General And Administration": 4454000.0,
        "General And Administrative Expense": 4454000.0,
        "Other Gand A": 4454000.0,
        "Gross Profit": 2019000.0,
        "Cost Of Revenue": 716474000.0,
        "Total Revenue": 718493000.0,
        "Operating Revenue": 718493000.0
    },
    "2024-09-30": {
        "Tax Effect Of Unusual Items": 0.0,
        "Tax Rate For Calcs": 0.190153,
        "Normalized EBITDA": 718000.0,
        "Net Income From Continuing Operation Net Minority Interest": -4540000.0,
        "Reconciled Depreciation": 5752000.0,
        "Reconciled Cost Of Revenue": 696205000.0,
        "EBITDA": 718000.0,
        "EBIT": -5034000.0,
        "Net Interest Income": -44000.0,
        "Interest Expense": 572000.0,
        "Interest Income": 528000.0,
        "Normalized Income": -4540000.0,
        "Net Income From Continuing And Discontinued Operation": -4540000.0,
        "Total Expenses": 700725000.0,
        "Total Operating Income As Reported": -5562000.0,
        "Diluted Average Shares": 2573000.0,
        "Basic Average Shares": 2573000.0,
        "Diluted EPS": -1.76,
        "Basic EPS": -1.76,
        "Diluted NI Availto Com Stockholders": -4540000.0,
        "Net Income Common Stockholders": -4540000.0,
        "Net Income": -4540000.0,
        "Net Income Including Noncontrolling Interests": -4540000.0,
        "Net Income Continuous Operations": -4540000.0,
        "Tax Provision": -1066000.0,
        "Pretax Income": -5606000.0,
        "Net Non Operating Interest Income Expense": -44000.0,
        "Interest Expense Non Operating": 572000.0,
        "Interest Income Non Operating": 528000.0,
        "Operating Income": -5562000.0,
        "Operating Expense": 4520000.0,
        "Selling General And Administration": 4520000.0,
        "General And Administrative Expense": 4520000.0,
        "Other Gand A": 4520000.0,
        "Gross Profit": -1042000.0,
        "Cost Of Revenue": 696205000.0,
        "Total Revenue": 695163000.0,
        "Operating Revenue": 695163000.0
    }
}