{
    "2023-03-31": {
        "Tax Effect Of Unusual Items": NaN,
        "Tax Rate For Calcs": NaN,
        "Normalized EBITDA": NaN,
        "Total Unusual Items": NaN,
        "Total Unusual Items Excluding Goodwill": NaN,
        "Net Income From Continuing Operation Net Minority Interest": NaN,
        "Reconciled Depreciation": NaN,
        "Reconciled Cost Of Revenue": NaN,
        "EBITDA": NaN,
        "EBIT": NaN,
        "Net Interest Income": NaN,
        "Interest Expense": NaN,
        "Interest Income": NaN,
        "Normalized Income": NaN,
        "Net Income From Continuing And Discontinued Operation": NaN,
        "Total Expenses": NaN,
        "Total Operating Income As Reported": NaN,
        "Diluted Average Shares": NaN,
        "Basic Average Shares": NaN,
        "Diluted EPS": NaN,
        "Basic EPS": NaN,
        "Diluted NI Availto Com Stockholders": NaN,
        "Net Income Common Stockholders": NaN,
        "Net Income": NaN,
        "Minority Interests": 0.0,
        "Net Income Including Noncontrolling Interests": NaN,
        "Net Income Discontinuous Operations": NaN,
        "Net Income Continuous Operations": NaN,
        "Tax Provision": NaN,
        "Pretax Income": NaN,
        "Other Income Expense": NaN,
        "Other Non Operating Income Expenses": NaN,
        "Special Income Charges": NaN,
        "Other Special Charges": NaN,
        "Restructuring And Mergern Acquisition": NaN,
        "Net Non Operating Interest Income Expense": NaN,
        "Interest Expense Non Operating": NaN,
        "Interest Income Non Operating": NaN,
        "Operating Income": NaN,
        "Operating Expense": NaN,
        "Depreciation Amortization Depletion Income Statement": NaN,
        "Depreciation And Amortization In Income Statement": NaN,
        "Amortization": NaN,
        "Amortization Of Intangibles Income Statement": NaN,
        "Research And Development": NaN,
        "Selling General And Administration": NaN,
        "Gross Profit": NaN,
        "Cost Of Revenue": NaN,
        "Total Revenue": NaN,
        "Operating Revenue": NaN
    },
    "2022-12-31": {
        "Tax Effect Of Unusual Items": NaN,
        "Tax Rate For Calcs": NaN,
        "Normalized EBITDA": NaN,
        "Total Unusual Items": NaN,
        "Total Unusual Items Excluding Goodwill": NaN,
        "Net Income From Continuing Operation Net Minority Interest": NaN,
        "Reconciled Depreciation": NaN,
        "Reconciled Cost Of Revenue": NaN,
        "EBITDA": NaN,
        "EBIT": NaN,
        "Net Interest Income": NaN,
        "Interest Expense": NaN,
        "Interest Income": NaN,
        "Normalized Income": NaN,
        "Net Income From Continuing And Discontinued Operation": NaN,
        "Total Expenses": NaN,
        "Total Operating Income As Reported": NaN,
        "Diluted Average Shares": NaN,
        "Basic Average Shares": NaN,
        "Diluted EPS": NaN,
        "Basic EPS": NaN,
        "Diluted NI Availto Com Stockholders": NaN,
        "Net Income Common Stockholders": NaN,
        "Net Income": NaN,
        "Minority Interests": 0.0,
        "Net Income Including Noncontrolling Interests": NaN,
        "Net Income Discontinuous Operations": NaN,
        "Net Income Continuous Operations": NaN,
        "Tax Provision": NaN,
        "Pretax Income": NaN,
        "Other Income Expense": NaN,
        "Other Non Operating Income Expenses": NaN,
        "Special Income Charges": NaN,
        "Other Special Charges": NaN,
        "Restructuring And Mergern Acquisition": NaN,
        "Net Non Operating Interest Income Expense": NaN,
        "Interest Expense Non Operating": NaN,
        "Interest Income Non Operating": NaN,
        "Operating Income": NaN,
        "Operating Expense": NaN,
        "Depreciation Amortization Depletion Income Statement": NaN,
        "Depreciation And Amortization In Income Statement": NaN,
        "Amortization": NaN,
        "Amortization Of Intangibles Income Statement": NaN,
        "Research And Development": NaN,
        "Selling General And Administration": NaN,
        "Gross Profit": NaN,
        "Cost Of Revenue": NaN,
        "Total Revenue": NaN,
        "Operating Revenue": NaN
    },
    "2022-09-30": {
        "Tax Effect Of Unusual Items": -16335.0,
        "Tax Rate For Calcs": 0.135,
        "Normalized EBITDA": 93370000.0,
        "Total Unusual Items": -121000.0,
        "Total Unusual Items Excluding Goodwill": -121000.0,
        "Net Income From Continuing Operation Net Minority Interest": 74864000.0,
        "Reconciled Depreciation": 15556000.0,
        "Reconciled Cost Of Revenue": 316549000.0,
        "EBITDA": 93249000.0,
        "EBIT": 77693000.0,
        "Normalized Income": 74968665.0,
        "Net Income From Continuing And Discontinued Operation": 74167000.0,
        "Total Expenses": 438581000.0,
        "Total Operating Income As Reported": 77572000.0,
        "Diluted Average Shares": 37630000.0,
        "Basic Average Shares": 37379000.0,
        "Diluted EPS": 1.97,
        "Basic EPS": 1.98,
        "Diluted NI Availto Com Stockholders": 74167000.0,
        "Net Income Common Stockholders": 74167000.0,
        "Net Income": 74167000.0,
        "Minority Interests": -9000.0,
        "Net Income Including Noncontrolling Interests": 74176000.0,
        "Net Income Discontinuous Operations": -697000.0,
        "Net Income Continuous Operations": 74873000.0,
        "Tax Provision": 11639000.0,
        "Pretax Income": 86512000.0,
        "Other Income Expense": 8819000.0,
        "Other Non Operating Income Expenses": 8940000.0,
        "Special Income Charges": -121000.0,
        "Restructuring And Mergern Acquisition": 121000.0,
        "Operating Income": 77693000.0,
        "Operating Expense": 113525000.0,
        "Depreciation Amortization Depletion Income Statement": 7049000.0,
        "Depreciation And Amortization In Income Statement": 7049000.0,
        "Amortization": 7049000.0,
        "Amortization Of Intangibles Income Statement": 7049000.0,
        "Research And Development": 49760000.0,
        "Selling General And Administration": 56716000.0,
        "Gross Profit": 191218000.0,
        "Cost Of Revenue": 325056000.0,
        "Total Revenue": 516274000.0,
        "Operating Revenue": 516274000.0
    },
    "2022-06-30": {
        "Tax Effect Of Unusual Items": 32200.0,
        "Tax Rate For Calcs": 0.2,
        "Normalized EBITDA": 67432000.0,
        "Total Unusual Items": 161000.0,
        "Total Unusual Items Excluding Goodwill": 161000.0,
        "Net Income From Continuing Operation Net Minority Interest": 44790000.0,
        "Reconciled Depreciation": 14989000.0,
        "Reconciled Cost Of Revenue": 270325000.0,
        "EBITDA": 67593000.0,
        "EBIT": 52604000.0,
        "Normalized Income": 44661200.0,
        "Net Income From Continuing And Discontinued Operation": 44970000.0,
        "Total Expenses": 388345000.0,
        "Total Operating Income As Reported": 52765000.0,
        "Diluted Average Shares": 37710000.0,
        "Basic Average Shares": 37520000.0,
        "Diluted EPS": 1.19,
        "Basic EPS": 1.2,
        "Diluted NI Availto Com Stockholders": 44970000.0,
        "Net Income Common Stockholders": 44970000.0,
        "Net Income": 44970000.0,
        "Minority Interests": -21000.0,
        "Net Income Including Noncontrolling Interests": 44991000.0,
        "Net Income Discontinuous Operations": 180000.0,
        "Net Income Continuous Operations": 44811000.0,
        "Tax Provision": 11203000.0,
        "Pretax Income": 56014000.0,
        "Other Income Expense": 3410000.0,
        "Other Non Operating Income Expenses": 3249000.0,
        "Special Income Charges": 161000.0,
        "Restructuring And Mergern Acquisition": -161000.0,
        "Operating Income": 52604000.0,
        "Operating Expense": 109554000.0,
        "Depreciation Amortization Depletion Income Statement": 6523000.0,
        "Depreciation And Amortization In Income Statement": 6523000.0,
        "Amortization": 6523000.0,
        "Amortization Of Intangibles Income Statement": 6523000.0,
        "Research And Development": 48009000.0,
        "Selling General And Administration": 55022000.0,
        "Gross Profit": 162158000.0,
        "Cost Of Revenue": 278791000.0,
        "Total Revenue": 440949000.0,
        "Operating Revenue": 440949000.0
    },
    "2022-03-31": {
        "Diluted EPS": 0.97,
        "Total Revenue": 397,
        "Gross Profit": 144,
        "Operating Income": 45,
        "EBIT": 59,
        "Net Income": 37
    },
    "2021-12-31": {
        "Diluted EPS": 1.04,
        "Total Revenue": 397,
        "Gross Profit": 140,
        "Operating Income": 42,
        "EBIT": 56,
        "Net Income": 40
    },
    "2021-09-30": {
        "Diluted EPS": 0.55,
        "Total Revenue": 346,
        "Gross Profit": 120,
        "Operating Income": 24,
        "EBIT": 38,
        "Net Income": 21
    },
    "2021-06-30": {
        "Diluted EPS": 0.92,
        "Total Revenue": 361,
        "Gross Profit": 135,
        "Operating Income": 41,
        "EBIT": 54,
        "Net Income": 35
    },
    "2021-03-31": {
        "Diluted EPS": 1.0,
        "Total Revenue": 352,
        "Gross Profit": 138,
        "Operating Income": 44,
        "EBIT": 57,
        "Net Income": 39
    },
    "2020-12-31": {
        "Diluted EPS": 1.08,
        "Total Revenue": 371,
        "Gross Profit": 146,
        "Operating Income": 56,
        "EBIT": 68,
        "Net Income": 42
    },
    "2020-09-30": {
        "Diluted EPS": 1.19,
        "Total Revenue": 390,
        "Gross Profit": 154,
        "Operating Income": 59,
        "EBIT": 71,
        "Net Income": 46
    },
    "2020-06-30": {
        "Diluted EPS": 0.76,
        "Total Revenue": 340,
        "Gross Profit": 130,
        "Operating Income": 35,
        "EBIT": 47,
        "Net Income": 29
    },
    "2020-03-31": {
        "Diluted EPS": 0.47,
        "Total Revenue": 315,
        "Gross Profit": 112,
        "Operating Income": 26,
        "EBIT": 37,
        "Net Income": 18
    },
    "2019-12-31": {
        "Diluted EPS": 0.27,
        "Total Revenue": 338,
        "Gross Profit": 112,
        "Operating Income": 22,
        "EBIT": 33,
        "Net Income": 10
    },
    "2019-09-30": {
        "Diluted EPS": 0.2,
        "Total Revenue": 175,
        "Gross Profit": 73,
        "Operating Income": 9,
        "EBIT": 16,
        "Net Income": 8
    },
    "2019-06-30": {
        "Diluted EPS": 0.82,
        "Total Revenue": 135,
        "Gross Profit": 64,
        "Operating Income": 11,
        "EBIT": 15,
        "Net Income": 32
    },
    "2019-03-31": {
        "Diluted EPS": 0.4,
        "Total Revenue": 141,
        "Gross Profit": 66,
        "Operating Income": 12,
        "EBIT": 16,
        "Net Income": 15
    },
    "2018-12-31": {
        "Diluted EPS": 0.52,
        "Total Revenue": 154,
        "Gross Profit": 75,
        "Operating Income": 20,
        "EBIT": 24,
        "Net Income": 19
    },
    "2018-09-30": {
        "Diluted EPS": 0.89,
        "Total Revenue": 173,
        "Gross Profit": 86,
        "Operating Income": 40,
        "EBIT": 43,
        "Net Income": 35
    },
    "2018-06-30": {
        "Diluted EPS": 1.17,
        "Total Revenue": 196,
        "Gross Profit": 101,
        "Operating Income": 56,
        "EBIT": 59,
        "Net Income": 46
    },
    "2018-03-31": {
        "Diluted EPS": 1.16,
        "Total Revenue": 196,
        "Gross Profit": 104,
        "Operating Income": 56,
        "EBIT": 59,
        "Net Income": 46
    },
    "2017-12-31": {
        "Diluted EPS": -0.73,
        "Total Revenue": 179,
        "Gross Profit": 98,
        "Operating Income": 58,
        "EBIT": 61,
        "Net Income": -30
    },
    "2017-09-30": {
        "Diluted EPS": 2.09,
        "Total Revenue": 177,
        "Gross Profit": 92,
        "Operating Income": 52,
        "EBIT": 54,
        "Net Income": 84
    },
    "2017-06-30": {
        "Diluted EPS": 1.14,
        "Total Revenue": 166,
        "Gross Profit": 87,
        "Operating Income": 48,
        "EBIT": 50,
        "Net Income": 46
    },
    "2017-03-31": {
        "Diluted EPS": 0.93,
        "Total Revenue": 149,
        "Gross Profit": 79,
        "Operating Income": 43,
        "EBIT": 45,
        "Net Income": 38
    },
    "2016-12-31": {
        "Diluted EPS": 1.1,
        "Total Revenue": 135,
        "Gross Profit": 72,
        "Operating Income": 39,
        "EBIT": 40,
        "Net Income": 44
    },
    "2016-09-30": {
        "Diluted EPS": 0.76,
        "Total Revenue": 127,
        "Gross Profit": 66,
        "Operating Income": 34,
        "EBIT": 36,
        "Net Income": 30
    },
    "2016-06-30": {
        "Diluted EPS": 0.76,
        "Total Revenue": 119,
        "Gross Profit": 62,
        "Operating Income": 30,
        "EBIT": 32,
        "Net Income": 31
    },
    "2016-03-31": {
        "Diluted EPS": 0.56,
        "Total Revenue": 103,
        "Gross Profit": 53,
        "Operating Income": 24,
        "EBIT": 26,
        "Net Income": 22
    },
    "2015-12-31": {
        "Diluted EPS": 0.89,
        "Total Revenue": 87,
        "Gross Profit": 43,
        "Operating Income": 16,
        "EBIT": 18,
        "Net Income": 36
    },
    "2015-09-30": {
        "Diluted EPS": 0.4,
        "Total Revenue": 110,
        "Gross Profit": 59,
        "Operating Income": 30,
        "EBIT": 32,
        "Net Income": 16
    },
    "2015-06-30": {
        "Diluted EPS": -5.68,
        "Total Revenue": 109,
        "Gross Profit": 57,
        "Operating Income": 29,
        "EBIT": 31,
        "Net Income": -232
    },
    "2015-03-31": {
        "Diluted EPS": 0.52,
        "Total Revenue": 110,
        "Gross Profit": 59,
        "Operating Income": 32,
        "EBIT": 34,
        "Net Income": 21
    },
    "2014-12-31": {
        "Diluted EPS": 0.23,
        "Total Revenue": 110,
        "Gross Profit": 57,
        "Operating Income": 29,
        "EBIT": 23,
        "Net Income": 9
    },
    "2014-09-30": {
        "Diluted EPS": 0.3,
        "Total Revenue": 143,
        "Gross Profit": 48,
        "Operating Income": 9,
        "EBIT": 15,
        "Net Income": 12
    },
    "2014-06-30": {
        "Diluted EPS": 0.26,
        "Total Revenue": 146,
        "Gross Profit": 53,
        "Operating Income": 12,
        "EBIT": 17,
        "Net Income": 11
    },
    "2014-03-31": {
        "Diluted EPS": 0.35,
        "Total Revenue": 141,
        "Gross Profit": 53,
        "Operating Income": 17,
        "EBIT": 22,
        "Net Income": 15
    },
    "2013-12-31": {
        "Diluted EPS": 0.83,
        "Total Revenue": 153,
        "Gross Profit": 59,
        "Operating Income": 20,
        "EBIT": 13,
        "Net Income": 34
    },
    "2013-09-30": {
        "Diluted EPS": 0.02,
        "Total Revenue": 143,
        "Gross Profit": 56,
        "Operating Income": -2,
        "EBIT": 2,
        "Net Income": 1
    },
    "2013-06-30": {
        "Diluted EPS": -0.24,
        "Total Revenue": 140,
        "Gross Profit": 53,
        "Operating Income": -12,
        "EBIT": -6,
        "Net Income": -10
    },
    "2013-03-31": {
        "Diluted EPS": 0.17,
        "Total Revenue": 112,
        "Gross Profit": 42,
        "Operating Income": 8,
        "EBIT": 13,
        "Net Income": 7
    },
    "2012-12-31": {
        "Diluted EPS": 0.11,
        "Total Revenue": 113,
        "Gross Profit": 39,
        "Operating Income": 5,
        "EBIT": 10,
        "Net Income": 5
    },
    "2012-09-30": {
        "Diluted EPS": 0.15,
        "Total Revenue": 118,
        "Gross Profit": 46,
        "Operating Income": 10,
        "EBIT": 14,
        "Net Income": 6
    },
    "2012-06-30": {
        "Diluted EPS": 0.23,
        "Total Revenue": 116,
        "Gross Profit": 44,
        "Operating Income": 11,
        "EBIT": 16,
        "Net Income": 9
    },
    "2012-03-31": {
        "Diluted EPS": 0.03,
        "Total Revenue": 106,
        "Gross Profit": 40,
        "Operating Income": 1,
        "EBIT": 5,
        "Net Income": 1
    },
    "2011-12-31": {
        "Diluted EPS": -0.06,
        "Total Revenue": 112,
        "Gross Profit": 39,
        "Operating Income": -3,
        "EBIT": 1,
        "Net Income": -3
    },
    "2011-09-30": {
        "Diluted EPS": 0.15,
        "Total Revenue": 128,
        "Gross Profit": 49,
        "Operating Income": 11,
        "EBIT": 14,
        "Net Income": 7
    },
    "2011-06-30": {
        "Diluted EPS": 0.31,
        "Total Revenue": 138,
        "Gross Profit": 55,
        "Operating Income": 17,
        "EBIT": 21,
        "Net Income": 14
    },
    "2011-03-31": {
        "Diluted EPS": 0.43,
        "Total Revenue": 138,
        "Gross Profit": 62,
        "Operating Income": 24,
        "EBIT": 28,
        "Net Income": 19
    },
    "2010-12-31": {
        "Diluted EPS": 0.73,
        "Total Revenue": 149,
        "Gross Profit": 65,
        "Operating Income": 24,
        "EBIT": 27,
        "Net Income": 31
    },
    "2010-09-30": {
        "Diluted EPS": 0.45,
        "Total Revenue": 141,
        "Gross Profit": 61,
        "Operating Income": 22,
        "EBIT": 25,
        "Net Income": 20
    },
    "2010-06-30": {
        "Diluted EPS": 0.31,
        "Total Revenue": 100,
        "Gross Profit": 45,
        "Operating Income": 13,
        "EBIT": 16,
        "Net Income": 14
    },
    "2010-03-31": {
        "Diluted EPS": 0.15,
        "Total Revenue": 70,
        "Gross Profit": 29,
        "Operating Income": 6,
        "EBIT": 8,
        "Net Income": 6
    },
    "2009-12-31": {
        "Diluted EPS": 0.03,
        "Total Revenue": 54,
        "Gross Profit": 23,
        "Operating Income": 3,
        "EBIT": 6,
        "Net Income": 2
    },
    "2009-09-30": {
        "Diluted EPS": -0.2,
        "Total Revenue": 43,
        "Gross Profit": 14,
        "Operating Income": -6,
        "EBIT": -3,
        "Net Income": -8
    },
    "2009-06-30": {
        "Diluted EPS": -0.38,
        "Total Revenue": 32,
        "Gross Profit": 7,
        "Operating Income": -13,
        "EBIT": -12,
        "Net Income": -16
    },
    "2009-03-31": {
        "Diluted EPS": -1.9,
        "Total Revenue": 33,
        "Gross Profit": 6,
        "Operating Income": -81,
        "EBIT": -15,
        "Net Income": -80
    },
    "2023-06-30": {
        "Tax Effect Of Unusual Items": NaN,
        "Tax Rate For Calcs": NaN,
        "Normalized EBITDA": NaN,
        "Total Unusual Items": NaN,
        "Total Unusual Items Excluding Goodwill": NaN,
        "Net Income From Continuing Operation Net Minority Interest": NaN,
        "Reconciled Depreciation": NaN,
        "Reconciled Cost Of Revenue": NaN,
        "EBITDA": NaN,
        "EBIT": NaN,
        "Net Interest Income": 1443000.0,
        "Interest Expense": 2858000.0,
        "Interest Income": 4301000.0,
        "Normalized Income": NaN,
        "Net Income From Continuing And Discontinued Operation": NaN,
        "Total Expenses": NaN,
        "Total Operating Income As Reported": NaN,
        "Diluted Average Shares": NaN,
        "Basic Average Shares": NaN,
        "Diluted EPS": NaN,
        "Basic EPS": NaN,
        "Diluted NI Availto Com Stockholders": NaN,
        "Net Income Common Stockholders": NaN,
        "Net Income": NaN,
        "Minority Interests": 0.0,
        "Net Income Including Noncontrolling Interests": NaN,
        "Net Income Discontinuous Operations": NaN,
        "Net Income Continuous Operations": NaN,
        "Tax Provision": NaN,
        "Pretax Income": NaN,
        "Other Income Expense": NaN,
        "Other Non Operating Income Expenses": NaN,
        "Special Income Charges": NaN,
        "Other Special Charges": NaN,
        "Restructuring And Mergern Acquisition": 3154000.0,
        "Net Non Operating Interest Income Expense": 1443000.0,
        "Interest Expense Non Operating": 2858000.0,
        "Interest Income Non Operating": 4301000.0,
        "Operating Income": NaN,
        "Operating Expense": NaN,
        "Depreciation Amortization Depletion Income Statement": NaN,
        "Depreciation And Amortization In Income Statement": NaN,
        "Amortization": NaN,
        "Amortization Of Intangibles Income Statement": NaN,
        "Research And Development": NaN,
        "Selling General And Administration": NaN,
        "Gross Profit": NaN,
        "Cost Of Revenue": NaN,
        "Total Revenue": NaN,
        "Operating Revenue": NaN
    },
    "2023-09-30": {
        "Tax Effect Of Unusual Items": -117725.0,
        "Tax Rate For Calcs": 0.025,
        "Normalized EBITDA": 59812000.0,
        "Total Unusual Items": -4709000.0,
        "Total Unusual Items Excluding Goodwill": -4709000.0,
        "Net Income From Continuing Operation Net Minority Interest": 33651000.0,
        "Reconciled Depreciation": 16798000.0,
        "Reconciled Cost Of Revenue": 252901000.0,
        "EBITDA": 55103000.0,
        "EBIT": 38305000.0,
        "Net Interest Income": 2616000.0,
        "Interest Expense": 3780000.0,
        "Interest Income": 6396000.0,
        "Normalized Income": 38242275.0,
        "Net Income From Continuing And Discontinued Operation": 32721000.0,
        "Total Expenses": 375221000.0,
        "Total Operating Income As Reported": 30061000.0,
        "Diluted Average Shares": 37854000.0,
        "Basic Average Shares": 37575000.0,
        "Diluted EPS": 0.86,
        "Basic EPS": 0.87,
        "Diluted NI Availto Com Stockholders": 32721000.0,
        "Net Income Common Stockholders": 32721000.0,
        "Net Income": 32721000.0,
        "Minority Interests": 0.0,
        "Net Income Including Noncontrolling Interests": 32721000.0,
        "Net Income Discontinuous Operations": -930000.0,
        "Net Income Continuous Operations": 33651000.0,
        "Tax Provision": 874000.0,
        "Pretax Income": 34525000.0,
        "Other Income Expense": -2861000.0,
        "Other Non Operating Income Expenses": 1848000.0,
        "Special Income Charges": -4709000.0,
        "Other Special Charges": NaN,
        "Restructuring And Mergern Acquisition": 4709000.0,
        "Net Non Operating Interest Income Expense": 2616000.0,
        "Interest Expense Non Operating": 3780000.0,
        "Interest Income Non Operating": 6396000.0,
        "Operating Income": 34770000.0,
        "Operating Expense": 112571000.0,
        "Depreciation Amortization Depletion Income Statement": 7049000.0,
        "Depreciation And Amortization In Income Statement": 7049000.0,
        "Amortization": 7049000.0,
        "Amortization Of Intangibles Income Statement": 7049000.0,
        "Research And Development": 50391000.0,
        "Selling General And Administration": 55131000.0,
        "Gross Profit": 147341000.0,
        "Cost Of Revenue": 262650000.0,
        "Total Revenue": 409991000.0,
        "Operating Revenue": 409991000.0
    },
    "2023-12-31": {
        "Tax Effect Of Unusual Items": -3794910.0,
        "Tax Rate For Calcs": 0.21,
        "Normalized EBITDA": 65037000.0,
        "Total Unusual Items": -18071000.0,
        "Total Unusual Items Excluding Goodwill": -18071000.0,
        "Net Income From Continuing Operation Net Minority Interest": 37891000.0,
        "Reconciled Depreciation": 16769000.0,
        "Reconciled Cost Of Revenue": 252704000.0,
        "EBITDA": 46966000.0,
        "EBIT": 30197000.0,
        "Net Interest Income": NaN,
        "Interest Expense": NaN,
        "Interest Income": NaN,
        "Normalized Income": 52167090.0,
        "Net Income From Continuing And Discontinued Operation": 37502000.0,
        "Total Expenses": 373430000.0,
        "Total Operating Income As Reported": 13770000.0,
        "Diluted Average Shares": 37585000.0,
        "Basic Average Shares": 37297000.0,
        "Diluted EPS": 1.0,
        "Basic EPS": 1.01,
        "Diluted NI Availto Com Stockholders": 37502000.0,
        "Net Income Common Stockholders": 37502000.0,
        "Net Income": 37502000.0,
        "Minority Interests": 0.0,
        "Net Income Including Noncontrolling Interests": 37502000.0,
        "Net Income Discontinuous Operations": -389000.0,
        "Net Income Continuous Operations": 37891000.0,
        "Tax Provision": -21693000.0,
        "Pretax Income": 16198000.0,
        "Other Income Expense": -26169000.0,
        "Other Non Operating Income Expenses": -8098000.0,
        "Special Income Charges": -18071000.0,
        "Other Special Charges": NaN,
        "Restructuring And Mergern Acquisition": 16228000.0,
        "Net Non Operating Interest Income Expense": NaN,
        "Interest Expense Non Operating": NaN,
        "Interest Income Non Operating": NaN,
        "Operating Income": 31841000.0,
        "Operating Expense": 111025000.0,
        "Depreciation Amortization Depletion Income Statement": 7068000.0,
        "Depreciation And Amortization In Income Statement": 7068000.0,
        "Amortization": 7068000.0,
        "Amortization Of Intangibles Income Statement": 7068000.0,
        "Research And Development": 49025000.0,
        "Selling General And Administration": 54932000.0,
        "Gross Profit": 142866000.0,
        "Cost Of Revenue": 262405000.0,
        "Total Revenue": 405271000.0,
        "Operating Revenue": 405271000.0
    },
    "2024-03-31": {
        "Tax Effect Of Unusual Items": -57820.0,
        "Tax Rate For Calcs": 0.236,
        "Normalized EBITDA": 31898000.0,
        "Total Unusual Items": -245000.0,
        "Total Unusual Items Excluding Goodwill": -245000.0,
        "Net Income From Continuing Operation Net Minority Interest": 5787000.0,
        "Reconciled Depreciation": 16952000.0,
        "Reconciled Cost Of Revenue": 204641000.0,
        "EBITDA": 31653000.0,
        "EBIT": 14701000.0,
        "Net Interest Income": 5518000.0,
        "Interest Expense": 7127000.0,
        "Interest Income": 12645000.0,
        "Normalized Income": 5974180.0,
        "Net Income From Continuing And Discontinued Operation": 5216000.0,
        "Total Expenses": 326553000.0,
        "Total Operating Income As Reported": 677000.0,
        "Diluted Average Shares": 37687000.0,
        "Basic Average Shares": 37359000.0,
        "Diluted EPS": 0.14,
        "Basic EPS": 0.14,
        "Diluted NI Availto Com Stockholders": 5216000.0,
        "Net Income Common Stockholders": 5216000.0,
        "Net Income": 5216000.0,
        "Minority Interests": NaN,
        "Net Income Including Noncontrolling Interests": 5216000.0,
        "Net Income Discontinuous Operations": -571000.0,
        "Net Income Continuous Operations": 5787000.0,
        "Tax Provision": 1787000.0,
        "Pretax Income": 7574000.0,
        "Other Income Expense": 1134000.0,
        "Other Non Operating Income Expenses": 1379000.0,
        "Special Income Charges": -245000.0,
        "Other Special Charges": NaN,
        "Restructuring And Mergern Acquisition": NaN,
        "Net Non Operating Interest Income Expense": 5518000.0,
        "Interest Expense Non Operating": 7127000.0,
        "Interest Income Non Operating": 12645000.0,
        "Operating Income": 922000.0,
        "Operating Expense": 111907000.0,
        "Depreciation Amortization Depletion Income Statement": 6947000.0,
        "Depreciation And Amortization In Income Statement": 6947000.0,
        "Amortization": 6947000.0,
        "Amortization Of Intangibles Income Statement": 6947000.0,
        "Research And Development": 49836000.0,
        "Selling General And Administration": 55124000.0,
        "Gross Profit": 112829000.0,
        "Cost Of Revenue": 214646000.0,
        "Total Revenue": 327475000.0,
        "Operating Revenue": 327475000.0
    },
    "2024-06-30": {
        "Tax Effect Of Unusual Items": -105625.0,
        "Tax Rate For Calcs": 0.169,
        "Normalized EBITDA": 43316000.0,
        "Total Unusual Items": -625000.0,
        "Total Unusual Items Excluding Goodwill": -625000.0,
        "Net Income From Continuing Operation Net Minority Interest": 15604000.0,
        "Reconciled Depreciation": 16966000.0,
        "Reconciled Cost Of Revenue": 227040000.0,
        "EBITDA": 42691000.0,
        "EBIT": 25725000.0,
        "Net Interest Income": 5163000.0,
        "Interest Expense": 6956000.0,
        "Interest Income": 12119000.0,
        "Normalized Income": 16123375.0,
        "Net Income From Continuing And Discontinued Operation": 15029000.0,
        "Total Expenses": 351354000.0,
        "Total Operating Income As Reported": 12968000.0,
        "Diluted Average Shares": 37777000.0,
        "Basic Average Shares": 37474000.0,
        "Diluted EPS": 0.4,
        "Basic EPS": 0.4,
        "Diluted NI Availto Com Stockholders": 15029000.0,
        "Net Income Common Stockholders": 15029000.0,
        "Net Income": 15029000.0,
        "Minority Interests": NaN,
        "Net Income Including Noncontrolling Interests": 15029000.0,
        "Net Income Discontinuous Operations": -575000.0,
        "Net Income Continuous Operations": 15604000.0,
        "Tax Provision": 3165000.0,
        "Pretax Income": 18769000.0,
        "Other Income Expense": 13000.0,
        "Other Non Operating Income Expenses": 638000.0,
        "Special Income Charges": -625000.0,
        "Other Special Charges": 541000.0,
        "Restructuring And Mergern Acquisition": 84000.0,
        "Net Non Operating Interest Income Expense": 5163000.0,
        "Interest Expense Non Operating": 6956000.0,
        "Interest Income Non Operating": 12119000.0,
        "Operating Income": 13593000.0,
        "Operating Expense": 114148000.0,
        "Depreciation Amortization Depletion Income Statement": 6800000.0,
        "Depreciation And Amortization In Income Statement": 6800000.0,
        "Amortization": 6800000.0,
        "Amortization Of Intangibles Income Statement": 6800000.0,
        "Research And Development": 52335000.0,
        "Selling General And Administration": 55013000.0,
        "Gross Profit": 127741000.0,
        "Cost Of Revenue": 237206000.0,
        "Total Revenue": 364947000.0,
        "Operating Revenue": 364947000.0
    },
    "2024-09-30": {
        "Tax Effect Of Unusual Items": -770742.0,
        "Tax Rate For Calcs": 0.027,
        "Normalized EBITDA": 38283000.0,
        "Total Unusual Items": -28546000.0,
        "Total Unusual Items Excluding Goodwill": -28546000.0,
        "Net Income From Continuing Operation Net Minority Interest": -14147000.0,
        "Reconciled Depreciation": 17906000.0,
        "Reconciled Cost Of Revenue": 229015000.0,
        "EBITDA": 9737000.0,
        "EBIT": -8169000.0,
        "Net Interest Income": 4640000.0,
        "Interest Expense": 6378000.0,
        "Interest Income": 11018000.0,
        "Normalized Income": 13628258.0,
        "Net Income From Continuing And Discontinued Operation": -14905000.0,
        "Total Expenses": 356719000.0,
        "Total Operating Income As Reported": -11048000.0,
        "Diluted Average Shares": 37532000.0,
        "Basic Average Shares": 37532000.0,
        "Diluted EPS": -0.4,
        "Basic EPS": -0.4,
        "Diluted NI Availto Com Stockholders": -14905000.0,
        "Net Income Common Stockholders": -14905000.0,
        "Net Income": -14905000.0,
        "Minority Interests": NaN,
        "Net Income Including Noncontrolling Interests": -14905000.0,
        "Net Income Discontinuous Operations": -758000.0,
        "Net Income Continuous Operations": -14147000.0,
        "Tax Provision": -400000.0,
        "Pretax Income": -14547000.0,
        "Other Income Expense": -36685000.0,
        "Other Non Operating Income Expenses": -8139000.0,
        "Special Income Charges": -28546000.0,
        "Other Special Charges": 756000.0,
        "Restructuring And Mergern Acquisition": 27790000.0,
        "Net Non Operating Interest Income Expense": 4640000.0,
        "Interest Expense Non Operating": 6378000.0,
        "Interest Income Non Operating": 11018000.0,
        "Operating Income": 17498000.0,
        "Operating Expense": 116570000.0,
        "Depreciation Amortization Depletion Income Statement": 6772000.0,
        "Depreciation And Amortization In Income Statement": 6772000.0,
        "Amortization": 6772000.0,
        "Amortization Of Intangibles Income Statement": 6772000.0,
        "Research And Development": 53561000.0,
        "Selling General And Administration": 56237000.0,
        "Gross Profit": 134068000.0,
        "Cost Of Revenue": 240149000.0,
        "Total Revenue": 374217000.0,
        "Operating Revenue": 374217000.0
    }
}