{
    "2024-03-31": {
        "Tax Effect Of Unusual Items": 0.0,
        "Tax Rate For Calcs": 0.0,
        "Normalized EBITDA": 97233000.0,
        "Total Unusual Items": -107589000.0,
        "Total Unusual Items Excluding Goodwill": -107589000.0,
        "Net Income From Continuing Operation Net Minority Interest": -118018000.0,
        "Reconciled Depreciation": 25000.0,
        "EBITDA": -10356000.0,
        "EBIT": -10381000.0,
        "Normalized Income": -10429000.0,
        "Net Income From Continuing And Discontinued Operation": -118018000.0,
        "Total Expenses": 10381000.0,
        "Total Operating Income As Reported": -74150000.0,
        "Diluted Average Shares": 517612.0,
        "Basic Average Shares": 517612.0,
        "Diluted EPS": -228.24,
        "Basic EPS": -228.24,
        "Diluted NI Availto Com Stockholders": -118018000.0,
        "Net Income Common Stockholders": -118018000.0,
        "Net Income": -118018000.0,
        "Net Income Including Noncontrolling Interests": -118018000.0,
        "Net Income Continuous Operations": -118018000.0,
        "Tax Provision": 0.0,
        "Pretax Income": -118018000.0,
        "Other Income Expense": -107637000.0,
        "Other Non Operating Income Expenses": -48000.0,
        "Special Income Charges": -63769000.0,
        "Restructuring And Mergern Acquisition": 63769000.0,
        "Gain On Sale Of Security": -43820000.0,
        "Operating Income": -10381000.0,
        "Operating Expense": 10381000.0,
        "Research And Development": 5732000.0,
        "Selling General And Administration": 4649000.0,
        "Total Revenue": 0.0,
        "Operating Revenue": 0.0
    },
    "2023-03-31": {
        "Tax Effect Of Unusual Items": 0.0,
        "Tax Rate For Calcs": 0.0,
        "Normalized EBITDA": -13021000.0,
        "Total Unusual Items": 0.0,
        "Total Unusual Items Excluding Goodwill": 0.0,
        "Net Income From Continuing Operation Net Minority Interest": -17639000.0,
        "Reconciled Depreciation": 25000.0,
        "EBITDA": -13021000.0,
        "EBIT": -13046000.0,
        "Normalized Income": -17639000.0,
        "Net Income From Continuing And Discontinued Operation": -17639000.0,
        "Total Expenses": 13046000.0,
        "Total Operating Income As Reported": -13046000.0,
        "Diluted Average Shares": 21996103.0,
        "Basic Average Shares": 21996103.0,
        "Diluted EPS": -0.801915,
        "Basic EPS": -0.801915,
        "Diluted NI Availto Com Stockholders": -17639000.0,
        "Net Income Common Stockholders": -17639000.0,
        "Net Income": -17639000.0,
        "Net Income Including Noncontrolling Interests": -17639000.0,
        "Net Income Continuous Operations": -17639000.0,
        "Tax Provision": 0.0,
        "Pretax Income": -17639000.0,
        "Other Income Expense": -4593000.0,
        "Other Non Operating Income Expenses": -4593000.0,
        "Special Income Charges": 0.0,
        "Restructuring And Mergern Acquisition": 0.0,
        "Gain On Sale Of Security": NaN,
        "Operating Income": -13046000.0,
        "Operating Expense": 13046000.0,
        "Research And Development": 9205000.0,
        "Selling General And Administration": 3841000.0,
        "Total Revenue": 0.0,
        "Operating Revenue": 0.0
    },
    "2022-12-31": {
        "Tax Effect Of Unusual Items": 0.0,
        "Tax Rate For Calcs": 0.0,
        "Normalized EBITDA": -15001000.0,
        "Total Unusual Items": 0.0,
        "Total Unusual Items Excluding Goodwill": 0.0,
        "Net Income From Continuing Operation Net Minority Interest": -34563000.0,
        "Reconciled Depreciation": 32000.0,
        "EBITDA": -15001000.0,
        "EBIT": -15033000.0,
        "Normalized Income": -34563000.0,
        "Net Income From Continuing And Discontinued Operation": -34563000.0,
        "Total Expenses": 15033000.0,
        "Total Operating Income As Reported": -15033000.0,
        "Diluted Average Shares": NaN,
        "Basic Average Shares": NaN,
        "Diluted EPS": NaN,
        "Basic EPS": NaN,
        "Diluted NI Availto Com Stockholders": -34563000.0,
        "Net Income Common Stockholders": -34563000.0,
        "Net Income": -34563000.0,
        "Net Income Including Noncontrolling Interests": -34563000.0,
        "Net Income Continuous Operations": -34563000.0,
        "Tax Provision": 0.0,
        "Pretax Income": -34563000.0,
        "Other Income Expense": -19530000.0,
        "Other Non Operating Income Expenses": -19530000.0,
        "Special Income Charges": 0.0,
        "Restructuring And Mergern Acquisition": NaN,
        "Gain On Sale Of Security": NaN,
        "Operating Income": -15033000.0,
        "Operating Expense": 15033000.0,
        "Research And Development": 9529000.0,
        "Selling General And Administration": 5504000.0,
        "Total Revenue": 0.0,
        "Operating Revenue": 0.0
    },
    "2022-09-30": {
        "Tax Effect Of Unusual Items": 0.0,
        "Tax Rate For Calcs": 0.0,
        "Normalized EBITDA": -9913000.0,
        "Total Unusual Items": 0.0,
        "Total Unusual Items Excluding Goodwill": 0.0,
        "Net Income From Continuing Operation Net Minority Interest": -10438000.0,
        "Reconciled Depreciation": NaN,
        "EBITDA": -9913000.0,
        "EBIT": -9913000.0,
        "Normalized Income": -10438000.0,
        "Net Income From Continuing And Discontinued Operation": -10438000.0,
        "Total Expenses": 9913000.0,
        "Total Operating Income As Reported": -9913000.0,
        "Diluted Average Shares": 21996103.0,
        "Basic Average Shares": 21996103.0,
        "Diluted EPS": -0.474539,
        "Basic EPS": -0.474539,
        "Diluted NI Availto Com Stockholders": -10438000.0,
        "Net Income Common Stockholders": -10438000.0,
        "Net Income": -10438000.0,
        "Net Income Including Noncontrolling Interests": -10438000.0,
        "Net Income Continuous Operations": -10438000.0,
        "Tax Provision": 0.0,
        "Pretax Income": -10438000.0,
        "Other Income Expense": -525000.0,
        "Other Non Operating Income Expenses": -525000.0,
        "Special Income Charges": 0.0,
        "Restructuring And Mergern Acquisition": 0.0,
        "Gain On Sale Of Security": NaN,
        "Operating Income": -9913000.0,
        "Operating Expense": 9913000.0,
        "Research And Development": 7477000.0,
        "Selling General And Administration": 2436000.0,
        "Total Revenue": 0.0,
        "Operating Revenue": 0.0
    },
    "2024-06-30": {
        "Tax Effect Of Unusual Items": 0.0,
        "Tax Rate For Calcs": 0.0,
        "Normalized EBITDA": -177779000.0,
        "Total Unusual Items": 170043000.0,
        "Total Unusual Items Excluding Goodwill": 170043000.0,
        "Net Income From Continuing Operation Net Minority Interest": 164112000.0,
        "Reconciled Depreciation": 24000.0,
        "EBITDA": -7736000.0,
        "EBIT": -7760000.0,
        "Normalized Income": -5931000.0,
        "Net Income From Continuing And Discontinued Operation": 164112000.0,
        "Total Expenses": 7760000.0,
        "Total Operating Income As Reported": 153473000.0,
        "Diluted Average Shares": 539494.0,
        "Basic Average Shares": 539494.0,
        "Diluted EPS": 303.84,
        "Basic EPS": 303.84,
        "Diluted NI Availto Com Stockholders": 164112000.0,
        "Net Income Common Stockholders": 164112000.0,
        "Net Income": 164112000.0,
        "Net Income Including Noncontrolling Interests": 164112000.0,
        "Net Income Continuous Operations": 164112000.0,
        "Tax Provision": 0.0,
        "Pretax Income": 164112000.0,
        "Other Income Expense": 171872000.0,
        "Other Non Operating Income Expenses": 1829000.0,
        "Special Income Charges": 161233000.0,
        "Restructuring And Mergern Acquisition": -161233000.0,
        "Gain On Sale Of Security": 8810000.0,
        "Operating Income": -7760000.0,
        "Operating Expense": 7760000.0,
        "Research And Development": 4439000.0,
        "Selling General And Administration": 3321000.0,
        "Total Revenue": 0.0,
        "Operating Revenue": 0.0
    },
    "2023-06-30": {
        "Tax Effect Of Unusual Items": 0.0,
        "Tax Rate For Calcs": 0.0,
        "Normalized EBITDA": -13948000.0,
        "Total Unusual Items": 0.0,
        "Total Unusual Items Excluding Goodwill": 0.0,
        "Net Income From Continuing Operation Net Minority Interest": -15379000.0,
        "Reconciled Depreciation": 23000.0,
        "EBITDA": -13948000.0,
        "EBIT": -13971000.0,
        "Normalized Income": -15379000.0,
        "Net Income From Continuing And Discontinued Operation": -15379000.0,
        "Total Expenses": 13971000.0,
        "Total Operating Income As Reported": -13971000.0,
        "Diluted Average Shares": 380982.0,
        "Basic Average Shares": 380982.0,
        "Diluted EPS": -40.366736,
        "Basic EPS": -40.366736,
        "Diluted NI Availto Com Stockholders": -15379000.0,
        "Net Income Common Stockholders": -15379000.0,
        "Net Income": -15379000.0,
        "Net Income Including Noncontrolling Interests": -15379000.0,
        "Net Income Continuous Operations": -15379000.0,
        "Tax Provision": 0.0,
        "Pretax Income": -15379000.0,
        "Other Income Expense": -1408000.0,
        "Other Non Operating Income Expenses": -1408000.0,
        "Special Income Charges": 0.0,
        "Restructuring And Mergern Acquisition": 0.0,
        "Gain On Sale Of Security": NaN,
        "Operating Income": -13971000.0,
        "Operating Expense": 13971000.0,
        "Research And Development": 9025000.0,
        "Selling General And Administration": 4946000.0,
        "Total Revenue": 0.0,
        "Operating Revenue": 0.0
    },
    "2024-09-30": {
        "Tax Effect Of Unusual Items": 0.0,
        "Tax Rate For Calcs": 0.0,
        "Normalized EBITDA": -3695000.0,
        "Total Unusual Items": -296000.0,
        "Total Unusual Items Excluding Goodwill": -296000.0,
        "Net Income From Continuing Operation Net Minority Interest": -6171000.0,
        "Reconciled Depreciation": 25000.0,
        "EBITDA": -3991000.0,
        "EBIT": -4016000.0,
        "Normalized Income": -5875000.0,
        "Net Income From Continuing And Discontinued Operation": -6171000.0,
        "Total Expenses": 4016000.0,
        "Total Operating Income As Reported": -4016000.0,
        "Diluted Average Shares": NaN,
        "Basic Average Shares": NaN,
        "Diluted EPS": NaN,
        "Basic EPS": NaN,
        "Diluted NI Availto Com Stockholders": -6171000.0,
        "Net Income Common Stockholders": -6171000.0,
        "Net Income": -6171000.0,
        "Net Income Including Noncontrolling Interests": -6171000.0,
        "Net Income Continuous Operations": -6171000.0,
        "Tax Provision": 0.0,
        "Pretax Income": -6171000.0,
        "Other Income Expense": -2155000.0,
        "Other Non Operating Income Expenses": -1859000.0,
        "Special Income Charges": 0.0,
        "Restructuring And Mergern Acquisition": 0.0,
        "Gain On Sale Of Security": -296000.0,
        "Operating Income": -4016000.0,
        "Operating Expense": 4016000.0,
        "Research And Development": 972000.0,
        "Selling General And Administration": 3044000.0,
        "Total Revenue": 0.0,
        "Operating Revenue": 0.0
    },
    "2024-12-31": {
        "Tax Effect Of Unusual Items": 0.0,
        "Tax Rate For Calcs": 0.0,
        "Normalized EBITDA": -9909000.0,
        "Total Unusual Items": 4266000.0,
        "Total Unusual Items Excluding Goodwill": 4266000.0,
        "Net Income From Continuing Operation Net Minority Interest": 2082000.0,
        "Reconciled Depreciation": 23000.0,
        "EBITDA": -5643000.0,
        "EBIT": -5666000.0,
        "Normalized Income": -2184000.0,
        "Net Income From Continuing And Discontinued Operation": 2082000.0,
        "Total Expenses": 5666000.0,
        "Total Operating Income As Reported": -2321000.0,
        "Diluted Average Shares": NaN,
        "Basic Average Shares": NaN,
        "Diluted EPS": NaN,
        "Basic EPS": NaN,
        "Diluted NI Availto Com Stockholders": 2082000.0,
        "Net Income Common Stockholders": 2082000.0,
        "Net Income": 2082000.0,
        "Net Income Including Noncontrolling Interests": 2082000.0,
        "Net Income Continuous Operations": 2082000.0,
        "Tax Provision": 0.0,
        "Pretax Income": 2082000.0,
        "Other Income Expense": 7748000.0,
        "Other Non Operating Income Expenses": 3482000.0,
        "Special Income Charges": 3345000.0,
        "Restructuring And Mergern Acquisition": -3345000.0,
        "Gain On Sale Of Security": 921000.0,
        "Operating Income": -5666000.0,
        "Operating Expense": 5666000.0,
        "Research And Development": 3037000.0,
        "Selling General And Administration": 2629000.0,
        "Total Revenue": 0.0,
        "Operating Revenue": 0.0
    }
}