{
    "2023-03-31": {
        "Tax Effect Of Unusual Items": 0.0,
        "Tax Rate For Calcs": 0.0,
        "Normalized EBITDA": -2385000.0,
        "Total Unusual Items": 0.0,
        "Total Unusual Items Excluding Goodwill": 0.0,
        "Net Income From Continuing Operation Net Minority Interest": -2748000.0,
        "Reconciled Depreciation": 249000.0,
        "Reconciled Cost Of Revenue": 11371000.0,
        "EBITDA": -2385000.0,
        "EBIT": -2702000.0,
        "Net Interest Income": -46000.0,
        "Interest Expense": 46000.0,
        "Interest Income": NaN,
        "Normalized Income": -2748000.0,
        "Net Income From Continuing And Discontinued Operation": -2748000.0,
        "Total Expenses": 17273000.0,
        "Total Operating Income As Reported": -2553000.0,
        "Diluted Average Shares": 1327333.0,
        "Basic Average Shares": 1327333.0,
        "Diluted EPS": -2.1,
        "Basic EPS": -2.1,
        "Diluted NI Availto Com Stockholders": -2748000.0,
        "Net Income Common Stockholders": -2748000.0,
        "Net Income": -2748000.0,
        "Net Income Including Noncontrolling Interests": -2748000.0,
        "Net Income Continuous Operations": -2748000.0,
        "Tax Provision": 0.0,
        "Pretax Income": -2748000.0,
        "Other Income Expense": -149000.0,
        "Other Non Operating Income Expenses": -149000.0,
        "Special Income Charges": 0.0,
        "Gain On Sale Of Ppe": 0.0,
        "Net Non Operating Interest Income Expense": -46000.0,
        "Interest Expense Non Operating": 46000.0,
        "Interest Income Non Operating": NaN,
        "Operating Income": -2553000.0,
        "Operating Expense": 5970000.0,
        "Other Operating Expenses": 2047000.0,
        "Depreciation Amortization Depletion Income Statement": 317000.0,
        "Depreciation And Amortization In Income Statement": 317000.0,
        "Selling General And Administration": 3606000.0,
        "Gross Profit": 3417000.0,
        "Cost Of Revenue": 11303000.0,
        "Total Revenue": 14720000.0,
        "Operating Revenue": 14720000.0
    },
    "2022-12-31": {
        "Tax Effect Of Unusual Items": 6090.0,
        "Tax Rate For Calcs": 0.21,
        "Normalized EBITDA": -163000.0,
        "Total Unusual Items": 29000.0,
        "Total Unusual Items Excluding Goodwill": 29000.0,
        "Net Income From Continuing Operation Net Minority Interest": -493000.0,
        "Reconciled Depreciation": 244000.0,
        "Reconciled Cost Of Revenue": 14278000.0,
        "EBITDA": -134000.0,
        "EBIT": -443000.0,
        "Net Interest Income": -42000.0,
        "Interest Expense": 42000.0,
        "Interest Income": 0.0,
        "Normalized Income": -515910.0,
        "Net Income From Continuing And Discontinued Operation": -493000.0,
        "Total Expenses": 19879000.0,
        "Total Operating Income As Reported": -296000.0,
        "Diluted Average Shares": 1402391.0,
        "Basic Average Shares": 1402391.0,
        "Diluted EPS": -0.4,
        "Basic EPS": -0.4,
        "Diluted NI Availto Com Stockholders": -493000.0,
        "Net Income Common Stockholders": -493000.0,
        "Net Income": -493000.0,
        "Net Income Including Noncontrolling Interests": -493000.0,
        "Net Income Continuous Operations": -493000.0,
        "Tax Provision": 8000.0,
        "Pretax Income": -485000.0,
        "Other Income Expense": -118000.0,
        "Other Non Operating Income Expenses": -147000.0,
        "Special Income Charges": 29000.0,
        "Gain On Sale Of Ppe": 29000.0,
        "Net Non Operating Interest Income Expense": -42000.0,
        "Interest Expense Non Operating": 42000.0,
        "Interest Income Non Operating": 0.0,
        "Operating Income": -325000.0,
        "Operating Expense": 5666000.0,
        "Other Operating Expenses": 2245000.0,
        "Depreciation Amortization Depletion Income Statement": 309000.0,
        "Depreciation And Amortization In Income Statement": 309000.0,
        "Selling General And Administration": 3112000.0,
        "Gross Profit": 5341000.0,
        "Cost Of Revenue": 14213000.0,
        "Total Revenue": 19554000.0,
        "Operating Revenue": 19554000.0
    },
    "2022-09-30": {
        "Tax Effect Of Unusual Items": 0.0,
        "Tax Rate For Calcs": 0.0,
        "Normalized EBITDA": 1503000.0,
        "Total Unusual Items": 311000.0,
        "Total Unusual Items Excluding Goodwill": 311000.0,
        "Net Income From Continuing Operation Net Minority Interest": 1483000.0,
        "Reconciled Depreciation": 295000.0,
        "Reconciled Cost Of Revenue": 17383000.0,
        "EBITDA": 1814000.0,
        "EBIT": 1519000.0,
        "Net Interest Income": -36000.0,
        "Interest Expense": 36000.0,
        "Interest Income": 0.0,
        "Normalized Income": 1172000.0,
        "Net Income From Continuing And Discontinued Operation": 1483000.0,
        "Total Expenses": 24445000.0,
        "Total Operating Income As Reported": 1792000.0,
        "Diluted Average Shares": 1363816.0,
        "Basic Average Shares": 1363816.0,
        "Diluted EPS": 1.1,
        "Basic EPS": 1.1,
        "Diluted NI Availto Com Stockholders": 1483000.0,
        "Net Income Common Stockholders": 1483000.0,
        "Net Income": 1483000.0,
        "Net Income Including Noncontrolling Interests": 1483000.0,
        "Net Income Continuous Operations": 1483000.0,
        "Tax Provision": 0.0,
        "Pretax Income": 1483000.0,
        "Other Income Expense": 38000.0,
        "Other Non Operating Income Expenses": -273000.0,
        "Special Income Charges": 311000.0,
        "Gain On Sale Of Ppe": 311000.0,
        "Net Non Operating Interest Income Expense": -36000.0,
        "Interest Expense Non Operating": 36000.0,
        "Interest Income Non Operating": 0.0,
        "Operating Income": 1481000.0,
        "Operating Expense": 7062000.0,
        "Other Operating Expenses": 2303000.0,
        "Depreciation Amortization Depletion Income Statement": 295000.0,
        "Depreciation And Amortization In Income Statement": 295000.0,
        "Selling General And Administration": 4464000.0,
        "Gross Profit": 8543000.0,
        "Cost Of Revenue": 17383000.0,
        "Total Revenue": 25926000.0,
        "Operating Revenue": 25926000.0
    },
    "2022-06-30": {
        "Tax Effect Of Unusual Items": 0.0,
        "Tax Rate For Calcs": 0.0,
        "Normalized EBITDA": 1225000.0,
        "Total Unusual Items": 0.0,
        "Total Unusual Items Excluding Goodwill": 0.0,
        "Net Income From Continuing Operation Net Minority Interest": 875000.0,
        "Reconciled Depreciation": 131000.0,
        "Reconciled Cost Of Revenue": 19824000.0,
        "EBITDA": 1225000.0,
        "EBIT": 912000.0,
        "Net Interest Income": -37000.0,
        "Interest Expense": 37000.0,
        "Interest Income": 0.0,
        "Normalized Income": 875000.0,
        "Net Income From Continuing And Discontinued Operation": 875000.0,
        "Total Expenses": 26644000.0,
        "Total Operating Income As Reported": 1145000.0,
        "Diluted Average Shares": 13191792.0,
        "Basic Average Shares": 13191792.0,
        "Diluted EPS": 0.07,
        "Basic EPS": 0.07,
        "Diluted NI Availto Com Stockholders": 875000.0,
        "Net Income Common Stockholders": 875000.0,
        "Net Income": 875000.0,
        "Net Income Including Noncontrolling Interests": 875000.0,
        "Net Income Continuous Operations": 875000.0,
        "Tax Provision": 0.0,
        "Pretax Income": 875000.0,
        "Other Income Expense": -233000.0,
        "Other Non Operating Income Expenses": -233000.0,
        "Special Income Charges": 0.0,
        "Gain On Sale Of Ppe": 0.0,
        "Net Non Operating Interest Income Expense": -37000.0,
        "Interest Expense Non Operating": 37000.0,
        "Interest Income Non Operating": 0.0,
        "Operating Income": 1145000.0,
        "Operating Expense": 7002000.0,
        "Other Operating Expenses": 2544000.0,
        "Depreciation Amortization Depletion Income Statement": 313000.0,
        "Depreciation And Amortization In Income Statement": 313000.0,
        "Selling General And Administration": 4145000.0,
        "Gross Profit": 8147000.0,
        "Cost Of Revenue": 19642000.0,
        "Total Revenue": 27789000.0,
        "Operating Revenue": 27789000.0
    },
    "2022-03-31": {
        "Diluted EPS": -0.11,
        "Total Revenue": 24,
        "Gross Profit": 6,
        "Operating Income": -1,
        "EBIT": -1,
        "Net Income": -1
    },
    "2021-12-31": {
        "Diluted EPS": -0.16,
        "Total Revenue": 19,
        "Gross Profit": 5,
        "Operating Income": -2,
        "EBIT": -2,
        "Net Income": -2
    },
    "2021-09-30": {
        "Diluted EPS": 0.05,
        "Total Revenue": 20,
        "Gross Profit": 5,
        "Operating Income": -2,
        "EBIT": -2,
        "Net Income": 1
    },
    "2021-06-30": {
        "Diluted EPS": -0.17,
        "Total Revenue": 17,
        "Gross Profit": 4,
        "Operating Income": -2,
        "EBIT": -2,
        "Net Income": -2
    },
    "2021-03-31": {
        "Diluted EPS": -0.25,
        "Total Revenue": 13,
        "Gross Profit": 3,
        "Operating Income": -3,
        "EBIT": -3,
        "Net Income": -3
    },
    "2020-12-31": {
        "Diluted EPS": -0.16,
        "Total Revenue": 13,
        "Gross Profit": 4,
        "Operating Income": 13,
        "EBIT": 13,
        "Net Income": -2
    },
    "2020-09-30": {
        "Diluted EPS": 0.0,
        "Total Revenue": NaN,
        "Gross Profit": NaN,
        "Operating Income": NaN,
        "EBIT": NaN,
        "Net Income": NaN
    },
    "2020-06-30": {
        "Diluted EPS": 0.0,
        "Total Revenue": 12,
        "Gross Profit": 4,
        "Operating Income": -1,
        "EBIT": -1,
        "Net Income": 0
    },
    "2020-03-31": {
        "Diluted EPS": -1.41,
        "Total Revenue": 12,
        "Gross Profit": 0,
        "Operating Income": -15,
        "EBIT": -5,
        "Net Income": -15
    },
    "2019-12-31": {
        "Diluted EPS": -0.17,
        "Total Revenue": 14,
        "Gross Profit": 4,
        "Operating Income": 14,
        "EBIT": 14,
        "Net Income": -2
    },
    "2019-09-30": {
        "Diluted EPS": 0.0,
        "Total Revenue": NaN,
        "Gross Profit": NaN,
        "Operating Income": NaN,
        "EBIT": NaN,
        "Net Income": NaN
    },
    "2019-06-30": {
        "Diluted EPS": -0.14,
        "Total Revenue": 18,
        "Gross Profit": 5,
        "Operating Income": 0,
        "EBIT": 0,
        "Net Income": -1
    },
    "2019-03-31": {
        "Diluted EPS": -0.12,
        "Total Revenue": 13,
        "Gross Profit": 3,
        "Operating Income": -1,
        "EBIT": -1,
        "Net Income": -1
    },
    "2018-12-31": {
        "Diluted EPS": -0.1,
        "Total Revenue": NaN,
        "Gross Profit": -5,
        "Operating Income": -1,
        "EBIT": NaN,
        "Net Income": -1
    },
    "2018-09-30": {
        "Diluted EPS": 0.0,
        "Total Revenue": NaN,
        "Gross Profit": NaN,
        "Operating Income": NaN,
        "EBIT": NaN,
        "Net Income": NaN
    },
    "2018-06-30": {
        "Diluted EPS": -0.15,
        "Total Revenue": 8,
        "Gross Profit": 2,
        "Operating Income": -1,
        "EBIT": 0,
        "Net Income": -2
    },
    "2018-03-31": {
        "Diluted EPS": -0.03,
        "Total Revenue": 12,
        "Gross Profit": 3,
        "Operating Income": 0,
        "EBIT": 1,
        "Net Income": 0
    },
    "2017-12-31": {
        "Diluted EPS": -0.07,
        "Total Revenue": 12,
        "Gross Profit": 3,
        "Operating Income": 12,
        "EBIT": 12,
        "Net Income": -1
    },
    "2017-09-30": {
        "Diluted EPS": 0.0,
        "Total Revenue": NaN,
        "Gross Profit": NaN,
        "Operating Income": NaN,
        "EBIT": NaN,
        "Net Income": NaN
    },
    "2017-06-30": {
        "Diluted EPS": -0.01,
        "Total Revenue": 13,
        "Gross Profit": 4,
        "Operating Income": 0,
        "EBIT": 0,
        "Net Income": 0
    },
    "2017-03-31": {
        "Diluted EPS": 0.0,
        "Total Revenue": 11,
        "Gross Profit": 4,
        "Operating Income": 0,
        "EBIT": 1,
        "Net Income": 0
    },
    "2016-12-31": {
        "Diluted EPS": 0.02,
        "Total Revenue": 12,
        "Gross Profit": 4,
        "Operating Income": 12,
        "EBIT": 12,
        "Net Income": 0
    },
    "2016-09-30": {
        "Diluted EPS": 0.0,
        "Total Revenue": NaN,
        "Gross Profit": NaN,
        "Operating Income": NaN,
        "EBIT": NaN,
        "Net Income": NaN
    },
    "2016-06-30": {
        "Diluted EPS": 0.03,
        "Total Revenue": 10,
        "Gross Profit": 3,
        "Operating Income": 0,
        "EBIT": 1,
        "Net Income": 0
    },
    "2016-03-31": {
        "Diluted EPS": 0.01,
        "Total Revenue": 11,
        "Gross Profit": 4,
        "Operating Income": 0,
        "EBIT": 1,
        "Net Income": 0
    },
    "2015-12-31": {
        "Diluted EPS": 0.0,
        "Total Revenue": 8,
        "Gross Profit": 3,
        "Operating Income": 8,
        "EBIT": 8,
        "Net Income": 0
    },
    "2015-09-30": {
        "Diluted EPS": 0.0,
        "Total Revenue": NaN,
        "Gross Profit": NaN,
        "Operating Income": NaN,
        "EBIT": NaN,
        "Net Income": NaN
    },
    "2015-06-30": {
        "Diluted EPS": 0.06,
        "Total Revenue": 12,
        "Gross Profit": 4,
        "Operating Income": 1,
        "EBIT": 1,
        "Net Income": 1
    },
    "2015-03-31": {
        "Diluted EPS": 0.02,
        "Total Revenue": 11,
        "Gross Profit": 4,
        "Operating Income": 0,
        "EBIT": 1,
        "Net Income": 0
    },
    "2014-12-31": {
        "Diluted EPS": 0.04,
        "Total Revenue": 11,
        "Gross Profit": 4,
        "Operating Income": 11,
        "EBIT": 11,
        "Net Income": 0
    },
    "2014-09-30": {
        "Diluted EPS": 0.0,
        "Total Revenue": NaN,
        "Gross Profit": NaN,
        "Operating Income": NaN,
        "EBIT": NaN,
        "Net Income": NaN
    },
    "2014-06-30": {
        "Diluted EPS": 0.01,
        "Total Revenue": 9,
        "Gross Profit": 3,
        "Operating Income": 0,
        "EBIT": 1,
        "Net Income": 0
    },
    "2014-03-31": {
        "Diluted EPS": -0.09,
        "Total Revenue": 8,
        "Gross Profit": 2,
        "Operating Income": 0,
        "EBIT": 0,
        "Net Income": -1
    },
    "2013-12-31": {
        "Diluted EPS": 0.02,
        "Total Revenue": 6,
        "Gross Profit": 2,
        "Operating Income": 6,
        "EBIT": 6,
        "Net Income": 0
    },
    "2013-09-30": {
        "Diluted EPS": 0.0,
        "Total Revenue": NaN,
        "Gross Profit": NaN,
        "Operating Income": NaN,
        "EBIT": NaN,
        "Net Income": NaN
    },
    "2013-06-30": {
        "Diluted EPS": 0.02,
        "Total Revenue": 6,
        "Gross Profit": 2,
        "Operating Income": 0,
        "EBIT": 1,
        "Net Income": 0
    },
    "2013-03-31": {
        "Diluted EPS": 0.03,
        "Total Revenue": 7,
        "Gross Profit": 2,
        "Operating Income": 0,
        "EBIT": 1,
        "Net Income": 0
    },
    "2012-12-31": {
        "Diluted EPS": 0.08,
        "Total Revenue": 10,
        "Gross Profit": 3,
        "Operating Income": 10,
        "EBIT": 10,
        "Net Income": 1
    },
    "2012-09-30": {
        "Diluted EPS": 0.0,
        "Total Revenue": NaN,
        "Gross Profit": NaN,
        "Operating Income": NaN,
        "EBIT": NaN,
        "Net Income": NaN
    },
    "2012-06-30": {
        "Diluted EPS": 0.05,
        "Total Revenue": 8,
        "Gross Profit": 3,
        "Operating Income": 1,
        "EBIT": 1,
        "Net Income": 0
    },
    "2012-03-31": {
        "Diluted EPS": -0.01,
        "Total Revenue": 9,
        "Gross Profit": 3,
        "Operating Income": 1,
        "EBIT": 1,
        "Net Income": 0
    },
    "2011-12-31": {
        "Diluted EPS": 0.04,
        "Total Revenue": 9,
        "Gross Profit": 3,
        "Operating Income": 9,
        "EBIT": 9,
        "Net Income": 0
    },
    "2011-09-30": {
        "Diluted EPS": 0.0,
        "Total Revenue": NaN,
        "Gross Profit": NaN,
        "Operating Income": NaN,
        "EBIT": NaN,
        "Net Income": NaN
    },
    "2011-06-30": {
        "Diluted EPS": 0.05,
        "Total Revenue": 9,
        "Gross Profit": 3,
        "Operating Income": 1,
        "EBIT": 1,
        "Net Income": 0
    },
    "2011-03-31": {
        "Diluted EPS": 0.06,
        "Total Revenue": 9,
        "Gross Profit": 3,
        "Operating Income": 1,
        "EBIT": 1,
        "Net Income": 1
    },
    "2010-12-31": {
        "Diluted EPS": 0.07,
        "Total Revenue": 9,
        "Gross Profit": 3,
        "Operating Income": 9,
        "EBIT": 9,
        "Net Income": 1
    },
    "2010-09-30": {
        "Diluted EPS": 0.0,
        "Total Revenue": NaN,
        "Gross Profit": NaN,
        "Operating Income": NaN,
        "EBIT": NaN,
        "Net Income": NaN
    },
    "2010-06-30": {
        "Diluted EPS": 0.14,
        "Total Revenue": 13,
        "Gross Profit": 4,
        "Operating Income": 2,
        "EBIT": 3,
        "Net Income": 1
    },
    "2010-03-31": {
        "Diluted EPS": 0.11,
        "Total Revenue": 12,
        "Gross Profit": 4,
        "Operating Income": 2,
        "EBIT": 2,
        "Net Income": 1
    },
    "2009-12-31": {
        "Diluted EPS": 0.08,
        "Total Revenue": 10,
        "Gross Profit": 3,
        "Operating Income": 10,
        "EBIT": 10,
        "Net Income": 1
    },
    "2009-09-30": {
        "Diluted EPS": 0.0,
        "Total Revenue": NaN,
        "Gross Profit": NaN,
        "Operating Income": NaN,
        "EBIT": NaN,
        "Net Income": NaN
    },
    "2009-06-30": {
        "Diluted EPS": 0.06,
        "Total Revenue": 9,
        "Gross Profit": 3,
        "Operating Income": 1,
        "EBIT": 1,
        "Net Income": 1
    },
    "2009-03-31": {
        "Diluted EPS": 0.07,
        "Total Revenue": 10,
        "Gross Profit": 3,
        "Operating Income": 1,
        "EBIT": 2,
        "Net Income": 1
    },
    "2023-06-30": {
        "Tax Effect Of Unusual Items": 0.0,
        "Tax Rate For Calcs": 0.21,
        "Normalized EBITDA": -2036000.0,
        "Total Unusual Items": 0.0,
        "Total Unusual Items Excluding Goodwill": 0.0,
        "Net Income From Continuing Operation Net Minority Interest": -2834000.0,
        "Reconciled Depreciation": 448000.0,
        "Reconciled Cost Of Revenue": 8685000.0,
        "EBITDA": -2036000.0,
        "EBIT": -2484000.0,
        "Net Interest Income": -334000.0,
        "Interest Expense": 334000.0,
        "Interest Income": NaN,
        "Normalized Income": -2834000.0,
        "Net Income From Continuing And Discontinued Operation": -2834000.0,
        "Total Expenses": 14388000.0,
        "Total Operating Income As Reported": -2300000.0,
        "Diluted Average Shares": 1399981.0,
        "Basic Average Shares": 1399981.0,
        "Diluted EPS": -2.0,
        "Basic EPS": -2.0,
        "Diluted NI Availto Com Stockholders": -2834000.0,
        "Net Income Common Stockholders": -2834000.0,
        "Net Income": -2834000.0,
        "Net Income Including Noncontrolling Interests": -2834000.0,
        "Net Income Continuous Operations": -2834000.0,
        "Tax Provision": 16000.0,
        "Pretax Income": -2818000.0,
        "Other Income Expense": -184000.0,
        "Other Non Operating Income Expenses": -184000.0,
        "Special Income Charges": 0.0,
        "Gain On Sale Of Ppe": 0.0,
        "Net Non Operating Interest Income Expense": -334000.0,
        "Interest Expense Non Operating": 334000.0,
        "Interest Income Non Operating": NaN,
        "Operating Income": -2300000.0,
        "Operating Expense": 5572000.0,
        "Other Operating Expenses": 1967000.0,
        "Depreciation Amortization Depletion Income Statement": 317000.0,
        "Depreciation And Amortization In Income Statement": 317000.0,
        "Selling General And Administration": 3288000.0,
        "Gross Profit": 3272000.0,
        "Cost Of Revenue": 8816000.0,
        "Total Revenue": 12088000.0,
        "Operating Revenue": 12088000.0
    },
    "2023-09-30": {
        "Tax Effect Of Unusual Items": 0.0,
        "Tax Rate For Calcs": 0.21,
        "Normalized EBITDA": -2079000.0,
        "Total Unusual Items": 0.0,
        "Total Unusual Items Excluding Goodwill": 0.0,
        "Net Income From Continuing Operation Net Minority Interest": -2727000.0,
        "Reconciled Depreciation": 37000.0,
        "Reconciled Cost Of Revenue": 7773000.0,
        "EBITDA": -2079000.0,
        "EBIT": -2387000.0,
        "Net Interest Income": -338000.0,
        "Interest Expense": 338000.0,
        "Interest Income": NaN,
        "Normalized Income": -2727000.0,
        "Net Income From Continuing And Discontinued Operation": -2727000.0,
        "Total Expenses": 12570000.0,
        "Total Operating Income As Reported": -2229000.0,
        "Diluted Average Shares": 1425686.0,
        "Basic Average Shares": 1425686.0,
        "Diluted EPS": -1.9,
        "Basic EPS": -1.9,
        "Diluted NI Availto Com Stockholders": -2727000.0,
        "Net Income Common Stockholders": -2727000.0,
        "Net Income": -2727000.0,
        "Net Income Including Noncontrolling Interests": -2727000.0,
        "Net Income Continuous Operations": -2727000.0,
        "Tax Provision": 2000.0,
        "Pretax Income": -2725000.0,
        "Other Income Expense": -158000.0,
        "Other Non Operating Income Expenses": -158000.0,
        "Special Income Charges": 0.0,
        "Gain On Sale Of Ppe": 0.0,
        "Net Non Operating Interest Income Expense": -338000.0,
        "Interest Expense Non Operating": 338000.0,
        "Interest Income Non Operating": NaN,
        "Operating Income": -2229000.0,
        "Operating Expense": 5068000.0,
        "Other Operating Expenses": 1689000.0,
        "Depreciation Amortization Depletion Income Statement": 308000.0,
        "Depreciation And Amortization In Income Statement": 308000.0,
        "Selling General And Administration": 3071000.0,
        "Gross Profit": 2839000.0,
        "Cost Of Revenue": 7502000.0,
        "Total Revenue": 10341000.0,
        "Operating Revenue": 10341000.0
    }
}