{
    "2023-03-31": {
        "Tax Effect Of Unusual Items": NaN,
        "Tax Rate For Calcs": NaN,
        "Total Unusual Items": NaN,
        "Total Unusual Items Excluding Goodwill": NaN,
        "Net Income From Continuing Operation Net Minority Interest": NaN,
        "Net Interest Income": NaN,
        "Interest Expense": NaN,
        "Interest Income": NaN,
        "Normalized Income": NaN,
        "Net Income From Continuing And Discontinued Operation": NaN,
        "Diluted Average Shares": 20489163.0,
        "Basic Average Shares": 20303797.0,
        "Diluted EPS": 0.49,
        "Basic EPS": 0.49,
        "Diluted NI Availto Com Stockholders": NaN,
        "Net Income Common Stockholders": NaN,
        "Net Income": NaN,
        "Net Income Including Noncontrolling Interests": NaN,
        "Net Income Continuous Operations": NaN,
        "Tax Provision": NaN,
        "Pretax Income": NaN,
        "Special Income Charges": NaN,
        "Gain On Sale Of Security": NaN,
        "Selling General And Administration": NaN,
        "General And Administrative Expense": NaN,
        "Other Gand A": NaN,
        "Salaries And Wages": NaN,
        "Total Revenue": NaN,
        "Operating Revenue": NaN,
        "Professional Expense And Contract Services Expense": NaN,
        "Other Non Interest Expense": NaN
    },
    "2022-12-31": {
        "Tax Effect Of Unusual Items": NaN,
        "Tax Rate For Calcs": NaN,
        "Total Unusual Items": NaN,
        "Total Unusual Items Excluding Goodwill": NaN,
        "Net Income From Continuing Operation Net Minority Interest": NaN,
        "Net Interest Income": NaN,
        "Interest Expense": NaN,
        "Interest Income": NaN,
        "Normalized Income": NaN,
        "Net Income From Continuing And Discontinued Operation": NaN,
        "Diluted Average Shares": 20416172.0,
        "Basic Average Shares": 20300657.0,
        "Diluted EPS": 0.14,
        "Basic EPS": 0.14,
        "Diluted NI Availto Com Stockholders": NaN,
        "Net Income Common Stockholders": NaN,
        "Net Income": NaN,
        "Net Income Including Noncontrolling Interests": NaN,
        "Net Income Continuous Operations": NaN,
        "Tax Provision": NaN,
        "Pretax Income": NaN,
        "Special Income Charges": NaN,
        "Gain On Sale Of Security": NaN,
        "Selling General And Administration": NaN,
        "General And Administrative Expense": NaN,
        "Other Gand A": NaN,
        "Salaries And Wages": NaN,
        "Total Revenue": NaN,
        "Operating Revenue": NaN,
        "Professional Expense And Contract Services Expense": NaN,
        "Other Non Interest Expense": NaN
    },
    "2022-09-30": {
        "Tax Effect Of Unusual Items": 0.0,
        "Tax Rate For Calcs": 0.014352,
        "Total Unusual Items": NaN,
        "Total Unusual Items Excluding Goodwill": NaN,
        "Net Income From Continuing Operation Net Minority Interest": 11480519.0,
        "Net Interest Income": 18141495.0,
        "Interest Expense": 1644088.0,
        "Interest Income": 19785583.0,
        "Normalized Income": 11480519.0,
        "Net Income From Continuing And Discontinued Operation": 11480519.0,
        "Diluted Average Shares": 20112033.0,
        "Basic Average Shares": 20019760.0,
        "Diluted EPS": 0.57,
        "Basic EPS": 0.57,
        "Diluted NI Availto Com Stockholders": 11480519.0,
        "Net Income Common Stockholders": 11480519.0,
        "Net Income": 11480519.0,
        "Net Income Including Noncontrolling Interests": 11480519.0,
        "Net Income Continuous Operations": 11480519.0,
        "Tax Provision": 167164.0,
        "Pretax Income": 11647683.0,
        "Special Income Charges": NaN,
        "Gain On Sale Of Security": 0.0,
        "Selling General And Administration": 1164994.0,
        "General And Administrative Expense": 1164994.0,
        "Other Gand A": 1050932.0,
        "Salaries And Wages": 114062.0,
        "Total Revenue": 17504216.0,
        "Operating Revenue": 17504216.0
    },
    "2022-06-30": {
        "Tax Effect Of Unusual Items": 0.0,
        "Tax Rate For Calcs": 0.014268,
        "Total Unusual Items": NaN,
        "Total Unusual Items Excluding Goodwill": NaN,
        "Net Income From Continuing Operation Net Minority Interest": 11351673.0,
        "Net Interest Income": 19904203.0,
        "Interest Expense": 1747004.0,
        "Interest Income": 21651207.0,
        "Normalized Income": 11351673.0,
        "Net Income From Continuing And Discontinued Operation": 11351673.0,
        "Diluted Average Shares": 19811594.0,
        "Basic Average Shares": 19715749.0,
        "Diluted EPS": 0.57,
        "Basic EPS": 0.57,
        "Diluted NI Availto Com Stockholders": 11351673.0,
        "Net Income Common Stockholders": 11351673.0,
        "Net Income": 11351673.0,
        "Net Income Including Noncontrolling Interests": 11351673.0,
        "Net Income Continuous Operations": 11351673.0,
        "Tax Provision": 164315.0,
        "Pretax Income": 11515988.0,
        "Special Income Charges": NaN,
        "Gain On Sale Of Security": 0.0,
        "Selling General And Administration": 1294834.0,
        "General And Administrative Expense": 1294834.0,
        "Other Gand A": 1177437.0,
        "Salaries And Wages": 117397.0,
        "Total Revenue": 18898749.0,
        "Operating Revenue": 18898749.0
    },
    "2022-03-31": {
        "Diluted EPS": 0.52,
        "Total Revenue": 17,
        "Gross Profit": 17,
        "Operating Income": 11,
        "EBIT": 11,
        "Net Income": 10
    },
    "2021-12-31": {
        "Diluted EPS": 0.52,
        "Total Revenue": 13,
        "Gross Profit": 13,
        "Operating Income": 8,
        "EBIT": 8,
        "Net Income": 7
    },
    "2021-09-30": {
        "Diluted EPS": 0.47,
        "Total Revenue": 11,
        "Gross Profit": 11,
        "Operating Income": 7,
        "EBIT": 7,
        "Net Income": 8
    },
    "2021-06-30": {
        "Diluted EPS": 0.34,
        "Total Revenue": 9,
        "Gross Profit": 9,
        "Operating Income": 6,
        "EBIT": 6,
        "Net Income": 5
    },
    "2021-03-31": {
        "Diluted EPS": 0.19,
        "Total Revenue": 5,
        "Gross Profit": 5,
        "Operating Income": 2,
        "EBIT": 2,
        "Net Income": 1
    },
    "2020-12-31": {
        "Diluted EPS": 0.0,
        "Total Revenue": NaN,
        "Gross Profit": NaN,
        "Operating Income": NaN,
        "EBIT": NaN,
        "Net Income": NaN
    },
    "2020-09-30": {
        "Diluted EPS": 0.39,
        "Total Revenue": 2,
        "Gross Profit": 2,
        "Operating Income": 1,
        "EBIT": 1,
        "Net Income": 2
    },
    "2023-06-30": {
        "Tax Effect Of Unusual Items": NaN,
        "Tax Rate For Calcs": NaN,
        "Total Unusual Items": NaN,
        "Total Unusual Items Excluding Goodwill": NaN,
        "Net Income From Continuing Operation Net Minority Interest": NaN,
        "Net Interest Income": NaN,
        "Interest Expense": NaN,
        "Interest Income": NaN,
        "Normalized Income": NaN,
        "Net Income From Continuing And Discontinued Operation": NaN,
        "Diluted Average Shares": 20322857.0,
        "Basic Average Shares": 20317341.0,
        "Diluted EPS": 0.59,
        "Basic EPS": 0.59,
        "Diluted NI Availto Com Stockholders": NaN,
        "Net Income Common Stockholders": NaN,
        "Net Income": NaN,
        "Net Income Including Noncontrolling Interests": NaN,
        "Net Income Discontinuous Operations": NaN,
        "Net Income Continuous Operations": NaN,
        "Tax Provision": NaN,
        "Pretax Income": NaN,
        "Special Income Charges": NaN,
        "Gain On Sale Of Security": NaN,
        "Selling General And Administration": NaN,
        "General And Administrative Expense": NaN,
        "Other Gand A": NaN,
        "Salaries And Wages": NaN,
        "Total Revenue": NaN,
        "Operating Revenue": NaN,
        "Professional Expense And Contract Services Expense": NaN,
        "Other Non Interest Expense": NaN
    },
    "2023-09-30": {
        "Tax Effect Of Unusual Items": NaN,
        "Tax Rate For Calcs": NaN,
        "Total Unusual Items": NaN,
        "Total Unusual Items Excluding Goodwill": NaN,
        "Net Income From Continuing Operation Net Minority Interest": NaN,
        "Net Interest Income": NaN,
        "Interest Expense": NaN,
        "Interest Income": NaN,
        "Normalized Income": NaN,
        "Net Income From Continuing And Discontinued Operation": NaN,
        "Diluted Average Shares": NaN,
        "Basic Average Shares": NaN,
        "Diluted EPS": NaN,
        "Basic EPS": NaN,
        "Diluted NI Availto Com Stockholders": NaN,
        "Net Income Common Stockholders": NaN,
        "Net Income": NaN,
        "Net Income Including Noncontrolling Interests": NaN,
        "Net Income Discontinuous Operations": 7767.0,
        "Net Income Continuous Operations": NaN,
        "Tax Provision": NaN,
        "Pretax Income": NaN,
        "Special Income Charges": NaN,
        "Gain On Sale Of Security": NaN,
        "Selling General And Administration": NaN,
        "General And Administrative Expense": NaN,
        "Other Gand A": NaN,
        "Salaries And Wages": NaN,
        "Total Revenue": NaN,
        "Operating Revenue": NaN,
        "Professional Expense And Contract Services Expense": NaN,
        "Other Non Interest Expense": NaN
    },
    "2023-12-31": {
        "Tax Effect Of Unusual Items": NaN,
        "Tax Rate For Calcs": NaN,
        "Total Unusual Items": 0.0,
        "Total Unusual Items Excluding Goodwill": 0.0,
        "Net Income From Continuing Operation Net Minority Interest": NaN,
        "Net Interest Income": NaN,
        "Interest Expense": NaN,
        "Interest Income": NaN,
        "Normalized Income": NaN,
        "Net Income From Continuing And Discontinued Operation": NaN,
        "Diluted Average Shares": NaN,
        "Basic Average Shares": NaN,
        "Diluted EPS": NaN,
        "Basic EPS": NaN,
        "Diluted NI Availto Com Stockholders": NaN,
        "Net Income Common Stockholders": NaN,
        "Net Income": NaN,
        "Net Income Including Noncontrolling Interests": NaN,
        "Net Income Discontinuous Operations": NaN,
        "Net Income Continuous Operations": NaN,
        "Tax Provision": NaN,
        "Pretax Income": NaN,
        "Special Income Charges": 0.0,
        "Gain On Sale Of Security": NaN,
        "Selling General And Administration": NaN,
        "General And Administrative Expense": NaN,
        "Other Gand A": NaN,
        "Salaries And Wages": NaN,
        "Total Revenue": NaN,
        "Operating Revenue": NaN,
        "Professional Expense And Contract Services Expense": NaN,
        "Other Non Interest Expense": NaN
    },
    "2024-03-31": {
        "Tax Effect Of Unusual Items": NaN,
        "Tax Rate For Calcs": NaN,
        "Total Unusual Items": 0.0,
        "Total Unusual Items Excluding Goodwill": 0.0,
        "Net Income From Continuing Operation Net Minority Interest": NaN,
        "Net Interest Income": NaN,
        "Interest Expense": NaN,
        "Interest Income": NaN,
        "Normalized Income": NaN,
        "Net Income From Continuing And Discontinued Operation": NaN,
        "Diluted Average Shares": NaN,
        "Basic Average Shares": NaN,
        "Diluted EPS": NaN,
        "Basic EPS": NaN,
        "Diluted NI Availto Com Stockholders": NaN,
        "Net Income Common Stockholders": NaN,
        "Net Income": NaN,
        "Net Income Including Noncontrolling Interests": NaN,
        "Net Income Discontinuous Operations": NaN,
        "Net Income Continuous Operations": NaN,
        "Tax Provision": NaN,
        "Pretax Income": NaN,
        "Special Income Charges": 0.0,
        "Gain On Sale Of Security": NaN,
        "Selling General And Administration": NaN,
        "General And Administrative Expense": NaN,
        "Other Gand A": NaN,
        "Salaries And Wages": NaN,
        "Total Revenue": NaN,
        "Operating Revenue": NaN,
        "Professional Expense And Contract Services Expense": NaN,
        "Other Non Interest Expense": NaN
    },
    "2024-06-30": {
        "Tax Effect Of Unusual Items": 0.0,
        "Tax Rate For Calcs": 0.018459,
        "Total Unusual Items": 0.0,
        "Total Unusual Items Excluding Goodwill": 0.0,
        "Net Income From Continuing Operation Net Minority Interest": 16446121.0,
        "Net Interest Income": 16404670.0,
        "Interest Expense": 1573275.0,
        "Interest Income": 17977945.0,
        "Normalized Income": 15206224.0,
        "Net Income From Continuing And Discontinued Operation": 16446121.0,
        "Diluted Average Shares": 20437799.0,
        "Basic Average Shares": 20400004.0,
        "Diluted EPS": 0.8,
        "Basic EPS": 0.8,
        "Diluted NI Availto Com Stockholders": 16446121.0,
        "Net Income Common Stockholders": 16446121.0,
        "Net Income": 16446121.0,
        "Net Income Including Noncontrolling Interests": 16446121.0,
        "Net Income Discontinuous Operations": 1239897.0,
        "Net Income Continuous Operations": 16446121.0,
        "Tax Provision": 285975.0,
        "Pretax Income": 16732096.0,
        "Special Income Charges": 0.0,
        "Gain On Sale Of Security": 0.0,
        "Selling General And Administration": 1423153.0,
        "General And Administrative Expense": 1402128.0,
        "Other Gand A": 1032785.0,
        "Salaries And Wages": 369343.0,
        "Total Revenue": 16964245.0,
        "Operating Revenue": 16964245.0,
        "Professional Expense And Contract Services Expense": 1014208.0,
        "Other Non Interest Expense": 3985028.0
    },
    "2024-09-30": {
        "Tax Effect Of Unusual Items": 0.0,
        "Tax Rate For Calcs": 0.240801,
        "Total Unusual Items": 0.0,
        "Total Unusual Items Excluding Goodwill": 0.0,
        "Net Income From Continuing Operation Net Minority Interest": 1217790.0,
        "Net Interest Income": 8882316.0,
        "Interest Expense": 1572705.0,
        "Interest Income": 10455021.0,
        "Normalized Income": 1217790.0,
        "Net Income From Continuing And Discontinued Operation": 1383734.0,
        "Diluted Average Shares": 20785848.0,
        "Basic Average Shares": 20684149.0,
        "Diluted EPS": 0.06,
        "Basic EPS": 0.06,
        "Diluted NI Availto Com Stockholders": 1383734.0,
        "Net Income Common Stockholders": 1383734.0,
        "Net Income": 1383734.0,
        "Net Income Including Noncontrolling Interests": 1383734.0,
        "Net Income Discontinuous Operations": 165944.0,
        "Net Income Continuous Operations": 1217790.0,
        "Tax Provision": 386256.0,
        "Pretax Income": 1604046.0,
        "Special Income Charges": 0.0,
        "Gain On Sale Of Security": 0.0,
        "Selling General And Administration": 1075947.0,
        "General And Administrative Expense": 1075947.0,
        "Other Gand A": 857304.0,
        "Salaries And Wages": 218643.0,
        "Total Revenue": 4260614.0,
        "Operating Revenue": 4260614.0,
        "Professional Expense And Contract Services Expense": 417466.0,
        "Other Non Interest Expense": 981785.0
    },
    "2024-12-31": {
        "Tax Effect Of Unusual Items": 0.0,
        "Tax Rate For Calcs": 0.278642,
        "Total Unusual Items": 0.0,
        "Total Unusual Items Excluding Goodwill": 0.0,
        "Net Income From Continuing Operation Net Minority Interest": -991534.0,
        "Net Interest Income": 7636904.0,
        "Interest Expense": 1587165.0,
        "Interest Income": 9224069.0,
        "Normalized Income": -991534.0,
        "Net Income From Continuing And Discontinued Operation": -991534.0,
        "Diluted Average Shares": 21917860.0,
        "Basic Average Shares": 21797704.0,
        "Diluted EPS": -0.05,
        "Basic EPS": -0.05,
        "Diluted NI Availto Com Stockholders": -991534.0,
        "Net Income Common Stockholders": -991534.0,
        "Net Income": -991534.0,
        "Net Income Including Noncontrolling Interests": -991534.0,
        "Net Income Discontinuous Operations": 0.0,
        "Net Income Continuous Operations": -991534.0,
        "Tax Provision": -383004.0,
        "Pretax Income": -1374538.0,
        "Special Income Charges": 0.0,
        "Gain On Sale Of Security": 0.0,
        "Selling General And Administration": 1285592.0,
        "General And Administrative Expense": 1285592.0,
        "Other Gand A": 1025822.0,
        "Salaries And Wages": 259770.0,
        "Total Revenue": 7485384.0,
        "Operating Revenue": 7485384.0,
        "Professional Expense And Contract Services Expense": 331578.0,
        "Other Non Interest Expense": 1932246.0
    },
    "2025-03-31": {
        "Tax Effect Of Unusual Items": 0.0,
        "Tax Rate For Calcs": 0.026891,
        "Total Unusual Items": NaN,
        "Total Unusual Items Excluding Goodwill": NaN,
        "Net Income From Continuing Operation Net Minority Interest": 4067685.0,
        "Net Interest Income": 6642977.0,
        "Interest Expense": 1815271.0,
        "Interest Income": 8458248.0,
        "Normalized Income": 4067685.0,
        "Net Income From Continuing And Discontinued Operation": 4067685.0,
        "Diluted Average Shares": 22110102.0,
        "Basic Average Shares": 22097979.0,
        "Diluted EPS": 0.18,
        "Basic EPS": 0.18,
        "Diluted NI Availto Com Stockholders": 4067685.0,
        "Net Income Common Stockholders": 4067685.0,
        "Net Income": 4067685.0,
        "Net Income Including Noncontrolling Interests": 4067685.0,
        "Net Income Discontinuous Operations": 0.0,
        "Net Income Continuous Operations": 4067685.0,
        "Tax Provision": 112406.0,
        "Pretax Income": 4180091.0,
        "Special Income Charges": NaN,
        "Gain On Sale Of Security": 0.0,
        "Selling General And Administration": 1288706.0,
        "General And Administrative Expense": 1288706.0,
        "Other Gand A": 734957.0,
        "Salaries And Wages": 553749.0,
        "Total Revenue": 5957499.0,
        "Operating Revenue": 5957499.0,
        "Professional Expense And Contract Services Expense": 371936.0,
        "Other Non Interest Expense": 816190.0
    },
    "2025-06-30": {
        "Tax Effect Of Unusual Items": 0.0,
        "Tax Rate For Calcs": 0.010377,
        "Total Unusual Items": NaN,
        "Total Unusual Items Excluding Goodwill": NaN,
        "Net Income From Continuing Operation Net Minority Interest": -13164651.0,
        "Net Interest Income": 6203335.0,
        "Interest Expense": 1858174.0,
        "Interest Income": 8061509.0,
        "Normalized Income": -13164651.0,
        "Net Income From Continuing And Discontinued Operation": -13164651.0,
        "Diluted Average Shares": 22116886.0,
        "Basic Average Shares": 22114341.0,
        "Diluted EPS": -0.6,
        "Basic EPS": -0.6,
        "Diluted NI Availto Com Stockholders": -13164651.0,
        "Net Income Common Stockholders": -13164651.0,
        "Net Income": -13164651.0,
        "Net Income Including Noncontrolling Interests": -13164651.0,
        "Net Income Discontinuous Operations": 0.0,
        "Net Income Continuous Operations": -13164651.0,
        "Tax Provision": -138044.0,
        "Pretax Income": -13302695.0,
        "Special Income Charges": NaN,
        "Gain On Sale Of Security": 0.0,
        "Selling General And Administration": 1330252.0,
        "General And Administrative Expense": 1330252.0,
        "Other Gand A": 845750.0,
        "Salaries And Wages": 484502.0,
        "Total Revenue": 5147365.0,
        "Operating Revenue": 5147365.0,
        "Professional Expense And Contract Services Expense": 587884.0,
        "Other Non Interest Expense": 680358.0
    }
}