{
    "2023-03-31": {
        "Tax Effect Of Unusual Items": NaN,
        "Tax Rate For Calcs": NaN,
        "Normalized EBITDA": NaN,
        "Total Unusual Items": NaN,
        "Total Unusual Items Excluding Goodwill": NaN,
        "Net Income From Continuing Operation Net Minority Interest": NaN,
        "Reconciled Depreciation": NaN,
        "Reconciled Cost Of Revenue": NaN,
        "EBITDA": NaN,
        "EBIT": NaN,
        "Net Interest Income": NaN,
        "Interest Expense": NaN,
        "Interest Income": NaN,
        "Normalized Income": NaN,
        "Net Income From Continuing And Discontinued Operation": NaN,
        "Total Expenses": NaN,
        "Total Operating Income As Reported": NaN,
        "Diluted Average Shares": 90598077.0,
        "Basic Average Shares": 89936546.0,
        "Diluted EPS": 1.24,
        "Basic EPS": 1.25,
        "Diluted NI Availto Com Stockholders": NaN,
        "Net Income Common Stockholders": NaN,
        "Net Income": NaN,
        "Minority Interests": NaN,
        "Net Income Including Noncontrolling Interests": NaN,
        "Net Income Continuous Operations": NaN,
        "Tax Provision": NaN,
        "Pretax Income": NaN,
        "Other Income Expense": NaN,
        "Earnings From Equity Interest": NaN,
        "Gain On Sale Of Security": NaN,
        "Net Non Operating Interest Income Expense": NaN,
        "Total Other Finance Cost": NaN,
        "Interest Expense Non Operating": NaN,
        "Interest Income Non Operating": NaN,
        "Operating Income": NaN,
        "Operating Expense": NaN,
        "Other Operating Expenses": NaN,
        "Other Taxes": NaN,
        "Selling General And Administration": NaN,
        "General And Administrative Expense": 233220000.0,
        "Other Gand A": 233220000.0,
        "Gross Profit": NaN,
        "Cost Of Revenue": NaN,
        "Total Revenue": NaN,
        "Excise Taxes": NaN,
        "Operating Revenue": NaN
    },
    "2022-12-31": {
        "Tax Effect Of Unusual Items": 2270671.716055,
        "Tax Rate For Calcs": 0.123655,
        "Normalized EBITDA": 194902000.0,
        "Total Unusual Items": 18363000.0,
        "Total Unusual Items Excluding Goodwill": 18363000.0,
        "Net Income From Continuing Operation Net Minority Interest": 66694000.0,
        "Reconciled Depreciation": 54514000.0,
        "Reconciled Cost Of Revenue": 236889000.0,
        "EBITDA": 213265000.0,
        "EBIT": 158751000.0,
        "Net Interest Income": -86386000.0,
        "Interest Expense": 77355000.0,
        "Interest Income": 5218000.0,
        "Normalized Income": 50601671.716055,
        "Net Income From Continuing And Discontinued Operation": 66694000.0,
        "Total Expenses": 436507000.0,
        "Total Operating Income As Reported": 147068000.0,
        "Diluted Average Shares": NaN,
        "Basic Average Shares": NaN,
        "Diluted EPS": NaN,
        "Basic EPS": NaN,
        "Diluted NI Availto Com Stockholders": 66694000.0,
        "Net Income Common Stockholders": 66694000.0,
        "Net Income": 66694000.0,
        "Minority Interests": -4637000.0,
        "Net Income Including Noncontrolling Interests": 71331000.0,
        "Net Income Continuous Operations": 71331000.0,
        "Tax Provision": 10065000.0,
        "Pretax Income": 81396000.0,
        "Other Income Expense": 20287000.0,
        "Earnings From Equity Interest": 1924000.0,
        "Gain On Sale Of Security": 18363000.0,
        "Net Non Operating Interest Income Expense": -86386000.0,
        "Total Other Finance Cost": 14249000.0,
        "Interest Expense Non Operating": 77355000.0,
        "Interest Income Non Operating": 5218000.0,
        "Operating Income": 147495000.0,
        "Operating Expense": 199618000.0,
        "Other Operating Expenses": -1487000.0,
        "Other Taxes": -427000.0,
        "Selling General And Administration": 201532000.0,
        "General And Administrative Expense": 201532000.0,
        "Other Gand A": 201532000.0,
        "Gross Profit": 347113000.0,
        "Cost Of Revenue": 236889000.0,
        "Total Revenue": 584002000.0,
        "Excise Taxes": 28541000.0,
        "Operating Revenue": 707816000.0
    },
    "2022-09-30": {
        "Tax Effect Of Unusual Items": NaN,
        "Tax Rate For Calcs": NaN,
        "Normalized EBITDA": NaN,
        "Total Unusual Items": NaN,
        "Total Unusual Items Excluding Goodwill": NaN,
        "Net Income From Continuing Operation Net Minority Interest": NaN,
        "Reconciled Depreciation": NaN,
        "Reconciled Cost Of Revenue": NaN,
        "EBITDA": NaN,
        "EBIT": NaN,
        "Net Interest Income": NaN,
        "Interest Expense": NaN,
        "Interest Income": NaN,
        "Normalized Income": NaN,
        "Net Income From Continuing And Discontinued Operation": NaN,
        "Total Expenses": NaN,
        "Total Operating Income As Reported": NaN,
        "Diluted Average Shares": 90498922.0,
        "Basic Average Shares": 89936546.0,
        "Diluted EPS": 0.84,
        "Basic EPS": 0.84,
        "Diluted NI Availto Com Stockholders": NaN,
        "Net Income Common Stockholders": NaN,
        "Net Income": NaN,
        "Minority Interests": NaN,
        "Net Income Including Noncontrolling Interests": NaN,
        "Net Income Continuous Operations": NaN,
        "Tax Provision": NaN,
        "Pretax Income": NaN,
        "Other Income Expense": NaN,
        "Earnings From Equity Interest": NaN,
        "Gain On Sale Of Security": NaN,
        "Net Non Operating Interest Income Expense": NaN,
        "Total Other Finance Cost": NaN,
        "Interest Expense Non Operating": NaN,
        "Interest Income Non Operating": NaN,
        "Operating Income": NaN,
        "Operating Expense": NaN,
        "Other Operating Expenses": NaN,
        "Other Taxes": NaN,
        "Selling General And Administration": NaN,
        "General And Administrative Expense": NaN,
        "Other Gand A": NaN,
        "Gross Profit": NaN,
        "Cost Of Revenue": NaN,
        "Total Revenue": NaN,
        "Excise Taxes": NaN,
        "Operating Revenue": NaN
    },
    "2022-06-30": {
        "Tax Effect Of Unusual Items": 724122.786432,
        "Tax Rate For Calcs": 0.049874,
        "Normalized EBITDA": 217635000.0,
        "Total Unusual Items": 14519000.0,
        "Total Unusual Items Excluding Goodwill": 14519000.0,
        "Net Income From Continuing Operation Net Minority Interest": 101505000.0,
        "Reconciled Depreciation": 50702000.0,
        "Reconciled Cost Of Revenue": 219242000.0,
        "EBITDA": 232154000.0,
        "EBIT": 181452000.0,
        "Net Interest Income": -75052000.0,
        "Interest Expense": 69811000.0,
        "Interest Income": 4892000.0,
        "Normalized Income": 87710122.786432,
        "Net Income From Continuing And Discontinued Operation": 101505000.0,
        "Total Expenses": 428183000.0,
        "Total Operating Income As Reported": 170242000.0,
        "Diluted Average Shares": 90480647.0,
        "Basic Average Shares": 90480647.0,
        "Diluted EPS": 1.12,
        "Basic EPS": 1.12,
        "Diluted NI Availto Com Stockholders": 101505000.0,
        "Net Income Common Stockholders": 101505000.0,
        "Net Income": 101505000.0,
        "Minority Interests": -4568000.0,
        "Net Income Including Noncontrolling Interests": 106073000.0,
        "Net Income Continuous Operations": 106073000.0,
        "Tax Provision": 5568000.0,
        "Pretax Income": 111641000.0,
        "Other Income Expense": 16720000.0,
        "Earnings From Equity Interest": 2201000.0,
        "Gain On Sale Of Security": 14519000.0,
        "Net Non Operating Interest Income Expense": -75052000.0,
        "Total Other Finance Cost": 10133000.0,
        "Interest Expense Non Operating": 69811000.0,
        "Interest Income Non Operating": 4892000.0,
        "Operating Income": 169973000.0,
        "Operating Expense": 208941000.0,
        "Other Operating Expenses": 1257000.0,
        "Other Taxes": 269000.0,
        "Selling General And Administration": 207415000.0,
        "General And Administrative Expense": 207415000.0,
        "Other Gand A": 207415000.0,
        "Gross Profit": 378914000.0,
        "Cost Of Revenue": 219242000.0,
        "Total Revenue": 598156000.0,
        "Excise Taxes": 26155000.0,
        "Operating Revenue": 704734000.0
    },
    "2022-03-31": {
        "Diluted EPS": 0.27,
        "Total Revenue": 108,
        "Gross Profit": 73,
        "Operating Income": 38,
        "EBIT": 48,
        "Net Income": 25
    },
    "2021-12-31": {
        "Diluted EPS": 0.09,
        "Total Revenue": 89,
        "Gross Profit": 53,
        "Operating Income": 21,
        "EBIT": 28,
        "Net Income": 8
    },
    "2021-09-30": {
        "Diluted EPS": 0.11,
        "Total Revenue": 87,
        "Gross Profit": 53,
        "Operating Income": 18,
        "EBIT": 27,
        "Net Income": 10
    },
    "2021-06-30": {
        "Diluted EPS": 0.03,
        "Total Revenue": 70,
        "Gross Profit": 43,
        "Operating Income": 18,
        "EBIT": 24,
        "Net Income": 3
    },
    "2021-03-31": {
        "Diluted EPS": 0.21,
        "Total Revenue": 72,
        "Gross Profit": 49,
        "Operating Income": 25,
        "EBIT": 31,
        "Net Income": 20
    },
    "2020-12-31": {
        "Diluted EPS": 0.09,
        "Total Revenue": 63,
        "Gross Profit": 39,
        "Operating Income": 17,
        "EBIT": 23,
        "Net Income": 9
    },
    "2020-09-30": {
        "Diluted EPS": 0.15,
        "Total Revenue": 58,
        "Gross Profit": 37,
        "Operating Income": 18,
        "EBIT": 22,
        "Net Income": 14
    },
    "2020-06-30": {
        "Diluted EPS": 0.12,
        "Total Revenue": 51,
        "Gross Profit": 31,
        "Operating Income": 14,
        "EBIT": 18,
        "Net Income": 11
    },
    "2020-03-31": {
        "Diluted EPS": 0.25,
        "Total Revenue": 62,
        "Gross Profit": 41,
        "Operating Income": 22,
        "EBIT": 27,
        "Net Income": 23
    },
    "2019-09-30": {
        "Diluted EPS": 0.13,
        "Total Revenue": 52,
        "Gross Profit": 30,
        "Operating Income": 12,
        "EBIT": 18,
        "Net Income": 12
    },
    "2019-06-30": {
        "Diluted EPS": 1.64,
        "Total Revenue": 46,
        "Gross Profit": 25,
        "Operating Income": 9,
        "EBIT": 9,
        "Net Income": 4
    },
    "2023-06-30": {
        "Tax Effect Of Unusual Items": NaN,
        "Tax Rate For Calcs": NaN,
        "Normalized EBITDA": NaN,
        "Total Unusual Items": NaN,
        "Total Unusual Items Excluding Goodwill": NaN,
        "Net Income From Continuing Operation Net Minority Interest": NaN,
        "Reconciled Depreciation": NaN,
        "Reconciled Cost Of Revenue": NaN,
        "EBITDA": NaN,
        "EBIT": NaN,
        "Net Interest Income": NaN,
        "Interest Expense": NaN,
        "Interest Income": NaN,
        "Normalized Income": NaN,
        "Net Income From Continuing And Discontinued Operation": NaN,
        "Total Expenses": NaN,
        "Total Operating Income As Reported": NaN,
        "Diluted Average Shares": 90281577.0,
        "Basic Average Shares": 89808434.0,
        "Diluted EPS": 0.92,
        "Basic EPS": 0.92,
        "Diluted NI Availto Com Stockholders": NaN,
        "Net Income Common Stockholders": NaN,
        "Net Income": NaN,
        "Minority Interests": NaN,
        "Net Income Including Noncontrolling Interests": NaN,
        "Net Income Continuous Operations": NaN,
        "Tax Provision": NaN,
        "Pretax Income": NaN,
        "Other Income Expense": NaN,
        "Earnings From Equity Interest": NaN,
        "Gain On Sale Of Security": NaN,
        "Net Non Operating Interest Income Expense": NaN,
        "Total Other Finance Cost": NaN,
        "Interest Expense Non Operating": NaN,
        "Interest Income Non Operating": NaN,
        "Operating Income": NaN,
        "Operating Expense": NaN,
        "Other Operating Expenses": NaN,
        "Other Taxes": NaN,
        "Selling General And Administration": NaN,
        "General And Administrative Expense": 249586000.0,
        "Other Gand A": 249586000.0,
        "Gross Profit": NaN,
        "Cost Of Revenue": NaN,
        "Total Revenue": NaN,
        "Excise Taxes": NaN,
        "Operating Revenue": NaN
    },
    "2023-09-30": {
        "Tax Effect Of Unusual Items": NaN,
        "Tax Rate For Calcs": NaN,
        "Normalized EBITDA": NaN,
        "Total Unusual Items": NaN,
        "Total Unusual Items Excluding Goodwill": NaN,
        "Net Income From Continuing Operation Net Minority Interest": NaN,
        "Reconciled Depreciation": NaN,
        "Reconciled Cost Of Revenue": NaN,
        "EBITDA": NaN,
        "EBIT": NaN,
        "Net Interest Income": NaN,
        "Interest Expense": NaN,
        "Interest Income": NaN,
        "Normalized Income": NaN,
        "Net Income From Continuing And Discontinued Operation": NaN,
        "Total Expenses": NaN,
        "Total Operating Income As Reported": NaN,
        "Diluted Average Shares": 90689876.0,
        "Basic Average Shares": 89752636.0,
        "Diluted EPS": 1.03,
        "Basic EPS": 1.04,
        "Diluted NI Availto Com Stockholders": NaN,
        "Net Income Common Stockholders": NaN,
        "Net Income": NaN,
        "Minority Interests": NaN,
        "Net Income Including Noncontrolling Interests": NaN,
        "Net Income Continuous Operations": NaN,
        "Tax Provision": NaN,
        "Pretax Income": NaN,
        "Other Income Expense": NaN,
        "Earnings From Equity Interest": NaN,
        "Gain On Sale Of Security": NaN,
        "Net Non Operating Interest Income Expense": NaN,
        "Total Other Finance Cost": NaN,
        "Interest Expense Non Operating": NaN,
        "Interest Income Non Operating": NaN,
        "Operating Income": NaN,
        "Operating Expense": NaN,
        "Other Operating Expenses": NaN,
        "Other Taxes": NaN,
        "Selling General And Administration": NaN,
        "General And Administrative Expense": 257002000.0,
        "Other Gand A": 257002000.0,
        "Gross Profit": NaN,
        "Cost Of Revenue": NaN,
        "Total Revenue": NaN,
        "Excise Taxes": NaN,
        "Operating Revenue": NaN
    },
    "2023-12-31": {
        "Tax Effect Of Unusual Items": NaN,
        "Tax Rate For Calcs": NaN,
        "Normalized EBITDA": NaN,
        "Total Unusual Items": NaN,
        "Total Unusual Items Excluding Goodwill": NaN,
        "Net Income From Continuing Operation Net Minority Interest": NaN,
        "Reconciled Depreciation": NaN,
        "Reconciled Cost Of Revenue": NaN,
        "EBITDA": NaN,
        "EBIT": NaN,
        "Net Interest Income": NaN,
        "Interest Expense": NaN,
        "Interest Income": NaN,
        "Normalized Income": NaN,
        "Net Income From Continuing And Discontinued Operation": NaN,
        "Total Expenses": NaN,
        "Total Operating Income As Reported": NaN,
        "Diluted Average Shares": NaN,
        "Basic Average Shares": NaN,
        "Diluted EPS": NaN,
        "Basic EPS": NaN,
        "Diluted NI Availto Com Stockholders": NaN,
        "Net Income Common Stockholders": NaN,
        "Net Income": NaN,
        "Minority Interests": NaN,
        "Net Income Including Noncontrolling Interests": NaN,
        "Net Income Continuous Operations": NaN,
        "Tax Provision": NaN,
        "Pretax Income": NaN,
        "Other Income Expense": NaN,
        "Earnings From Equity Interest": NaN,
        "Gain On Sale Of Security": NaN,
        "Net Non Operating Interest Income Expense": NaN,
        "Total Other Finance Cost": NaN,
        "Interest Expense Non Operating": NaN,
        "Interest Income Non Operating": NaN,
        "Operating Income": NaN,
        "Operating Expense": NaN,
        "Other Operating Expenses": NaN,
        "Other Taxes": NaN,
        "Selling General And Administration": NaN,
        "General And Administrative Expense": 274876000.0,
        "Other Gand A": 274876000.0,
        "Gross Profit": NaN,
        "Cost Of Revenue": NaN,
        "Total Revenue": NaN,
        "Excise Taxes": NaN,
        "Operating Revenue": NaN
    },
    "2024-03-31": {
        "Tax Effect Of Unusual Items": NaN,
        "Tax Rate For Calcs": NaN,
        "Normalized EBITDA": NaN,
        "Total Unusual Items": NaN,
        "Total Unusual Items Excluding Goodwill": NaN,
        "Net Income From Continuing Operation Net Minority Interest": NaN,
        "Reconciled Depreciation": NaN,
        "Reconciled Cost Of Revenue": NaN,
        "EBITDA": NaN,
        "EBIT": NaN,
        "Net Interest Income": NaN,
        "Interest Expense": NaN,
        "Interest Income": NaN,
        "Normalized Income": NaN,
        "Net Income From Continuing And Discontinued Operation": NaN,
        "Total Expenses": NaN,
        "Total Operating Income As Reported": NaN,
        "Diluted Average Shares": NaN,
        "Basic Average Shares": NaN,
        "Diluted EPS": NaN,
        "Basic EPS": NaN,
        "Diluted NI Availto Com Stockholders": NaN,
        "Net Income Common Stockholders": NaN,
        "Net Income": NaN,
        "Minority Interests": NaN,
        "Net Income Including Noncontrolling Interests": NaN,
        "Net Income Continuous Operations": NaN,
        "Tax Provision": NaN,
        "Pretax Income": NaN,
        "Other Income Expense": NaN,
        "Earnings From Equity Interest": NaN,
        "Gain On Sale Of Security": NaN,
        "Net Non Operating Interest Income Expense": NaN,
        "Total Other Finance Cost": NaN,
        "Interest Expense Non Operating": NaN,
        "Interest Income Non Operating": NaN,
        "Operating Income": NaN,
        "Operating Expense": NaN,
        "Other Operating Expenses": NaN,
        "Other Taxes": NaN,
        "Provision For Doubtful Accounts": NaN,
        "Selling General And Administration": NaN,
        "General And Administrative Expense": 241164000.0,
        "Other Gand A": 241164000.0,
        "Gross Profit": NaN,
        "Cost Of Revenue": NaN,
        "Total Revenue": NaN,
        "Excise Taxes": NaN,
        "Operating Revenue": NaN
    },
    "2024-06-30": {
        "Tax Effect Of Unusual Items": NaN,
        "Tax Rate For Calcs": NaN,
        "Normalized EBITDA": NaN,
        "Total Unusual Items": NaN,
        "Total Unusual Items Excluding Goodwill": NaN,
        "Net Income From Continuing Operation Net Minority Interest": NaN,
        "Reconciled Depreciation": NaN,
        "Reconciled Cost Of Revenue": NaN,
        "EBITDA": NaN,
        "EBIT": NaN,
        "Net Interest Income": NaN,
        "Interest Expense": NaN,
        "Interest Income": NaN,
        "Normalized Income": NaN,
        "Net Income From Continuing And Discontinued Operation": NaN,
        "Total Expenses": NaN,
        "Total Operating Income As Reported": NaN,
        "Diluted Average Shares": 91169077.0,
        "Basic Average Shares": 90072647.0,
        "Diluted EPS": 1.74,
        "Basic EPS": 1.76,
        "Diluted NI Availto Com Stockholders": NaN,
        "Net Income Common Stockholders": NaN,
        "Net Income": NaN,
        "Minority Interests": NaN,
        "Net Income Including Noncontrolling Interests": NaN,
        "Net Income Continuous Operations": NaN,
        "Tax Provision": NaN,
        "Pretax Income": NaN,
        "Other Income Expense": NaN,
        "Earnings From Equity Interest": NaN,
        "Gain On Sale Of Security": NaN,
        "Net Non Operating Interest Income Expense": NaN,
        "Total Other Finance Cost": NaN,
        "Interest Expense Non Operating": NaN,
        "Interest Income Non Operating": NaN,
        "Operating Income": NaN,
        "Operating Expense": NaN,
        "Other Operating Expenses": NaN,
        "Other Taxes": 50000.0,
        "Provision For Doubtful Accounts": NaN,
        "Selling General And Administration": NaN,
        "General And Administrative Expense": NaN,
        "Other Gand A": NaN,
        "Gross Profit": NaN,
        "Cost Of Revenue": NaN,
        "Total Revenue": NaN,
        "Excise Taxes": NaN,
        "Operating Revenue": NaN
    },
    "2024-09-30": {
        "Tax Effect Of Unusual Items": 0.0,
        "Tax Rate For Calcs": 0.091028,
        "Normalized EBITDA": 315500000.0,
        "Total Unusual Items": 13642000.0,
        "Total Unusual Items Excluding Goodwill": 13642000.0,
        "Net Income From Continuing Operation Net Minority Interest": 119979000.0,
        "Reconciled Depreciation": 85828000.0,
        "Reconciled Cost Of Revenue": 324083000.0,
        "EBITDA": 315500000.0,
        "EBIT": 229672000.0,
        "Net Interest Income": -99494000.0,
        "Interest Expense": 93098000.0,
        "Interest Income": 27587000.0,
        "Normalized Income": 119979000.0,
        "Net Income From Continuing And Discontinued Operation": 119979000.0,
        "Total Expenses": 607643000.0,
        "Total Operating Income As Reported": 233892000.0,
        "Diluted Average Shares": 91276436.0,
        "Basic Average Shares": 90208018.0,
        "Diluted EPS": 1.31,
        "Basic EPS": 1.33,
        "Diluted NI Availto Com Stockholders": 119979000.0,
        "Net Income Common Stockholders": 119979000.0,
        "Net Income": 119979000.0,
        "Minority Interests": -4163000.0,
        "Net Income Including Noncontrolling Interests": 124142000.0,
        "Net Income Continuous Operations": 124142000.0,
        "Tax Provision": 12432000.0,
        "Pretax Income": 136574000.0,
        "Other Income Expense": 2526000.0,
        "Earnings From Equity Interest": 2526000.0,
        "Gain On Sale Of Security": 13642000.0,
        "Net Non Operating Interest Income Expense": -99494000.0,
        "Total Other Finance Cost": 33983000.0,
        "Interest Expense Non Operating": 93098000.0,
        "Interest Income Non Operating": 27587000.0,
        "Operating Income": 233542000.0,
        "Operating Expense": 283560000.0,
        "Other Operating Expenses": 3183000.0,
        "Other Taxes": 350000.0,
        "Provision For Doubtful Accounts": 11571000.0,
        "Selling General And Administration": 268456000.0,
        "General And Administrative Expense": 268456000.0,
        "Other Gand A": 268456000.0,
        "Gross Profit": 517102000.0,
        "Cost Of Revenue": 324083000.0,
        "Total Revenue": 841185000.0,
        "Excise Taxes": 44761000.0,
        "Operating Revenue": 1040956000.0
    },
    "2024-12-31": {
        "Tax Effect Of Unusual Items": 141305.422175,
        "Tax Rate For Calcs": 0.006971,
        "Normalized EBITDA": 336503000.0,
        "Total Unusual Items": 20271000.0,
        "Total Unusual Items Excluding Goodwill": 20271000.0,
        "Net Income From Continuing Operation Net Minority Interest": 149927000.0,
        "Reconciled Depreciation": 84206000.0,
        "Reconciled Cost Of Revenue": 307174000.0,
        "EBITDA": 356774000.0,
        "EBIT": 272568000.0,
        "Net Interest Income": -125026000.0,
        "Interest Expense": 117206000.0,
        "Interest Income": 8438000.0,
        "Normalized Income": 129797305.422175,
        "Net Income From Continuing And Discontinued Operation": 149927000.0,
        "Total Expenses": 590909000.0,
        "Total Operating Income As Reported": 258049000.0,
        "Diluted Average Shares": NaN,
        "Basic Average Shares": NaN,
        "Diluted EPS": NaN,
        "Basic EPS": NaN,
        "Diluted NI Availto Com Stockholders": 149927000.0,
        "Net Income Common Stockholders": 149927000.0,
        "Net Income": 149927000.0,
        "Minority Interests": -4352000.0,
        "Net Income Including Noncontrolling Interests": 154279000.0,
        "Net Income Continuous Operations": 154279000.0,
        "Tax Provision": 1083000.0,
        "Pretax Income": 155362000.0,
        "Other Income Expense": 22282000.0,
        "Earnings From Equity Interest": 2011000.0,
        "Gain On Sale Of Security": 20271000.0,
        "Net Non Operating Interest Income Expense": -125026000.0,
        "Total Other Finance Cost": 16258000.0,
        "Interest Expense Non Operating": 117206000.0,
        "Interest Income Non Operating": 8438000.0,
        "Operating Income": 258106000.0,
        "Operating Expense": 283735000.0,
        "Other Operating Expenses": -576000.0,
        "Other Taxes": -57000.0,
        "Provision For Doubtful Accounts": NaN,
        "Selling General And Administration": 284368000.0,
        "General And Administrative Expense": NaN,
        "Other Gand A": NaN,
        "Gross Profit": 541841000.0,
        "Cost Of Revenue": 307174000.0,
        "Total Revenue": 849015000.0,
        "Excise Taxes": 45009000.0,
        "Operating Revenue": 1043850000.0
    },
    "2025-03-31": {
        "Tax Effect Of Unusual Items": 2422729.854019,
        "Tax Rate For Calcs": 0.087936,
        "Normalized EBITDA": 452524000.0,
        "Total Unusual Items": 27551000.0,
        "Total Unusual Items Excluding Goodwill": 27551000.0,
        "Net Income From Continuing Operation Net Minority Interest": 251999000.0,
        "Reconciled Depreciation": 91755000.0,
        "Reconciled Cost Of Revenue": 282639000.0,
        "EBITDA": 480075000.0,
        "EBIT": 388320000.0,
        "Net Interest Income": -122545000.0,
        "Interest Expense": 106502000.0,
        "Interest Income": 14532000.0,
        "Normalized Income": 226870729.854019,
        "Net Income From Continuing And Discontinued Operation": 251999000.0,
        "Total Expenses": 563833000.0,
        "Total Operating Income As Reported": 372527000.0,
        "Diluted Average Shares": 97253672.0,
        "Basic Average Shares": 90278384.0,
        "Diluted EPS": 2.76,
        "Basic EPS": 2.79,
        "Diluted NI Availto Com Stockholders": 251999000.0,
        "Net Income Common Stockholders": 251999000.0,
        "Net Income": 251999000.0,
        "Minority Interests": -5037000.0,
        "Net Income Including Noncontrolling Interests": 257036000.0,
        "Net Income Continuous Operations": 257036000.0,
        "Tax Provision": 24782000.0,
        "Pretax Income": 281818000.0,
        "Other Income Expense": 31836000.0,
        "Earnings From Equity Interest": 4285000.0,
        "Gain On Sale Of Security": 27551000.0,
        "Net Non Operating Interest Income Expense": -122545000.0,
        "Total Other Finance Cost": 30575000.0,
        "Interest Expense Non Operating": 106502000.0,
        "Interest Income Non Operating": 14532000.0,
        "Operating Income": 372527000.0,
        "Operating Expense": 281194000.0,
        "Other Operating Expenses": -306000.0,
        "Other Taxes": NaN,
        "Provision For Doubtful Accounts": NaN,
        "Selling General And Administration": 281500000.0,
        "General And Administrative Expense": NaN,
        "Other Gand A": NaN,
        "Gross Profit": 653721000.0,
        "Cost Of Revenue": 282639000.0,
        "Total Revenue": 936360000.0,
        "Excise Taxes": 48829000.0,
        "Operating Revenue": 1165751000.0
    },
    "2025-06-30": {
        "Tax Effect Of Unusual Items": -157230.0,
        "Tax Rate For Calcs": 0.09,
        "Normalized EBITDA": 402293000.0,
        "Total Unusual Items": -1747000.0,
        "Total Unusual Items Excluding Goodwill": -1747000.0,
        "Net Income From Continuing Operation Net Minority Interest": 172332000.0,
        "Reconciled Depreciation": 94698000.0,
        "Reconciled Cost Of Revenue": 342707000.0,
        "EBITDA": 400546000.0,
        "EBIT": 305848000.0,
        "Net Interest Income": -92764000.0,
        "Interest Expense": 111838000.0,
        "Interest Income": 39474000.0,
        "Normalized Income": 173921770.0,
        "Net Income From Continuing And Discontinued Operation": 172332000.0,
        "Total Expenses": 634470000.0,
        "Total Operating Income As Reported": 285228000.0,
        "Diluted Average Shares": 91485808.0,
        "Basic Average Shares": 90523294.0,
        "Diluted EPS": 1.88,
        "Basic EPS": 1.9,
        "Diluted NI Availto Com Stockholders": 172332000.0,
        "Net Income Common Stockholders": 172332000.0,
        "Net Income": 172332000.0,
        "Minority Interests": -4210000.0,
        "Net Income Including Noncontrolling Interests": 176542000.0,
        "Net Income Continuous Operations": 176542000.0,
        "Tax Provision": 17468000.0,
        "Pretax Income": 194010000.0,
        "Other Income Expense": 1844000.0,
        "Earnings From Equity Interest": 3591000.0,
        "Gain On Sale Of Security": -1747000.0,
        "Net Non Operating Interest Income Expense": -92764000.0,
        "Total Other Finance Cost": 20400000.0,
        "Interest Expense Non Operating": 111838000.0,
        "Interest Income Non Operating": 39474000.0,
        "Operating Income": 284930000.0,
        "Operating Expense": 291763000.0,
        "Other Operating Expenses": -1406000.0,
        "Other Taxes": 298000.0,
        "Provision For Doubtful Accounts": NaN,
        "Selling General And Administration": 292871000.0,
        "General And Administrative Expense": NaN,
        "Other Gand A": NaN,
        "Gross Profit": 576693000.0,
        "Cost Of Revenue": 342707000.0,
        "Total Revenue": 919400000.0,
        "Excise Taxes": 48212000.0,
        "Operating Revenue": 1166639000.0
    },
    "2025-09-30": {
        "Tax Effect Of Unusual Items": -81293.46051,
        "Tax Rate For Calcs": 0.117476,
        "Normalized EBITDA": 397354000.0,
        "Total Unusual Items": -692000.0,
        "Total Unusual Items Excluding Goodwill": -692000.0,
        "Net Income From Continuing Operation Net Minority Interest": 155167000.0,
        "Reconciled Depreciation": 94657000.0,
        "Reconciled Cost Of Revenue": 339916000.0,
        "EBITDA": 396662000.0,
        "EBIT": 302005000.0,
        "Net Interest Income": -98818000.0,
        "Interest Expense": 121364000.0,
        "Interest Income": 56998000.0,
        "Normalized Income": 155777706.53949,
        "Net Income From Continuing And Discontinued Operation": 155167000.0,
        "Total Expenses": 651145000.0,
        "Total Operating Income As Reported": 277433000.0,
        "Diluted Average Shares": 91315474.0,
        "Basic Average Shares": 90763168.0,
        "Diluted EPS": 1.7,
        "Basic EPS": 1.71,
        "Diluted NI Availto Com Stockholders": 155167000.0,
        "Net Income Common Stockholders": 155167000.0,
        "Net Income": 155167000.0,
        "Minority Interests": -4253000.0,
        "Net Income Including Noncontrolling Interests": 159420000.0,
        "Net Income Continuous Operations": 159420000.0,
        "Tax Provision": 21221000.0,
        "Pretax Income": 180641000.0,
        "Other Income Expense": 2099000.0,
        "Earnings From Equity Interest": 2791000.0,
        "Gain On Sale Of Security": -692000.0,
        "Net Non Operating Interest Income Expense": -98818000.0,
        "Total Other Finance Cost": 34452000.0,
        "Interest Expense Non Operating": 121364000.0,
        "Interest Income Non Operating": 56998000.0,
        "Operating Income": 277360000.0,
        "Operating Expense": 311229000.0,
        "Other Operating Expenses": 6912000.0,
        "Other Taxes": 73000.0,
        "Provision For Doubtful Accounts": 18082000.0,
        "Selling General And Administration": 286162000.0,
        "General And Administrative Expense": 286162000.0,
        "Other Gand A": 286162000.0,
        "Gross Profit": 588589000.0,
        "Cost Of Revenue": 339916000.0,
        "Total Revenue": 928505000.0,
        "Excise Taxes": 48806000.0,
        "Operating Revenue": 1178401000.0
    }
}