{
    "2023-03-31": {
        "Tax Effect Of Unusual Items": NaN,
        "Tax Rate For Calcs": NaN,
        "Normalized EBITDA": NaN,
        "Total Unusual Items": 0.0,
        "Total Unusual Items Excluding Goodwill": 0.0,
        "Net Income From Continuing Operation Net Minority Interest": NaN,
        "Reconciled Depreciation": NaN,
        "Reconciled Cost Of Revenue": NaN,
        "EBITDA": NaN,
        "EBIT": NaN,
        "Net Interest Income": NaN,
        "Interest Income": NaN,
        "Normalized Income": NaN,
        "Net Income From Continuing And Discontinued Operation": NaN,
        "Total Expenses": NaN,
        "Total Operating Income As Reported": NaN,
        "Diluted Average Shares": 55265390.0,
        "Basic Average Shares": 55265390.0,
        "Diluted EPS": -1.47,
        "Basic EPS": -1.47,
        "Diluted NI Availto Com Stockholders": NaN,
        "Net Income Common Stockholders": NaN,
        "Net Income": NaN,
        "Net Income Including Noncontrolling Interests": NaN,
        "Net Income Continuous Operations": NaN,
        "Tax Provision": NaN,
        "Pretax Income": NaN,
        "Other Income Expense": NaN,
        "Other Non Operating Income Expenses": NaN,
        "Special Income Charges": 0.0,
        "Gain On Sale Of Business": 0.0,
        "Net Non Operating Interest Income Expense": NaN,
        "Interest Income Non Operating": NaN,
        "Operating Income": NaN,
        "Operating Expense": NaN,
        "Research And Development": NaN,
        "Selling General And Administration": NaN,
        "Gross Profit": NaN,
        "Cost Of Revenue": NaN,
        "Total Revenue": NaN,
        "Operating Revenue": NaN
    },
    "2022-12-31": {
        "Tax Effect Of Unusual Items": NaN,
        "Tax Rate For Calcs": NaN,
        "Normalized EBITDA": NaN,
        "Total Unusual Items": 127853000.0,
        "Total Unusual Items Excluding Goodwill": 127853000.0,
        "Net Income From Continuing Operation Net Minority Interest": NaN,
        "Reconciled Depreciation": NaN,
        "Reconciled Cost Of Revenue": NaN,
        "EBITDA": NaN,
        "EBIT": NaN,
        "Net Interest Income": NaN,
        "Interest Income": NaN,
        "Normalized Income": NaN,
        "Net Income From Continuing And Discontinued Operation": NaN,
        "Total Expenses": NaN,
        "Total Operating Income As Reported": NaN,
        "Diluted Average Shares": NaN,
        "Basic Average Shares": NaN,
        "Diluted EPS": NaN,
        "Basic EPS": NaN,
        "Diluted NI Availto Com Stockholders": NaN,
        "Net Income Common Stockholders": NaN,
        "Net Income": NaN,
        "Net Income Including Noncontrolling Interests": NaN,
        "Net Income Discontinuous Operations": 0.0,
        "Net Income Continuous Operations": NaN,
        "Pretax Income": NaN,
        "Other Income Expense": NaN,
        "Other Non Operating Income Expenses": NaN,
        "Special Income Charges": 127853000.0,
        "Gain On Sale Of Business": 127853000.0,
        "Net Non Operating Interest Income Expense": NaN,
        "Interest Income Non Operating": NaN,
        "Operating Income": NaN,
        "Operating Expense": NaN,
        "Research And Development": NaN,
        "Selling General And Administration": NaN,
        "Gross Profit": NaN,
        "Cost Of Revenue": NaN,
        "Total Revenue": NaN,
        "Operating Revenue": NaN
    },
    "2022-09-30": {
        "Tax Effect Of Unusual Items": NaN,
        "Tax Rate For Calcs": NaN,
        "Normalized EBITDA": NaN,
        "Total Unusual Items": NaN,
        "Total Unusual Items Excluding Goodwill": NaN,
        "Net Income From Continuing Operation Net Minority Interest": NaN,
        "Reconciled Depreciation": NaN,
        "Reconciled Cost Of Revenue": NaN,
        "EBITDA": NaN,
        "EBIT": NaN,
        "Net Interest Income": NaN,
        "Interest Income": NaN,
        "Normalized Income": NaN,
        "Net Income From Continuing And Discontinued Operation": NaN,
        "Total Expenses": NaN,
        "Total Operating Income As Reported": NaN,
        "Diluted Average Shares": 54844579.0,
        "Basic Average Shares": 54844579.0,
        "Diluted EPS": -1.49,
        "Basic EPS": -1.49,
        "Diluted NI Availto Com Stockholders": NaN,
        "Net Income Common Stockholders": NaN,
        "Net Income": NaN,
        "Net Income Including Noncontrolling Interests": NaN,
        "Net Income Discontinuous Operations": 0.0,
        "Net Income Continuous Operations": NaN,
        "Pretax Income": NaN,
        "Other Income Expense": NaN,
        "Other Non Operating Income Expenses": NaN,
        "Special Income Charges": NaN,
        "Gain On Sale Of Business": NaN,
        "Net Non Operating Interest Income Expense": NaN,
        "Interest Income Non Operating": NaN,
        "Operating Income": NaN,
        "Operating Expense": NaN,
        "Research And Development": NaN,
        "Selling General And Administration": NaN,
        "Gross Profit": NaN,
        "Cost Of Revenue": NaN,
        "Total Revenue": NaN,
        "Operating Revenue": NaN
    },
    "2022-06-30": {
        "Tax Effect Of Unusual Items": 0.0,
        "Tax Rate For Calcs": 0.0,
        "Normalized EBITDA": -98053000.0,
        "Total Unusual Items": 2704000.0,
        "Total Unusual Items Excluding Goodwill": 2704000.0,
        "Net Income From Continuing Operation Net Minority Interest": -91806000.0,
        "Reconciled Depreciation": 2291000.0,
        "Reconciled Cost Of Revenue": 435000.0,
        "EBITDA": -95349000.0,
        "EBIT": -97640000.0,
        "Net Interest Income": 1793000.0,
        "Interest Income": NaN,
        "Normalized Income": -94510000.0,
        "Net Income From Continuing And Discontinued Operation": -91806000.0,
        "Total Expenses": 103222000.0,
        "Total Operating Income As Reported": -97640000.0,
        "Diluted Average Shares": 54799680.0,
        "Basic Average Shares": 54799680.0,
        "Diluted EPS": -1.68,
        "Basic EPS": -1.68,
        "Diluted NI Availto Com Stockholders": -91806000.0,
        "Net Income Common Stockholders": -91806000.0,
        "Net Income": -91806000.0,
        "Net Income Including Noncontrolling Interests": -91806000.0,
        "Net Income Discontinuous Operations": 0.0,
        "Net Income Continuous Operations": -91806000.0,
        "Pretax Income": -91806000.0,
        "Other Income Expense": 4041000.0,
        "Other Non Operating Income Expenses": 1337000.0,
        "Special Income Charges": 2704000.0,
        "Gain On Sale Of Business": 2704000.0,
        "Net Non Operating Interest Income Expense": 1793000.0,
        "Total Other Finance Cost": -1793000.0,
        "Interest Income Non Operating": NaN,
        "Operating Income": -97640000.0,
        "Operating Expense": 102787000.0,
        "Research And Development": 74523000.0,
        "Selling General And Administration": 28264000.0,
        "Gross Profit": 5147000.0,
        "Cost Of Revenue": 435000.0,
        "Total Revenue": 5582000.0,
        "Operating Revenue": 5582000.0
    },
    "2023-06-30": {
        "Tax Effect Of Unusual Items": NaN,
        "Tax Rate For Calcs": NaN,
        "Normalized EBITDA": NaN,
        "Total Unusual Items": 0.0,
        "Total Unusual Items Excluding Goodwill": 0.0,
        "Net Income From Continuing Operation Net Minority Interest": NaN,
        "Reconciled Depreciation": NaN,
        "Reconciled Cost Of Revenue": NaN,
        "EBITDA": NaN,
        "EBIT": NaN,
        "Net Interest Income": NaN,
        "Interest Income": NaN,
        "Normalized Income": NaN,
        "Net Income From Continuing And Discontinued Operation": NaN,
        "Total Expenses": NaN,
        "Total Operating Income As Reported": NaN,
        "Diluted Average Shares": 55604330.0,
        "Basic Average Shares": 55604330.0,
        "Diluted EPS": -1.51,
        "Basic EPS": -1.51,
        "Diluted NI Availto Com Stockholders": NaN,
        "Net Income Common Stockholders": NaN,
        "Net Income": NaN,
        "Net Income Including Noncontrolling Interests": NaN,
        "Net Income Continuous Operations": NaN,
        "Tax Provision": NaN,
        "Pretax Income": NaN,
        "Other Income Expense": NaN,
        "Other Non Operating Income Expenses": NaN,
        "Special Income Charges": 0.0,
        "Gain On Sale Of Business": 0.0,
        "Net Non Operating Interest Income Expense": NaN,
        "Interest Income Non Operating": NaN,
        "Operating Income": NaN,
        "Operating Expense": NaN,
        "Research And Development": NaN,
        "Selling General And Administration": NaN,
        "Gross Profit": NaN,
        "Cost Of Revenue": NaN,
        "Total Revenue": NaN,
        "Operating Revenue": NaN
    },
    "2022-03-31": {
        "Diluted EPS": -1.74,
        "Total Revenue": 1,
        "Gross Profit": 0,
        "Operating Income": -101,
        "EBIT": -98,
        "Net Income": -95
    },
    "2021-12-31": {
        "Diluted EPS": 2.57,
        "Total Revenue": NaN,
        "Gross Profit": NaN,
        "Operating Income": -105,
        "EBIT": -101,
        "Net Income": -95
    },
    "2021-09-30": {
        "Diluted EPS": -1.56,
        "Total Revenue": NaN,
        "Gross Profit": NaN,
        "Operating Income": -91,
        "EBIT": -87,
        "Net Income": -89
    },
    "2021-06-30": {
        "Diluted EPS": -1.41,
        "Total Revenue": NaN,
        "Gross Profit": NaN,
        "Operating Income": -91,
        "EBIT": -87,
        "Net Income": -86
    },
    "2021-03-31": {
        "Diluted EPS": 26.95,
        "Total Revenue": NaN,
        "Gross Profit": NaN,
        "Operating Income": -91,
        "EBIT": -87,
        "Net Income": NaN
    },
    "2020-12-31": {
        "Diluted EPS": -1.41,
        "Total Revenue": NaN,
        "Gross Profit": NaN,
        "Operating Income": -85,
        "EBIT": -81,
        "Net Income": -98
    },
    "2020-09-30": {
        "Diluted EPS": -1.43,
        "Total Revenue": NaN,
        "Gross Profit": NaN,
        "Operating Income": -80,
        "EBIT": -77,
        "Net Income": -99
    },
    "2020-06-30": {
        "Diluted EPS": -1.31,
        "Total Revenue": NaN,
        "Gross Profit": NaN,
        "Operating Income": -83,
        "EBIT": -81,
        "Net Income": -90
    },
    "2020-03-31": {
        "Diluted EPS": -0.59,
        "Total Revenue": NaN,
        "Gross Profit": NaN,
        "Operating Income": -87,
        "EBIT": -84,
        "Net Income": -40
    },
    "2019-12-31": {
        "Diluted EPS": -1.59,
        "Total Revenue": NaN,
        "Gross Profit": NaN,
        "Operating Income": 87,
        "EBIT": 88,
        "Net Income": -102
    },
    "2019-09-30": {
        "Diluted EPS": -1.81,
        "Total Revenue": 26,
        "Gross Profit": 26,
        "Operating Income": -109,
        "EBIT": -108,
        "Net Income": -106
    },
    "2019-06-30": {
        "Diluted EPS": -1.87,
        "Total Revenue": 26,
        "Gross Profit": 26,
        "Operating Income": -114,
        "EBIT": -113,
        "Net Income": -110
    },
    "2019-03-31": {
        "Diluted EPS": -1.59,
        "Total Revenue": 30,
        "Gross Profit": 30,
        "Operating Income": -97,
        "EBIT": -97,
        "Net Income": -93
    },
    "2018-12-31": {
        "Diluted EPS": -1.58,
        "Total Revenue": 30,
        "Gross Profit": 29,
        "Operating Income": -96,
        "EBIT": -96,
        "Net Income": -92
    },
    "2018-09-30": {
        "Diluted EPS": -1.63,
        "Total Revenue": 15,
        "Gross Profit": 15,
        "Operating Income": -99,
        "EBIT": -99,
        "Net Income": -95
    },
    "2018-06-30": {
        "Diluted EPS": -1.19,
        "Total Revenue": 40,
        "Gross Profit": 40,
        "Operating Income": -73,
        "EBIT": -72,
        "Net Income": -69
    },
    "2018-03-31": {
        "Diluted EPS": -1.63,
        "Total Revenue": 9,
        "Gross Profit": 9,
        "Operating Income": -94,
        "EBIT": -93,
        "Net Income": -91
    },
    "2017-12-31": {
        "Diluted EPS": -1.82,
        "Total Revenue": 10,
        "Gross Profit": 10,
        "Operating Income": -90,
        "EBIT": -89,
        "Net Income": -88
    },
    "2017-09-30": {
        "Diluted EPS": -1.59,
        "Total Revenue": 11,
        "Gross Profit": 11,
        "Operating Income": -79,
        "EBIT": -77,
        "Net Income": -77
    },
    "2017-06-30": {
        "Diluted EPS": -1.78,
        "Total Revenue": 11,
        "Gross Profit": 11,
        "Operating Income": -85,
        "EBIT": -83,
        "Net Income": -83
    },
    "2017-03-31": {
        "Diluted EPS": -1.56,
        "Total Revenue": 11,
        "Gross Profit": 11,
        "Operating Income": -67,
        "EBIT": -65,
        "Net Income": -66
    },
    "2016-12-31": {
        "Diluted EPS": -1.36,
        "Total Revenue": 23,
        "Gross Profit": 23,
        "Operating Income": -57,
        "EBIT": -55,
        "Net Income": -56
    },
    "2016-09-30": {
        "Diluted EPS": -1.63,
        "Total Revenue": 9,
        "Gross Profit": 9,
        "Operating Income": -64,
        "EBIT": -62,
        "Net Income": -63
    },
    "2016-06-30": {
        "Diluted EPS": -1.47,
        "Total Revenue": 7,
        "Gross Profit": 7,
        "Operating Income": -56,
        "EBIT": -55,
        "Net Income": -56
    },
    "2016-03-31": {
        "Diluted EPS": -0.61,
        "Total Revenue": 31,
        "Gross Profit": 31,
        "Operating Income": -24,
        "EBIT": -22,
        "Net Income": -23
    },
    "2015-12-31": {
        "Diluted EPS": -1.1,
        "Total Revenue": 6,
        "Gross Profit": 6,
        "Operating Income": -41,
        "EBIT": -40,
        "Net Income": -41
    },
    "2015-09-30": {
        "Diluted EPS": -1.07,
        "Total Revenue": 5,
        "Gross Profit": 5,
        "Operating Income": -40,
        "EBIT": -39,
        "Net Income": -40
    },
    "2015-06-30": {
        "Diluted EPS": -0.85,
        "Total Revenue": 13,
        "Gross Profit": 13,
        "Operating Income": -32,
        "EBIT": -31,
        "Net Income": -32
    },
    "2015-03-31": {
        "Diluted EPS": -0.13,
        "Total Revenue": 34,
        "Gross Profit": 34,
        "Operating Income": -5,
        "EBIT": -5,
        "Net Income": -5
    },
    "2014-12-31": {
        "Diluted EPS": -0.76,
        "Total Revenue": 15,
        "Gross Profit": 15,
        "Operating Income": -27,
        "EBIT": -26,
        "Net Income": -27
    },
    "2014-09-30": {
        "Diluted EPS": 0.1,
        "Total Revenue": 34,
        "Gross Profit": 34,
        "Operating Income": 3,
        "EBIT": 4,
        "Net Income": 4
    },
    "2014-06-30": {
        "Diluted EPS": -0.54,
        "Total Revenue": 8,
        "Gross Profit": 8,
        "Operating Income": -18,
        "EBIT": -18,
        "Net Income": -18
    },
    "2014-03-31": {
        "Diluted EPS": -0.39,
        "Total Revenue": 8,
        "Gross Profit": 8,
        "Operating Income": -12,
        "EBIT": -12,
        "Net Income": -12
    },
    "2013-12-31": {
        "Diluted EPS": 2.96,
        "Total Revenue": 7,
        "Gross Profit": 7,
        "Operating Income": -12,
        "EBIT": -12,
        "Net Income": -12
    },
    "2013-09-30": {
        "Diluted EPS": -0.52,
        "Total Revenue": 6,
        "Gross Profit": 6,
        "Operating Income": -11,
        "EBIT": -11,
        "Net Income": -12
    },
    "2013-06-30": {
        "Diluted EPS": -2.8,
        "Total Revenue": 6,
        "Gross Profit": 6,
        "Operating Income": -9,
        "EBIT": -8,
        "Net Income": -10
    },
    "2013-03-31": {
        "Diluted EPS": -2.47,
        "Total Revenue": 6,
        "Gross Profit": 6,
        "Operating Income": -7,
        "EBIT": -7,
        "Net Income": -9
    },
    "2012-12-31": {
        "Diluted EPS": 0.0,
        "Total Revenue": NaN,
        "Gross Profit": NaN,
        "Operating Income": NaN,
        "EBIT": NaN,
        "Net Income": NaN
    },
    "2012-09-30": {
        "Diluted EPS": -0.83,
        "Total Revenue": 6,
        "Gross Profit": 6,
        "Operating Income": -5,
        "EBIT": -5,
        "Net Income": -3
    },
    "2012-06-30": {
        "Diluted EPS": -2.18,
        "Total Revenue": 6,
        "Gross Profit": 6,
        "Operating Income": -6,
        "EBIT": -6,
        "Net Income": -7
    },
    "2011-12-31": {
        "Diluted EPS": 0.0,
        "Total Revenue": NaN,
        "Gross Profit": NaN,
        "Operating Income": NaN,
        "EBIT": NaN,
        "Net Income": NaN
    },
    "2023-09-30": {
        "Tax Effect Of Unusual Items": NaN,
        "Tax Rate For Calcs": NaN,
        "Normalized EBITDA": NaN,
        "Total Unusual Items": 0.0,
        "Total Unusual Items Excluding Goodwill": 0.0,
        "Net Income From Continuing Operation Net Minority Interest": NaN,
        "Reconciled Depreciation": NaN,
        "Reconciled Cost Of Revenue": NaN,
        "EBITDA": NaN,
        "EBIT": NaN,
        "Net Interest Income": NaN,
        "Interest Income": NaN,
        "Normalized Income": NaN,
        "Net Income From Continuing And Discontinued Operation": NaN,
        "Total Expenses": NaN,
        "Total Operating Income As Reported": NaN,
        "Diluted Average Shares": 55803663.0,
        "Basic Average Shares": 55803663.0,
        "Diluted EPS": -1.64,
        "Basic EPS": -1.64,
        "Diluted NI Availto Com Stockholders": NaN,
        "Net Income Common Stockholders": NaN,
        "Net Income": NaN,
        "Net Income Including Noncontrolling Interests": NaN,
        "Net Income Continuous Operations": NaN,
        "Tax Provision": 0.0,
        "Pretax Income": NaN,
        "Other Income Expense": NaN,
        "Other Non Operating Income Expenses": NaN,
        "Special Income Charges": 0.0,
        "Gain On Sale Of Business": 0.0,
        "Net Non Operating Interest Income Expense": NaN,
        "Interest Income Non Operating": NaN,
        "Operating Income": NaN,
        "Operating Expense": NaN,
        "Research And Development": NaN,
        "Selling General And Administration": NaN,
        "Gross Profit": NaN,
        "Cost Of Revenue": NaN,
        "Total Revenue": NaN,
        "Operating Revenue": NaN
    },
    "2023-12-31": {
        "Tax Effect Of Unusual Items": NaN,
        "Tax Rate For Calcs": NaN,
        "Normalized EBITDA": NaN,
        "Total Unusual Items": 0.0,
        "Total Unusual Items Excluding Goodwill": 0.0,
        "Net Income From Continuing Operation Net Minority Interest": NaN,
        "Reconciled Depreciation": NaN,
        "Reconciled Cost Of Revenue": NaN,
        "EBITDA": NaN,
        "EBIT": NaN,
        "Net Interest Income": NaN,
        "Interest Income": NaN,
        "Normalized Income": NaN,
        "Net Income From Continuing And Discontinued Operation": NaN,
        "Total Expenses": NaN,
        "Total Operating Income As Reported": NaN,
        "Diluted Average Shares": NaN,
        "Basic Average Shares": NaN,
        "Diluted EPS": NaN,
        "Basic EPS": NaN,
        "Diluted NI Availto Com Stockholders": NaN,
        "Net Income Common Stockholders": NaN,
        "Net Income": NaN,
        "Net Income Including Noncontrolling Interests": NaN,
        "Net Income Continuous Operations": NaN,
        "Tax Provision": NaN,
        "Pretax Income": NaN,
        "Other Income Expense": NaN,
        "Other Non Operating Income Expenses": NaN,
        "Special Income Charges": 0.0,
        "Gain On Sale Of Business": 0.0,
        "Net Non Operating Interest Income Expense": NaN,
        "Interest Income Non Operating": NaN,
        "Operating Income": NaN,
        "Operating Expense": NaN,
        "Research And Development": NaN,
        "Selling General And Administration": NaN,
        "Gross Profit": NaN,
        "Cost Of Revenue": NaN,
        "Total Revenue": NaN,
        "Operating Revenue": NaN
    },
    "2024-03-31": {
        "Tax Effect Of Unusual Items": 0.0,
        "Tax Rate For Calcs": 0.0,
        "Normalized EBITDA": -90724000.0,
        "Total Unusual Items": NaN,
        "Total Unusual Items Excluding Goodwill": NaN,
        "Net Income From Continuing Operation Net Minority Interest": -81549000.0,
        "Reconciled Depreciation": 1348000.0,
        "Reconciled Cost Of Revenue": 627000.0,
        "EBITDA": -90724000.0,
        "EBIT": -92072000.0,
        "Net Interest Income": 8889000.0,
        "Interest Income": 8889000.0,
        "Normalized Income": -81549000.0,
        "Net Income From Continuing And Discontinued Operation": -81549000.0,
        "Total Expenses": 100261000.0,
        "Total Operating Income As Reported": -92072000.0,
        "Diluted Average Shares": 56383475.0,
        "Basic Average Shares": 56383475.0,
        "Diluted EPS": -1.45,
        "Basic EPS": -1.45,
        "Diluted NI Availto Com Stockholders": -81549000.0,
        "Net Income Common Stockholders": -81549000.0,
        "Net Income": -81549000.0,
        "Net Income Including Noncontrolling Interests": -81549000.0,
        "Net Income Continuous Operations": -81549000.0,
        "Tax Provision": NaN,
        "Pretax Income": -81549000.0,
        "Other Income Expense": 1634000.0,
        "Other Non Operating Income Expenses": 1634000.0,
        "Special Income Charges": NaN,
        "Gain On Sale Of Business": NaN,
        "Net Non Operating Interest Income Expense": 8889000.0,
        "Interest Income Non Operating": 8889000.0,
        "Operating Income": -92072000.0,
        "Operating Expense": 99634000.0,
        "Research And Development": 68620000.0,
        "Selling General And Administration": 31014000.0,
        "Gross Profit": 7562000.0,
        "Cost Of Revenue": 627000.0,
        "Total Revenue": 8189000.0,
        "Operating Revenue": 8189000.0
    },
    "2024-06-30": {
        "Tax Effect Of Unusual Items": 0.0,
        "Tax Rate For Calcs": 0.0,
        "Normalized EBITDA": -104224000.0,
        "Total Unusual Items": NaN,
        "Total Unusual Items Excluding Goodwill": NaN,
        "Net Income From Continuing Operation Net Minority Interest": -96118000.0,
        "Reconciled Depreciation": 1593000.0,
        "Reconciled Cost Of Revenue": 1495000.0,
        "EBITDA": -104224000.0,
        "EBIT": -105817000.0,
        "Net Interest Income": 8120000.0,
        "Interest Income": 8120000.0,
        "Normalized Income": -96118000.0,
        "Net Income From Continuing And Discontinued Operation": -96118000.0,
        "Total Expenses": 114432000.0,
        "Total Operating Income As Reported": -105817000.0,
        "Diluted Average Shares": 56802546.0,
        "Basic Average Shares": 56802546.0,
        "Diluted EPS": -1.69,
        "Basic EPS": -1.69,
        "Diluted NI Availto Com Stockholders": -96118000.0,
        "Net Income Common Stockholders": -96118000.0,
        "Net Income": -96118000.0,
        "Net Income Including Noncontrolling Interests": -96118000.0,
        "Net Income Continuous Operations": -96118000.0,
        "Tax Provision": NaN,
        "Pretax Income": -96118000.0,
        "Other Income Expense": 1579000.0,
        "Other Non Operating Income Expenses": 1579000.0,
        "Special Income Charges": NaN,
        "Gain On Sale Of Business": NaN,
        "Net Non Operating Interest Income Expense": 8120000.0,
        "Interest Income Non Operating": 8120000.0,
        "Operating Income": -105817000.0,
        "Operating Expense": 112937000.0,
        "Research And Development": 77401000.0,
        "Selling General And Administration": 35536000.0,
        "Gross Profit": 7120000.0,
        "Cost Of Revenue": 1495000.0,
        "Total Revenue": 8615000.0,
        "Operating Revenue": 8615000.0
    },
    "2024-09-30": {
        "Tax Effect Of Unusual Items": 57795086.40557,
        "Tax Rate For Calcs": 0.053065,
        "Normalized EBITDA": -1190602000.0,
        "Total Unusual Items": 1089136000.0,
        "Total Unusual Items Excluding Goodwill": 1089136000.0,
        "Net Income From Continuing Operation Net Minority Interest": 947915000.0,
        "Reconciled Depreciation": 1345000.0,
        "Reconciled Cost Of Revenue": 783000.0,
        "EBITDA": -101466000.0,
        "EBIT": -102811000.0,
        "Net Interest Income": 13059000.0,
        "Interest Income": 13059000.0,
        "Normalized Income": -83425913.59443,
        "Net Income From Continuing And Discontinued Operation": 947915000.0,
        "Total Expenses": 111775000.0,
        "Total Operating Income As Reported": -102811000.0,
        "Diluted Average Shares": 58432796.0,
        "Basic Average Shares": 56939403.0,
        "Diluted EPS": 16.22,
        "Basic EPS": 16.65,
        "Diluted NI Availto Com Stockholders": 947915000.0,
        "Net Income Common Stockholders": 947915000.0,
        "Net Income": 947915000.0,
        "Net Income Including Noncontrolling Interests": 947915000.0,
        "Net Income Continuous Operations": 947915000.0,
        "Tax Provision": 53120000.0,
        "Pretax Income": 1001035000.0,
        "Other Income Expense": 1090787000.0,
        "Other Non Operating Income Expenses": 1651000.0,
        "Special Income Charges": 1089136000.0,
        "Gain On Sale Of Business": 1089136000.0,
        "Net Non Operating Interest Income Expense": 13059000.0,
        "Interest Income Non Operating": 13059000.0,
        "Operating Income": -102811000.0,
        "Operating Expense": 110992000.0,
        "Research And Development": 72455000.0,
        "Selling General And Administration": 38537000.0,
        "Gross Profit": 8181000.0,
        "Cost Of Revenue": 783000.0,
        "Total Revenue": 8964000.0,
        "Operating Revenue": 8964000.0
    },
    "2024-12-31": {
        "Tax Effect Of Unusual Items": 0.0,
        "Tax Rate For Calcs": 0.084213,
        "Normalized EBITDA": -123670000.0,
        "Total Unusual Items": 0.0,
        "Total Unusual Items Excluding Goodwill": 0.0,
        "Net Income From Continuing Operation Net Minority Interest": -96523000.0,
        "Reconciled Depreciation": 1367000.0,
        "Reconciled Cost Of Revenue": 1260000.0,
        "EBITDA": -123670000.0,
        "EBIT": -125037000.0,
        "Net Interest Income": 18015000.0,
        "Interest Income": 18015000.0,
        "Normalized Income": -96523000.0,
        "Net Income From Continuing And Discontinued Operation": -96523000.0,
        "Total Expenses": 135767000.0,
        "Total Operating Income As Reported": -125037000.0,
        "Diluted Average Shares": NaN,
        "Basic Average Shares": NaN,
        "Diluted EPS": NaN,
        "Basic EPS": NaN,
        "Diluted NI Availto Com Stockholders": -96523000.0,
        "Net Income Common Stockholders": -96523000.0,
        "Net Income": -96523000.0,
        "Net Income Including Noncontrolling Interests": -96523000.0,
        "Net Income Continuous Operations": -96523000.0,
        "Tax Provision": -8876000.0,
        "Pretax Income": -105399000.0,
        "Other Income Expense": 1623000.0,
        "Other Non Operating Income Expenses": 1623000.0,
        "Special Income Charges": 0.0,
        "Gain On Sale Of Business": 0.0,
        "Net Non Operating Interest Income Expense": 18015000.0,
        "Interest Income Non Operating": 18015000.0,
        "Operating Income": -125037000.0,
        "Operating Expense": 134507000.0,
        "Research And Development": 82810000.0,
        "Selling General And Administration": 51697000.0,
        "Gross Profit": 9470000.0,
        "Cost Of Revenue": 1260000.0,
        "Total Revenue": 10730000.0,
        "Operating Revenue": 10730000.0
    },
    "2025-03-31": {
        "Tax Effect Of Unusual Items": 0.0,
        "Tax Rate For Calcs": 0.0,
        "Normalized EBITDA": -105351000.0,
        "Total Unusual Items": NaN,
        "Total Unusual Items Excluding Goodwill": NaN,
        "Net Income From Continuing Operation Net Minority Interest": -89289000.0,
        "Reconciled Depreciation": 1278000.0,
        "Reconciled Cost Of Revenue": 1085000.0,
        "EBITDA": -105351000.0,
        "EBIT": -106629000.0,
        "Net Interest Income": 16087000.0,
        "Interest Income": 16087000.0,
        "Normalized Income": -89289000.0,
        "Net Income From Continuing And Discontinued Operation": -89289000.0,
        "Total Expenses": 115355000.0,
        "Total Operating Income As Reported": -106629000.0,
        "Diluted Average Shares": NaN,
        "Basic Average Shares": NaN,
        "Diluted EPS": NaN,
        "Basic EPS": NaN,
        "Diluted NI Availto Com Stockholders": -89289000.0,
        "Net Income Common Stockholders": -89289000.0,
        "Net Income": -89289000.0,
        "Net Income Including Noncontrolling Interests": -89289000.0,
        "Net Income Continuous Operations": -89289000.0,
        "Tax Provision": NaN,
        "Pretax Income": -89289000.0,
        "Other Income Expense": 1253000.0,
        "Other Non Operating Income Expenses": 1253000.0,
        "Special Income Charges": NaN,
        "Gain On Sale Of Business": NaN,
        "Net Non Operating Interest Income Expense": 16087000.0,
        "Interest Income Non Operating": 16087000.0,
        "Operating Income": -106629000.0,
        "Operating Expense": 114270000.0,
        "Research And Development": 72743000.0,
        "Selling General And Administration": 41527000.0,
        "Gross Profit": 7641000.0,
        "Cost Of Revenue": 1085000.0,
        "Total Revenue": 8726000.0,
        "Operating Revenue": 8726000.0
    }
}