{
    "2023-03-31": {
        "Tax Effect Of Unusual Items": 0.0,
        "Tax Rate For Calcs": 0.218,
        "Net Income From Continuing Operation Net Minority Interest": 47035000.0,
        "Net Interest Income": 79058000.0,
        "Interest Expense": 236214000.0,
        "Interest Income": 315272000.0,
        "Normalized Income": 47035000.0,
        "Net Income From Continuing And Discontinued Operation": 47035000.0,
        "Diluted Average Shares": 10918000.0,
        "Basic Average Shares": 10802000.0,
        "Diluted EPS": 3.69,
        "Basic EPS": 3.73,
        "Diluted NI Availto Com Stockholders": 40244000.0,
        "Average Dilution Earnings": NaN,
        "Net Income Common Stockholders": 40244000.0,
        "Preferred Stock Dividends": 6791000.0,
        "Net Income": 47035000.0,
        "Net Income Including Noncontrolling Interests": 47035000.0,
        "Net Income Continuous Operations": 47035000.0,
        "Tax Provision": 13118000.0,
        "Pretax Income": 60153000.0,
        "Gain On Sale Of Security": 399000.0,
        "Selling General And Administration": 22878000.0,
        "General And Administrative Expense": 22878000.0,
        "Other Gand A": 7527000.0,
        "Salaries And Wages": 15351000.0,
        "Total Revenue": 84616000.0,
        "Operating Revenue": 84616000.0,
        "Other Non Interest Expense": 835000.0
    },
    "2022-12-31": {
        "Tax Effect Of Unusual Items": 0.0,
        "Tax Rate For Calcs": 0.213698,
        "Net Income From Continuing Operation Net Minority Interest": 43418000.0,
        "Net Interest Income": 73635000.0,
        "Interest Expense": 194092000.0,
        "Interest Income": 267727000.0,
        "Normalized Income": 43418000.0,
        "Net Income From Continuing And Discontinued Operation": 43418000.0,
        "Diluted Average Shares": 10894000.0,
        "Basic Average Shares": 10801000.0,
        "Diluted EPS": 3.36,
        "Basic EPS": 3.39,
        "Diluted NI Availto Com Stockholders": 36627000.0,
        "Average Dilution Earnings": NaN,
        "Net Income Common Stockholders": 36627000.0,
        "Preferred Stock Dividends": 6791000.0,
        "Net Income": 43418000.0,
        "Net Income Including Noncontrolling Interests": 43418000.0,
        "Net Income Continuous Operations": 43418000.0,
        "Tax Provision": 11800000.0,
        "Pretax Income": 55218000.0,
        "Gain On Sale Of Security": 1104000.0,
        "Selling General And Administration": 20160000.0,
        "General And Administrative Expense": 20160000.0,
        "Other Gand A": 8055000.0,
        "Salaries And Wages": 12105000.0,
        "Total Revenue": 78627000.0,
        "Operating Revenue": 78627000.0
    },
    "2022-09-30": {
        "Tax Effect Of Unusual Items": NaN,
        "Tax Rate For Calcs": NaN,
        "Net Income From Continuing Operation Net Minority Interest": NaN,
        "Reconciled Depreciation": 80000.0,
        "Net Interest Income": NaN,
        "Interest Expense": NaN,
        "Interest Income": NaN,
        "Normalized Income": NaN,
        "Net Income From Continuing And Discontinued Operation": NaN,
        "Diluted Average Shares": NaN,
        "Basic Average Shares": NaN,
        "Diluted EPS": NaN,
        "Basic EPS": NaN,
        "Diluted NI Availto Com Stockholders": NaN,
        "Average Dilution Earnings": 0.0,
        "Net Income Common Stockholders": NaN,
        "Preferred Stock Dividends": NaN,
        "Net Income": NaN,
        "Net Income Including Noncontrolling Interests": NaN,
        "Net Income Continuous Operations": NaN,
        "Tax Provision": NaN,
        "Pretax Income": NaN,
        "Gain On Sale Of Security": NaN,
        "Depreciation Amortization Depletion Income Statement": 80000.0,
        "Depreciation And Amortization In Income Statement": 80000.0,
        "Amortization": 80000.0,
        "Amortization Of Intangibles Income Statement": 80000.0,
        "Selling General And Administration": NaN,
        "General And Administrative Expense": NaN,
        "Other Gand A": NaN,
        "Salaries And Wages": NaN,
        "Total Revenue": NaN,
        "Operating Revenue": NaN
    },
    "2022-06-30": {
        "Tax Effect Of Unusual Items": 0.0,
        "Tax Rate For Calcs": 0.209,
        "Net Income From Continuing Operation Net Minority Interest": 45896000.0,
        "Reconciled Depreciation": 136000.0,
        "Net Interest Income": 69402000.0,
        "Interest Expense": 75534000.0,
        "Interest Income": 144936000.0,
        "Normalized Income": 45896000.0,
        "Net Income From Continuing And Discontinued Operation": 45896000.0,
        "Diluted Average Shares": 10864000.0,
        "Basic Average Shares": 10796000.0,
        "Diluted EPS": 3.23,
        "Basic EPS": 3.25,
        "Diluted NI Availto Com Stockholders": 39104000.0,
        "Average Dilution Earnings": NaN,
        "Net Income Common Stockholders": 39104000.0,
        "Preferred Stock Dividends": 6792000.0,
        "Net Income": 45896000.0,
        "Net Income Including Noncontrolling Interests": 45896000.0,
        "Net Income Continuous Operations": 45896000.0,
        "Tax Provision": 12132000.0,
        "Pretax Income": 58028000.0,
        "Gain On Sale Of Security": 3447000.0,
        "Depreciation Amortization Depletion Income Statement": 136000.0,
        "Depreciation And Amortization In Income Statement": 136000.0,
        "Amortization": 136000.0,
        "Amortization Of Intangibles Income Statement": 136000.0,
        "Selling General And Administration": 19235000.0,
        "General And Administrative Expense": 19235000.0,
        "Other Gand A": 7520000.0,
        "Salaries And Wages": 11715000.0,
        "Total Revenue": 76677000.0,
        "Operating Revenue": 76677000.0
    },
    "2022-03-31": {
        "Diluted EPS": 4.1,
        "Total Revenue": 137,
        "Gross Profit": 87,
        "Operating Income": 65,
        "EBIT": NaN,
        "Net Income": 45
    },
    "2021-12-31": {
        "Diluted EPS": 2.71,
        "Total Revenue": 114,
        "Gross Profit": 65,
        "Operating Income": 46,
        "EBIT": NaN,
        "Net Income": 29
    },
    "2021-09-30": {
        "Diluted EPS": 2.63,
        "Total Revenue": 112,
        "Gross Profit": 62,
        "Operating Income": 45,
        "EBIT": NaN,
        "Net Income": 29
    },
    "2021-06-30": {
        "Diluted EPS": 2.35,
        "Total Revenue": 108,
        "Gross Profit": 56,
        "Operating Income": 40,
        "EBIT": NaN,
        "Net Income": 25
    },
    "2021-03-31": {
        "Diluted EPS": 2.58,
        "Total Revenue": 116,
        "Gross Profit": 62,
        "Operating Income": 42,
        "EBIT": NaN,
        "Net Income": 28
    },
    "2020-12-31": {
        "Diluted EPS": 3.26,
        "Total Revenue": 132,
        "Gross Profit": 71,
        "Operating Income": 51,
        "EBIT": NaN,
        "Net Income": 35
    },
    "2020-09-30": {
        "Diluted EPS": 1.73,
        "Total Revenue": 111,
        "Gross Profit": 47,
        "Operating Income": 32,
        "EBIT": NaN,
        "Net Income": 19
    },
    "2020-06-30": {
        "Diluted EPS": 2.94,
        "Total Revenue": 139,
        "Gross Profit": 60,
        "Operating Income": 45,
        "EBIT": NaN,
        "Net Income": 32
    },
    "2020-03-31": {
        "Diluted EPS": 0.87,
        "Total Revenue": 145,
        "Gross Profit": 36,
        "Operating Income": 17,
        "EBIT": NaN,
        "Net Income": 9
    },
    "2019-12-31": {
        "Diluted EPS": 2.7,
        "Total Revenue": 170,
        "Gross Profit": 57,
        "Operating Income": 41,
        "EBIT": NaN,
        "Net Income": 29
    },
    "2019-09-30": {
        "Diluted EPS": 1.33,
        "Total Revenue": 158,
        "Gross Profit": 37,
        "Operating Income": 22,
        "EBIT": NaN,
        "Net Income": 14
    },
    "2019-06-30": {
        "Diluted EPS": 2.63,
        "Total Revenue": 178,
        "Gross Profit": 56,
        "Operating Income": 43,
        "EBIT": NaN,
        "Net Income": 28
    },
    "2019-03-31": {
        "Diluted EPS": 2.03,
        "Total Revenue": 159,
        "Gross Profit": 44,
        "Operating Income": 32,
        "EBIT": NaN,
        "Net Income": 22
    },
    "2018-12-31": {
        "Diluted EPS": 1.82,
        "Total Revenue": 147,
        "Gross Profit": 43,
        "Operating Income": 29,
        "EBIT": NaN,
        "Net Income": 20
    },
    "2018-09-30": {
        "Diluted EPS": 2.46,
        "Total Revenue": 147,
        "Gross Profit": 49,
        "Operating Income": 38,
        "EBIT": NaN,
        "Net Income": 26
    },
    "2018-06-30": {
        "Diluted EPS": 2.45,
        "Total Revenue": 142,
        "Gross Profit": 50,
        "Operating Income": 37,
        "EBIT": NaN,
        "Net Income": 26
    },
    "2018-03-31": {
        "Diluted EPS": 2.1,
        "Total Revenue": 120,
        "Gross Profit": 43,
        "Operating Income": 32,
        "EBIT": NaN,
        "Net Income": 23
    },
    "2017-12-31": {
        "Diluted EPS": 1.54,
        "Total Revenue": 114,
        "Gross Profit": 44,
        "Operating Income": 33,
        "EBIT": NaN,
        "Net Income": 17
    },
    "2017-09-30": {
        "Diluted EPS": 1.71,
        "Total Revenue": 109,
        "Gross Profit": 44,
        "Operating Income": 33,
        "EBIT": NaN,
        "Net Income": 18
    },
    "2017-06-30": {
        "Diluted EPS": 1.62,
        "Total Revenue": 102,
        "Gross Profit": 43,
        "Operating Income": 32,
        "EBIT": NaN,
        "Net Income": 17
    },
    "2017-03-31": {
        "Diluted EPS": 1.73,
        "Total Revenue": 93,
        "Gross Profit": 44,
        "Operating Income": 32,
        "EBIT": NaN,
        "Net Income": 19
    },
    "2016-12-31": {
        "Diluted EPS": 2.36,
        "Total Revenue": 101,
        "Gross Profit": 56,
        "Operating Income": 45,
        "EBIT": NaN,
        "Net Income": 25
    },
    "2016-09-30": {
        "Diluted EPS": 1.54,
        "Total Revenue": 84,
        "Gross Profit": 40,
        "Operating Income": 30,
        "EBIT": NaN,
        "Net Income": 16
    },
    "2016-06-30": {
        "Diluted EPS": 1.13,
        "Total Revenue": 77,
        "Gross Profit": 34,
        "Operating Income": 24,
        "EBIT": NaN,
        "Net Income": 12
    },
    "2016-03-31": {
        "Diluted EPS": 0.94,
        "Total Revenue": 71,
        "Gross Profit": 31,
        "Operating Income": 21,
        "EBIT": NaN,
        "Net Income": 10
    },
    "2015-12-31": {
        "Diluted EPS": 1.35,
        "Total Revenue": 74,
        "Gross Profit": 37,
        "Operating Income": 25,
        "EBIT": NaN,
        "Net Income": 15
    },
    "2015-09-30": {
        "Diluted EPS": 0.74,
        "Total Revenue": 62,
        "Gross Profit": 27,
        "Operating Income": 19,
        "EBIT": NaN,
        "Net Income": 8
    },
    "2015-06-30": {
        "Diluted EPS": 1.94,
        "Total Revenue": 85,
        "Gross Profit": 50,
        "Operating Income": 40,
        "EBIT": NaN,
        "Net Income": 22
    },
    "2015-03-31": {
        "Diluted EPS": 0.16,
        "Total Revenue": 64,
        "Gross Profit": 31,
        "Operating Income": 22,
        "EBIT": NaN,
        "Net Income": 2
    },
    "2014-12-31": {
        "Diluted EPS": 0.5,
        "Total Revenue": 70,
        "Gross Profit": 25,
        "Operating Income": 17,
        "EBIT": NaN,
        "Net Income": 6
    },
    "2014-09-30": {
        "Diluted EPS": 1.02,
        "Total Revenue": 84,
        "Gross Profit": 35,
        "Operating Income": 27,
        "EBIT": NaN,
        "Net Income": 12
    },
    "2014-06-30": {
        "Diluted EPS": 1.78,
        "Total Revenue": 71,
        "Gross Profit": 28,
        "Operating Income": 21,
        "EBIT": NaN,
        "Net Income": 20
    },
    "2014-03-31": {
        "Diluted EPS": 0.07,
        "Total Revenue": 49,
        "Gross Profit": 15,
        "Operating Income": 6,
        "EBIT": NaN,
        "Net Income": 1
    },
    "2013-12-31": {
        "Diluted EPS": 1.11,
        "Total Revenue": 66,
        "Gross Profit": 30,
        "Operating Income": 23,
        "EBIT": NaN,
        "Net Income": 12
    },
    "2013-09-30": {
        "Diluted EPS": 1.37,
        "Total Revenue": 73,
        "Gross Profit": 38,
        "Operating Income": 31,
        "EBIT": NaN,
        "Net Income": 15
    },
    "2013-06-30": {
        "Diluted EPS": 2.48,
        "Total Revenue": 88,
        "Gross Profit": 55,
        "Operating Income": 47,
        "EBIT": NaN,
        "Net Income": 28
    },
    "2013-03-31": {
        "Diluted EPS": 1.45,
        "Total Revenue": 74,
        "Gross Profit": 41,
        "Operating Income": 32,
        "EBIT": NaN,
        "Net Income": 16
    },
    "2012-12-31": {
        "Diluted EPS": 0.86,
        "Total Revenue": 65,
        "Gross Profit": 31,
        "Operating Income": 18,
        "EBIT": NaN,
        "Net Income": 10
    },
    "2012-09-30": {
        "Diluted EPS": 1.49,
        "Total Revenue": 72,
        "Gross Profit": 39,
        "Operating Income": 31,
        "EBIT": NaN,
        "Net Income": 16
    },
    "2012-06-30": {
        "Diluted EPS": -0.41,
        "Total Revenue": 44,
        "Gross Profit": 7,
        "Operating Income": 1,
        "EBIT": NaN,
        "Net Income": -4
    },
    "2012-03-31": {
        "Diluted EPS": 2.04,
        "Total Revenue": 87,
        "Gross Profit": 48,
        "Operating Income": 40,
        "EBIT": NaN,
        "Net Income": 22
    },
    "2011-12-31": {
        "Diluted EPS": 1.3,
        "Total Revenue": 73,
        "Gross Profit": 34,
        "Operating Income": 28,
        "EBIT": NaN,
        "Net Income": 13
    },
    "2011-09-30": {
        "Diluted EPS": -2.22,
        "Total Revenue": 16,
        "Gross Profit": -24,
        "Operating Income": -31,
        "EBIT": NaN,
        "Net Income": -23
    },
    "2011-06-30": {
        "Diluted EPS": 0.48,
        "Total Revenue": 59,
        "Gross Profit": 21,
        "Operating Income": 13,
        "EBIT": NaN,
        "Net Income": 5
    },
    "2011-03-31": {
        "Diluted EPS": 1.72,
        "Total Revenue": 79,
        "Gross Profit": 42,
        "Operating Income": 32,
        "EBIT": NaN,
        "Net Income": 18
    },
    "2010-12-31": {
        "Diluted EPS": 1.18,
        "Total Revenue": 73,
        "Gross Profit": 37,
        "Operating Income": 27,
        "EBIT": NaN,
        "Net Income": 12
    },
    "2010-09-30": {
        "Diluted EPS": 0.56,
        "Total Revenue": 55,
        "Gross Profit": 22,
        "Operating Income": 13,
        "EBIT": NaN,
        "Net Income": 6
    },
    "2010-06-30": {
        "Diluted EPS": 0.17,
        "Total Revenue": 53,
        "Gross Profit": 17,
        "Operating Income": 12,
        "EBIT": NaN,
        "Net Income": 2
    },
    "2010-03-31": {
        "Diluted EPS": 0.17,
        "Total Revenue": 63,
        "Gross Profit": 26,
        "Operating Income": 16,
        "EBIT": NaN,
        "Net Income": 2
    },
    "2009-12-31": {
        "Diluted EPS": 0.5,
        "Total Revenue": 46,
        "Gross Profit": 24,
        "Operating Income": 15,
        "EBIT": NaN,
        "Net Income": 5
    },
    "2009-09-30": {
        "Diluted EPS": 1.74,
        "Total Revenue": 68,
        "Gross Profit": 45,
        "Operating Income": 35,
        "EBIT": NaN,
        "Net Income": 18
    },
    "2009-06-30": {
        "Diluted EPS": 2.49,
        "Total Revenue": 69,
        "Gross Profit": 47,
        "Operating Income": 46,
        "EBIT": NaN,
        "Net Income": 25
    },
    "2009-03-31": {
        "Diluted EPS": 3.31,
        "Total Revenue": 93,
        "Gross Profit": 69,
        "Operating Income": 58,
        "EBIT": NaN,
        "Net Income": 34
    },
    "2023-06-30": {
        "Tax Effect Of Unusual Items": NaN,
        "Tax Rate For Calcs": NaN,
        "Net Income From Continuing Operation Net Minority Interest": NaN,
        "Net Interest Income": NaN,
        "Interest Expense": NaN,
        "Interest Income": NaN,
        "Normalized Income": NaN,
        "Net Income From Continuing And Discontinued Operation": NaN,
        "Diluted Average Shares": NaN,
        "Basic Average Shares": NaN,
        "Diluted EPS": NaN,
        "Basic EPS": NaN,
        "Diluted NI Availto Com Stockholders": NaN,
        "Average Dilution Earnings": 0.0,
        "Net Income Common Stockholders": NaN,
        "Otherunder Preferred Stock Dividend": NaN,
        "Preferred Stock Dividends": NaN,
        "Net Income": NaN,
        "Net Income Including Noncontrolling Interests": NaN,
        "Net Income Continuous Operations": NaN,
        "Tax Provision": NaN,
        "Pretax Income": NaN,
        "Gain On Sale Of Security": NaN,
        "Selling General And Administration": NaN,
        "General And Administrative Expense": NaN,
        "Other Gand A": NaN,
        "Salaries And Wages": NaN,
        "Total Revenue": NaN,
        "Operating Revenue": NaN,
        "Other Non Interest Expense": NaN
    },
    "2023-09-30": {
        "Tax Effect Of Unusual Items": NaN,
        "Tax Rate For Calcs": NaN,
        "Net Income From Continuing Operation Net Minority Interest": NaN,
        "Net Interest Income": NaN,
        "Interest Expense": NaN,
        "Interest Income": NaN,
        "Normalized Income": NaN,
        "Net Income From Continuing And Discontinued Operation": NaN,
        "Diluted Average Shares": NaN,
        "Basic Average Shares": NaN,
        "Diluted EPS": NaN,
        "Basic EPS": NaN,
        "Diluted NI Availto Com Stockholders": NaN,
        "Average Dilution Earnings": 0.0,
        "Net Income Common Stockholders": NaN,
        "Otherunder Preferred Stock Dividend": NaN,
        "Preferred Stock Dividends": NaN,
        "Net Income": NaN,
        "Net Income Including Noncontrolling Interests": NaN,
        "Net Income Continuous Operations": NaN,
        "Tax Provision": NaN,
        "Pretax Income": NaN,
        "Gain On Sale Of Security": NaN,
        "Selling General And Administration": NaN,
        "General And Administrative Expense": NaN,
        "Other Gand A": NaN,
        "Salaries And Wages": NaN,
        "Total Revenue": NaN,
        "Operating Revenue": NaN,
        "Other Non Interest Expense": NaN
    },
    "2023-12-31": {
        "Tax Effect Of Unusual Items": 0.0,
        "Tax Rate For Calcs": 0.21175,
        "Net Income From Continuing Operation Net Minority Interest": 47619000.0,
        "Net Interest Income": 82169000.0,
        "Interest Expense": 269204000.0,
        "Interest Income": 351373000.0,
        "Normalized Income": 47619000.0,
        "Net Income From Continuing And Discontinued Operation": 47619000.0,
        "Diluted Average Shares": 10952000.0,
        "Basic Average Shares": 10841000.0,
        "Diluted EPS": 3.73,
        "Basic EPS": 3.77,
        "Diluted NI Availto Com Stockholders": 40828000.0,
        "Average Dilution Earnings": NaN,
        "Net Income Common Stockholders": 40828000.0,
        "Otherunder Preferred Stock Dividend": NaN,
        "Preferred Stock Dividends": 6791000.0,
        "Net Income": 47619000.0,
        "Net Income Including Noncontrolling Interests": 47619000.0,
        "Net Income Continuous Operations": 47619000.0,
        "Tax Provision": 12792000.0,
        "Pretax Income": 60411000.0,
        "Gain On Sale Of Security": -1871000.0,
        "Selling General And Administration": 24439000.0,
        "General And Administrative Expense": 24439000.0,
        "Other Gand A": 8916000.0,
        "Salaries And Wages": 15523000.0,
        "Total Revenue": 85000000.0,
        "Operating Revenue": 85000000.0,
        "Other Non Interest Expense": 725000.0
    },
    "2024-03-31": {
        "Tax Effect Of Unusual Items": 0.0,
        "Tax Rate For Calcs": 0.212467,
        "Net Income From Continuing Operation Net Minority Interest": 53746000.0,
        "Net Interest Income": 86368000.0,
        "Interest Expense": 309949000.0,
        "Interest Income": 396317000.0,
        "Normalized Income": 53746000.0,
        "Net Income From Continuing And Discontinued Operation": 53746000.0,
        "Diluted Average Shares": 46955000.0,
        "Basic Average Shares": 46955000.0,
        "Diluted EPS": 4.28,
        "Basic EPS": 4.33,
        "Diluted NI Availto Com Stockholders": 46955000.0,
        "Average Dilution Earnings": NaN,
        "Net Income Common Stockholders": 46955000.0,
        "Otherunder Preferred Stock Dividend": NaN,
        "Preferred Stock Dividends": 6791000.0,
        "Net Income": 53746000.0,
        "Net Income Including Noncontrolling Interests": 53746000.0,
        "Net Income Continuous Operations": 53746000.0,
        "Tax Provision": 14500000.0,
        "Pretax Income": 68246000.0,
        "Gain On Sale Of Security": 2079000.0,
        "Selling General And Administration": 26512000.0,
        "General And Administrative Expense": 26512000.0,
        "Other Gand A": 8255000.0,
        "Salaries And Wages": 18257000.0,
        "Total Revenue": 93613000.0,
        "Operating Revenue": 93613000.0,
        "Other Non Interest Expense": 725000.0
    },
    "2024-06-30": {
        "Tax Effect Of Unusual Items": 0.0,
        "Tax Rate For Calcs": 0.205,
        "Net Income From Continuing Operation Net Minority Interest": 47105000.0,
        "Net Interest Income": 87340000.0,
        "Interest Expense": 316366000.0,
        "Interest Income": 403706000.0,
        "Normalized Income": 47105000.0,
        "Net Income From Continuing And Discontinued Operation": 47105000.0,
        "Diluted Average Shares": 10956000.0,
        "Basic Average Shares": 10879000.0,
        "Diluted EPS": 3.68,
        "Basic EPS": 3.71,
        "Diluted NI Availto Com Stockholders": 40313000.0,
        "Average Dilution Earnings": 0.0,
        "Net Income Common Stockholders": 40313000.0,
        "Otherunder Preferred Stock Dividend": NaN,
        "Preferred Stock Dividends": 6792000.0,
        "Net Income": 47105000.0,
        "Net Income Including Noncontrolling Interests": 47105000.0,
        "Net Income Continuous Operations": 47105000.0,
        "Tax Provision": 12113000.0,
        "Pretax Income": 59218000.0,
        "Gain On Sale Of Security": -747000.0,
        "Selling General And Administration": 23744000.0,
        "General And Administrative Expense": 23744000.0,
        "Other Gand A": 8904000.0,
        "Salaries And Wages": 14840000.0,
        "Total Revenue": 89917000.0,
        "Operating Revenue": 89917000.0,
        "Other Non Interest Expense": 725000.0
    },
    "2024-09-30": {
        "Tax Effect Of Unusual Items": 0.0,
        "Tax Rate For Calcs": 0.2,
        "Net Income From Continuing Operation Net Minority Interest": 49828000.0,
        "Net Interest Income": 86791000.0,
        "Interest Expense": 320937000.0,
        "Interest Income": 407728000.0,
        "Normalized Income": 49828000.0,
        "Net Income From Continuing And Discontinued Operation": 49828000.0,
        "Diluted Average Shares": 10966000.0,
        "Basic Average Shares": 10883000.0,
        "Diluted EPS": 3.86,
        "Basic EPS": 3.89,
        "Diluted NI Availto Com Stockholders": 42312000.0,
        "Average Dilution Earnings": 0.0,
        "Net Income Common Stockholders": 42312000.0,
        "Otherunder Preferred Stock Dividend": 1619000.0,
        "Preferred Stock Dividends": 5897000.0,
        "Net Income": 49828000.0,
        "Net Income Including Noncontrolling Interests": 49828000.0,
        "Net Income Continuous Operations": 49828000.0,
        "Tax Provision": 12421000.0,
        "Pretax Income": 62249000.0,
        "Gain On Sale Of Security": -1934000.0,
        "Selling General And Administration": 23862000.0,
        "General And Administrative Expense": 23862000.0,
        "Other Gand A": 8625000.0,
        "Salaries And Wages": 15237000.0,
        "Total Revenue": 90290000.0,
        "Operating Revenue": 90290000.0,
        "Other Non Interest Expense": 921000.0
    },
    "2024-12-31": {
        "Tax Effect Of Unusual Items": 0.0,
        "Tax Rate For Calcs": 0.173651,
        "Net Income From Continuing Operation Net Minority Interest": 56514000.0,
        "Net Interest Income": 93368000.0,
        "Interest Expense": 302397000.0,
        "Interest Income": 395765000.0,
        "Normalized Income": 56514000.0,
        "Net Income From Continuing And Discontinued Operation": 56514000.0,
        "Diluted Average Shares": 10982000.0,
        "Basic Average Shares": 10889000.0,
        "Diluted EPS": 4.63,
        "Basic EPS": 4.67,
        "Diluted NI Availto Com Stockholders": 50848000.0,
        "Average Dilution Earnings": NaN,
        "Net Income Common Stockholders": 50848000.0,
        "Otherunder Preferred Stock Dividend": 0.0,
        "Preferred Stock Dividends": 5666000.0,
        "Net Income": 56514000.0,
        "Net Income Including Noncontrolling Interests": 56514000.0,
        "Net Income Continuous Operations": 56514000.0,
        "Tax Provision": 11876000.0,
        "Pretax Income": 68390000.0,
        "Gain On Sale Of Security": 4290000.0,
        "Selling General And Administration": 28093000.0,
        "General And Administrative Expense": 28093000.0,
        "Other Gand A": 12452000.0,
        "Salaries And Wages": 15641000.0,
        "Total Revenue": 101355000.0,
        "Operating Revenue": 101355000.0,
        "Other Non Interest Expense": 1000000.0
    },
    "2025-03-31": {
        "Tax Effect Of Unusual Items": 0.0,
        "Tax Rate For Calcs": 0.213,
        "Net Income From Continuing Operation Net Minority Interest": 49651000.0,
        "Net Interest Income": 90939000.0,
        "Interest Expense": 290475000.0,
        "Interest Income": 381414000.0,
        "Normalized Income": 49651000.0,
        "Net Income From Continuing And Discontinued Operation": 49651000.0,
        "Diluted Average Shares": 10983000.0,
        "Basic Average Shares": 10896000.0,
        "Diluted EPS": 4.01,
        "Basic EPS": 4.04,
        "Diluted NI Availto Com Stockholders": 43985000.0,
        "Average Dilution Earnings": NaN,
        "Net Income Common Stockholders": 43985000.0,
        "Otherunder Preferred Stock Dividend": NaN,
        "Preferred Stock Dividends": 5666000.0,
        "Net Income": 49651000.0,
        "Net Income Including Noncontrolling Interests": 49651000.0,
        "Net Income Continuous Operations": 49651000.0,
        "Tax Provision": 13474000.0,
        "Pretax Income": 63125000.0,
        "Gain On Sale Of Security": -2636000.0,
        "Selling General And Administration": 28510000.0,
        "General And Administrative Expense": 28510000.0,
        "Other Gand A": 10758000.0,
        "Salaries And Wages": 17752000.0,
        "Total Revenue": 94218000.0,
        "Operating Revenue": 94218000.0,
        "Other Non Interest Expense": 1000000.0
    },
    "2025-06-30": {
        "Tax Effect Of Unusual Items": 0.0,
        "Tax Rate For Calcs": 0.162,
        "Net Income From Continuing Operation Net Minority Interest": 54837000.0,
        "Net Interest Income": 96797000.0,
        "Interest Expense": 302225000.0,
        "Interest Income": 399022000.0,
        "Normalized Income": 54837000.0,
        "Net Income From Continuing And Discontinued Operation": 54837000.0,
        "Diluted Average Shares": 10963000.0,
        "Basic Average Shares": 10933000.0,
        "Diluted EPS": 4.48,
        "Basic EPS": 4.5,
        "Diluted NI Availto Com Stockholders": 49170000.0,
        "Average Dilution Earnings": NaN,
        "Net Income Common Stockholders": 49170000.0,
        "Otherunder Preferred Stock Dividend": NaN,
        "Preferred Stock Dividends": 5667000.0,
        "Net Income": 54837000.0,
        "Net Income Including Noncontrolling Interests": 54837000.0,
        "Net Income Continuous Operations": 54837000.0,
        "Tax Provision": 10594000.0,
        "Pretax Income": 65431000.0,
        "Gain On Sale Of Security": 80000.0,
        "Selling General And Administration": 28490000.0,
        "General And Administrative Expense": 28490000.0,
        "Other Gand A": 10859000.0,
        "Salaries And Wages": 17631000.0,
        "Total Revenue": 102733000.0,
        "Operating Revenue": 102733000.0,
        "Other Non Interest Expense": 1000000.0
    }
}