{
    "2023-03-31": {
        "Tax Effect Of Unusual Items": NaN,
        "Tax Rate For Calcs": NaN,
        "Normalized EBITDA": NaN,
        "Total Unusual Items": NaN,
        "Total Unusual Items Excluding Goodwill": NaN,
        "Net Income From Continuing Operation Net Minority Interest": NaN,
        "Reconciled Depreciation": NaN,
        "Reconciled Cost Of Revenue": NaN,
        "EBITDA": NaN,
        "EBIT": NaN,
        "Net Interest Income": NaN,
        "Interest Expense": NaN,
        "Interest Income": NaN,
        "Normalized Income": NaN,
        "Net Income From Continuing And Discontinued Operation": NaN,
        "Total Expenses": NaN,
        "Rent Expense Supplemental": 645000.0,
        "Total Operating Income As Reported": NaN,
        "Diluted Average Shares": NaN,
        "Basic Average Shares": NaN,
        "Diluted EPS": NaN,
        "Basic EPS": NaN,
        "Diluted NI Availto Com Stockholders": NaN,
        "Net Income Common Stockholders": NaN,
        "Net Income": NaN,
        "Minority Interests": NaN,
        "Net Income Including Noncontrolling Interests": NaN,
        "Net Income Continuous Operations": NaN,
        "Tax Provision": NaN,
        "Pretax Income": NaN,
        "Other Income Expense": NaN,
        "Other Non Operating Income Expenses": 9861000.0,
        "Special Income Charges": NaN,
        "Gain On Sale Of Ppe": 1813000.0,
        "Other Special Charges": 11729000.0,
        "Restructuring And Mergern Acquisition": NaN,
        "Gain On Sale Of Security": -9464000.0,
        "Net Non Operating Interest Income Expense": NaN,
        "Total Other Finance Cost": 1868000.0,
        "Interest Expense Non Operating": NaN,
        "Interest Income Non Operating": NaN,
        "Operating Income": NaN,
        "Operating Expense": NaN,
        "Other Operating Expenses": NaN,
        "Other Taxes": 8055000.0,
        "Depreciation Amortization Depletion Income Statement": 6997000.0,
        "Depreciation And Amortization In Income Statement": 6997000.0,
        "Depreciation Income Statement": 6997000.0,
        "Selling General And Administration": NaN,
        "Selling And Marketing Expense": NaN,
        "General And Administrative Expense": NaN,
        "Other Gand A": NaN,
        "Rent And Landing Fees": 341000.0,
        "Salaries And Wages": 12052000.0,
        "Gross Profit": NaN,
        "Cost Of Revenue": NaN,
        "Total Revenue": NaN,
        "Operating Revenue": NaN
    },
    "2022-12-31": {
        "Tax Effect Of Unusual Items": NaN,
        "Tax Rate For Calcs": NaN,
        "Normalized EBITDA": NaN,
        "Total Unusual Items": NaN,
        "Total Unusual Items Excluding Goodwill": NaN,
        "Net Income From Continuing Operation Net Minority Interest": NaN,
        "Reconciled Depreciation": NaN,
        "Reconciled Cost Of Revenue": NaN,
        "EBITDA": NaN,
        "EBIT": NaN,
        "Net Interest Income": NaN,
        "Interest Expense": NaN,
        "Interest Income": NaN,
        "Normalized Income": NaN,
        "Net Income From Continuing And Discontinued Operation": NaN,
        "Total Expenses": NaN,
        "Rent Expense Supplemental": 262000.0,
        "Total Operating Income As Reported": NaN,
        "Diluted Average Shares": NaN,
        "Basic Average Shares": NaN,
        "Diluted EPS": NaN,
        "Basic EPS": NaN,
        "Diluted NI Availto Com Stockholders": NaN,
        "Net Income Common Stockholders": NaN,
        "Net Income": NaN,
        "Minority Interests": NaN,
        "Net Income Including Noncontrolling Interests": NaN,
        "Net Income Continuous Operations": NaN,
        "Tax Provision": NaN,
        "Pretax Income": NaN,
        "Other Income Expense": NaN,
        "Other Non Operating Income Expenses": NaN,
        "Special Income Charges": NaN,
        "Gain On Sale Of Ppe": NaN,
        "Other Special Charges": 16821000.0,
        "Restructuring And Mergern Acquisition": 1948000.0,
        "Gain On Sale Of Security": -8979000.0,
        "Net Non Operating Interest Income Expense": NaN,
        "Total Other Finance Cost": 19625000.0,
        "Interest Expense Non Operating": NaN,
        "Interest Income Non Operating": NaN,
        "Operating Income": NaN,
        "Operating Expense": NaN,
        "Other Operating Expenses": NaN,
        "Other Taxes": 1321000.0,
        "Depreciation Amortization Depletion Income Statement": 5568000.0,
        "Depreciation And Amortization In Income Statement": 5568000.0,
        "Depreciation Income Statement": 5568000.0,
        "Selling General And Administration": NaN,
        "Selling And Marketing Expense": NaN,
        "General And Administrative Expense": NaN,
        "Other Gand A": NaN,
        "Rent And Landing Fees": 262000.0,
        "Salaries And Wages": 10064000.0,
        "Gross Profit": NaN,
        "Cost Of Revenue": NaN,
        "Total Revenue": NaN,
        "Operating Revenue": NaN
    },
    "2022-09-30": {
        "Tax Effect Of Unusual Items": NaN,
        "Tax Rate For Calcs": NaN,
        "Normalized EBITDA": NaN,
        "Total Unusual Items": NaN,
        "Total Unusual Items Excluding Goodwill": NaN,
        "Net Income From Continuing Operation Net Minority Interest": NaN,
        "Reconciled Depreciation": NaN,
        "Reconciled Cost Of Revenue": NaN,
        "EBITDA": NaN,
        "EBIT": NaN,
        "Net Interest Income": NaN,
        "Interest Expense": NaN,
        "Interest Income": NaN,
        "Normalized Income": NaN,
        "Net Income From Continuing And Discontinued Operation": NaN,
        "Total Expenses": NaN,
        "Rent Expense Supplemental": NaN,
        "Total Operating Income As Reported": NaN,
        "Diluted Average Shares": NaN,
        "Basic Average Shares": NaN,
        "Diluted EPS": NaN,
        "Basic EPS": NaN,
        "Diluted NI Availto Com Stockholders": NaN,
        "Net Income Common Stockholders": NaN,
        "Net Income": NaN,
        "Minority Interests": NaN,
        "Net Income Including Noncontrolling Interests": NaN,
        "Net Income Continuous Operations": NaN,
        "Tax Provision": NaN,
        "Pretax Income": NaN,
        "Other Income Expense": NaN,
        "Other Non Operating Income Expenses": NaN,
        "Special Income Charges": NaN,
        "Gain On Sale Of Ppe": NaN,
        "Other Special Charges": 2599000.0,
        "Restructuring And Mergern Acquisition": 310000.0,
        "Gain On Sale Of Security": NaN,
        "Net Non Operating Interest Income Expense": NaN,
        "Total Other Finance Cost": NaN,
        "Interest Expense Non Operating": NaN,
        "Interest Income Non Operating": NaN,
        "Operating Income": NaN,
        "Operating Expense": NaN,
        "Other Operating Expenses": NaN,
        "Other Taxes": NaN,
        "Depreciation Amortization Depletion Income Statement": NaN,
        "Depreciation And Amortization In Income Statement": NaN,
        "Depreciation Income Statement": NaN,
        "Selling General And Administration": NaN,
        "Selling And Marketing Expense": NaN,
        "General And Administrative Expense": NaN,
        "Other Gand A": NaN,
        "Rent And Landing Fees": NaN,
        "Salaries And Wages": NaN,
        "Gross Profit": NaN,
        "Cost Of Revenue": NaN,
        "Total Revenue": NaN,
        "Operating Revenue": NaN
    },
    "2022-06-30": {
        "Tax Effect Of Unusual Items": 4946000.0,
        "Tax Rate For Calcs": 0.4,
        "Normalized EBITDA": 149167000.0,
        "Total Unusual Items": 12365000.0,
        "Total Unusual Items Excluding Goodwill": 12365000.0,
        "Net Income From Continuing Operation Net Minority Interest": 19087000.0,
        "Reconciled Depreciation": 78736000.0,
        "Reconciled Cost Of Revenue": 276157000.0,
        "EBITDA": 161532000.0,
        "EBIT": 82796000.0,
        "Net Interest Income": -65188000.0,
        "Interest Expense": 75198000.0,
        "Interest Income": NaN,
        "Normalized Income": 11668000.0,
        "Net Income From Continuing And Discontinued Operation": 19087000.0,
        "Total Expenses": 323252000.0,
        "Rent Expense Supplemental": NaN,
        "Total Operating Income As Reported": 72786000.0,
        "Diluted Average Shares": 113613095.0,
        "Basic Average Shares": 112940828.0,
        "Diluted EPS": 0.168,
        "Basic EPS": 0.169,
        "Diluted NI Availto Com Stockholders": 19087000.0,
        "Net Income Common Stockholders": 19087000.0,
        "Net Income": 19087000.0,
        "Minority Interests": 976000.0,
        "Net Income Including Noncontrolling Interests": 18111000.0,
        "Net Income Continuous Operations": 18111000.0,
        "Tax Provision": -10513000.0,
        "Pretax Income": 7598000.0,
        "Other Income Expense": 12365000.0,
        "Other Non Operating Income Expenses": NaN,
        "Special Income Charges": 12365000.0,
        "Other Special Charges": -10010000.0,
        "Restructuring And Mergern Acquisition": -12365000.0,
        "Gain On Sale Of Security": NaN,
        "Net Non Operating Interest Income Expense": -65188000.0,
        "Total Other Finance Cost": -10010000.0,
        "Interest Expense Non Operating": 75198000.0,
        "Interest Income Non Operating": NaN,
        "Operating Income": 60421000.0,
        "Operating Expense": 47095000.0,
        "Other Operating Expenses": -13588000.0,
        "Other Taxes": NaN,
        "Depreciation Amortization Depletion Income Statement": NaN,
        "Depreciation And Amortization In Income Statement": NaN,
        "Depreciation Income Statement": NaN,
        "Selling General And Administration": 60683000.0,
        "Selling And Marketing Expense": 38137000.0,
        "General And Administrative Expense": 22546000.0,
        "Other Gand A": 22546000.0,
        "Rent And Landing Fees": NaN,
        "Salaries And Wages": NaN,
        "Gross Profit": 107516000.0,
        "Cost Of Revenue": 276157000.0,
        "Total Revenue": 383673000.0,
        "Operating Revenue": 383673000.0
    },
    "2022-03-31": {
        "Diluted EPS": 0.57,
        "Total Revenue": 206,
        "Gross Profit": 119,
        "Operating Income": 63,
        "EBIT": 91,
        "Net Income": 63
    },
    "2021-12-31": {
        "Diluted EPS": 0.52,
        "Total Revenue": 334,
        "Gross Profit": 105,
        "Operating Income": 43,
        "EBIT": 86,
        "Net Income": 59
    },
    "2021-09-30": {
        "Diluted EPS": 0.32,
        "Total Revenue": 326,
        "Gross Profit": 150,
        "Operating Income": 99,
        "EBIT": 175,
        "Net Income": 37
    },
    "2021-06-30": {
        "Diluted EPS": 0.14,
        "Total Revenue": 290,
        "Gross Profit": 108,
        "Operating Income": 55,
        "EBIT": 115,
        "Net Income": 17
    },
    "2021-03-31": {
        "Diluted EPS": 0.16,
        "Total Revenue": 175,
        "Gross Profit": 121,
        "Operating Income": 81,
        "EBIT": 119,
        "Net Income": 18
    },
    "2020-12-31": {
        "Diluted EPS": 0.4,
        "Total Revenue": 243,
        "Gross Profit": 108,
        "Operating Income": 57,
        "EBIT": 105,
        "Net Income": 47
    },
    "2020-09-30": {
        "Diluted EPS": 0.17,
        "Total Revenue": 237,
        "Gross Profit": 100,
        "Operating Income": 57,
        "EBIT": 112,
        "Net Income": 20
    },
    "2020-06-30": {
        "Diluted EPS": -0.1,
        "Total Revenue": 182,
        "Gross Profit": 69,
        "Operating Income": 38,
        "EBIT": 82,
        "Net Income": -12
    },
    "2020-03-31": {
        "Diluted EPS": -0.47,
        "Total Revenue": 156,
        "Gross Profit": 58,
        "Operating Income": 37,
        "EBIT": 72,
        "Net Income": -55
    },
    "2019-12-31": {
        "Diluted EPS": 0.08,
        "Total Revenue": 279,
        "Gross Profit": 79,
        "Operating Income": 24,
        "EBIT": 79,
        "Net Income": 10
    },
    "2019-09-30": {
        "Diluted EPS": -0.26,
        "Total Revenue": 220,
        "Gross Profit": 64,
        "Operating Income": 40,
        "EBIT": 104,
        "Net Income": -30
    },
    "2019-06-30": {
        "Diluted EPS": 0.2,
        "Total Revenue": 228,
        "Gross Profit": 83,
        "Operating Income": 33,
        "EBIT": 97,
        "Net Income": 23
    },
    "2019-03-31": {
        "Diluted EPS": -0.03,
        "Total Revenue": 160,
        "Gross Profit": 60,
        "Operating Income": 24,
        "EBIT": 61,
        "Net Income": -3
    },
    "2018-12-31": {
        "Diluted EPS": -0.14,
        "Total Revenue": 243,
        "Gross Profit": 42,
        "Operating Income": -23,
        "EBIT": 19,
        "Net Income": -17
    },
    "2018-09-30": {
        "Diluted EPS": 0.04,
        "Total Revenue": 179,
        "Gross Profit": 28,
        "Operating Income": 34,
        "EBIT": 77,
        "Net Income": 4
    },
    "2018-06-30": {
        "Diluted EPS": -0.19,
        "Total Revenue": 216,
        "Gross Profit": 79,
        "Operating Income": 104,
        "EBIT": 150,
        "Net Income": -22
    },
    "2018-03-31": {
        "Diluted EPS": 0.08,
        "Total Revenue": 156,
        "Gross Profit": 50,
        "Operating Income": 41,
        "EBIT": 65,
        "Net Income": 9
    },
    "2017-12-31": {
        "Diluted EPS": 0.06,
        "Total Revenue": 276,
        "Gross Profit": 91,
        "Operating Income": 50,
        "EBIT": 92,
        "Net Income": 6
    },
    "2017-09-30": {
        "Diluted EPS": -0.03,
        "Total Revenue": 263,
        "Gross Profit": 62,
        "Operating Income": 24,
        "EBIT": 77,
        "Net Income": -2
    },
    "2017-06-30": {
        "Diluted EPS": 0.03,
        "Total Revenue": 229,
        "Gross Profit": 41,
        "Operating Income": 29,
        "EBIT": 67,
        "Net Income": 4
    },
    "2017-03-31": {
        "Diluted EPS": 0.04,
        "Total Revenue": 166,
        "Gross Profit": 44,
        "Operating Income": 27,
        "EBIT": 45,
        "Net Income": 5
    },
    "2016-12-31": {
        "Diluted EPS": 0.1,
        "Total Revenue": 332,
        "Gross Profit": 99,
        "Operating Income": 69,
        "EBIT": 114,
        "Net Income": 12
    },
    "2016-09-30": {
        "Diluted EPS": 0.05,
        "Total Revenue": 246,
        "Gross Profit": 76,
        "Operating Income": 49,
        "EBIT": 90,
        "Net Income": 7
    },
    "2016-06-30": {
        "Diluted EPS": -0.15,
        "Total Revenue": 169,
        "Gross Profit": 84,
        "Operating Income": 23,
        "EBIT": 51,
        "Net Income": -18
    },
    "2016-03-31": {
        "Diluted EPS": 0.01,
        "Total Revenue": 121,
        "Gross Profit": 51,
        "Operating Income": 30,
        "EBIT": 43,
        "Net Income": 2
    },
    "2015-12-31": {
        "Diluted EPS": 0.0,
        "Total Revenue": 174,
        "Gross Profit": 25,
        "Operating Income": -10,
        "EBIT": -14,
        "Net Income": 0
    },
    "2015-09-30": {
        "Diluted EPS": 0.13,
        "Total Revenue": 171,
        "Gross Profit": 52,
        "Operating Income": 36,
        "EBIT": 68,
        "Net Income": 16
    },
    "2015-06-30": {
        "Diluted EPS": -0.04,
        "Total Revenue": 171,
        "Gross Profit": 46,
        "Operating Income": 10,
        "EBIT": 48,
        "Net Income": -5
    },
    "2015-03-31": {
        "Diluted EPS": 0.0,
        "Total Revenue": 114,
        "Gross Profit": 18,
        "Operating Income": 14,
        "EBIT": 20,
        "Net Income": -7
    },
    "2014-12-31": {
        "Diluted EPS": -0.11,
        "Total Revenue": 217,
        "Gross Profit": 115,
        "Operating Income": 70,
        "EBIT": 93,
        "Net Income": -13
    },
    "2014-09-30": {
        "Diluted EPS": 0.09,
        "Total Revenue": 203,
        "Gross Profit": 45,
        "Operating Income": 27,
        "EBIT": 59,
        "Net Income": 11
    },
    "2014-06-30": {
        "Diluted EPS": 0.01,
        "Total Revenue": 204,
        "Gross Profit": 39,
        "Operating Income": 17,
        "EBIT": 46,
        "Net Income": 1
    },
    "2014-03-31": {
        "Diluted EPS": 0.02,
        "Total Revenue": 99,
        "Gross Profit": 22,
        "Operating Income": -14,
        "EBIT": -8,
        "Net Income": 3
    },
    "2013-12-31": {
        "Diluted EPS": 0.06,
        "Total Revenue": 170,
        "Gross Profit": 43,
        "Operating Income": 47,
        "EBIT": 66,
        "Net Income": 5
    },
    "2013-09-30": {
        "Diluted EPS": -0.05,
        "Total Revenue": 176,
        "Gross Profit": 39,
        "Operating Income": 10,
        "EBIT": 32,
        "Net Income": -6
    },
    "2013-06-30": {
        "Diluted EPS": -0.22,
        "Total Revenue": 193,
        "Gross Profit": 25,
        "Operating Income": -1,
        "EBIT": 23,
        "Net Income": -27
    },
    "2013-03-31": {
        "Diluted EPS": 0.0,
        "Total Revenue": 106,
        "Gross Profit": 20,
        "Operating Income": -1,
        "EBIT": 4,
        "Net Income": 3
    },
    "2012-12-31": {
        "Diluted EPS": 0.04,
        "Total Revenue": 123,
        "Gross Profit": 17,
        "Operating Income": 6,
        "EBIT": 20,
        "Net Income": 26
    },
    "2012-09-30": {
        "Diluted EPS": 0.0,
        "Total Revenue": 108,
        "Gross Profit": -20,
        "Operating Income": -56,
        "EBIT": -37,
        "Net Income": -3
    },
    "2012-06-30": {
        "Diluted EPS": -0.23,
        "Total Revenue": 80,
        "Gross Profit": -79,
        "Operating Income": -92,
        "EBIT": -75,
        "Net Income": -14
    },
    "2012-03-31": {
        "Diluted EPS": 0.0,
        "Total Revenue": 108,
        "Gross Profit": 13,
        "Operating Income": -13,
        "EBIT": -9,
        "Net Income": 1
    },
    "2011-12-31": {
        "Diluted EPS": 0.0,
        "Total Revenue": 111,
        "Gross Profit": -6,
        "Operating Income": -50,
        "EBIT": -42,
        "Net Income": -1
    },
    "2011-09-30": {
        "Diluted EPS": 0.05,
        "Total Revenue": 109,
        "Gross Profit": -7,
        "Operating Income": -29,
        "EBIT": -17,
        "Net Income": 30
    },
    "2011-06-30": {
        "Diluted EPS": 0.02,
        "Total Revenue": 120,
        "Gross Profit": -14,
        "Operating Income": -43,
        "EBIT": -33,
        "Net Income": 12
    },
    "2011-03-31": {
        "Diluted EPS": 0.03,
        "Total Revenue": 58,
        "Gross Profit": 4,
        "Operating Income": -24,
        "EBIT": -20,
        "Net Income": 15
    },
    "2010-12-31": {
        "Diluted EPS": 0.11,
        "Total Revenue": 121,
        "Gross Profit": 121,
        "Operating Income": 121,
        "EBIT": 121,
        "Net Income": 44
    },
    "2010-09-30": {
        "Diluted EPS": -0.05,
        "Total Revenue": 87,
        "Gross Profit": 87,
        "Operating Income": 87,
        "EBIT": 87,
        "Net Income": -19
    },
    "2023-06-30": {
        "Tax Effect Of Unusual Items": NaN,
        "Tax Rate For Calcs": NaN,
        "Normalized EBITDA": NaN,
        "Total Unusual Items": NaN,
        "Total Unusual Items Excluding Goodwill": NaN,
        "Net Income From Continuing Operation Net Minority Interest": NaN,
        "Reconciled Depreciation": NaN,
        "Reconciled Cost Of Revenue": NaN,
        "EBITDA": NaN,
        "EBIT": NaN,
        "Net Interest Income": NaN,
        "Interest Expense": NaN,
        "Interest Income": 54330000.0,
        "Normalized Income": NaN,
        "Net Income From Continuing And Discontinued Operation": NaN,
        "Total Expenses": NaN,
        "Rent Expense Supplemental": NaN,
        "Total Operating Income As Reported": NaN,
        "Diluted Average Shares": 107850816.0,
        "Basic Average Shares": 107600000.0,
        "Diluted EPS": 0.429,
        "Basic EPS": 0.43,
        "Diluted NI Availto Com Stockholders": NaN,
        "Net Income Common Stockholders": NaN,
        "Net Income": NaN,
        "Minority Interests": 149000.0,
        "Net Income Including Noncontrolling Interests": NaN,
        "Net Income Continuous Operations": NaN,
        "Tax Provision": NaN,
        "Pretax Income": NaN,
        "Other Income Expense": NaN,
        "Special Income Charges": NaN,
        "Gain On Sale Of Ppe": NaN,
        "Other Special Charges": 607000.0,
        "Restructuring And Mergern Acquisition": 0.0,
        "Gain On Sale Of Security": NaN,
        "Net Non Operating Interest Income Expense": NaN,
        "Total Other Finance Cost": NaN,
        "Interest Expense Non Operating": NaN,
        "Interest Income Non Operating": 54330000.0,
        "Operating Income": NaN,
        "Operating Expense": NaN,
        "Other Operating Expenses": NaN,
        "Other Taxes": NaN,
        "Depreciation Amortization Depletion Income Statement": NaN,
        "Depreciation And Amortization In Income Statement": NaN,
        "Depreciation Income Statement": NaN,
        "Selling General And Administration": NaN,
        "Selling And Marketing Expense": NaN,
        "General And Administrative Expense": NaN,
        "Other Gand A": NaN,
        "Rent And Landing Fees": NaN,
        "Salaries And Wages": NaN,
        "Gross Profit": NaN,
        "Cost Of Revenue": NaN,
        "Total Revenue": NaN,
        "Operating Revenue": NaN
    },
    "2023-09-30": {
        "Tax Effect Of Unusual Items": NaN,
        "Tax Rate For Calcs": NaN,
        "Normalized EBITDA": NaN,
        "Total Unusual Items": NaN,
        "Total Unusual Items Excluding Goodwill": NaN,
        "Net Income From Continuing Operation Net Minority Interest": NaN,
        "Reconciled Depreciation": NaN,
        "Reconciled Cost Of Revenue": NaN,
        "EBITDA": NaN,
        "EBIT": NaN,
        "Net Interest Income": NaN,
        "Interest Expense": NaN,
        "Interest Income": NaN,
        "Normalized Income": NaN,
        "Net Income From Continuing And Discontinued Operation": NaN,
        "Total Expenses": NaN,
        "Rent Expense Supplemental": NaN,
        "Total Operating Income As Reported": NaN,
        "Diluted Average Shares": 106638065.0,
        "Basic Average Shares": 106638065.0,
        "Diluted EPS": 0.706943,
        "Basic EPS": 0.706943,
        "Diluted NI Availto Com Stockholders": NaN,
        "Net Income Common Stockholders": NaN,
        "Net Income": NaN,
        "Minority Interests": 523000.0,
        "Net Income Including Noncontrolling Interests": NaN,
        "Net Income Continuous Operations": NaN,
        "Tax Provision": NaN,
        "Pretax Income": NaN,
        "Other Income Expense": NaN,
        "Special Income Charges": NaN,
        "Gain On Sale Of Ppe": NaN,
        "Other Special Charges": -17408000.0,
        "Restructuring And Mergern Acquisition": 0.0,
        "Gain On Sale Of Security": NaN,
        "Net Non Operating Interest Income Expense": NaN,
        "Total Other Finance Cost": -17408000.0,
        "Interest Expense Non Operating": NaN,
        "Interest Income Non Operating": NaN,
        "Operating Income": NaN,
        "Operating Expense": NaN,
        "Other Operating Expenses": NaN,
        "Other Taxes": NaN,
        "Depreciation Amortization Depletion Income Statement": NaN,
        "Depreciation And Amortization In Income Statement": NaN,
        "Depreciation Income Statement": NaN,
        "Selling General And Administration": NaN,
        "Selling And Marketing Expense": NaN,
        "General And Administrative Expense": NaN,
        "Other Gand A": NaN,
        "Rent And Landing Fees": NaN,
        "Salaries And Wages": NaN,
        "Gross Profit": NaN,
        "Cost Of Revenue": NaN,
        "Total Revenue": NaN,
        "Operating Revenue": NaN
    },
    "2023-12-31": {
        "Tax Effect Of Unusual Items": NaN,
        "Tax Rate For Calcs": NaN,
        "Normalized EBITDA": NaN,
        "Total Unusual Items": NaN,
        "Total Unusual Items Excluding Goodwill": NaN,
        "Net Income From Continuing Operation Net Minority Interest": NaN,
        "Reconciled Depreciation": NaN,
        "Reconciled Cost Of Revenue": NaN,
        "EBITDA": NaN,
        "EBIT": NaN,
        "Net Interest Income": NaN,
        "Interest Expense": NaN,
        "Interest Income": NaN,
        "Normalized Income": NaN,
        "Net Income From Continuing And Discontinued Operation": NaN,
        "Total Expenses": NaN,
        "Rent Expense Supplemental": 418000.0,
        "Total Operating Income As Reported": NaN,
        "Diluted Average Shares": NaN,
        "Basic Average Shares": NaN,
        "Diluted EPS": NaN,
        "Basic EPS": NaN,
        "Diluted NI Availto Com Stockholders": NaN,
        "Net Income Common Stockholders": NaN,
        "Net Income": NaN,
        "Minority Interests": 335000.0,
        "Net Income Including Noncontrolling Interests": NaN,
        "Net Income Continuous Operations": NaN,
        "Tax Provision": NaN,
        "Pretax Income": NaN,
        "Other Income Expense": NaN,
        "Special Income Charges": NaN,
        "Gain On Sale Of Ppe": -273000.0,
        "Other Special Charges": NaN,
        "Restructuring And Mergern Acquisition": 0.0,
        "Gain On Sale Of Security": 96009000.0,
        "Net Non Operating Interest Income Expense": NaN,
        "Total Other Finance Cost": -10156000.0,
        "Interest Expense Non Operating": NaN,
        "Interest Income Non Operating": NaN,
        "Operating Income": NaN,
        "Operating Expense": NaN,
        "Other Operating Expenses": NaN,
        "Other Taxes": 5817000.0,
        "Depreciation Amortization Depletion Income Statement": -2167000.0,
        "Depreciation And Amortization In Income Statement": -2167000.0,
        "Depreciation Income Statement": -2167000.0,
        "Selling General And Administration": NaN,
        "Selling And Marketing Expense": NaN,
        "General And Administrative Expense": NaN,
        "Other Gand A": NaN,
        "Rent And Landing Fees": 455000.0,
        "Salaries And Wages": 4728000.0,
        "Gross Profit": NaN,
        "Cost Of Revenue": NaN,
        "Total Revenue": NaN,
        "Operating Revenue": NaN
    },
    "2024-03-31": {
        "Tax Effect Of Unusual Items": NaN,
        "Tax Rate For Calcs": NaN,
        "Normalized EBITDA": NaN,
        "Total Unusual Items": NaN,
        "Total Unusual Items Excluding Goodwill": NaN,
        "Net Income From Continuing Operation Net Minority Interest": NaN,
        "Reconciled Depreciation": NaN,
        "Reconciled Cost Of Revenue": NaN,
        "EBITDA": NaN,
        "EBIT": NaN,
        "Net Interest Income": NaN,
        "Interest Expense": NaN,
        "Interest Income": 2798000.0,
        "Normalized Income": NaN,
        "Net Income From Continuing And Discontinued Operation": NaN,
        "Total Expenses": NaN,
        "Rent Expense Supplemental": 869000.0,
        "Total Operating Income As Reported": NaN,
        "Diluted Average Shares": 105304444.0,
        "Basic Average Shares": 104838496.0,
        "Diluted EPS": 0.45,
        "Basic EPS": 0.452,
        "Diluted NI Availto Com Stockholders": NaN,
        "Net Income Common Stockholders": NaN,
        "Net Income": NaN,
        "Minority Interests": 43000.0,
        "Net Income Including Noncontrolling Interests": NaN,
        "Net Income Continuous Operations": NaN,
        "Tax Provision": NaN,
        "Pretax Income": NaN,
        "Other Income Expense": NaN,
        "Special Income Charges": NaN,
        "Gain On Sale Of Ppe": 718000.0,
        "Other Special Charges": NaN,
        "Restructuring And Mergern Acquisition": NaN,
        "Gain On Sale Of Security": -18056000.0,
        "Net Non Operating Interest Income Expense": NaN,
        "Total Other Finance Cost": -30377000.0,
        "Interest Expense Non Operating": NaN,
        "Interest Income Non Operating": 2798000.0,
        "Operating Income": NaN,
        "Operating Expense": NaN,
        "Other Operating Expenses": NaN,
        "Other Taxes": 8150000.0,
        "Depreciation Amortization Depletion Income Statement": 7704000.0,
        "Depreciation And Amortization In Income Statement": 7704000.0,
        "Depreciation Income Statement": 7704000.0,
        "Selling General And Administration": NaN,
        "Selling And Marketing Expense": NaN,
        "General And Administrative Expense": NaN,
        "Other Gand A": NaN,
        "Rent And Landing Fees": 529000.0,
        "Salaries And Wages": 11892000.0,
        "Gross Profit": NaN,
        "Cost Of Revenue": NaN,
        "Total Revenue": NaN,
        "Operating Revenue": NaN
    },
    "2024-06-30": {
        "Tax Effect Of Unusual Items": -6775000.0,
        "Tax Rate For Calcs": 0.25,
        "Normalized EBITDA": 161482000.0,
        "Total Unusual Items": -27100000.0,
        "Total Unusual Items Excluding Goodwill": -27100000.0,
        "Net Income From Continuing Operation Net Minority Interest": 9526000.0,
        "Reconciled Depreciation": 96187000.0,
        "Reconciled Cost Of Revenue": 294432000.0,
        "EBITDA": 134382000.0,
        "EBIT": 38195000.0,
        "Net Interest Income": -85772000.0,
        "Interest Expense": 85772000.0,
        "Interest Income": NaN,
        "Normalized Income": 29851000.0,
        "Net Income From Continuing And Discontinued Operation": 9526000.0,
        "Total Expenses": 346122000.0,
        "Rent Expense Supplemental": NaN,
        "Total Operating Income As Reported": 65295000.0,
        "Diluted Average Shares": 102430108.0,
        "Basic Average Shares": 101340426.0,
        "Diluted EPS": 0.093,
        "Basic EPS": 0.094,
        "Diluted NI Availto Com Stockholders": 9526000.0,
        "Net Income Common Stockholders": 9526000.0,
        "Net Income": 9526000.0,
        "Minority Interests": -342000.0,
        "Net Income Including Noncontrolling Interests": 9868000.0,
        "Net Income Continuous Operations": 9868000.0,
        "Tax Provision": -57445000.0,
        "Pretax Income": -47577000.0,
        "Other Income Expense": -27100000.0,
        "Special Income Charges": -27100000.0,
        "Gain On Sale Of Ppe": NaN,
        "Other Special Charges": 27100000.0,
        "Restructuring And Mergern Acquisition": NaN,
        "Gain On Sale Of Security": NaN,
        "Net Non Operating Interest Income Expense": -85772000.0,
        "Total Other Finance Cost": NaN,
        "Interest Expense Non Operating": 85772000.0,
        "Interest Income Non Operating": NaN,
        "Operating Income": 65295000.0,
        "Operating Expense": 51690000.0,
        "Other Operating Expenses": -21609000.0,
        "Other Taxes": NaN,
        "Depreciation Amortization Depletion Income Statement": NaN,
        "Depreciation And Amortization In Income Statement": NaN,
        "Depreciation Income Statement": NaN,
        "Selling General And Administration": 73299000.0,
        "Selling And Marketing Expense": 40136000.0,
        "General And Administrative Expense": 33163000.0,
        "Other Gand A": 33163000.0,
        "Rent And Landing Fees": NaN,
        "Salaries And Wages": NaN,
        "Gross Profit": 116985000.0,
        "Cost Of Revenue": 294432000.0,
        "Total Revenue": 411417000.0,
        "Operating Revenue": 411417000.0
    },
    "2024-09-30": {
        "Tax Effect Of Unusual Items": -1470962.459686,
        "Tax Rate For Calcs": 0.195399,
        "Normalized EBITDA": 115327000.0,
        "Total Unusual Items": -7528000.0,
        "Total Unusual Items Excluding Goodwill": -7528000.0,
        "Net Income From Continuing Operation Net Minority Interest": 18711000.0,
        "Reconciled Depreciation": 81509000.0,
        "Reconciled Cost Of Revenue": 353275000.0,
        "EBITDA": 107799000.0,
        "EBIT": 26290000.0,
        "Net Interest Income": 1104000.0,
        "Interest Expense": 3035000.0,
        "Interest Income": 4139000.0,
        "Normalized Income": 24768037.540314,
        "Net Income From Continuing And Discontinued Operation": 18711000.0,
        "Total Expenses": 441816000.0,
        "Rent Expense Supplemental": NaN,
        "Total Operating Income As Reported": 29679000.0,
        "Diluted Average Shares": 100836801.0,
        "Basic Average Shares": 100836801.0,
        "Diluted EPS": 0.185557,
        "Basic EPS": 0.185557,
        "Diluted NI Availto Com Stockholders": 18711000.0,
        "Net Income Common Stockholders": 18711000.0,
        "Net Income": 18711000.0,
        "Minority Interests": NaN,
        "Net Income Including Noncontrolling Interests": 18711000.0,
        "Net Income Continuous Operations": 18711000.0,
        "Tax Provision": 4544000.0,
        "Pretax Income": 23255000.0,
        "Other Income Expense": -7528000.0,
        "Special Income Charges": -7528000.0,
        "Gain On Sale Of Ppe": NaN,
        "Other Special Charges": 7528000.0,
        "Restructuring And Mergern Acquisition": NaN,
        "Gain On Sale Of Security": NaN,
        "Net Non Operating Interest Income Expense": 1104000.0,
        "Total Other Finance Cost": NaN,
        "Interest Expense Non Operating": 3035000.0,
        "Interest Income Non Operating": 4139000.0,
        "Operating Income": 29679000.0,
        "Operating Expense": 88541000.0,
        "Other Operating Expenses": 17640000.0,
        "Other Taxes": NaN,
        "Depreciation Amortization Depletion Income Statement": NaN,
        "Depreciation And Amortization In Income Statement": NaN,
        "Depreciation Income Statement": NaN,
        "Selling General And Administration": 70901000.0,
        "Selling And Marketing Expense": 46790000.0,
        "General And Administrative Expense": 24111000.0,
        "Other Gand A": 24111000.0,
        "Rent And Landing Fees": NaN,
        "Salaries And Wages": NaN,
        "Gross Profit": 118220000.0,
        "Cost Of Revenue": 353275000.0,
        "Total Revenue": 471495000.0,
        "Operating Revenue": 471495000.0
    },
    "2024-12-31": {
        "Tax Effect Of Unusual Items": -20833250.0,
        "Tax Rate For Calcs": 0.25,
        "Normalized EBITDA": 119504000.0,
        "Total Unusual Items": -83333000.0,
        "Total Unusual Items Excluding Goodwill": -83333000.0,
        "Net Income From Continuing Operation Net Minority Interest": 16417000.0,
        "Reconciled Depreciation": 69283000.0,
        "Reconciled Cost Of Revenue": 285110000.0,
        "EBITDA": 36171000.0,
        "EBIT": -33112000.0,
        "Net Interest Income": 30403000.0,
        "Interest Expense": -32255000.0,
        "Interest Income": 6884000.0,
        "Normalized Income": 78916750.0,
        "Net Income From Continuing And Discontinued Operation": 16417000.0,
        "Total Expenses": 322147000.0,
        "Rent Expense Supplemental": NaN,
        "Total Operating Income As Reported": 47546000.0,
        "Diluted Average Shares": NaN,
        "Basic Average Shares": NaN,
        "Diluted EPS": NaN,
        "Basic EPS": NaN,
        "Diluted NI Availto Com Stockholders": 16417000.0,
        "Net Income Common Stockholders": 16417000.0,
        "Net Income": 16417000.0,
        "Minority Interests": NaN,
        "Net Income Including Noncontrolling Interests": 16178000.0,
        "Net Income Continuous Operations": 16178000.0,
        "Tax Provision": -17035000.0,
        "Pretax Income": -857000.0,
        "Other Income Expense": -83333000.0,
        "Special Income Charges": 5015000.0,
        "Gain On Sale Of Ppe": NaN,
        "Other Special Charges": -15632000.0,
        "Restructuring And Mergern Acquisition": NaN,
        "Gain On Sale Of Security": NaN,
        "Net Non Operating Interest Income Expense": 30403000.0,
        "Total Other Finance Cost": NaN,
        "Interest Expense Non Operating": -32255000.0,
        "Interest Income Non Operating": 6884000.0,
        "Operating Income": 52073000.0,
        "Operating Expense": 37037000.0,
        "Other Operating Expenses": -26303000.0,
        "Other Taxes": NaN,
        "Depreciation Amortization Depletion Income Statement": NaN,
        "Depreciation And Amortization In Income Statement": NaN,
        "Depreciation Income Statement": NaN,
        "Selling General And Administration": -22368000.0,
        "Selling And Marketing Expense": -14423000.0,
        "General And Administrative Expense": -7945000.0,
        "Other Gand A": -57187000.0,
        "Rent And Landing Fees": NaN,
        "Salaries And Wages": NaN,
        "Gross Profit": 89110000.0,
        "Cost Of Revenue": 285110000.0,
        "Total Revenue": 374220000.0,
        "Operating Revenue": 325428000.0
    },
    "2025-03-31": {
        "Tax Effect Of Unusual Items": 8095750.0,
        "Tax Rate For Calcs": 0.25,
        "Normalized EBITDA": 51159000.0,
        "Total Unusual Items": 32383000.0,
        "Total Unusual Items Excluding Goodwill": 32383000.0,
        "Net Income From Continuing Operation Net Minority Interest": 18078000.0,
        "Reconciled Depreciation": 46597000.0,
        "Reconciled Cost Of Revenue": 216546000.0,
        "EBITDA": 83542000.0,
        "EBIT": 36945000.0,
        "Net Interest Income": -22443000.0,
        "Interest Expense": 21471000.0,
        "Interest Income": 337000.0,
        "Normalized Income": -6209250.0,
        "Net Income From Continuing And Discontinued Operation": 18078000.0,
        "Total Expenses": 319972000.0,
        "Rent Expense Supplemental": 1235000.0,
        "Total Operating Income As Reported": 3638000.0,
        "Diluted Average Shares": 100433333.0,
        "Basic Average Shares": 99878453.0,
        "Diluted EPS": 0.18,
        "Basic EPS": 0.181,
        "Diluted NI Availto Com Stockholders": 18078000.0,
        "Net Income Common Stockholders": 18078000.0,
        "Net Income": 18078000.0,
        "Minority Interests": -629000.0,
        "Net Income Including Noncontrolling Interests": 18707000.0,
        "Net Income Continuous Operations": 18707000.0,
        "Tax Provision": -3233000.0,
        "Pretax Income": 15474000.0,
        "Other Income Expense": 32383000.0,
        "Special Income Charges": -50000.0,
        "Gain On Sale Of Ppe": -50000.0,
        "Other Special Charges": NaN,
        "Restructuring And Mergern Acquisition": NaN,
        "Gain On Sale Of Security": 32433000.0,
        "Net Non Operating Interest Income Expense": -22443000.0,
        "Total Other Finance Cost": 1309000.0,
        "Interest Expense Non Operating": 21471000.0,
        "Interest Income Non Operating": 337000.0,
        "Operating Income": 5534000.0,
        "Operating Expense": 68521000.0,
        "Other Operating Expenses": 4513000.0,
        "Other Taxes": 5891000.0,
        "Depreciation Amortization Depletion Income Statement": 11692000.0,
        "Depreciation And Amortization In Income Statement": 11692000.0,
        "Depreciation Income Statement": 11692000.0,
        "Selling General And Administration": 46425000.0,
        "Selling And Marketing Expense": 22697000.0,
        "General And Administrative Expense": 23728000.0,
        "Other Gand A": 8822000.0,
        "Rent And Landing Fees": 637000.0,
        "Salaries And Wages": 14269000.0,
        "Gross Profit": 74055000.0,
        "Cost Of Revenue": 251451000.0,
        "Total Revenue": 325506000.0,
        "Operating Revenue": 314825000.0
    },
    "2025-06-30": {
        "Tax Effect Of Unusual Items": -1431750.0,
        "Tax Rate For Calcs": 0.25,
        "Normalized EBITDA": 87254000.0,
        "Total Unusual Items": -5727000.0,
        "Total Unusual Items Excluding Goodwill": -5727000.0,
        "Net Income From Continuing Operation Net Minority Interest": -17558000.0,
        "Reconciled Depreciation": 74602000.0,
        "Reconciled Cost Of Revenue": 307478000.0,
        "EBITDA": 81527000.0,
        "EBIT": 6925000.0,
        "Net Interest Income": -15717000.0,
        "Interest Expense": 22674000.0,
        "Interest Income": 6957000.0,
        "Normalized Income": -13262750.0,
        "Net Income From Continuing And Discontinued Operation": -17558000.0,
        "Total Expenses": 376385000.0,
        "Rent Expense Supplemental": NaN,
        "Total Operating Income As Reported": 5695000.0,
        "Diluted Average Shares": 99761364.0,
        "Basic Average Shares": 99761364.0,
        "Diluted EPS": -0.176,
        "Basic EPS": -0.176,
        "Diluted NI Availto Com Stockholders": -17558000.0,
        "Net Income Common Stockholders": -17558000.0,
        "Net Income": -17558000.0,
        "Minority Interests": -515000.0,
        "Net Income Including Noncontrolling Interests": -17043000.0,
        "Net Income Continuous Operations": -17043000.0,
        "Tax Provision": 1294000.0,
        "Pretax Income": -15749000.0,
        "Other Income Expense": -5727000.0,
        "Special Income Charges": -5727000.0,
        "Gain On Sale Of Ppe": NaN,
        "Other Special Charges": 5727000.0,
        "Restructuring And Mergern Acquisition": NaN,
        "Gain On Sale Of Security": NaN,
        "Net Non Operating Interest Income Expense": -15717000.0,
        "Total Other Finance Cost": NaN,
        "Interest Expense Non Operating": 22674000.0,
        "Interest Income Non Operating": 6957000.0,
        "Operating Income": 5695000.0,
        "Operating Expense": 68907000.0,
        "Other Operating Expenses": -9385000.0,
        "Other Taxes": NaN,
        "Depreciation Amortization Depletion Income Statement": NaN,
        "Depreciation And Amortization In Income Statement": NaN,
        "Depreciation Income Statement": NaN,
        "Selling General And Administration": 78292000.0,
        "Selling And Marketing Expense": 39606000.0,
        "General And Administrative Expense": 38686000.0,
        "Other Gand A": 38686000.0,
        "Rent And Landing Fees": NaN,
        "Salaries And Wages": NaN,
        "Gross Profit": 74602000.0,
        "Cost Of Revenue": 307478000.0,
        "Total Revenue": 382080000.0,
        "Operating Revenue": 382080000.0
    }
}