{
    "2023-03-31": {
        "Tax Effect Of Unusual Items": NaN,
        "Tax Rate For Calcs": NaN,
        "Normalized EBITDA": NaN,
        "Total Unusual Items": NaN,
        "Total Unusual Items Excluding Goodwill": NaN,
        "Net Income From Continuing Operation Net Minority Interest": NaN,
        "Reconciled Depreciation": NaN,
        "Reconciled Cost Of Revenue": NaN,
        "EBITDA": NaN,
        "EBIT": NaN,
        "Net Interest Income": NaN,
        "Interest Expense": NaN,
        "Interest Income": NaN,
        "Normalized Income": NaN,
        "Net Income From Continuing And Discontinued Operation": NaN,
        "Total Expenses": NaN,
        "Total Operating Income As Reported": NaN,
        "Diluted Average Shares": NaN,
        "Basic Average Shares": NaN,
        "Diluted EPS": NaN,
        "Basic EPS": NaN,
        "Diluted NI Availto Com Stockholders": NaN,
        "Net Income Common Stockholders": NaN,
        "Net Income": NaN,
        "Net Income Including Noncontrolling Interests": NaN,
        "Net Income Continuous Operations": NaN,
        "Tax Provision": NaN,
        "Pretax Income": NaN,
        "Other Income Expense": NaN,
        "Other Non Operating Income Expenses": NaN,
        "Special Income Charges": NaN,
        "Other Special Charges": NaN,
        "Impairment Of Capital Assets": 204000.0,
        "Net Non Operating Interest Income Expense": NaN,
        "Interest Expense Non Operating": NaN,
        "Interest Income Non Operating": NaN,
        "Operating Income": NaN,
        "Operating Expense": NaN,
        "Depreciation Amortization Depletion Income Statement": NaN,
        "Depreciation And Amortization In Income Statement": NaN,
        "Research And Development": NaN,
        "Selling General And Administration": NaN,
        "Gross Profit": NaN,
        "Cost Of Revenue": NaN,
        "Total Revenue": NaN,
        "Operating Revenue": NaN
    },
    "2022-12-31": {
        "Tax Effect Of Unusual Items": NaN,
        "Tax Rate For Calcs": NaN,
        "Normalized EBITDA": NaN,
        "Total Unusual Items": NaN,
        "Total Unusual Items Excluding Goodwill": NaN,
        "Net Income From Continuing Operation Net Minority Interest": NaN,
        "Reconciled Depreciation": NaN,
        "Reconciled Cost Of Revenue": NaN,
        "EBITDA": NaN,
        "EBIT": NaN,
        "Net Interest Income": NaN,
        "Interest Expense": NaN,
        "Interest Income": NaN,
        "Normalized Income": NaN,
        "Net Income From Continuing And Discontinued Operation": NaN,
        "Total Expenses": NaN,
        "Total Operating Income As Reported": NaN,
        "Diluted Average Shares": NaN,
        "Basic Average Shares": NaN,
        "Diluted EPS": NaN,
        "Basic EPS": NaN,
        "Diluted NI Availto Com Stockholders": NaN,
        "Net Income Common Stockholders": NaN,
        "Net Income": NaN,
        "Net Income Including Noncontrolling Interests": NaN,
        "Net Income Continuous Operations": NaN,
        "Tax Provision": NaN,
        "Pretax Income": NaN,
        "Other Income Expense": NaN,
        "Other Non Operating Income Expenses": NaN,
        "Special Income Charges": NaN,
        "Other Special Charges": 0.0,
        "Impairment Of Capital Assets": NaN,
        "Net Non Operating Interest Income Expense": NaN,
        "Interest Expense Non Operating": NaN,
        "Interest Income Non Operating": NaN,
        "Operating Income": NaN,
        "Operating Expense": NaN,
        "Depreciation Amortization Depletion Income Statement": NaN,
        "Depreciation And Amortization In Income Statement": NaN,
        "Research And Development": NaN,
        "Selling General And Administration": NaN,
        "Gross Profit": NaN,
        "Cost Of Revenue": NaN,
        "Total Revenue": NaN,
        "Operating Revenue": NaN
    },
    "2022-09-30": {
        "Tax Effect Of Unusual Items": NaN,
        "Tax Rate For Calcs": NaN,
        "Normalized EBITDA": NaN,
        "Total Unusual Items": NaN,
        "Total Unusual Items Excluding Goodwill": NaN,
        "Net Income From Continuing Operation Net Minority Interest": NaN,
        "Reconciled Depreciation": NaN,
        "Reconciled Cost Of Revenue": NaN,
        "EBITDA": NaN,
        "EBIT": NaN,
        "Net Interest Income": NaN,
        "Interest Expense": NaN,
        "Interest Income": NaN,
        "Normalized Income": NaN,
        "Net Income From Continuing And Discontinued Operation": NaN,
        "Total Expenses": NaN,
        "Total Operating Income As Reported": NaN,
        "Diluted Average Shares": NaN,
        "Basic Average Shares": NaN,
        "Diluted EPS": NaN,
        "Basic EPS": NaN,
        "Diluted NI Availto Com Stockholders": NaN,
        "Net Income Common Stockholders": NaN,
        "Otherunder Preferred Stock Dividend": 26000.0,
        "Net Income": NaN,
        "Net Income Including Noncontrolling Interests": NaN,
        "Net Income Continuous Operations": NaN,
        "Tax Provision": NaN,
        "Pretax Income": NaN,
        "Other Income Expense": NaN,
        "Other Non Operating Income Expenses": NaN,
        "Special Income Charges": NaN,
        "Other Special Charges": NaN,
        "Impairment Of Capital Assets": 1389000.0,
        "Net Non Operating Interest Income Expense": NaN,
        "Interest Expense Non Operating": NaN,
        "Interest Income Non Operating": NaN,
        "Operating Income": NaN,
        "Operating Expense": NaN,
        "Depreciation Amortization Depletion Income Statement": NaN,
        "Depreciation And Amortization In Income Statement": NaN,
        "Research And Development": NaN,
        "Selling General And Administration": NaN,
        "Gross Profit": NaN,
        "Cost Of Revenue": NaN,
        "Total Revenue": NaN,
        "Operating Revenue": NaN
    },
    "2022-06-30": {
        "Tax Effect Of Unusual Items": -24966.0,
        "Tax Rate For Calcs": 0.073,
        "Normalized EBITDA": 30819000.0,
        "Total Unusual Items": -342000.0,
        "Total Unusual Items Excluding Goodwill": -342000.0,
        "Net Income From Continuing Operation Net Minority Interest": 1542000.0,
        "Reconciled Depreciation": 20727000.0,
        "Reconciled Cost Of Revenue": 19687000.0,
        "EBITDA": 30477000.0,
        "EBIT": 9750000.0,
        "Net Interest Income": -7873000.0,
        "Interest Expense": 8087000.0,
        "Interest Income": 214000.0,
        "Normalized Income": 1859034.0,
        "Net Income From Continuing And Discontinued Operation": 1542000.0,
        "Total Expenses": 66429000.0,
        "Total Operating Income As Reported": 9813000.0,
        "Diluted Average Shares": 36998000.0,
        "Basic Average Shares": 36998000.0,
        "Diluted EPS": 0.04,
        "Basic EPS": 0.04,
        "Diluted NI Availto Com Stockholders": 1453000.0,
        "Net Income Common Stockholders": 1453000.0,
        "Otherunder Preferred Stock Dividend": 89000.0,
        "Net Income": 1542000.0,
        "Net Income Including Noncontrolling Interests": 1542000.0,
        "Net Income Continuous Operations": 1542000.0,
        "Tax Provision": 121000.0,
        "Pretax Income": 1663000.0,
        "Other Income Expense": -619000.0,
        "Other Non Operating Income Expenses": -277000.0,
        "Special Income Charges": -342000.0,
        "Other Special Charges": NaN,
        "Write Off": NaN,
        "Impairment Of Capital Assets": 342000.0,
        "Net Non Operating Interest Income Expense": -7873000.0,
        "Interest Expense Non Operating": 8087000.0,
        "Interest Income Non Operating": 214000.0,
        "Operating Income": 10155000.0,
        "Operating Expense": 45175000.0,
        "Depreciation Amortization Depletion Income Statement": 19160000.0,
        "Depreciation And Amortization In Income Statement": 19160000.0,
        "Research And Development": 10040000.0,
        "Selling General And Administration": 15975000.0,
        "Gross Profit": 55330000.0,
        "Cost Of Revenue": 21254000.0,
        "Total Revenue": 76584000.0,
        "Operating Revenue": 76584000.0
    },
    "2022-03-31": {
        "Diluted EPS": -0.34,
        "Total Revenue": 73,
        "Gross Profit": 53,
        "Operating Income": 6,
        "EBIT": 27,
        "Net Income": -13
    },
    "2021-12-31": {
        "Diluted EPS": -0.25,
        "Total Revenue": 70,
        "Gross Profit": 51,
        "Operating Income": 2,
        "EBIT": 23,
        "Net Income": -9
    },
    "2021-09-30": {
        "Diluted EPS": -0.05,
        "Total Revenue": 67,
        "Gross Profit": 51,
        "Operating Income": 7,
        "EBIT": 28,
        "Net Income": -2
    },
    "2021-06-30": {
        "Diluted EPS": -0.11,
        "Total Revenue": 67,
        "Gross Profit": 51,
        "Operating Income": 7,
        "EBIT": 29,
        "Net Income": -4
    },
    "2021-03-31": {
        "Diluted EPS": -0.21,
        "Total Revenue": 55,
        "Gross Profit": 43,
        "Operating Income": 3,
        "EBIT": 25,
        "Net Income": -8
    },
    "2020-12-31": {
        "Diluted EPS": -0.48,
        "Total Revenue": 47,
        "Gross Profit": 35,
        "Operating Income": -8,
        "EBIT": 14,
        "Net Income": -17
    },
    "2020-09-30": {
        "Diluted EPS": -0.31,
        "Total Revenue": 49,
        "Gross Profit": 37,
        "Operating Income": -2,
        "EBIT": 21,
        "Net Income": -11
    },
    "2020-06-30": {
        "Diluted EPS": -1.2,
        "Total Revenue": 17,
        "Gross Profit": 7,
        "Operating Income": -29,
        "EBIT": -4,
        "Net Income": -43
    },
    "2020-03-31": {
        "Diluted EPS": -0.41,
        "Total Revenue": 54,
        "Gross Profit": 39,
        "Operating Income": -5,
        "EBIT": 22,
        "Net Income": -14
    },
    "2019-12-31": {
        "Diluted EPS": 0.04,
        "Total Revenue": 78,
        "Gross Profit": 55,
        "Operating Income": 8,
        "EBIT": 33,
        "Net Income": 1
    },
    "2019-09-30": {
        "Diluted EPS": -0.16,
        "Total Revenue": 79,
        "Gross Profit": 56,
        "Operating Income": 6,
        "EBIT": 32,
        "Net Income": -6
    },
    "2019-06-30": {
        "Diluted EPS": -0.21,
        "Total Revenue": 75,
        "Gross Profit": 54,
        "Operating Income": 2,
        "EBIT": 28,
        "Net Income": -8
    },
    "2019-03-31": {
        "Diluted EPS": -0.0,
        "Total Revenue": 73,
        "Gross Profit": 54,
        "Operating Income": 8,
        "EBIT": 32,
        "Net Income": 0
    },
    "2018-12-31": {
        "Diluted EPS": -0.28,
        "Total Revenue": 72,
        "Gross Profit": 51,
        "Operating Income": 2,
        "EBIT": 23,
        "Net Income": -10
    },
    "2018-09-30": {
        "Diluted EPS": 0.12,
        "Total Revenue": 76,
        "Gross Profit": 53,
        "Operating Income": 10,
        "EBIT": 31,
        "Net Income": 4
    },
    "2018-06-30": {
        "Diluted EPS": -0.15,
        "Total Revenue": 73,
        "Gross Profit": 54,
        "Operating Income": 11,
        "EBIT": 32,
        "Net Income": -5
    },
    "2018-03-31": {
        "Diluted EPS": -0.3,
        "Total Revenue": 65,
        "Gross Profit": 49,
        "Operating Income": 2,
        "EBIT": 23,
        "Net Income": -10
    },
    "2017-12-31": {
        "Diluted EPS": -0.36,
        "Total Revenue": 58,
        "Gross Profit": 42,
        "Operating Income": 1,
        "EBIT": 21,
        "Net Income": -9
    },
    "2017-09-30": {
        "Diluted EPS": -0.18,
        "Total Revenue": 56,
        "Gross Profit": 43,
        "Operating Income": 9,
        "EBIT": 28,
        "Net Income": -4
    },
    "2017-06-30": {
        "Diluted EPS": -0.87,
        "Total Revenue": 50,
        "Gross Profit": 39,
        "Operating Income": 2,
        "EBIT": 23,
        "Net Income": -20
    },
    "2017-03-31": {
        "Diluted EPS": -0.53,
        "Total Revenue": 48,
        "Gross Profit": 36,
        "Operating Income": 2,
        "EBIT": 23,
        "Net Income": -12
    },
    "2016-12-31": {
        "Diluted EPS": 0.0,
        "Total Revenue": NaN,
        "Gross Profit": NaN,
        "Operating Income": NaN,
        "EBIT": NaN,
        "Net Income": NaN
    },
    "2016-09-30": {
        "Diluted EPS": -1.42,
        "Total Revenue": 41,
        "Gross Profit": 34,
        "Operating Income": -7,
        "EBIT": -7,
        "Net Income": -21
    },
    "2015-12-31": {
        "Diluted EPS": 0.0,
        "Total Revenue": NaN,
        "Gross Profit": NaN,
        "Operating Income": NaN,
        "EBIT": NaN,
        "Net Income": NaN
    },
    "2014-12-31": {
        "Diluted EPS": 0.0,
        "Total Revenue": NaN,
        "Gross Profit": NaN,
        "Operating Income": NaN,
        "EBIT": NaN,
        "Net Income": NaN
    },
    "2023-06-30": {
        "Tax Effect Of Unusual Items": NaN,
        "Tax Rate For Calcs": NaN,
        "Normalized EBITDA": NaN,
        "Total Unusual Items": NaN,
        "Total Unusual Items Excluding Goodwill": NaN,
        "Net Income From Continuing Operation Net Minority Interest": NaN,
        "Reconciled Depreciation": NaN,
        "Reconciled Cost Of Revenue": NaN,
        "EBITDA": NaN,
        "EBIT": NaN,
        "Net Interest Income": NaN,
        "Interest Expense": NaN,
        "Interest Income": NaN,
        "Normalized Income": NaN,
        "Net Income From Continuing And Discontinued Operation": NaN,
        "Total Expenses": NaN,
        "Total Operating Income As Reported": NaN,
        "Diluted Average Shares": NaN,
        "Basic Average Shares": NaN,
        "Diluted EPS": NaN,
        "Basic EPS": NaN,
        "Diluted NI Availto Com Stockholders": NaN,
        "Net Income Common Stockholders": NaN,
        "Otherunder Preferred Stock Dividend": NaN,
        "Net Income": NaN,
        "Net Income Including Noncontrolling Interests": NaN,
        "Net Income Continuous Operations": NaN,
        "Tax Provision": NaN,
        "Pretax Income": NaN,
        "Other Income Expense": NaN,
        "Other Non Operating Income Expenses": NaN,
        "Special Income Charges": NaN,
        "Other Special Charges": NaN,
        "Impairment Of Capital Assets": 431000.0,
        "Net Non Operating Interest Income Expense": NaN,
        "Interest Expense Non Operating": NaN,
        "Interest Income Non Operating": NaN,
        "Operating Income": NaN,
        "Operating Expense": NaN,
        "Depreciation Amortization Depletion Income Statement": NaN,
        "Depreciation And Amortization In Income Statement": NaN,
        "Research And Development": NaN,
        "Selling General And Administration": NaN,
        "Gross Profit": NaN,
        "Cost Of Revenue": NaN,
        "Total Revenue": NaN,
        "Operating Revenue": NaN
    },
    "2023-09-30": {
        "Tax Effect Of Unusual Items": NaN,
        "Tax Rate For Calcs": NaN,
        "Normalized EBITDA": NaN,
        "Total Unusual Items": NaN,
        "Total Unusual Items Excluding Goodwill": NaN,
        "Net Income From Continuing Operation Net Minority Interest": NaN,
        "Reconciled Depreciation": NaN,
        "Reconciled Cost Of Revenue": NaN,
        "EBITDA": NaN,
        "EBIT": NaN,
        "Net Interest Income": NaN,
        "Interest Expense": NaN,
        "Interest Income": NaN,
        "Normalized Income": NaN,
        "Net Income From Continuing And Discontinued Operation": NaN,
        "Total Expenses": NaN,
        "Total Operating Income As Reported": NaN,
        "Diluted Average Shares": NaN,
        "Basic Average Shares": NaN,
        "Diluted EPS": NaN,
        "Basic EPS": NaN,
        "Diluted NI Availto Com Stockholders": NaN,
        "Net Income Common Stockholders": NaN,
        "Otherunder Preferred Stock Dividend": NaN,
        "Net Income": NaN,
        "Net Income Including Noncontrolling Interests": NaN,
        "Net Income Continuous Operations": NaN,
        "Tax Provision": NaN,
        "Pretax Income": NaN,
        "Other Income Expense": NaN,
        "Other Non Operating Income Expenses": NaN,
        "Special Income Charges": NaN,
        "Other Special Charges": NaN,
        "Impairment Of Capital Assets": -11000.0,
        "Net Non Operating Interest Income Expense": NaN,
        "Interest Expense Non Operating": NaN,
        "Interest Income Non Operating": NaN,
        "Operating Income": NaN,
        "Operating Expense": NaN,
        "Depreciation Amortization Depletion Income Statement": NaN,
        "Depreciation And Amortization In Income Statement": NaN,
        "Research And Development": NaN,
        "Selling General And Administration": NaN,
        "Gross Profit": NaN,
        "Cost Of Revenue": NaN,
        "Total Revenue": NaN,
        "Operating Revenue": NaN
    },
    "2023-12-31": {
        "Tax Effect Of Unusual Items": NaN,
        "Tax Rate For Calcs": NaN,
        "Normalized EBITDA": NaN,
        "Total Unusual Items": NaN,
        "Total Unusual Items Excluding Goodwill": NaN,
        "Net Income From Continuing Operation Net Minority Interest": NaN,
        "Reconciled Depreciation": NaN,
        "Reconciled Cost Of Revenue": NaN,
        "EBITDA": NaN,
        "EBIT": NaN,
        "Net Interest Income": NaN,
        "Interest Expense": NaN,
        "Interest Income": NaN,
        "Normalized Income": NaN,
        "Net Income From Continuing And Discontinued Operation": NaN,
        "Total Expenses": NaN,
        "Total Operating Income As Reported": NaN,
        "Diluted Average Shares": 38839000.0,
        "Basic Average Shares": 38769000.0,
        "Diluted EPS": 0.001725,
        "Basic EPS": 0.001728,
        "Diluted NI Availto Com Stockholders": NaN,
        "Net Income Common Stockholders": NaN,
        "Otherunder Preferred Stock Dividend": NaN,
        "Net Income": NaN,
        "Net Income Including Noncontrolling Interests": NaN,
        "Net Income Continuous Operations": NaN,
        "Tax Provision": NaN,
        "Pretax Income": NaN,
        "Other Income Expense": NaN,
        "Other Non Operating Income Expenses": NaN,
        "Special Income Charges": NaN,
        "Other Special Charges": NaN,
        "Impairment Of Capital Assets": NaN,
        "Net Non Operating Interest Income Expense": NaN,
        "Interest Expense Non Operating": NaN,
        "Interest Income Non Operating": NaN,
        "Operating Income": NaN,
        "Operating Expense": NaN,
        "Depreciation Amortization Depletion Income Statement": NaN,
        "Depreciation And Amortization In Income Statement": NaN,
        "Research And Development": NaN,
        "Selling General And Administration": NaN,
        "Gross Profit": NaN,
        "Cost Of Revenue": NaN,
        "Total Revenue": NaN,
        "Operating Revenue": NaN
    },
    "2024-03-31": {
        "Tax Effect Of Unusual Items": -212850.978825,
        "Tax Rate For Calcs": 0.132042,
        "Normalized EBITDA": 41613000.0,
        "Total Unusual Items": -1612000.0,
        "Total Unusual Items Excluding Goodwill": -1612000.0,
        "Net Income From Continuing Operation Net Minority Interest": 4345000.0,
        "Reconciled Depreciation": 21015000.0,
        "Reconciled Cost Of Revenue": 26154000.0,
        "EBITDA": 40001000.0,
        "EBIT": 18986000.0,
        "Net Interest Income": -13295000.0,
        "Interest Expense": 13980000.0,
        "Interest Income": 685000.0,
        "Normalized Income": 5744149.021175,
        "Net Income From Continuing And Discontinued Operation": 4345000.0,
        "Total Expenses": 76197000.0,
        "Total Operating Income As Reported": 19800000.0,
        "Diluted Average Shares": 39346000.0,
        "Basic Average Shares": 39205000.0,
        "Diluted EPS": 0.1,
        "Basic EPS": 0.11,
        "Diluted NI Availto Com Stockholders": 4019000.0,
        "Net Income Common Stockholders": 4019000.0,
        "Otherunder Preferred Stock Dividend": 326000.0,
        "Net Income": 4345000.0,
        "Net Income Including Noncontrolling Interests": 4345000.0,
        "Net Income Continuous Operations": 4345000.0,
        "Tax Provision": 661000.0,
        "Pretax Income": 5006000.0,
        "Other Income Expense": -1475000.0,
        "Other Non Operating Income Expenses": 137000.0,
        "Special Income Charges": -1612000.0,
        "Other Special Charges": 1636000.0,
        "Impairment Of Capital Assets": -24000.0,
        "Net Non Operating Interest Income Expense": -13295000.0,
        "Interest Expense Non Operating": 13980000.0,
        "Interest Income Non Operating": 685000.0,
        "Operating Income": 19776000.0,
        "Operating Expense": 48467000.0,
        "Depreciation Amortization Depletion Income Statement": 19439000.0,
        "Depreciation And Amortization In Income Statement": 19439000.0,
        "Research And Development": 10918000.0,
        "Selling General And Administration": 18110000.0,
        "Gross Profit": 68243000.0,
        "Cost Of Revenue": 27730000.0,
        "Total Revenue": 95973000.0,
        "Operating Revenue": 95973000.0
    },
    "2024-06-30": {
        "Tax Effect Of Unusual Items": -25480.0,
        "Tax Rate For Calcs": 0.196,
        "Normalized EBITDA": 34056000.0,
        "Total Unusual Items": -130000.0,
        "Total Unusual Items Excluding Goodwill": -130000.0,
        "Net Income From Continuing Operation Net Minority Interest": 440000.0,
        "Reconciled Depreciation": 18310000.0,
        "Reconciled Cost Of Revenue": 30065000.0,
        "EBITDA": 33926000.0,
        "EBIT": 14040000.0,
        "Net Interest Income": -12816000.0,
        "Interest Expense": 13493000.0,
        "Interest Income": 677000.0,
        "Normalized Income": 544520.0,
        "Net Income From Continuing And Discontinued Operation": 440000.0,
        "Total Expenses": 82834000.0,
        "Total Operating Income As Reported": 13775000.0,
        "Diluted Average Shares": 39784000.0,
        "Basic Average Shares": 39701000.0,
        "Diluted EPS": 0.01,
        "Basic EPS": 0.01,
        "Diluted NI Availto Com Stockholders": 440000.0,
        "Net Income Common Stockholders": 440000.0,
        "Otherunder Preferred Stock Dividend": NaN,
        "Net Income": 440000.0,
        "Net Income Including Noncontrolling Interests": 440000.0,
        "Net Income Continuous Operations": 440000.0,
        "Tax Provision": 107000.0,
        "Pretax Income": 547000.0,
        "Other Income Expense": -542000.0,
        "Other Non Operating Income Expenses": -412000.0,
        "Special Income Charges": -130000.0,
        "Other Special Charges": NaN,
        "Impairment Of Capital Assets": 130000.0,
        "Net Non Operating Interest Income Expense": -12816000.0,
        "Interest Expense Non Operating": 13493000.0,
        "Interest Income Non Operating": 677000.0,
        "Operating Income": 13905000.0,
        "Operating Expense": 54345000.0,
        "Depreciation Amortization Depletion Income Statement": 19886000.0,
        "Depreciation And Amortization In Income Statement": 19886000.0,
        "Research And Development": 11684000.0,
        "Selling General And Administration": 22775000.0,
        "Gross Profit": 68250000.0,
        "Cost Of Revenue": 28489000.0,
        "Total Revenue": 96739000.0,
        "Operating Revenue": 96739000.0
    },
    "2024-09-30": {
        "Tax Effect Of Unusual Items": -179075.0,
        "Tax Rate For Calcs": 0.325,
        "Normalized EBITDA": 37607000.0,
        "Total Unusual Items": -551000.0,
        "Total Unusual Items Excluding Goodwill": -551000.0,
        "Net Income From Continuing Operation Net Minority Interest": 2432000.0,
        "Reconciled Depreciation": 19877000.0,
        "Reconciled Cost Of Revenue": 30516000.0,
        "EBITDA": 37056000.0,
        "EBIT": 17179000.0,
        "Net Interest Income": -12914000.0,
        "Interest Expense": 13576000.0,
        "Interest Income": 662000.0,
        "Normalized Income": 2803925.0,
        "Net Income From Continuing And Discontinued Operation": 2432000.0,
        "Total Expenses": 81161000.0,
        "Total Operating Income As Reported": 17458000.0,
        "Diluted Average Shares": 40354000.0,
        "Basic Average Shares": 40303000.0,
        "Diluted EPS": 0.06,
        "Basic EPS": 0.06,
        "Diluted NI Availto Com Stockholders": 2256000.0,
        "Net Income Common Stockholders": 2256000.0,
        "Otherunder Preferred Stock Dividend": 176000.0,
        "Net Income": 2432000.0,
        "Net Income Including Noncontrolling Interests": 2432000.0,
        "Net Income Continuous Operations": 2432000.0,
        "Tax Provision": 1171000.0,
        "Pretax Income": 3603000.0,
        "Other Income Expense": -1492000.0,
        "Other Non Operating Income Expenses": -941000.0,
        "Special Income Charges": -551000.0,
        "Other Special Charges": NaN,
        "Impairment Of Capital Assets": 551000.0,
        "Net Non Operating Interest Income Expense": -12914000.0,
        "Interest Expense Non Operating": 13576000.0,
        "Interest Income Non Operating": 662000.0,
        "Operating Income": 18009000.0,
        "Operating Expense": 50645000.0,
        "Depreciation Amortization Depletion Income Statement": 19877000.0,
        "Depreciation And Amortization In Income Statement": 19877000.0,
        "Research And Development": 11726000.0,
        "Selling General And Administration": 19042000.0,
        "Gross Profit": 68654000.0,
        "Cost Of Revenue": 30516000.0,
        "Total Revenue": 99170000.0,
        "Operating Revenue": 99170000.0
    },
    "2024-12-31": {
        "Tax Effect Of Unusual Items": 38430.0,
        "Tax Rate For Calcs": 0.21,
        "Normalized EBITDA": 41904000.0,
        "Total Unusual Items": 183000.0,
        "Total Unusual Items Excluding Goodwill": 183000.0,
        "Net Income From Continuing Operation Net Minority Interest": 44428000.0,
        "Reconciled Depreciation": 19458000.0,
        "Reconciled Cost Of Revenue": 31335000.0,
        "EBITDA": 42087000.0,
        "EBIT": 22629000.0,
        "Net Interest Income": -12163000.0,
        "Interest Expense": 12676000.0,
        "Interest Income": 513000.0,
        "Normalized Income": 44283430.0,
        "Net Income From Continuing And Discontinued Operation": 44428000.0,
        "Total Expenses": 81793000.0,
        "Total Operating Income As Reported": 21373000.0,
        "Diluted Average Shares": NaN,
        "Basic Average Shares": NaN,
        "Diluted EPS": NaN,
        "Basic EPS": NaN,
        "Diluted NI Availto Com Stockholders": 41329000.0,
        "Net Income Common Stockholders": 41329000.0,
        "Otherunder Preferred Stock Dividend": 3099000.0,
        "Net Income": 44428000.0,
        "Net Income Including Noncontrolling Interests": 44428000.0,
        "Net Income Continuous Operations": 44428000.0,
        "Tax Provision": -34475000.0,
        "Pretax Income": 9953000.0,
        "Other Income Expense": 926000.0,
        "Other Non Operating Income Expenses": 743000.0,
        "Special Income Charges": 183000.0,
        "Other Special Charges": 0.0,
        "Impairment Of Capital Assets": NaN,
        "Net Non Operating Interest Income Expense": -12163000.0,
        "Interest Expense Non Operating": 12676000.0,
        "Interest Income Non Operating": 513000.0,
        "Operating Income": 21190000.0,
        "Operating Expense": 50458000.0,
        "Depreciation Amortization Depletion Income Statement": 19458000.0,
        "Depreciation And Amortization In Income Statement": 19458000.0,
        "Research And Development": 12341000.0,
        "Selling General And Administration": 18659000.0,
        "Gross Profit": 71648000.0,
        "Cost Of Revenue": 31335000.0,
        "Total Revenue": 102983000.0,
        "Operating Revenue": 102983000.0
    },
    "2025-03-31": {
        "Tax Effect Of Unusual Items": -171433.009709,
        "Tax Rate For Calcs": 0.307228,
        "Normalized EBITDA": 37970000.0,
        "Total Unusual Items": -558000.0,
        "Total Unusual Items Excluding Goodwill": -558000.0,
        "Net Income From Continuing Operation Net Minority Interest": 3211000.0,
        "Reconciled Depreciation": 20660000.0,
        "Reconciled Cost Of Revenue": 25775000.0,
        "EBITDA": 37412000.0,
        "EBIT": 16752000.0,
        "Net Interest Income": -11518000.0,
        "Interest Expense": 12117000.0,
        "Interest Income": 599000.0,
        "Normalized Income": 3597566.990291,
        "Net Income From Continuing And Discontinued Operation": 3211000.0,
        "Total Expenses": 77684000.0,
        "Total Operating Income As Reported": 16583000.0,
        "Diluted Average Shares": 41336000.0,
        "Basic Average Shares": 41266000.0,
        "Diluted EPS": 0.07,
        "Basic EPS": 0.07,
        "Diluted NI Availto Com Stockholders": 3036000.0,
        "Net Income Common Stockholders": 3036000.0,
        "Otherunder Preferred Stock Dividend": 175000.0,
        "Net Income": 3211000.0,
        "Net Income Including Noncontrolling Interests": 3211000.0,
        "Net Income Continuous Operations": 3211000.0,
        "Tax Provision": 1424000.0,
        "Pretax Income": 4635000.0,
        "Other Income Expense": -988000.0,
        "Other Non Operating Income Expenses": -430000.0,
        "Special Income Charges": -558000.0,
        "Other Special Charges": NaN,
        "Impairment Of Capital Assets": 558000.0,
        "Net Non Operating Interest Income Expense": -11518000.0,
        "Interest Expense Non Operating": 12117000.0,
        "Interest Income Non Operating": 599000.0,
        "Operating Income": 17141000.0,
        "Operating Expense": 50434000.0,
        "Depreciation Amortization Depletion Income Statement": 19185000.0,
        "Depreciation And Amortization In Income Statement": 19185000.0,
        "Research And Development": 13244000.0,
        "Selling General And Administration": 18005000.0,
        "Gross Profit": 67575000.0,
        "Cost Of Revenue": 27250000.0,
        "Total Revenue": 94825000.0,
        "Operating Revenue": 94825000.0
    }
}