{
    "2023-04-30": {
        "Tax Effect Of Unusual Items": NaN,
        "Tax Rate For Calcs": NaN,
        "Normalized EBITDA": NaN,
        "Net Income From Continuing Operation Net Minority Interest": NaN,
        "Reconciled Depreciation": NaN,
        "Reconciled Cost Of Revenue": NaN,
        "EBITDA": NaN,
        "EBIT": NaN,
        "Normalized Income": NaN,
        "Net Income From Continuing And Discontinued Operation": NaN,
        "Total Expenses": NaN,
        "Total Operating Income As Reported": NaN,
        "Diluted Average Shares": 13546000.0,
        "Basic Average Shares": 13413000.0,
        "Diluted EPS": 0.16,
        "Basic EPS": 0.16,
        "Diluted NI Availto Com Stockholders": NaN,
        "Net Income Common Stockholders": NaN,
        "Net Income": NaN,
        "Net Income Including Noncontrolling Interests": NaN,
        "Net Income Continuous Operations": NaN,
        "Tax Provision": NaN,
        "Pretax Income": NaN,
        "Other Income Expense": NaN,
        "Other Non Operating Income Expenses": NaN,
        "Operating Income": NaN,
        "Operating Expense": NaN,
        "Selling General And Administration": NaN,
        "Gross Profit": NaN,
        "Cost Of Revenue": NaN,
        "Total Revenue": NaN,
        "Operating Revenue": NaN
    },
    "2023-01-31": {
        "Tax Effect Of Unusual Items": NaN,
        "Tax Rate For Calcs": NaN,
        "Normalized EBITDA": NaN,
        "Net Income From Continuing Operation Net Minority Interest": NaN,
        "Reconciled Depreciation": NaN,
        "Reconciled Cost Of Revenue": NaN,
        "EBITDA": NaN,
        "EBIT": NaN,
        "Normalized Income": NaN,
        "Net Income From Continuing And Discontinued Operation": NaN,
        "Total Expenses": NaN,
        "Total Operating Income As Reported": NaN,
        "Diluted Average Shares": 13625000.0,
        "Basic Average Shares": 13535000.0,
        "Diluted EPS": 1.0,
        "Basic EPS": 1.01,
        "Diluted NI Availto Com Stockholders": NaN,
        "Net Income Common Stockholders": NaN,
        "Net Income": NaN,
        "Net Income Including Noncontrolling Interests": NaN,
        "Net Income Continuous Operations": NaN,
        "Tax Provision": NaN,
        "Pretax Income": NaN,
        "Other Income Expense": NaN,
        "Other Non Operating Income Expenses": NaN,
        "Operating Income": NaN,
        "Operating Expense": NaN,
        "Selling General And Administration": NaN,
        "Gross Profit": NaN,
        "Cost Of Revenue": NaN,
        "Total Revenue": NaN,
        "Operating Revenue": NaN
    },
    "2022-10-31": {
        "Tax Effect Of Unusual Items": NaN,
        "Tax Rate For Calcs": NaN,
        "Normalized EBITDA": NaN,
        "Net Income From Continuing Operation Net Minority Interest": NaN,
        "Reconciled Depreciation": NaN,
        "Reconciled Cost Of Revenue": NaN,
        "EBITDA": NaN,
        "EBIT": NaN,
        "Normalized Income": NaN,
        "Net Income From Continuing And Discontinued Operation": NaN,
        "Total Expenses": NaN,
        "Total Operating Income As Reported": NaN,
        "Diluted Average Shares": 13812000.0,
        "Basic Average Shares": 13781000.0,
        "Diluted EPS": 0.56,
        "Basic EPS": 0.56,
        "Diluted NI Availto Com Stockholders": NaN,
        "Net Income Common Stockholders": NaN,
        "Net Income": NaN,
        "Net Income Including Noncontrolling Interests": NaN,
        "Net Income Continuous Operations": NaN,
        "Tax Provision": NaN,
        "Pretax Income": NaN,
        "Other Income Expense": NaN,
        "Other Non Operating Income Expenses": NaN,
        "Operating Income": NaN,
        "Operating Expense": NaN,
        "Selling General And Administration": NaN,
        "Gross Profit": NaN,
        "Cost Of Revenue": NaN,
        "Total Revenue": NaN,
        "Operating Revenue": NaN
    },
    "2022-07-31": {
        "Tax Effect Of Unusual Items": 0.0,
        "Tax Rate For Calcs": 0.252,
        "Normalized EBITDA": 13403000.0,
        "Total Unusual Items": NaN,
        "Total Unusual Items Excluding Goodwill": NaN,
        "Net Income From Continuing Operation Net Minority Interest": 4222000.0,
        "Reconciled Depreciation": 980000.0,
        "Reconciled Cost Of Revenue": 93723000.0,
        "EBITDA": 13403000.0,
        "EBIT": 13403000.0,
        "Normalized Income": 4222000.0,
        "Net Income From Continuing And Discontinued Operation": 4222000.0,
        "Total Expenses": 104707000.0,
        "Total Operating Income As Reported": 13403000.0,
        "Diluted Average Shares": 14247000.0,
        "Basic Average Shares": 14134000.0,
        "Diluted EPS": 0.3,
        "Basic EPS": 0.3,
        "Diluted NI Availto Com Stockholders": 4222000.0,
        "Net Income Common Stockholders": 4222000.0,
        "Net Income": 4222000.0,
        "Minority Interests": NaN,
        "Net Income Including Noncontrolling Interests": 4222000.0,
        "Net Income Continuous Operations": 4222000.0,
        "Tax Provision": 9686000.0,
        "Pretax Income": 13908000.0,
        "Other Income Expense": 505000.0,
        "Other Non Operating Income Expenses": 505000.0,
        "Special Income Charges": NaN,
        "Write Off": NaN,
        "Operating Income": 13403000.0,
        "Operating Expense": 10984000.0,
        "Selling General And Administration": 10984000.0,
        "Gross Profit": 24387000.0,
        "Cost Of Revenue": 93723000.0,
        "Total Revenue": 118110000.0,
        "Operating Revenue": 118110000.0
    },
    "2022-04-30": {
        "Diluted EPS": 0.5,
        "Total Revenue": 100,
        "Gross Profit": 20,
        "Operating Income": 9,
        "EBIT": 10,
        "Net Income": 7
    },
    "2022-01-31": {
        "Diluted EPS": 0.14,
        "Total Revenue": 126,
        "Gross Profit": 22,
        "Operating Income": -1,
        "EBIT": 0,
        "Net Income": 2
    },
    "2021-10-31": {
        "Diluted EPS": 0.78,
        "Total Revenue": 124,
        "Gross Profit": 26,
        "Operating Income": 15,
        "EBIT": 16,
        "Net Income": 12
    },
    "2021-07-31": {
        "Diluted EPS": 0.81,
        "Total Revenue": 133,
        "Gross Profit": 28,
        "Operating Income": 17,
        "EBIT": 18,
        "Net Income": 13
    },
    "2021-04-30": {
        "Diluted EPS": 0.67,
        "Total Revenue": 126,
        "Gross Profit": 24,
        "Operating Income": 14,
        "EBIT": 15,
        "Net Income": 11
    },
    "2021-01-31": {
        "Diluted EPS": 0.6,
        "Total Revenue": 117,
        "Gross Profit": 22,
        "Operating Income": 12,
        "EBIT": 13,
        "Net Income": 10
    },
    "2020-10-31": {
        "Diluted EPS": 0.6,
        "Total Revenue": 127,
        "Gross Profit": 20,
        "Operating Income": 11,
        "EBIT": 12,
        "Net Income": 9
    },
    "2020-07-31": {
        "Diluted EPS": 0.36,
        "Total Revenue": 87,
        "Gross Profit": 16,
        "Operating Income": 7,
        "EBIT": 8,
        "Net Income": 6
    },
    "2020-04-30": {
        "Diluted EPS": -0.05,
        "Total Revenue": 60,
        "Gross Profit": 4,
        "Operating Income": -6,
        "EBIT": -5,
        "Net Income": -1
    },
    "2020-01-31": {
        "Diluted EPS": -0.45,
        "Total Revenue": 68,
        "Gross Profit": 5,
        "Operating Income": -10,
        "EBIT": -9,
        "Net Income": -7
    },
    "2019-10-31": {
        "Diluted EPS": -0.44,
        "Total Revenue": 58,
        "Gross Profit": 6,
        "Operating Income": -6,
        "EBIT": -5,
        "Net Income": -7
    },
    "2019-07-31": {
        "Diluted EPS": 0.07,
        "Total Revenue": 63,
        "Gross Profit": 3,
        "Operating Income": -7,
        "EBIT": -8,
        "Net Income": 1
    },
    "2019-04-30": {
        "Diluted EPS": -1.91,
        "Total Revenue": 50,
        "Gross Profit": -21,
        "Operating Income": -33,
        "EBIT": -29,
        "Net Income": -30
    },
    "2019-01-31": {
        "Diluted EPS": -0.14,
        "Total Revenue": 88,
        "Gross Profit": 7,
        "Operating Income": -4,
        "EBIT": -3,
        "Net Income": -2
    },
    "2018-10-31": {
        "Diluted EPS": 2.07,
        "Total Revenue": 116,
        "Gross Profit": 30,
        "Operating Income": 18,
        "EBIT": 20,
        "Net Income": 32
    },
    "2018-07-31": {
        "Diluted EPS": 1.08,
        "Total Revenue": 137,
        "Gross Profit": 31,
        "Operating Income": 20,
        "EBIT": 21,
        "Net Income": 17
    },
    "2018-04-30": {
        "Diluted EPS": 0.31,
        "Total Revenue": 141,
        "Gross Profit": 15,
        "Operating Income": 6,
        "EBIT": 7,
        "Net Income": 5
    },
    "2018-01-31": {
        "Diluted EPS": 0.44,
        "Total Revenue": 170,
        "Gross Profit": 20,
        "Operating Income": 8,
        "EBIT": 9,
        "Net Income": 7
    },
    "2017-10-31": {
        "Diluted EPS": 1.09,
        "Total Revenue": 233,
        "Gross Profit": 38,
        "Operating Income": 28,
        "EBIT": 29,
        "Net Income": 17
    },
    "2017-07-31": {
        "Diluted EPS": 1.72,
        "Total Revenue": 260,
        "Gross Profit": 51,
        "Operating Income": 41,
        "EBIT": 42,
        "Net Income": 27
    },
    "2017-04-30": {
        "Diluted EPS": 1.31,
        "Total Revenue": 230,
        "Gross Profit": 40,
        "Operating Income": 31,
        "EBIT": 31,
        "Net Income": 21
    },
    "2017-01-31": {
        "Diluted EPS": 1.24,
        "Total Revenue": 207,
        "Gross Profit": 38,
        "Operating Income": 30,
        "EBIT": 31,
        "Net Income": 20
    },
    "2016-10-31": {
        "Diluted EPS": 1.16,
        "Total Revenue": 175,
        "Gross Profit": 37,
        "Operating Income": 27,
        "EBIT": 27,
        "Net Income": 18
    },
    "2016-07-31": {
        "Diluted EPS": 1.29,
        "Total Revenue": 162,
        "Gross Profit": 44,
        "Operating Income": 34,
        "EBIT": 35,
        "Net Income": 20
    },
    "2016-04-30": {
        "Diluted EPS": 0.81,
        "Total Revenue": 130,
        "Gross Profit": 28,
        "Operating Income": 21,
        "EBIT": 22,
        "Net Income": 12
    },
    "2016-01-31": {
        "Diluted EPS": 0.45,
        "Total Revenue": 116,
        "Gross Profit": 24,
        "Operating Income": 14,
        "EBIT": 15,
        "Net Income": 7
    },
    "2015-10-31": {
        "Diluted EPS": 0.72,
        "Total Revenue": 114,
        "Gross Profit": 26,
        "Operating Income": 21,
        "EBIT": 21,
        "Net Income": 11
    },
    "2015-07-31": {
        "Diluted EPS": 0.75,
        "Total Revenue": 97,
        "Gross Profit": 28,
        "Operating Income": 24,
        "EBIT": 24,
        "Net Income": 11
    },
    "2015-04-30": {
        "Diluted EPS": 0.5,
        "Total Revenue": 85,
        "Gross Profit": 21,
        "Operating Income": 16,
        "EBIT": 16,
        "Net Income": 8
    },
    "2015-01-31": {
        "Diluted EPS": 0.39,
        "Total Revenue": 102,
        "Gross Profit": 22,
        "Operating Income": 16,
        "EBIT": 16,
        "Net Income": 6
    },
    "2014-10-31": {
        "Diluted EPS": 0.84,
        "Total Revenue": 128,
        "Gross Profit": 30,
        "Operating Income": 25,
        "EBIT": 25,
        "Net Income": 12
    },
    "2014-07-31": {
        "Diluted EPS": 0.58,
        "Total Revenue": 102,
        "Gross Profit": 22,
        "Operating Income": 17,
        "EBIT": 17,
        "Net Income": 9
    },
    "2014-04-30": {
        "Diluted EPS": 0.24,
        "Total Revenue": 51,
        "Gross Profit": 10,
        "Operating Income": 7,
        "EBIT": 7,
        "Net Income": 3
    },
    "2014-01-31": {
        "Diluted EPS": 0.61,
        "Total Revenue": 59,
        "Gross Profit": 21,
        "Operating Income": 16,
        "EBIT": 17,
        "Net Income": 9
    },
    "2013-10-31": {
        "Diluted EPS": 0.83,
        "Total Revenue": 63,
        "Gross Profit": 24,
        "Operating Income": 20,
        "EBIT": 21,
        "Net Income": 12
    },
    "2013-07-31": {
        "Diluted EPS": 0.89,
        "Total Revenue": 58,
        "Gross Profit": 21,
        "Operating Income": 20,
        "EBIT": 20,
        "Net Income": 13
    },
    "2013-04-30": {
        "Diluted EPS": 0.45,
        "Total Revenue": 47,
        "Gross Profit": 13,
        "Operating Income": 10,
        "EBIT": 10,
        "Net Income": 6
    },
    "2013-01-31": {
        "Diluted EPS": 0.45,
        "Total Revenue": 58,
        "Gross Profit": 14,
        "Operating Income": 9,
        "EBIT": 10,
        "Net Income": 7
    },
    "2012-10-31": {
        "Diluted EPS": 0.43,
        "Total Revenue": 74,
        "Gross Profit": 13,
        "Operating Income": 9,
        "EBIT": 10,
        "Net Income": 6
    },
    "2012-07-31": {
        "Diluted EPS": 0.45,
        "Total Revenue": 83,
        "Gross Profit": 13,
        "Operating Income": 10,
        "EBIT": 10,
        "Net Income": 6
    },
    "2012-04-30": {
        "Diluted EPS": 0.32,
        "Total Revenue": 64,
        "Gross Profit": 10,
        "Operating Income": 7,
        "EBIT": 7,
        "Net Income": 4
    },
    "2012-01-31": {
        "Diluted EPS": 0.33,
        "Total Revenue": 56,
        "Gross Profit": 8,
        "Operating Income": 5,
        "EBIT": 5,
        "Net Income": 5
    },
    "2011-10-31": {
        "Diluted EPS": 0.15,
        "Total Revenue": 44,
        "Gross Profit": 6,
        "Operating Income": 4,
        "EBIT": 4,
        "Net Income": 2
    },
    "2011-07-31": {
        "Diluted EPS": 0.15,
        "Total Revenue": 26,
        "Gross Profit": 5,
        "Operating Income": 2,
        "EBIT": 2,
        "Net Income": 2
    },
    "2011-04-30": {
        "Diluted EPS": 0.04,
        "Total Revenue": 16,
        "Gross Profit": 4,
        "Operating Income": 1,
        "EBIT": 1,
        "Net Income": 1
    },
    "2011-01-31": {
        "Diluted EPS": 0.07,
        "Total Revenue": 32,
        "Gross Profit": 6,
        "Operating Income": 3,
        "EBIT": 3,
        "Net Income": 1
    },
    "2010-10-31": {
        "Diluted EPS": 0.11,
        "Total Revenue": 45,
        "Gross Profit": 7,
        "Operating Income": 4,
        "EBIT": 4,
        "Net Income": 2
    },
    "2010-07-31": {
        "Diluted EPS": 0.24,
        "Total Revenue": 52,
        "Gross Profit": 9,
        "Operating Income": 6,
        "EBIT": 6,
        "Net Income": 3
    },
    "2010-04-30": {
        "Diluted EPS": 0.15,
        "Total Revenue": 53,
        "Gross Profit": 7,
        "Operating Income": 4,
        "EBIT": 4,
        "Net Income": 2
    },
    "2010-01-31": {
        "Diluted EPS": -0.04,
        "Total Revenue": 29,
        "Gross Profit": 1,
        "Operating Income": 0,
        "EBIT": 0,
        "Net Income": -1
    },
    "2009-10-31": {
        "Diluted EPS": 0.14,
        "Total Revenue": 61,
        "Gross Profit": 7,
        "Operating Income": 3,
        "EBIT": 3,
        "Net Income": 2
    },
    "2009-07-31": {
        "Diluted EPS": 0.19,
        "Total Revenue": 65,
        "Gross Profit": 7,
        "Operating Income": 4,
        "EBIT": 4,
        "Net Income": 3
    },
    "2009-04-30": {
        "Diluted EPS": 0.22,
        "Total Revenue": 63,
        "Gross Profit": 7,
        "Operating Income": 4,
        "EBIT": 4,
        "Net Income": 3
    },
    "2009-01-31": {
        "Diluted EPS": 0.38,
        "Total Revenue": 56,
        "Gross Profit": 13,
        "Operating Income": 8,
        "EBIT": 11,
        "Net Income": 5
    },
    "2023-07-31": {
        "Tax Effect Of Unusual Items": NaN,
        "Tax Rate For Calcs": NaN,
        "Normalized EBITDA": NaN,
        "Net Income From Continuing Operation Net Minority Interest": NaN,
        "Reconciled Depreciation": NaN,
        "Reconciled Cost Of Revenue": NaN,
        "EBITDA": NaN,
        "EBIT": NaN,
        "Normalized Income": NaN,
        "Net Income From Continuing And Discontinued Operation": NaN,
        "Total Expenses": NaN,
        "Total Operating Income As Reported": NaN,
        "Diluted Average Shares": 13542000.0,
        "Basic Average Shares": 13403000.0,
        "Diluted EPS": 0.94,
        "Basic EPS": 0.95,
        "Diluted NI Availto Com Stockholders": NaN,
        "Net Income Common Stockholders": NaN,
        "Net Income": NaN,
        "Net Income Including Noncontrolling Interests": NaN,
        "Net Income Continuous Operations": NaN,
        "Tax Provision": NaN,
        "Pretax Income": NaN,
        "Other Income Expense": NaN,
        "Other Non Operating Income Expenses": NaN,
        "Operating Income": NaN,
        "Operating Expense": NaN,
        "Selling General And Administration": NaN,
        "Gross Profit": NaN,
        "Cost Of Revenue": NaN,
        "Total Revenue": NaN,
        "Operating Revenue": NaN
    },
    "2023-10-31": {
        "Tax Effect Of Unusual Items": NaN,
        "Tax Rate For Calcs": NaN,
        "Normalized EBITDA": NaN,
        "Net Income From Continuing Operation Net Minority Interest": NaN,
        "Reconciled Depreciation": NaN,
        "Reconciled Cost Of Revenue": NaN,
        "EBITDA": NaN,
        "EBIT": NaN,
        "Normalized Income": NaN,
        "Net Income From Continuing And Discontinued Operation": NaN,
        "Total Expenses": NaN,
        "Total Operating Income As Reported": NaN,
        "Diluted Average Shares": 13559000.0,
        "Basic Average Shares": 13328000.0,
        "Diluted EPS": 0.4,
        "Basic EPS": 0.41,
        "Diluted NI Availto Com Stockholders": NaN,
        "Net Income Common Stockholders": NaN,
        "Net Income": NaN,
        "Net Income Including Noncontrolling Interests": NaN,
        "Net Income Continuous Operations": NaN,
        "Tax Provision": NaN,
        "Pretax Income": NaN,
        "Other Income Expense": NaN,
        "Other Non Operating Income Expenses": NaN,
        "Operating Income": NaN,
        "Operating Expense": NaN,
        "Selling General And Administration": NaN,
        "Gross Profit": NaN,
        "Cost Of Revenue": NaN,
        "Total Revenue": NaN,
        "Operating Revenue": NaN
    },
    "2024-01-31": {
        "Tax Effect Of Unusual Items": 0.0,
        "Tax Rate For Calcs": 0.292101,
        "Normalized EBITDA": 12311000.0,
        "Net Income From Continuing Operation Net Minority Interest": 12018000.0,
        "Reconciled Depreciation": 587000.0,
        "Reconciled Cost Of Revenue": 140921000.0,
        "EBITDA": 12311000.0,
        "EBIT": 11724000.0,
        "Normalized Income": 12018000.0,
        "Net Income From Continuing And Discontinued Operation": 12018000.0,
        "Total Expenses": 152830000.0,
        "Total Operating Income As Reported": 11724000.0,
        "Diluted Average Shares": NaN,
        "Basic Average Shares": NaN,
        "Diluted EPS": NaN,
        "Basic EPS": NaN,
        "Diluted NI Availto Com Stockholders": 12018000.0,
        "Net Income Common Stockholders": 12018000.0,
        "Net Income": 12018000.0,
        "Net Income Including Noncontrolling Interests": 12018000.0,
        "Net Income Continuous Operations": 12018000.0,
        "Tax Provision": 4959000.0,
        "Pretax Income": 16977000.0,
        "Other Income Expense": 5253000.0,
        "Other Non Operating Income Expenses": 5253000.0,
        "Operating Income": 11724000.0,
        "Operating Expense": 11909000.0,
        "Selling General And Administration": 11909000.0,
        "Gross Profit": 23633000.0,
        "Cost Of Revenue": 140921000.0,
        "Total Revenue": 164554000.0,
        "Operating Revenue": 164554000.0
    },
    "2024-04-30": {
        "Tax Effect Of Unusual Items": 0.0,
        "Tax Rate For Calcs": 0.303,
        "Normalized EBITDA": 7096000.0,
        "Net Income From Continuing Operation Net Minority Interest": 7882000.0,
        "Reconciled Depreciation": 577000.0,
        "Reconciled Cost Of Revenue": 139738000.0,
        "EBITDA": 7096000.0,
        "EBIT": 6519000.0,
        "Normalized Income": 7882000.0,
        "Net Income From Continuing And Discontinued Operation": 7882000.0,
        "Total Expenses": 151163000.0,
        "Total Operating Income As Reported": 6519000.0,
        "Diluted Average Shares": 13572000.0,
        "Basic Average Shares": 13257000.0,
        "Diluted EPS": 0.58,
        "Basic EPS": 0.59,
        "Diluted NI Availto Com Stockholders": 7882000.0,
        "Net Income Common Stockholders": 7882000.0,
        "Net Income": 7882000.0,
        "Net Income Including Noncontrolling Interests": 7882000.0,
        "Net Income Continuous Operations": 7882000.0,
        "Tax Provision": 3431000.0,
        "Pretax Income": 11313000.0,
        "Other Income Expense": 4794000.0,
        "Other Non Operating Income Expenses": 4794000.0,
        "Operating Income": 6519000.0,
        "Operating Expense": 11425000.0,
        "Selling General And Administration": 11425000.0,
        "Gross Profit": 17944000.0,
        "Cost Of Revenue": 139738000.0,
        "Total Revenue": 157682000.0,
        "Operating Revenue": 157682000.0
    },
    "2024-07-31": {
        "Tax Effect Of Unusual Items": 0.0,
        "Tax Rate For Calcs": 0.251,
        "Normalized EBITDA": 19238000.0,
        "Net Income From Continuing Operation Net Minority Interest": 18198000.0,
        "Reconciled Depreciation": 561000.0,
        "Reconciled Cost Of Revenue": 195910000.0,
        "EBITDA": 19238000.0,
        "EBIT": 18677000.0,
        "Normalized Income": 18198000.0,
        "Net Income From Continuing And Discontinued Operation": 18198000.0,
        "Total Expenses": 208338000.0,
        "Total Operating Income As Reported": 18677000.0,
        "Diluted Average Shares": 13880000.0,
        "Basic Average Shares": 13403000.0,
        "Diluted EPS": 1.31,
        "Basic EPS": 1.36,
        "Diluted NI Availto Com Stockholders": 18198000.0,
        "Net Income Common Stockholders": 18198000.0,
        "Net Income": 18198000.0,
        "Net Income Including Noncontrolling Interests": 18198000.0,
        "Net Income Continuous Operations": 18198000.0,
        "Tax Provision": 6083000.0,
        "Pretax Income": 24281000.0,
        "Other Income Expense": 5604000.0,
        "Other Non Operating Income Expenses": 5604000.0,
        "Operating Income": 18677000.0,
        "Operating Expense": 12428000.0,
        "Selling General And Administration": 12428000.0,
        "Gross Profit": 31105000.0,
        "Cost Of Revenue": 195910000.0,
        "Total Revenue": 227015000.0,
        "Operating Revenue": 227015000.0
    },
    "2024-10-31": {
        "Tax Effect Of Unusual Items": 0.0,
        "Tax Rate For Calcs": 0.243,
        "Normalized EBITDA": 30863000.0,
        "Net Income From Continuing Operation Net Minority Interest": 28010000.0,
        "Reconciled Depreciation": 531000.0,
        "Reconciled Cost Of Revenue": 212681000.0,
        "EBITDA": 30863000.0,
        "EBIT": 30332000.0,
        "Normalized Income": 28010000.0,
        "Net Income From Continuing And Discontinued Operation": 28010000.0,
        "Total Expenses": 226676000.0,
        "Total Operating Income As Reported": 30332000.0,
        "Diluted Average Shares": 14034000.0,
        "Basic Average Shares": 13530000.0,
        "Diluted EPS": 2.0,
        "Basic EPS": 2.07,
        "Diluted NI Availto Com Stockholders": 28010000.0,
        "Net Income Common Stockholders": 28010000.0,
        "Net Income": 28010000.0,
        "Net Income Including Noncontrolling Interests": 28010000.0,
        "Net Income Continuous Operations": 28010000.0,
        "Tax Provision": 8968000.0,
        "Pretax Income": 36978000.0,
        "Other Income Expense": 6646000.0,
        "Other Non Operating Income Expenses": 6646000.0,
        "Operating Income": 30332000.0,
        "Operating Expense": 13995000.0,
        "Selling General And Administration": 13995000.0,
        "Gross Profit": 44327000.0,
        "Cost Of Revenue": 212681000.0,
        "Total Revenue": 257008000.0,
        "Operating Revenue": 257008000.0
    },
    "2025-01-31": {
        "Tax Effect Of Unusual Items": 0.0,
        "Tax Rate For Calcs": 0.188005,
        "Normalized EBITDA": 36658000.0,
        "Net Income From Continuing Operation Net Minority Interest": 31369000.0,
        "Reconciled Depreciation": 3991000.0,
        "Reconciled Cost Of Revenue": 184861000.0,
        "EBITDA": 36658000.0,
        "EBIT": 32667000.0,
        "Normalized Income": 31369000.0,
        "Net Income From Continuing And Discontinued Operation": 31369000.0,
        "Total Expenses": 199807000.0,
        "Total Operating Income As Reported": 32667000.0,
        "Diluted Average Shares": 14135000.0,
        "Basic Average Shares": 13598000.0,
        "Diluted EPS": 2.22,
        "Basic EPS": 2.31,
        "Diluted NI Availto Com Stockholders": 31369000.0,
        "Net Income Common Stockholders": 31369000.0,
        "Net Income": 31369000.0,
        "Net Income Including Noncontrolling Interests": 31369000.0,
        "Net Income Continuous Operations": 31369000.0,
        "Tax Provision": 7263000.0,
        "Pretax Income": 38632000.0,
        "Other Income Expense": 5965000.0,
        "Other Non Operating Income Expenses": 5965000.0,
        "Operating Income": 32667000.0,
        "Operating Expense": 14946000.0,
        "Selling General And Administration": 14946000.0,
        "Gross Profit": 47613000.0,
        "Cost Of Revenue": 184861000.0,
        "Total Revenue": 232474000.0,
        "Operating Revenue": 232474000.0
    }
}