{
    "2023-06-30": {
        "Tax Effect Of Unusual Items": NaN,
        "Tax Rate For Calcs": NaN,
        "Normalized EBITDA": NaN,
        "Total Unusual Items": NaN,
        "Total Unusual Items Excluding Goodwill": NaN,
        "Net Income From Continuing Operation Net Minority Interest": NaN,
        "Reconciled Depreciation": NaN,
        "Reconciled Cost Of Revenue": NaN,
        "EBITDA": NaN,
        "EBIT": NaN,
        "Net Interest Income": NaN,
        "Interest Expense": 0.0,
        "Interest Income": NaN,
        "Normalized Income": NaN,
        "Net Income From Continuing And Discontinued Operation": NaN,
        "Total Expenses": NaN,
        "Total Operating Income As Reported": NaN,
        "Diluted Average Shares": NaN,
        "Basic Average Shares": NaN,
        "Diluted EPS": NaN,
        "Basic EPS": NaN,
        "Diluted NI Availto Com Stockholders": NaN,
        "Net Income Common Stockholders": NaN,
        "Preferred Stock Dividends": 459000.0,
        "Net Income": NaN,
        "Net Income Including Noncontrolling Interests": NaN,
        "Net Income Continuous Operations": NaN,
        "Tax Provision": NaN,
        "Pretax Income": NaN,
        "Other Income Expense": NaN,
        "Other Non Operating Income Expenses": NaN,
        "Special Income Charges": NaN,
        "Other Special Charges": NaN,
        "Net Non Operating Interest Income Expense": NaN,
        "Interest Expense Non Operating": 0.0,
        "Interest Income Non Operating": NaN,
        "Operating Income": NaN,
        "Operating Expense": NaN,
        "Other Operating Expenses": NaN,
        "Depreciation Amortization Depletion Income Statement": NaN,
        "Depreciation And Amortization In Income Statement": NaN,
        "Amortization": NaN,
        "Amortization Of Intangibles Income Statement": NaN,
        "Depreciation Income Statement": NaN,
        "Research And Development": NaN,
        "Selling General And Administration": NaN,
        "Selling And Marketing Expense": NaN,
        "General And Administrative Expense": NaN,
        "Other Gand A": NaN,
        "Gross Profit": NaN,
        "Cost Of Revenue": NaN,
        "Total Revenue": NaN,
        "Operating Revenue": NaN
    },
    "2023-03-31": {
        "Tax Effect Of Unusual Items": NaN,
        "Tax Rate For Calcs": NaN,
        "Normalized EBITDA": NaN,
        "Total Unusual Items": NaN,
        "Total Unusual Items Excluding Goodwill": NaN,
        "Net Income From Continuing Operation Net Minority Interest": NaN,
        "Reconciled Depreciation": NaN,
        "Reconciled Cost Of Revenue": NaN,
        "EBITDA": NaN,
        "EBIT": NaN,
        "Net Interest Income": NaN,
        "Interest Expense": 0.0,
        "Interest Income": NaN,
        "Normalized Income": NaN,
        "Net Income From Continuing And Discontinued Operation": NaN,
        "Total Expenses": NaN,
        "Total Operating Income As Reported": NaN,
        "Diluted Average Shares": NaN,
        "Basic Average Shares": NaN,
        "Diluted EPS": NaN,
        "Basic EPS": NaN,
        "Diluted NI Availto Com Stockholders": NaN,
        "Net Income Common Stockholders": NaN,
        "Preferred Stock Dividends": 459000.0,
        "Net Income": NaN,
        "Net Income Including Noncontrolling Interests": NaN,
        "Net Income Continuous Operations": NaN,
        "Tax Provision": NaN,
        "Pretax Income": NaN,
        "Other Income Expense": NaN,
        "Other Non Operating Income Expenses": NaN,
        "Special Income Charges": NaN,
        "Other Special Charges": 248000.0,
        "Net Non Operating Interest Income Expense": NaN,
        "Interest Expense Non Operating": 0.0,
        "Interest Income Non Operating": NaN,
        "Operating Income": NaN,
        "Operating Expense": NaN,
        "Other Operating Expenses": NaN,
        "Depreciation Amortization Depletion Income Statement": NaN,
        "Depreciation And Amortization In Income Statement": NaN,
        "Amortization": NaN,
        "Amortization Of Intangibles Income Statement": NaN,
        "Depreciation Income Statement": NaN,
        "Research And Development": NaN,
        "Selling General And Administration": NaN,
        "Selling And Marketing Expense": NaN,
        "General And Administrative Expense": NaN,
        "Other Gand A": NaN,
        "Gross Profit": NaN,
        "Cost Of Revenue": NaN,
        "Total Revenue": NaN,
        "Operating Revenue": NaN
    },
    "2022-12-31": {
        "Tax Effect Of Unusual Items": NaN,
        "Tax Rate For Calcs": NaN,
        "Normalized EBITDA": NaN,
        "Total Unusual Items": NaN,
        "Total Unusual Items Excluding Goodwill": NaN,
        "Net Income From Continuing Operation Net Minority Interest": NaN,
        "Reconciled Depreciation": NaN,
        "Reconciled Cost Of Revenue": NaN,
        "EBITDA": NaN,
        "EBIT": NaN,
        "Net Interest Income": NaN,
        "Interest Expense": 0.0,
        "Interest Income": NaN,
        "Normalized Income": NaN,
        "Net Income From Continuing And Discontinued Operation": NaN,
        "Total Expenses": NaN,
        "Total Operating Income As Reported": NaN,
        "Diluted Average Shares": NaN,
        "Basic Average Shares": NaN,
        "Diluted EPS": NaN,
        "Basic EPS": NaN,
        "Diluted NI Availto Com Stockholders": NaN,
        "Net Income Common Stockholders": NaN,
        "Preferred Stock Dividends": NaN,
        "Net Income": NaN,
        "Net Income Including Noncontrolling Interests": NaN,
        "Net Income Continuous Operations": NaN,
        "Tax Provision": NaN,
        "Pretax Income": NaN,
        "Other Income Expense": NaN,
        "Other Non Operating Income Expenses": NaN,
        "Special Income Charges": NaN,
        "Other Special Charges": 104000.0,
        "Net Non Operating Interest Income Expense": NaN,
        "Interest Expense Non Operating": 0.0,
        "Interest Income Non Operating": NaN,
        "Operating Income": NaN,
        "Operating Expense": NaN,
        "Other Operating Expenses": NaN,
        "Depreciation Amortization Depletion Income Statement": NaN,
        "Depreciation And Amortization In Income Statement": NaN,
        "Amortization": NaN,
        "Amortization Of Intangibles Income Statement": NaN,
        "Depreciation Income Statement": NaN,
        "Research And Development": NaN,
        "Selling General And Administration": NaN,
        "Selling And Marketing Expense": NaN,
        "General And Administrative Expense": NaN,
        "Other Gand A": NaN,
        "Gross Profit": NaN,
        "Cost Of Revenue": NaN,
        "Total Revenue": NaN,
        "Operating Revenue": NaN
    },
    "2022-09-30": {
        "Tax Effect Of Unusual Items": NaN,
        "Tax Rate For Calcs": NaN,
        "Normalized EBITDA": NaN,
        "Total Unusual Items": 0.0,
        "Total Unusual Items Excluding Goodwill": 0.0,
        "Net Income From Continuing Operation Net Minority Interest": NaN,
        "Reconciled Depreciation": NaN,
        "Reconciled Cost Of Revenue": NaN,
        "EBITDA": NaN,
        "EBIT": NaN,
        "Net Interest Income": NaN,
        "Interest Expense": 1000.0,
        "Interest Income": NaN,
        "Normalized Income": NaN,
        "Net Income From Continuing And Discontinued Operation": NaN,
        "Total Expenses": NaN,
        "Total Operating Income As Reported": NaN,
        "Diluted Average Shares": NaN,
        "Basic Average Shares": NaN,
        "Diluted EPS": NaN,
        "Basic EPS": NaN,
        "Diluted NI Availto Com Stockholders": NaN,
        "Net Income Common Stockholders": NaN,
        "Preferred Stock Dividends": NaN,
        "Net Income": NaN,
        "Net Income Including Noncontrolling Interests": NaN,
        "Net Income Continuous Operations": NaN,
        "Tax Provision": NaN,
        "Pretax Income": NaN,
        "Other Income Expense": NaN,
        "Other Non Operating Income Expenses": NaN,
        "Special Income Charges": 0.0,
        "Other Special Charges": NaN,
        "Net Non Operating Interest Income Expense": NaN,
        "Interest Expense Non Operating": 1000.0,
        "Interest Income Non Operating": NaN,
        "Operating Income": NaN,
        "Operating Expense": NaN,
        "Other Operating Expenses": NaN,
        "Depreciation Amortization Depletion Income Statement": NaN,
        "Depreciation And Amortization In Income Statement": NaN,
        "Amortization": NaN,
        "Amortization Of Intangibles Income Statement": NaN,
        "Depreciation Income Statement": NaN,
        "Research And Development": NaN,
        "Selling General And Administration": NaN,
        "Selling And Marketing Expense": NaN,
        "General And Administrative Expense": NaN,
        "Other Gand A": NaN,
        "Gross Profit": NaN,
        "Cost Of Revenue": NaN,
        "Total Revenue": NaN,
        "Operating Revenue": NaN
    },
    "2022-06-30": {
        "Tax Effect Of Unusual Items": 0.0,
        "Tax Rate For Calcs": 0.115799,
        "Normalized EBITDA": 4364000.0,
        "Total Unusual Items": 0.0,
        "Total Unusual Items Excluding Goodwill": 0.0,
        "Net Income From Continuing Operation Net Minority Interest": 3039000.0,
        "Reconciled Depreciation": 926000.0,
        "Reconciled Cost Of Revenue": 19011000.0,
        "EBITDA": 4364000.0,
        "EBIT": 3438000.0,
        "Net Interest Income": 100000.0,
        "Interest Expense": 1000.0,
        "Interest Income": 101000.0,
        "Normalized Income": 3039000.0,
        "Net Income From Continuing And Discontinued Operation": 3039000.0,
        "Total Expenses": 44473000.0,
        "Total Operating Income As Reported": 3033000.0,
        "Diluted Average Shares": 25370000.0,
        "Basic Average Shares": 24598000.0,
        "Diluted EPS": 0.1,
        "Basic EPS": 0.1,
        "Diluted NI Availto Com Stockholders": 2580000.0,
        "Net Income Common Stockholders": 2580000.0,
        "Preferred Stock Dividends": 459000.0,
        "Net Income": 3039000.0,
        "Net Income Including Noncontrolling Interests": 3039000.0,
        "Net Income Continuous Operations": 3039000.0,
        "Tax Provision": 398000.0,
        "Pretax Income": 3437000.0,
        "Other Income Expense": 304000.0,
        "Other Non Operating Income Expenses": 304000.0,
        "Special Income Charges": 0.0,
        "Other Special Charges": NaN,
        "Net Non Operating Interest Income Expense": 100000.0,
        "Interest Expense Non Operating": 1000.0,
        "Interest Income Non Operating": 101000.0,
        "Operating Income": 3033000.0,
        "Operating Expense": 25462000.0,
        "Other Operating Expenses": 214000.0,
        "Depreciation Amortization Depletion Income Statement": 926000.0,
        "Depreciation And Amortization In Income Statement": 926000.0,
        "Amortization": 453000.0,
        "Amortization Of Intangibles Income Statement": 453000.0,
        "Depreciation Income Statement": 473000.0,
        "Research And Development": 11556000.0,
        "Selling General And Administration": 12766000.0,
        "Selling And Marketing Expense": 5413000.0,
        "General And Administrative Expense": 7353000.0,
        "Other Gand A": 7353000.0,
        "Gross Profit": 28495000.0,
        "Cost Of Revenue": 19011000.0,
        "Total Revenue": 47506000.0,
        "Operating Revenue": 47506000.0
    },
    "2022-03-31": {
        "Diluted EPS": 0.06,
        "Total Revenue": 47,
        "Gross Profit": 28,
        "Operating Income": 2,
        "EBIT": 3,
        "Net Income": 2
    },
    "2021-12-31": {
        "Diluted EPS": 0.04,
        "Total Revenue": 39,
        "Gross Profit": 25,
        "Operating Income": 2,
        "EBIT": 2,
        "Net Income": 1
    },
    "2021-09-30": {
        "Diluted EPS": 0.02,
        "Total Revenue": 38,
        "Gross Profit": 24,
        "Operating Income": 1,
        "EBIT": 2,
        "Net Income": 1
    },
    "2021-06-30": {
        "Diluted EPS": 0.06,
        "Total Revenue": 39,
        "Gross Profit": 25,
        "Operating Income": 2,
        "EBIT": 3,
        "Net Income": 2
    },
    "2021-03-31": {
        "Diluted EPS": -1.05,
        "Total Revenue": 36,
        "Gross Profit": 23,
        "Operating Income": -25,
        "EBIT": -24,
        "Net Income": -25
    },
    "2020-12-31": {
        "Diluted EPS": -0.11,
        "Total Revenue": 37,
        "Gross Profit": 24,
        "Operating Income": -2,
        "EBIT": -1,
        "Net Income": -3
    },
    "2020-09-30": {
        "Diluted EPS": 0.22,
        "Total Revenue": 34,
        "Gross Profit": 23,
        "Operating Income": 6,
        "EBIT": 7,
        "Net Income": 5
    },
    "2020-06-30": {
        "Diluted EPS": -0.07,
        "Total Revenue": 30,
        "Gross Profit": 19,
        "Operating Income": 0,
        "EBIT": 1,
        "Net Income": -2
    },
    "2020-03-31": {
        "Diluted EPS": -1.16,
        "Total Revenue": 40,
        "Gross Profit": 20,
        "Operating Income": -27,
        "EBIT": -22,
        "Net Income": -27
    },
    "2019-12-31": {
        "Diluted EPS": -0.11,
        "Total Revenue": 42,
        "Gross Profit": 21,
        "Operating Income": -3,
        "EBIT": 2,
        "Net Income": -3
    },
    "2019-09-30": {
        "Diluted EPS": -0.13,
        "Total Revenue": 41,
        "Gross Profit": 20,
        "Operating Income": -3,
        "EBIT": 2,
        "Net Income": -3
    },
    "2019-06-30": {
        "Diluted EPS": -0.07,
        "Total Revenue": 38,
        "Gross Profit": 20,
        "Operating Income": -2,
        "EBIT": 3,
        "Net Income": -2
    },
    "2019-03-31": {
        "Diluted EPS": -0.15,
        "Total Revenue": 37,
        "Gross Profit": 20,
        "Operating Income": -4,
        "EBIT": 1,
        "Net Income": -4
    },
    "2018-12-31": {
        "Diluted EPS": -0.18,
        "Total Revenue": 36,
        "Gross Profit": 19,
        "Operating Income": -4,
        "EBIT": 1,
        "Net Income": -4
    },
    "2018-09-30": {
        "Diluted EPS": -0.16,
        "Total Revenue": 34,
        "Gross Profit": 18,
        "Operating Income": -4,
        "EBIT": 1,
        "Net Income": -4
    },
    "2018-06-30": {
        "Diluted EPS": -0.08,
        "Total Revenue": 34,
        "Gross Profit": 18,
        "Operating Income": -2,
        "EBIT": 2,
        "Net Income": -2
    },
    "2018-03-31": {
        "Diluted EPS": -0.02,
        "Total Revenue": 32,
        "Gross Profit": 17,
        "Operating Income": -2,
        "EBIT": 2,
        "Net Income": 0
    },
    "2017-12-31": {
        "Diluted EPS": -0.08,
        "Total Revenue": 31,
        "Gross Profit": 16,
        "Operating Income": -4,
        "EBIT": 0,
        "Net Income": -2
    },
    "2017-09-30": {
        "Diluted EPS": -0.14,
        "Total Revenue": 30,
        "Gross Profit": 15,
        "Operating Income": -3,
        "EBIT": 0,
        "Net Income": -3
    },
    "2017-06-30": {
        "Diluted EPS": -0.13,
        "Total Revenue": 34,
        "Gross Profit": 17,
        "Operating Income": -3,
        "EBIT": 0,
        "Net Income": -3
    },
    "2017-03-31": {
        "Diluted EPS": -0.23,
        "Total Revenue": 31,
        "Gross Profit": 15,
        "Operating Income": -5,
        "EBIT": -2,
        "Net Income": -5
    },
    "2016-12-31": {
        "Diluted EPS": -0.08,
        "Total Revenue": 33,
        "Gross Profit": 16,
        "Operating Income": -2,
        "EBIT": 2,
        "Net Income": -2
    },
    "2016-09-30": {
        "Diluted EPS": -0.11,
        "Total Revenue": 33,
        "Gross Profit": 16,
        "Operating Income": -2,
        "EBIT": 1,
        "Net Income": -2
    },
    "2016-06-30": {
        "Diluted EPS": -0.1,
        "Total Revenue": 31,
        "Gross Profit": 16,
        "Operating Income": -2,
        "EBIT": 0,
        "Net Income": -2
    },
    "2016-03-31": {
        "Diluted EPS": -0.07,
        "Total Revenue": 32,
        "Gross Profit": 18,
        "Operating Income": -2,
        "EBIT": -1,
        "Net Income": -2
    },
    "2015-12-31": {
        "Diluted EPS": -0.07,
        "Total Revenue": 31,
        "Gross Profit": 17,
        "Operating Income": -2,
        "EBIT": -1,
        "Net Income": -2
    },
    "2015-09-30": {
        "Diluted EPS": -0.02,
        "Total Revenue": 30,
        "Gross Profit": 18,
        "Operating Income": 0,
        "EBIT": 1,
        "Net Income": 0
    },
    "2015-06-30": {
        "Diluted EPS": -0.01,
        "Total Revenue": 27,
        "Gross Profit": 16,
        "Operating Income": 0,
        "EBIT": 1,
        "Net Income": 0
    },
    "2015-03-31": {
        "Diluted EPS": -0.24,
        "Total Revenue": 29,
        "Gross Profit": 15,
        "Operating Income": -6,
        "EBIT": -4,
        "Net Income": -5
    },
    "2014-12-31": {
        "Diluted EPS": -0.12,
        "Total Revenue": 25,
        "Gross Profit": 14,
        "Operating Income": -3,
        "EBIT": -1,
        "Net Income": -3
    },
    "2014-09-30": {
        "Diluted EPS": -0.05,
        "Total Revenue": 26,
        "Gross Profit": 17,
        "Operating Income": -1,
        "EBIT": 0,
        "Net Income": -1
    },
    "2014-06-30": {
        "Diluted EPS": -0.1,
        "Total Revenue": 24,
        "Gross Profit": 15,
        "Operating Income": -3,
        "EBIT": 0,
        "Net Income": -2
    },
    "2014-03-31": {
        "Diluted EPS": -0.09,
        "Total Revenue": 28,
        "Gross Profit": 17,
        "Operating Income": -3,
        "EBIT": 1,
        "Net Income": -2
    },
    "2013-12-31": {
        "Diluted EPS": -0.12,
        "Total Revenue": 25,
        "Gross Profit": 15,
        "Operating Income": -3,
        "EBIT": 0,
        "Net Income": -3
    },
    "2013-09-30": {
        "Diluted EPS": 0.92,
        "Total Revenue": 25,
        "Gross Profit": 17,
        "Operating Income": -1,
        "EBIT": 0,
        "Net Income": 20
    },
    "2013-06-30": {
        "Diluted EPS": 0.06,
        "Total Revenue": 24,
        "Gross Profit": 16,
        "Operating Income": 0,
        "EBIT": 2,
        "Net Income": 1
    },
    "2013-03-31": {
        "Diluted EPS": 0.01,
        "Total Revenue": 19,
        "Gross Profit": 13,
        "Operating Income": -3,
        "EBIT": -1,
        "Net Income": 0
    },
    "2012-12-31": {
        "Diluted EPS": 0.02,
        "Total Revenue": 28,
        "Gross Profit": 15,
        "Operating Income": -2,
        "EBIT": 0,
        "Net Income": 1
    },
    "2012-09-30": {
        "Diluted EPS": -0.01,
        "Total Revenue": 24,
        "Gross Profit": 15,
        "Operating Income": -2,
        "EBIT": -1,
        "Net Income": 0
    },
    "2012-06-30": {
        "Diluted EPS": -0.08,
        "Total Revenue": 22,
        "Gross Profit": 14,
        "Operating Income": -3,
        "EBIT": -1,
        "Net Income": -2
    },
    "2012-03-31": {
        "Diluted EPS": -0.78,
        "Total Revenue": 52,
        "Gross Profit": 21,
        "Operating Income": -20,
        "EBIT": -18,
        "Net Income": -17
    },
    "2011-12-31": {
        "Diluted EPS": -0.29,
        "Total Revenue": 52,
        "Gross Profit": 20,
        "Operating Income": -7,
        "EBIT": -5,
        "Net Income": -7
    },
    "2011-09-30": {
        "Diluted EPS": 0.3,
        "Total Revenue": 53,
        "Gross Profit": 21,
        "Operating Income": -6,
        "EBIT": -3,
        "Net Income": 7
    },
    "2011-06-30": {
        "Diluted EPS": -0.27,
        "Total Revenue": 53,
        "Gross Profit": 18,
        "Operating Income": -8,
        "EBIT": -6,
        "Net Income": -6
    },
    "2011-03-31": {
        "Diluted EPS": -1.98,
        "Total Revenue": 47,
        "Gross Profit": 20,
        "Operating Income": -5,
        "EBIT": -2,
        "Net Income": -45
    },
    "2010-12-31": {
        "Diluted EPS": 0.09,
        "Total Revenue": 59,
        "Gross Profit": 19,
        "Operating Income": -5,
        "EBIT": -3,
        "Net Income": 2
    },
    "2010-09-30": {
        "Diluted EPS": -0.1,
        "Total Revenue": 49,
        "Gross Profit": 18,
        "Operating Income": -7,
        "EBIT": -5,
        "Net Income": -2
    },
    "2010-06-30": {
        "Diluted EPS": -0.45,
        "Total Revenue": 132,
        "Gross Profit": 34,
        "Operating Income": -7,
        "EBIT": -3,
        "Net Income": -10
    },
    "2010-03-31": {
        "Diluted EPS": -0.02,
        "Total Revenue": 136,
        "Gross Profit": 36,
        "Operating Income": -6,
        "EBIT": -9,
        "Net Income": -1
    },
    "2009-12-31": {
        "Diluted EPS": 0.59,
        "Total Revenue": 216,
        "Gross Profit": 50,
        "Operating Income": 9,
        "EBIT": 12,
        "Net Income": 14
    },
    "2009-09-30": {
        "Diluted EPS": 0.12,
        "Total Revenue": 156,
        "Gross Profit": 44,
        "Operating Income": 4,
        "EBIT": 7,
        "Net Income": 3
    },
    "2009-06-30": {
        "Diluted EPS": -0.55,
        "Total Revenue": 130,
        "Gross Profit": 32,
        "Operating Income": -13,
        "EBIT": -7,
        "Net Income": -12
    },
    "2009-03-31": {
        "Diluted EPS": -5.03,
        "Total Revenue": 146,
        "Gross Profit": 39,
        "Operating Income": -94,
        "EBIT": -253,
        "Net Income": -114
    },
    "2023-09-30": {
        "Tax Effect Of Unusual Items": NaN,
        "Tax Rate For Calcs": NaN,
        "Normalized EBITDA": NaN,
        "Total Unusual Items": NaN,
        "Total Unusual Items Excluding Goodwill": NaN,
        "Net Income From Continuing Operation Net Minority Interest": NaN,
        "Reconciled Depreciation": NaN,
        "Reconciled Cost Of Revenue": NaN,
        "EBITDA": NaN,
        "EBIT": NaN,
        "Net Interest Income": NaN,
        "Interest Expense": 0.0,
        "Interest Income": NaN,
        "Normalized Income": NaN,
        "Net Income From Continuing And Discontinued Operation": NaN,
        "Total Expenses": NaN,
        "Total Operating Income As Reported": NaN,
        "Diluted Average Shares": NaN,
        "Basic Average Shares": NaN,
        "Diluted EPS": NaN,
        "Basic EPS": NaN,
        "Diluted NI Availto Com Stockholders": NaN,
        "Net Income Common Stockholders": NaN,
        "Preferred Stock Dividends": 459000.0,
        "Net Income": NaN,
        "Net Income Including Noncontrolling Interests": NaN,
        "Net Income Continuous Operations": NaN,
        "Tax Provision": NaN,
        "Pretax Income": NaN,
        "Other Income Expense": NaN,
        "Other Non Operating Income Expenses": NaN,
        "Special Income Charges": NaN,
        "Other Special Charges": NaN,
        "Net Non Operating Interest Income Expense": NaN,
        "Interest Expense Non Operating": 0.0,
        "Interest Income Non Operating": NaN,
        "Operating Income": NaN,
        "Operating Expense": NaN,
        "Other Operating Expenses": NaN,
        "Depreciation Amortization Depletion Income Statement": NaN,
        "Depreciation And Amortization In Income Statement": NaN,
        "Amortization": NaN,
        "Amortization Of Intangibles Income Statement": NaN,
        "Depreciation Income Statement": NaN,
        "Research And Development": NaN,
        "Selling General And Administration": NaN,
        "Selling And Marketing Expense": NaN,
        "General And Administrative Expense": NaN,
        "Other Gand A": NaN,
        "Gross Profit": NaN,
        "Cost Of Revenue": NaN,
        "Total Revenue": NaN,
        "Operating Revenue": NaN
    },
    "2023-12-31": {
        "Tax Effect Of Unusual Items": NaN,
        "Tax Rate For Calcs": NaN,
        "Normalized EBITDA": NaN,
        "Total Unusual Items": NaN,
        "Total Unusual Items Excluding Goodwill": NaN,
        "Net Income From Continuing Operation Net Minority Interest": NaN,
        "Reconciled Depreciation": NaN,
        "Reconciled Cost Of Revenue": NaN,
        "EBITDA": NaN,
        "EBIT": NaN,
        "Net Interest Income": NaN,
        "Interest Expense": NaN,
        "Interest Income": NaN,
        "Normalized Income": NaN,
        "Net Income From Continuing And Discontinued Operation": NaN,
        "Total Expenses": NaN,
        "Total Operating Income As Reported": NaN,
        "Diluted Average Shares": NaN,
        "Basic Average Shares": NaN,
        "Diluted EPS": NaN,
        "Basic EPS": NaN,
        "Diluted NI Availto Com Stockholders": NaN,
        "Net Income Common Stockholders": NaN,
        "Preferred Stock Dividends": 286000.0,
        "Net Income": NaN,
        "Net Income Including Noncontrolling Interests": NaN,
        "Net Income Continuous Operations": NaN,
        "Tax Provision": NaN,
        "Pretax Income": NaN,
        "Other Income Expense": NaN,
        "Other Non Operating Income Expenses": NaN,
        "Special Income Charges": NaN,
        "Other Special Charges": NaN,
        "Net Non Operating Interest Income Expense": NaN,
        "Interest Expense Non Operating": NaN,
        "Interest Income Non Operating": NaN,
        "Operating Income": NaN,
        "Operating Expense": NaN,
        "Other Operating Expenses": NaN,
        "Depreciation Amortization Depletion Income Statement": NaN,
        "Depreciation And Amortization In Income Statement": NaN,
        "Amortization": NaN,
        "Amortization Of Intangibles Income Statement": NaN,
        "Depreciation Income Statement": NaN,
        "Research And Development": NaN,
        "Selling General And Administration": NaN,
        "Selling And Marketing Expense": NaN,
        "General And Administrative Expense": NaN,
        "Other Gand A": NaN,
        "Gross Profit": NaN,
        "Cost Of Revenue": NaN,
        "Total Revenue": NaN,
        "Operating Revenue": NaN
    },
    "2024-03-31": {
        "Tax Effect Of Unusual Items": NaN,
        "Tax Rate For Calcs": NaN,
        "Normalized EBITDA": NaN,
        "Total Unusual Items": NaN,
        "Total Unusual Items Excluding Goodwill": NaN,
        "Net Income From Continuing Operation Net Minority Interest": NaN,
        "Reconciled Depreciation": NaN,
        "Reconciled Cost Of Revenue": NaN,
        "EBITDA": NaN,
        "EBIT": NaN,
        "Net Interest Income": NaN,
        "Interest Expense": NaN,
        "Interest Income": NaN,
        "Normalized Income": NaN,
        "Net Income From Continuing And Discontinued Operation": NaN,
        "Total Expenses": NaN,
        "Total Operating Income As Reported": NaN,
        "Diluted Average Shares": NaN,
        "Basic Average Shares": NaN,
        "Diluted EPS": NaN,
        "Basic EPS": NaN,
        "Diluted NI Availto Com Stockholders": NaN,
        "Net Income Common Stockholders": NaN,
        "Preferred Stock Dividends": 0.0,
        "Net Income": NaN,
        "Net Income Including Noncontrolling Interests": NaN,
        "Net Income Continuous Operations": NaN,
        "Tax Provision": NaN,
        "Pretax Income": NaN,
        "Other Income Expense": NaN,
        "Other Non Operating Income Expenses": NaN,
        "Special Income Charges": NaN,
        "Other Special Charges": NaN,
        "Net Non Operating Interest Income Expense": NaN,
        "Interest Expense Non Operating": NaN,
        "Interest Income Non Operating": NaN,
        "Operating Income": NaN,
        "Operating Expense": NaN,
        "Other Operating Expenses": NaN,
        "Depreciation Amortization Depletion Income Statement": NaN,
        "Depreciation And Amortization In Income Statement": NaN,
        "Amortization": NaN,
        "Amortization Of Intangibles Income Statement": NaN,
        "Depreciation Income Statement": NaN,
        "Research And Development": NaN,
        "Selling General And Administration": NaN,
        "Selling And Marketing Expense": NaN,
        "General And Administrative Expense": NaN,
        "Other Gand A": NaN,
        "Gross Profit": NaN,
        "Cost Of Revenue": NaN,
        "Total Revenue": NaN,
        "Operating Revenue": NaN
    },
    "2024-06-30": {
        "Tax Effect Of Unusual Items": -55650.0,
        "Tax Rate For Calcs": 0.21,
        "Normalized EBITDA": 8726000.0,
        "Total Unusual Items": -265000.0,
        "Total Unusual Items Excluding Goodwill": -265000.0,
        "Net Income From Continuing Operation Net Minority Interest": 14106000.0,
        "Reconciled Depreciation": 1089000.0,
        "Reconciled Cost Of Revenue": 23644000.0,
        "EBITDA": 8461000.0,
        "EBIT": 7372000.0,
        "Net Interest Income": 1782000.0,
        "Interest Expense": 0.0,
        "Interest Income": 1782000.0,
        "Normalized Income": 14315350.0,
        "Net Income From Continuing And Discontinued Operation": 14106000.0,
        "Total Expenses": 57500000.0,
        "Total Operating Income As Reported": 5747000.0,
        "Diluted Average Shares": 28127000.0,
        "Basic Average Shares": 27134000.0,
        "Diluted EPS": 0.5,
        "Basic EPS": 0.52,
        "Diluted NI Availto Com Stockholders": 14106000.0,
        "Net Income Common Stockholders": 14106000.0,
        "Preferred Stock Dividends": NaN,
        "Net Income": 14106000.0,
        "Net Income Including Noncontrolling Interests": 14106000.0,
        "Net Income Continuous Operations": 14106000.0,
        "Tax Provision": -6734000.0,
        "Pretax Income": 7372000.0,
        "Other Income Expense": -422000.0,
        "Other Non Operating Income Expenses": -157000.0,
        "Special Income Charges": -265000.0,
        "Other Special Charges": 265000.0,
        "Net Non Operating Interest Income Expense": 1782000.0,
        "Interest Expense Non Operating": 0.0,
        "Interest Income Non Operating": 1782000.0,
        "Operating Income": 6012000.0,
        "Operating Expense": 33856000.0,
        "Other Operating Expenses": 550000.0,
        "Depreciation Amortization Depletion Income Statement": 1089000.0,
        "Depreciation And Amortization In Income Statement": 1089000.0,
        "Amortization": 251000.0,
        "Amortization Of Intangibles Income Statement": 251000.0,
        "Depreciation Income Statement": 838000.0,
        "Research And Development": 14720000.0,
        "Selling General And Administration": 17497000.0,
        "Selling And Marketing Expense": 7014000.0,
        "General And Administrative Expense": 10483000.0,
        "Other Gand A": 10483000.0,
        "Gross Profit": 39868000.0,
        "Cost Of Revenue": 23644000.0,
        "Total Revenue": 63512000.0,
        "Operating Revenue": 63512000.0
    },
    "2024-09-30": {
        "Tax Effect Of Unusual Items": -21840.0,
        "Tax Rate For Calcs": 0.21,
        "Normalized EBITDA": 7664000.0,
        "Total Unusual Items": -104000.0,
        "Total Unusual Items Excluding Goodwill": -104000.0,
        "Net Income From Continuing Operation Net Minority Interest": 1364000.0,
        "Reconciled Depreciation": 1956000.0,
        "Reconciled Cost Of Revenue": 24928000.0,
        "EBITDA": 7560000.0,
        "EBIT": 5604000.0,
        "Net Interest Income": 637000.0,
        "Interest Expense": 458000.0,
        "Interest Income": 1095000.0,
        "Normalized Income": 1446160.0,
        "Net Income From Continuing And Discontinued Operation": 1364000.0,
        "Total Expenses": 64049000.0,
        "Total Operating Income As Reported": 4126000.0,
        "Diluted Average Shares": 28257000.0,
        "Basic Average Shares": 27533000.0,
        "Diluted EPS": 0.05,
        "Basic EPS": 0.05,
        "Diluted NI Availto Com Stockholders": 1364000.0,
        "Net Income Common Stockholders": 1364000.0,
        "Net Income": 1364000.0,
        "Net Income Including Noncontrolling Interests": 1364000.0,
        "Net Income Continuous Operations": 1364000.0,
        "Tax Provision": 3782000.0,
        "Pretax Income": 5146000.0,
        "Other Income Expense": 279000.0,
        "Other Non Operating Income Expenses": 383000.0,
        "Special Income Charges": -104000.0,
        "Other Special Charges": 104000.0,
        "Net Non Operating Interest Income Expense": 637000.0,
        "Interest Expense Non Operating": 458000.0,
        "Interest Income Non Operating": 1095000.0,
        "Operating Income": 4230000.0,
        "Operating Expense": 38984000.0,
        "Other Operating Expenses": 2037000.0,
        "Depreciation Amortization Depletion Income Statement": 1819000.0,
        "Depreciation And Amortization In Income Statement": 1819000.0,
        "Amortization": 904000.0,
        "Amortization Of Intangibles Income Statement": 904000.0,
        "Depreciation Income Statement": 915000.0,
        "Research And Development": 16172000.0,
        "Selling General And Administration": 18956000.0,
        "Selling And Marketing Expense": 8794000.0,
        "General And Administrative Expense": 10162000.0,
        "Other Gand A": 10162000.0,
        "Gross Profit": 43214000.0,
        "Cost Of Revenue": 25065000.0,
        "Total Revenue": 68279000.0,
        "Operating Revenue": 68279000.0
    },
    "2024-12-31": {
        "Tax Effect Of Unusual Items": -69300.0,
        "Tax Rate For Calcs": 0.21,
        "Normalized EBITDA": 11337000.0,
        "Total Unusual Items": -330000.0,
        "Total Unusual Items Excluding Goodwill": -330000.0,
        "Net Income From Continuing Operation Net Minority Interest": 3830000.0,
        "Reconciled Depreciation": 2470000.0,
        "Reconciled Cost Of Revenue": 25843000.0,
        "EBITDA": 11007000.0,
        "EBIT": 8400000.0,
        "Net Interest Income": -241000.0,
        "Interest Expense": 657000.0,
        "Interest Income": 416000.0,
        "Normalized Income": 4090700.0,
        "Net Income From Continuing And Discontinued Operation": 3830000.0,
        "Total Expenses": 61821000.0,
        "Total Operating Income As Reported": 7410000.0,
        "Diluted Average Shares": 28314000.0,
        "Basic Average Shares": 27667000.0,
        "Diluted EPS": 0.14,
        "Basic EPS": 0.14,
        "Diluted NI Availto Com Stockholders": 3830000.0,
        "Net Income Common Stockholders": 3830000.0,
        "Net Income": 3830000.0,
        "Net Income Including Noncontrolling Interests": 3830000.0,
        "Net Income Continuous Operations": 3830000.0,
        "Tax Provision": 3913000.0,
        "Pretax Income": 7743000.0,
        "Other Income Expense": 244000.0,
        "Other Non Operating Income Expenses": 574000.0,
        "Special Income Charges": -330000.0,
        "Other Special Charges": 330000.0,
        "Net Non Operating Interest Income Expense": -241000.0,
        "Interest Expense Non Operating": 657000.0,
        "Interest Income Non Operating": 416000.0,
        "Operating Income": 7740000.0,
        "Operating Expense": 36115000.0,
        "Other Operating Expenses": -12000.0,
        "Depreciation Amortization Depletion Income Statement": 2607000.0,
        "Depreciation And Amortization In Income Statement": 2607000.0,
        "Amortization": 1622000.0,
        "Amortization Of Intangibles Income Statement": 1622000.0,
        "Depreciation Income Statement": 985000.0,
        "Research And Development": 14971000.0,
        "Selling General And Administration": 18549000.0,
        "Selling And Marketing Expense": 9013000.0,
        "General And Administrative Expense": 9536000.0,
        "Other Gand A": 9536000.0,
        "Gross Profit": 43855000.0,
        "Cost Of Revenue": 25706000.0,
        "Total Revenue": 69561000.0,
        "Operating Revenue": 69561000.0
    },
    "2025-03-31": {
        "Tax Effect Of Unusual Items": -39076.865811,
        "Tax Rate For Calcs": 0.269496,
        "Normalized EBITDA": 8415000.0,
        "Total Unusual Items": -145000.0,
        "Total Unusual Items Excluding Goodwill": -145000.0,
        "Net Income From Continuing Operation Net Minority Interest": 3925000.0,
        "Reconciled Depreciation": 2484000.0,
        "Reconciled Cost Of Revenue": 28760000.0,
        "EBITDA": 8270000.0,
        "EBIT": 5786000.0,
        "Net Interest Income": 76000.0,
        "Interest Expense": 413000.0,
        "Interest Income": 489000.0,
        "Normalized Income": 4030923.134189,
        "Net Income From Continuing And Discontinued Operation": 3925000.0,
        "Total Expenses": 68817000.0,
        "Total Operating Income As Reported": 5310000.0,
        "Diluted Average Shares": 28282000.0,
        "Basic Average Shares": 27740000.0,
        "Diluted EPS": 0.14,
        "Basic EPS": 0.14,
        "Diluted NI Availto Com Stockholders": 3925000.0,
        "Net Income Common Stockholders": 3925000.0,
        "Net Income": 3925000.0,
        "Net Income Including Noncontrolling Interests": 3925000.0,
        "Net Income Continuous Operations": 3925000.0,
        "Tax Provision": 1448000.0,
        "Pretax Income": 5373000.0,
        "Other Income Expense": -158000.0,
        "Other Non Operating Income Expenses": -13000.0,
        "Special Income Charges": -145000.0,
        "Other Special Charges": 145000.0,
        "Net Non Operating Interest Income Expense": 76000.0,
        "Interest Expense Non Operating": 413000.0,
        "Interest Income Non Operating": 489000.0,
        "Operating Income": 5455000.0,
        "Operating Expense": 39596000.0,
        "Other Operating Expenses": 2052000.0,
        "Depreciation Amortization Depletion Income Statement": 2023000.0,
        "Depreciation And Amortization In Income Statement": 2023000.0,
        "Amortization": 1082000.0,
        "Amortization Of Intangibles Income Statement": 1082000.0,
        "Depreciation Income Statement": 941000.0,
        "Research And Development": 16548000.0,
        "Selling General And Administration": 18973000.0,
        "Selling And Marketing Expense": 8322000.0,
        "General And Administrative Expense": 10651000.0,
        "Other Gand A": 10651000.0,
        "Gross Profit": 45051000.0,
        "Cost Of Revenue": 29221000.0,
        "Total Revenue": 74272000.0,
        "Operating Revenue": 74272000.0
    },
    "2025-06-30": {
        "Tax Effect Of Unusual Items": -23940.0,
        "Tax Rate For Calcs": 0.21,
        "Normalized EBITDA": 7747000.0,
        "Total Unusual Items": -114000.0,
        "Total Unusual Items Excluding Goodwill": -114000.0,
        "Net Income From Continuing Operation Net Minority Interest": 4890000.0,
        "Reconciled Depreciation": 2567000.0,
        "Reconciled Cost Of Revenue": 29215000.0,
        "EBITDA": 7633000.0,
        "EBIT": 5066000.0,
        "Net Interest Income": 230000.0,
        "Interest Expense": 217000.0,
        "Interest Income": 447000.0,
        "Normalized Income": 4980060.0,
        "Net Income From Continuing And Discontinued Operation": 4890000.0,
        "Total Expenses": 72040000.0,
        "Total Operating Income As Reported": 4521000.0,
        "Diluted Average Shares": 28289000.0,
        "Basic Average Shares": 27794000.0,
        "Diluted EPS": 0.17,
        "Basic EPS": 0.18,
        "Diluted NI Availto Com Stockholders": 4890000.0,
        "Net Income Common Stockholders": 4890000.0,
        "Net Income": 4890000.0,
        "Net Income Including Noncontrolling Interests": 4890000.0,
        "Net Income Continuous Operations": 4890000.0,
        "Tax Provision": -41000.0,
        "Pretax Income": 4849000.0,
        "Other Income Expense": -16000.0,
        "Other Non Operating Income Expenses": 98000.0,
        "Special Income Charges": -114000.0,
        "Other Special Charges": 114000.0,
        "Net Non Operating Interest Income Expense": 230000.0,
        "Interest Expense Non Operating": 217000.0,
        "Interest Income Non Operating": 447000.0,
        "Operating Income": 4635000.0,
        "Operating Expense": 42659000.0,
        "Other Operating Expenses": 256000.0,
        "Depreciation Amortization Depletion Income Statement": 2401000.0,
        "Depreciation And Amortization In Income Statement": 2401000.0,
        "Amortization": 1457000.0,
        "Amortization Of Intangibles Income Statement": 1457000.0,
        "Depreciation Income Statement": 944000.0,
        "Research And Development": 17454000.0,
        "Selling General And Administration": 22548000.0,
        "Selling And Marketing Expense": 11793000.0,
        "General And Administrative Expense": 10755000.0,
        "Other Gand A": 10755000.0,
        "Gross Profit": 47294000.0,
        "Cost Of Revenue": 29381000.0,
        "Total Revenue": 76675000.0,
        "Operating Revenue": 76675000.0
    },
    "2025-09-30": {
        "Tax Effect Of Unusual Items": -28050.0,
        "Tax Rate For Calcs": 0.255,
        "Normalized EBITDA": 18441000.0,
        "Total Unusual Items": -110000.0,
        "Total Unusual Items Excluding Goodwill": -110000.0,
        "Net Income From Continuing Operation Net Minority Interest": 11710000.0,
        "Reconciled Depreciation": 2564000.0,
        "Reconciled Cost Of Revenue": 30164000.0,
        "EBITDA": 18331000.0,
        "EBIT": 15767000.0,
        "Net Interest Income": 290000.0,
        "Interest Expense": 56000.0,
        "Interest Income": 346000.0,
        "Normalized Income": 11791950.0,
        "Net Income From Continuing And Discontinued Operation": 11710000.0,
        "Total Expenses": 65042000.0,
        "Total Operating Income As Reported": 14147000.0,
        "Diluted Average Shares": 28397000.0,
        "Basic Average Shares": 27882000.0,
        "Diluted EPS": 0.41,
        "Basic EPS": 0.42,
        "Diluted NI Availto Com Stockholders": 11710000.0,
        "Net Income Common Stockholders": 11710000.0,
        "Net Income": 11710000.0,
        "Net Income Including Noncontrolling Interests": 11710000.0,
        "Net Income Continuous Operations": 11710000.0,
        "Tax Provision": 4001000.0,
        "Pretax Income": 15711000.0,
        "Other Income Expense": 1164000.0,
        "Other Non Operating Income Expenses": 1274000.0,
        "Special Income Charges": -110000.0,
        "Other Special Charges": 110000.0,
        "Net Non Operating Interest Income Expense": 290000.0,
        "Interest Expense Non Operating": 56000.0,
        "Interest Income Non Operating": 346000.0,
        "Operating Income": 14257000.0,
        "Operating Expense": 34710000.0,
        "Other Operating Expenses": -5456000.0,
        "Depreciation Amortization Depletion Income Statement": 2396000.0,
        "Depreciation And Amortization In Income Statement": 2396000.0,
        "Amortization": 1432000.0,
        "Amortization Of Intangibles Income Statement": 1432000.0,
        "Depreciation Income Statement": 964000.0,
        "Research And Development": 17825000.0,
        "Selling General And Administration": 19945000.0,
        "Selling And Marketing Expense": 9781000.0,
        "General And Administrative Expense": 10164000.0,
        "Other Gand A": 10164000.0,
        "Gross Profit": 48967000.0,
        "Cost Of Revenue": 30332000.0,
        "Total Revenue": 79299000.0,
        "Operating Revenue": 79299000.0
    }
}