{
    "2023-03-31": {
        "Tax Effect Of Unusual Items": NaN,
        "Tax Rate For Calcs": NaN,
        "Normalized EBITDA": NaN,
        "Total Unusual Items": NaN,
        "Total Unusual Items Excluding Goodwill": NaN,
        "Net Income From Continuing Operation Net Minority Interest": NaN,
        "Reconciled Depreciation": NaN,
        "Reconciled Cost Of Revenue": NaN,
        "EBITDA": NaN,
        "EBIT": NaN,
        "Net Interest Income": NaN,
        "Interest Expense": NaN,
        "Normalized Income": NaN,
        "Net Income From Continuing And Discontinued Operation": NaN,
        "Total Expenses": NaN,
        "Rent Expense Supplemental": NaN,
        "Total Operating Income As Reported": NaN,
        "Diluted Average Shares": NaN,
        "Basic Average Shares": NaN,
        "Diluted EPS": NaN,
        "Basic EPS": NaN,
        "Diluted NI Availto Com Stockholders": NaN,
        "Average Dilution Earnings": NaN,
        "Net Income Common Stockholders": NaN,
        "Otherunder Preferred Stock Dividend": 1327000.0,
        "Net Income": NaN,
        "Minority Interests": NaN,
        "Net Income Including Noncontrolling Interests": NaN,
        "Net Income Continuous Operations": NaN,
        "Tax Provision": NaN,
        "Pretax Income": NaN,
        "Other Income Expense": NaN,
        "Other Non Operating Income Expenses": NaN,
        "Special Income Charges": NaN,
        "Impairment Of Capital Assets": NaN,
        "Gain On Sale Of Security": NaN,
        "Net Non Operating Interest Income Expense": NaN,
        "Interest Expense Non Operating": NaN,
        "Operating Income": NaN,
        "Operating Expense": NaN,
        "Other Operating Expenses": -188847000.0,
        "Depreciation Amortization Depletion Income Statement": NaN,
        "Depreciation And Amortization In Income Statement": NaN,
        "Selling General And Administration": NaN,
        "General And Administrative Expense": NaN,
        "Other Gand A": NaN,
        "Gross Profit": NaN,
        "Cost Of Revenue": NaN,
        "Total Revenue": NaN,
        "Operating Revenue": NaN
    },
    "2022-12-31": {
        "Tax Effect Of Unusual Items": NaN,
        "Tax Rate For Calcs": NaN,
        "Normalized EBITDA": NaN,
        "Total Unusual Items": NaN,
        "Total Unusual Items Excluding Goodwill": NaN,
        "Net Income From Continuing Operation Net Minority Interest": NaN,
        "Reconciled Depreciation": NaN,
        "Reconciled Cost Of Revenue": NaN,
        "EBITDA": NaN,
        "EBIT": NaN,
        "Net Interest Income": NaN,
        "Interest Expense": NaN,
        "Normalized Income": NaN,
        "Net Income From Continuing And Discontinued Operation": NaN,
        "Total Expenses": NaN,
        "Rent Expense Supplemental": NaN,
        "Total Operating Income As Reported": NaN,
        "Diluted Average Shares": NaN,
        "Basic Average Shares": NaN,
        "Diluted EPS": NaN,
        "Basic EPS": NaN,
        "Diluted NI Availto Com Stockholders": NaN,
        "Average Dilution Earnings": NaN,
        "Net Income Common Stockholders": NaN,
        "Otherunder Preferred Stock Dividend": NaN,
        "Net Income": NaN,
        "Minority Interests": NaN,
        "Net Income Including Noncontrolling Interests": NaN,
        "Net Income Continuous Operations": NaN,
        "Tax Provision": NaN,
        "Pretax Income": NaN,
        "Other Income Expense": NaN,
        "Other Non Operating Income Expenses": NaN,
        "Special Income Charges": NaN,
        "Impairment Of Capital Assets": NaN,
        "Restructuring And Mergern Acquisition": 0.0,
        "Gain On Sale Of Security": NaN,
        "Net Non Operating Interest Income Expense": NaN,
        "Interest Expense Non Operating": NaN,
        "Operating Income": NaN,
        "Operating Expense": NaN,
        "Other Operating Expenses": NaN,
        "Depreciation Amortization Depletion Income Statement": NaN,
        "Depreciation And Amortization In Income Statement": NaN,
        "Selling General And Administration": NaN,
        "General And Administrative Expense": NaN,
        "Other Gand A": NaN,
        "Gross Profit": NaN,
        "Cost Of Revenue": NaN,
        "Total Revenue": NaN,
        "Operating Revenue": NaN
    },
    "2022-09-30": {
        "Tax Effect Of Unusual Items": NaN,
        "Tax Rate For Calcs": NaN,
        "Normalized EBITDA": NaN,
        "Total Unusual Items": NaN,
        "Total Unusual Items Excluding Goodwill": NaN,
        "Net Income From Continuing Operation Net Minority Interest": NaN,
        "Reconciled Depreciation": NaN,
        "Reconciled Cost Of Revenue": NaN,
        "EBITDA": NaN,
        "EBIT": NaN,
        "Net Interest Income": NaN,
        "Interest Expense": NaN,
        "Normalized Income": NaN,
        "Net Income From Continuing And Discontinued Operation": NaN,
        "Total Expenses": NaN,
        "Rent Expense Supplemental": NaN,
        "Total Operating Income As Reported": NaN,
        "Diluted Average Shares": NaN,
        "Basic Average Shares": NaN,
        "Diluted EPS": NaN,
        "Basic EPS": NaN,
        "Diluted NI Availto Com Stockholders": NaN,
        "Average Dilution Earnings": NaN,
        "Net Income Common Stockholders": NaN,
        "Otherunder Preferred Stock Dividend": 1360000.0,
        "Preferred Stock Dividends": 1360000.0,
        "Net Income": NaN,
        "Minority Interests": NaN,
        "Net Income Including Noncontrolling Interests": NaN,
        "Net Income Continuous Operations": NaN,
        "Tax Provision": NaN,
        "Pretax Income": NaN,
        "Other Income Expense": NaN,
        "Other Non Operating Income Expenses": NaN,
        "Special Income Charges": NaN,
        "Impairment Of Capital Assets": 0.0,
        "Restructuring And Mergern Acquisition": 0.0,
        "Gain On Sale Of Security": NaN,
        "Net Non Operating Interest Income Expense": NaN,
        "Interest Expense Non Operating": NaN,
        "Operating Income": NaN,
        "Operating Expense": NaN,
        "Other Operating Expenses": -198841000.0,
        "Depreciation Amortization Depletion Income Statement": NaN,
        "Depreciation And Amortization In Income Statement": NaN,
        "Selling General And Administration": NaN,
        "General And Administrative Expense": NaN,
        "Other Gand A": NaN,
        "Gross Profit": NaN,
        "Cost Of Revenue": NaN,
        "Total Revenue": NaN,
        "Operating Revenue": NaN
    },
    "2022-06-30": {
        "Tax Effect Of Unusual Items": -3015162.821577,
        "Tax Rate For Calcs": 0.367344,
        "Normalized EBITDA": 137390000.0,
        "Total Unusual Items": -8208000.0,
        "Total Unusual Items Excluding Goodwill": -8208000.0,
        "Net Income From Continuing Operation Net Minority Interest": 14032000.0,
        "Reconciled Depreciation": 79474000.0,
        "Reconciled Cost Of Revenue": 546414000.0,
        "EBITDA": 129182000.0,
        "EBIT": 49708000.0,
        "Net Interest Income": -25608000.0,
        "Interest Expense": 25608000.0,
        "Normalized Income": 19224837.178423,
        "Net Income From Continuing And Discontinued Operation": 14032000.0,
        "Total Expenses": 668436000.0,
        "Rent Expense Supplemental": 15833000.0,
        "Total Operating Income As Reported": 59178000.0,
        "Diluted Average Shares": 137015000.0,
        "Basic Average Shares": 134332000.0,
        "Diluted EPS": 0.09,
        "Basic EPS": 0.1,
        "Diluted NI Availto Com Stockholders": 12846000.0,
        "Average Dilution Earnings": 0.0,
        "Net Income Common Stockholders": 12846000.0,
        "Otherunder Preferred Stock Dividend": 1186000.0,
        "Preferred Stock Dividends": NaN,
        "Net Income": 14032000.0,
        "Minority Interests": -1215000.0,
        "Net Income Including Noncontrolling Interests": 15247000.0,
        "Net Income Continuous Operations": 15247000.0,
        "Tax Provision": 8853000.0,
        "Pretax Income": 24100000.0,
        "Other Income Expense": -9470000.0,
        "Other Non Operating Income Expenses": -1262000.0,
        "Special Income Charges": 0.0,
        "Restructuring And Mergern Acquisition": 0.0,
        "Gain On Sale Of Security": -8208000.0,
        "Net Non Operating Interest Income Expense": -25608000.0,
        "Interest Expense Non Operating": 25608000.0,
        "Operating Income": 59178000.0,
        "Operating Expense": 58425000.0,
        "Other Operating Expenses": NaN,
        "Depreciation Amortization Depletion Income Statement": 15877000.0,
        "Depreciation And Amortization In Income Statement": 15877000.0,
        "Selling General And Administration": 42548000.0,
        "General And Administrative Expense": 42548000.0,
        "Other Gand A": 42548000.0,
        "Gross Profit": 117603000.0,
        "Cost Of Revenue": 610011000.0,
        "Total Revenue": 727614000.0,
        "Operating Revenue": 727614000.0
    },
    "2022-03-31": {
        "Diluted EPS": 0.08,
        "Total Revenue": 706,
        "Gross Profit": 109,
        "Operating Income": 52,
        "EBIT": 130,
        "Net Income": 42
    },
    "2021-12-31": {
        "Diluted EPS": 0.43,
        "Total Revenue": 713,
        "Gross Profit": 121,
        "Operating Income": 69,
        "EBIT": 148,
        "Net Income": 23
    },
    "2021-09-30": {
        "Diluted EPS": 0.2,
        "Total Revenue": 653,
        "Gross Profit": 123,
        "Operating Income": 76,
        "EBIT": 151,
        "Net Income": 58
    },
    "2021-06-30": {
        "Diluted EPS": 0.12,
        "Total Revenue": 617,
        "Gross Profit": 126,
        "Operating Income": 65,
        "EBIT": 126,
        "Net Income": 79
    },
    "2021-03-31": {
        "Diluted EPS": -0.08,
        "Total Revenue": 482,
        "Gross Profit": 85,
        "Operating Income": 15,
        "EBIT": 68,
        "Net Income": -4
    },
    "2020-12-31": {
        "Diluted EPS": -1.45,
        "Total Revenue": 363,
        "Gross Profit": 71,
        "Operating Income": 34,
        "EBIT": 66,
        "Net Income": -81
    },
    "2020-09-30": {
        "Diluted EPS": -0.89,
        "Total Revenue": 284,
        "Gross Profit": 44,
        "Operating Income": 13,
        "EBIT": 35,
        "Net Income": -51
    },
    "2020-06-30": {
        "Diluted EPS": 0.08,
        "Total Revenue": 232,
        "Gross Profit": 34,
        "Operating Income": 16,
        "EBIT": 34,
        "Net Income": 4
    },
    "2020-03-31": {
        "Diluted EPS": -0.82,
        "Total Revenue": 191,
        "Gross Profit": 24,
        "Operating Income": 8,
        "EBIT": 25,
        "Net Income": -35
    },
    "2019-12-31": {
        "Diluted EPS": -0.26,
        "Total Revenue": 150,
        "Gross Profit": 26,
        "Operating Income": 0,
        "EBIT": 16,
        "Net Income": -10
    },
    "2019-09-30": {
        "Diluted EPS": -0.17,
        "Total Revenue": 136,
        "Gross Profit": 22,
        "Operating Income": 9,
        "EBIT": 26,
        "Net Income": -4
    },
    "2019-06-30": {
        "Diluted EPS": -0.1,
        "Total Revenue": 124,
        "Gross Profit": 22,
        "Operating Income": 15,
        "EBIT": 29,
        "Net Income": -2
    },
    "2019-03-31": {
        "Diluted EPS": -0.42,
        "Total Revenue": 119,
        "Gross Profit": 19,
        "Operating Income": 5,
        "EBIT": 23,
        "Net Income": -6
    },
    "2018-12-31": {
        "Diluted EPS": 1.91,
        "Total Revenue": NaN,
        "Gross Profit": NaN,
        "Operating Income": -313,
        "EBIT": -313,
        "Net Income": 22
    },
    "2018-09-30": {
        "Diluted EPS": 0.02,
        "Total Revenue": NaN,
        "Gross Profit": NaN,
        "Operating Income": 0,
        "EBIT": 0,
        "Net Income": 1
    },
    "2018-06-30": {
        "Diluted EPS": 0.02,
        "Total Revenue": NaN,
        "Gross Profit": NaN,
        "Operating Income": 0,
        "EBIT": 0,
        "Net Income": 1
    },
    "2018-03-31": {
        "Diluted EPS": 0.01,
        "Total Revenue": NaN,
        "Gross Profit": NaN,
        "Operating Income": 0,
        "EBIT": 0,
        "Net Income": 0
    },
    "2017-12-31": {
        "Diluted EPS": 0.0,
        "Total Revenue": NaN,
        "Gross Profit": NaN,
        "Operating Income": NaN,
        "EBIT": NaN,
        "Net Income": NaN
    },
    "2023-06-30": {
        "Tax Effect Of Unusual Items": NaN,
        "Tax Rate For Calcs": NaN,
        "Normalized EBITDA": NaN,
        "Total Unusual Items": NaN,
        "Total Unusual Items Excluding Goodwill": NaN,
        "Net Income From Continuing Operation Net Minority Interest": NaN,
        "Reconciled Depreciation": NaN,
        "Reconciled Cost Of Revenue": NaN,
        "EBITDA": NaN,
        "EBIT": NaN,
        "Net Interest Income": NaN,
        "Interest Expense": NaN,
        "Normalized Income": NaN,
        "Net Income From Continuing And Discontinued Operation": NaN,
        "Total Expenses": NaN,
        "Rent Expense Supplemental": NaN,
        "Total Operating Income As Reported": NaN,
        "Diluted Average Shares": NaN,
        "Basic Average Shares": NaN,
        "Diluted EPS": NaN,
        "Basic EPS": NaN,
        "Diluted NI Availto Com Stockholders": NaN,
        "Average Dilution Earnings": NaN,
        "Net Income Common Stockholders": NaN,
        "Otherunder Preferred Stock Dividend": 1182000.0,
        "Preferred Stock Dividends": 1182000.0,
        "Net Income": NaN,
        "Minority Interests": NaN,
        "Net Income Including Noncontrolling Interests": NaN,
        "Net Income Continuous Operations": NaN,
        "Tax Provision": NaN,
        "Pretax Income": NaN,
        "Other Income Expense": NaN,
        "Other Non Operating Income Expenses": NaN,
        "Special Income Charges": NaN,
        "Other Special Charges": NaN,
        "Impairment Of Capital Assets": NaN,
        "Restructuring And Mergern Acquisition": NaN,
        "Gain On Sale Of Security": NaN,
        "Net Non Operating Interest Income Expense": NaN,
        "Interest Expense Non Operating": NaN,
        "Operating Income": NaN,
        "Operating Expense": NaN,
        "Other Operating Expenses": -209662000.0,
        "Depreciation Amortization Depletion Income Statement": NaN,
        "Depreciation And Amortization In Income Statement": NaN,
        "Selling General And Administration": NaN,
        "General And Administrative Expense": NaN,
        "Other Gand A": NaN,
        "Salaries And Wages": NaN,
        "Gross Profit": NaN,
        "Cost Of Revenue": NaN,
        "Total Revenue": NaN,
        "Operating Revenue": NaN
    },
    "2023-09-30": {
        "Tax Effect Of Unusual Items": NaN,
        "Tax Rate For Calcs": NaN,
        "Normalized EBITDA": NaN,
        "Total Unusual Items": NaN,
        "Total Unusual Items Excluding Goodwill": NaN,
        "Net Income From Continuing Operation Net Minority Interest": NaN,
        "Reconciled Depreciation": NaN,
        "Reconciled Cost Of Revenue": NaN,
        "EBITDA": NaN,
        "EBIT": NaN,
        "Net Interest Income": NaN,
        "Interest Expense": NaN,
        "Normalized Income": NaN,
        "Net Income From Continuing And Discontinued Operation": NaN,
        "Total Expenses": NaN,
        "Rent Expense Supplemental": NaN,
        "Total Operating Income As Reported": NaN,
        "Diluted Average Shares": NaN,
        "Basic Average Shares": NaN,
        "Diluted EPS": NaN,
        "Basic EPS": NaN,
        "Diluted NI Availto Com Stockholders": NaN,
        "Average Dilution Earnings": NaN,
        "Net Income Common Stockholders": NaN,
        "Otherunder Preferred Stock Dividend": 0.0,
        "Preferred Stock Dividends": NaN,
        "Net Income": NaN,
        "Minority Interests": NaN,
        "Net Income Including Noncontrolling Interests": NaN,
        "Net Income Continuous Operations": NaN,
        "Tax Provision": NaN,
        "Pretax Income": NaN,
        "Other Income Expense": NaN,
        "Other Non Operating Income Expenses": -3317000.0,
        "Special Income Charges": NaN,
        "Other Special Charges": 3700000.0,
        "Impairment Of Capital Assets": NaN,
        "Restructuring And Mergern Acquisition": 3600000.0,
        "Gain On Sale Of Security": NaN,
        "Net Non Operating Interest Income Expense": NaN,
        "Interest Expense Non Operating": NaN,
        "Operating Income": NaN,
        "Operating Expense": NaN,
        "Other Operating Expenses": -220351000.0,
        "Depreciation Amortization Depletion Income Statement": NaN,
        "Depreciation And Amortization In Income Statement": NaN,
        "Selling General And Administration": NaN,
        "General And Administrative Expense": NaN,
        "Other Gand A": NaN,
        "Salaries And Wages": 3500000.0,
        "Gross Profit": NaN,
        "Cost Of Revenue": NaN,
        "Total Revenue": NaN,
        "Operating Revenue": NaN
    },
    "2023-12-31": {
        "Tax Effect Of Unusual Items": NaN,
        "Tax Rate For Calcs": NaN,
        "Normalized EBITDA": NaN,
        "Total Unusual Items": NaN,
        "Total Unusual Items Excluding Goodwill": NaN,
        "Net Income From Continuing Operation Net Minority Interest": NaN,
        "Reconciled Depreciation": NaN,
        "Reconciled Cost Of Revenue": NaN,
        "EBITDA": NaN,
        "EBIT": NaN,
        "Net Interest Income": NaN,
        "Interest Expense": NaN,
        "Normalized Income": NaN,
        "Net Income From Continuing And Discontinued Operation": NaN,
        "Total Expenses": NaN,
        "Rent Expense Supplemental": NaN,
        "Total Operating Income As Reported": NaN,
        "Diluted Average Shares": NaN,
        "Basic Average Shares": NaN,
        "Diluted EPS": NaN,
        "Basic EPS": NaN,
        "Diluted NI Availto Com Stockholders": NaN,
        "Average Dilution Earnings": NaN,
        "Net Income Common Stockholders": NaN,
        "Otherunder Preferred Stock Dividend": NaN,
        "Preferred Stock Dividends": NaN,
        "Net Income": NaN,
        "Minority Interests": NaN,
        "Net Income Including Noncontrolling Interests": NaN,
        "Net Income Continuous Operations": NaN,
        "Tax Provision": NaN,
        "Pretax Income": NaN,
        "Other Income Expense": NaN,
        "Other Non Operating Income Expenses": -22992000.0,
        "Special Income Charges": NaN,
        "Gain On Sale Of Business": NaN,
        "Other Special Charges": NaN,
        "Impairment Of Capital Assets": NaN,
        "Restructuring And Mergern Acquisition": NaN,
        "Gain On Sale Of Security": 2596000.0,
        "Net Non Operating Interest Income Expense": NaN,
        "Interest Expense Non Operating": NaN,
        "Operating Income": NaN,
        "Operating Expense": NaN,
        "Other Operating Expenses": NaN,
        "Depreciation Amortization Depletion Income Statement": NaN,
        "Depreciation And Amortization In Income Statement": NaN,
        "Selling General And Administration": NaN,
        "General And Administrative Expense": NaN,
        "Other Gand A": NaN,
        "Salaries And Wages": NaN,
        "Gross Profit": NaN,
        "Cost Of Revenue": NaN,
        "Total Revenue": NaN,
        "Operating Revenue": NaN
    },
    "2024-03-31": {
        "Tax Effect Of Unusual Items": NaN,
        "Tax Rate For Calcs": NaN,
        "Normalized EBITDA": NaN,
        "Total Unusual Items": NaN,
        "Total Unusual Items Excluding Goodwill": NaN,
        "Net Income From Continuing Operation Net Minority Interest": NaN,
        "Reconciled Depreciation": NaN,
        "Reconciled Cost Of Revenue": NaN,
        "EBITDA": NaN,
        "EBIT": NaN,
        "Net Interest Income": NaN,
        "Interest Expense": NaN,
        "Normalized Income": NaN,
        "Net Income From Continuing And Discontinued Operation": NaN,
        "Total Expenses": NaN,
        "Rent Expense Supplemental": NaN,
        "Total Operating Income As Reported": NaN,
        "Diluted Average Shares": NaN,
        "Basic Average Shares": NaN,
        "Diluted EPS": NaN,
        "Basic EPS": NaN,
        "Diluted NI Availto Com Stockholders": NaN,
        "Average Dilution Earnings": NaN,
        "Net Income Common Stockholders": NaN,
        "Otherunder Preferred Stock Dividend": 0.0,
        "Preferred Stock Dividends": NaN,
        "Net Income": NaN,
        "Minority Interests": NaN,
        "Net Income Including Noncontrolling Interests": NaN,
        "Net Income Continuous Operations": NaN,
        "Tax Provision": NaN,
        "Pretax Income": NaN,
        "Other Income Expense": NaN,
        "Other Non Operating Income Expenses": -5105000.0,
        "Special Income Charges": NaN,
        "Gain On Sale Of Ppe": NaN,
        "Gain On Sale Of Business": NaN,
        "Other Special Charges": NaN,
        "Write Off": NaN,
        "Impairment Of Capital Assets": NaN,
        "Restructuring And Mergern Acquisition": NaN,
        "Gain On Sale Of Security": -7453000.0,
        "Net Non Operating Interest Income Expense": NaN,
        "Interest Expense Non Operating": NaN,
        "Operating Income": NaN,
        "Operating Expense": NaN,
        "Other Operating Expenses": NaN,
        "Depreciation Amortization Depletion Income Statement": NaN,
        "Depreciation And Amortization In Income Statement": NaN,
        "Selling General And Administration": NaN,
        "General And Administrative Expense": NaN,
        "Other Gand A": NaN,
        "Salaries And Wages": NaN,
        "Gross Profit": NaN,
        "Cost Of Revenue": NaN,
        "Total Revenue": NaN,
        "Operating Revenue": NaN
    },
    "2024-06-30": {
        "Tax Effect Of Unusual Items": NaN,
        "Tax Rate For Calcs": NaN,
        "Normalized EBITDA": NaN,
        "Total Unusual Items": NaN,
        "Total Unusual Items Excluding Goodwill": NaN,
        "Net Income From Continuing Operation Net Minority Interest": NaN,
        "Reconciled Depreciation": NaN,
        "Reconciled Cost Of Revenue": NaN,
        "EBITDA": NaN,
        "EBIT": NaN,
        "Net Interest Income": NaN,
        "Interest Expense": NaN,
        "Normalized Income": NaN,
        "Net Income From Continuing And Discontinued Operation": NaN,
        "Total Expenses": NaN,
        "Rent Expense Supplemental": NaN,
        "Total Operating Income As Reported": NaN,
        "Diluted Average Shares": NaN,
        "Basic Average Shares": NaN,
        "Diluted EPS": NaN,
        "Basic EPS": NaN,
        "Diluted NI Availto Com Stockholders": NaN,
        "Average Dilution Earnings": NaN,
        "Net Income Common Stockholders": NaN,
        "Otherunder Preferred Stock Dividend": 1656000.0,
        "Preferred Stock Dividends": 1656000.0,
        "Net Income": NaN,
        "Minority Interests": NaN,
        "Net Income Including Noncontrolling Interests": NaN,
        "Net Income Continuous Operations": NaN,
        "Tax Provision": NaN,
        "Pretax Income": NaN,
        "Other Income Expense": 2222000.0,
        "Other Non Operating Income Expenses": 1760000.0,
        "Special Income Charges": NaN,
        "Gain On Sale Of Ppe": NaN,
        "Gain On Sale Of Business": 0.0,
        "Other Special Charges": NaN,
        "Write Off": NaN,
        "Impairment Of Capital Assets": NaN,
        "Restructuring And Mergern Acquisition": NaN,
        "Gain On Sale Of Security": 7010000.0,
        "Net Non Operating Interest Income Expense": NaN,
        "Interest Expense Non Operating": NaN,
        "Operating Income": NaN,
        "Operating Expense": NaN,
        "Other Operating Expenses": -210946000.0,
        "Depreciation Amortization Depletion Income Statement": NaN,
        "Depreciation And Amortization In Income Statement": NaN,
        "Selling General And Administration": NaN,
        "General And Administrative Expense": NaN,
        "Other Gand A": NaN,
        "Salaries And Wages": NaN,
        "Gross Profit": NaN,
        "Cost Of Revenue": NaN,
        "Total Revenue": NaN,
        "Operating Revenue": NaN
    },
    "2024-09-30": {
        "Tax Effect Of Unusual Items": -1998841.326339,
        "Tax Rate For Calcs": 0.252061,
        "Normalized EBITDA": 162146000.0,
        "Total Unusual Items": -7930000.0,
        "Total Unusual Items Excluding Goodwill": -7930000.0,
        "Net Income From Continuing Operation Net Minority Interest": 22859000.0,
        "Reconciled Depreciation": 90759000.0,
        "Reconciled Cost Of Revenue": 602370000.0,
        "EBITDA": 154216000.0,
        "EBIT": 63457000.0,
        "Net Interest Income": -31429000.0,
        "Interest Expense": 31429000.0,
        "Normalized Income": 28790158.673661,
        "Net Income From Continuing And Discontinued Operation": 22859000.0,
        "Total Expenses": 526162000.0,
        "Rent Expense Supplemental": 17894000.0,
        "Total Operating Income As Reported": 63487000.0,
        "Diluted Average Shares": 136530000.0,
        "Basic Average Shares": 134303000.0,
        "Diluted EPS": 0.15,
        "Basic EPS": 0.16,
        "Diluted NI Availto Com Stockholders": 20926000.0,
        "Average Dilution Earnings": 0.0,
        "Net Income Common Stockholders": 20926000.0,
        "Otherunder Preferred Stock Dividend": 1933000.0,
        "Preferred Stock Dividends": 1933000.0,
        "Net Income": 22859000.0,
        "Minority Interests": -1096000.0,
        "Net Income Including Noncontrolling Interests": 23955000.0,
        "Net Income Continuous Operations": 23955000.0,
        "Tax Provision": 8073000.0,
        "Pretax Income": 32028000.0,
        "Other Income Expense": -7930000.0,
        "Other Non Operating Income Expenses": NaN,
        "Special Income Charges": -10173000.0,
        "Gain On Sale Of Ppe": NaN,
        "Gain On Sale Of Business": NaN,
        "Other Special Charges": 4173000.0,
        "Write Off": NaN,
        "Impairment Of Capital Assets": 0.0,
        "Restructuring And Mergern Acquisition": 6000000.0,
        "Gain On Sale Of Security": 2243000.0,
        "Net Non Operating Interest Income Expense": -31429000.0,
        "Interest Expense Non Operating": 31429000.0,
        "Operating Income": 71387000.0,
        "Operating Expense": -155704000.0,
        "Other Operating Expenses": -208309000.0,
        "Depreciation Amortization Depletion Income Statement": 11263000.0,
        "Depreciation And Amortization In Income Statement": 11263000.0,
        "Selling General And Administration": 41342000.0,
        "General And Administrative Expense": 41342000.0,
        "Other Gand A": 40942000.0,
        "Salaries And Wages": 400000.0,
        "Gross Profit": -84317000.0,
        "Cost Of Revenue": 681866000.0,
        "Total Revenue": 597549000.0,
        "Operating Revenue": 597549000.0
    },
    "2024-12-31": {
        "Tax Effect Of Unusual Items": 6340612.747663,
        "Tax Rate For Calcs": 0.273055,
        "Normalized EBITDA": 167756000.0,
        "Total Unusual Items": 23221000.0,
        "Total Unusual Items Excluding Goodwill": 23221000.0,
        "Net Income From Continuing Operation Net Minority Interest": 50262000.0,
        "Reconciled Depreciation": 90537000.0,
        "Reconciled Cost Of Revenue": 463835000.0,
        "EBITDA": 190977000.0,
        "EBIT": 100440000.0,
        "Net Interest Income": -29729000.0,
        "Interest Expense": 29729000.0,
        "Normalized Income": 33381612.747663,
        "Net Income From Continuing And Discontinued Operation": 50262000.0,
        "Total Expenses": 1397631000.0,
        "Rent Expense Supplemental": 17745000.0,
        "Total Operating Income As Reported": 97667000.0,
        "Diluted Average Shares": 136534000.0,
        "Basic Average Shares": 134575000.0,
        "Diluted EPS": 0.34,
        "Basic EPS": 0.34,
        "Diluted NI Availto Com Stockholders": 46002000.0,
        "Average Dilution Earnings": 0.0,
        "Net Income Common Stockholders": 46002000.0,
        "Otherunder Preferred Stock Dividend": NaN,
        "Preferred Stock Dividends": 4260000.0,
        "Net Income": 50262000.0,
        "Minority Interests": -1141000.0,
        "Net Income Including Noncontrolling Interests": 51403000.0,
        "Net Income Continuous Operations": 51403000.0,
        "Tax Provision": 19308000.0,
        "Pretax Income": 70711000.0,
        "Other Income Expense": 23773000.0,
        "Other Non Operating Income Expenses": 552000.0,
        "Special Income Charges": 21000000.0,
        "Gain On Sale Of Ppe": NaN,
        "Gain On Sale Of Business": NaN,
        "Other Special Charges": -8100000.0,
        "Write Off": NaN,
        "Impairment Of Capital Assets": 0.0,
        "Restructuring And Mergern Acquisition": NaN,
        "Gain On Sale Of Security": 2221000.0,
        "Net Non Operating Interest Income Expense": -29729000.0,
        "Interest Expense Non Operating": 29729000.0,
        "Operating Income": 76667000.0,
        "Operating Expense": 854281000.0,
        "Other Operating Expenses": NaN,
        "Depreciation Amortization Depletion Income Statement": 11022000.0,
        "Depreciation And Amortization In Income Statement": 11022000.0,
        "Selling General And Administration": 225606000.0,
        "General And Administrative Expense": 225606000.0,
        "Other Gand A": 234006000.0,
        "Salaries And Wages": NaN,
        "Gross Profit": 930948000.0,
        "Cost Of Revenue": 543350000.0,
        "Total Revenue": 1474298000.0,
        "Operating Revenue": 1474298000.0
    },
    "2025-03-31": {
        "Tax Effect Of Unusual Items": 0.0,
        "Tax Rate For Calcs": 0.21,
        "Normalized EBITDA": 117515000.0,
        "Total Unusual Items": 0.0,
        "Total Unusual Items Excluding Goodwill": 0.0,
        "Net Income From Continuing Operation Net Minority Interest": -7207000.0,
        "Reconciled Depreciation": 94345000.0,
        "Reconciled Cost Of Revenue": 573513000.0,
        "EBITDA": 117515000.0,
        "EBIT": 23170000.0,
        "Net Interest Income": -28399000.0,
        "Interest Expense": 28399000.0,
        "Normalized Income": -7207000.0,
        "Net Income From Continuing And Discontinued Operation": -7207000.0,
        "Total Expenses": 557301000.0,
        "Rent Expense Supplemental": 20221000.0,
        "Total Operating Income As Reported": 23170000.0,
        "Diluted Average Shares": 134799000.0,
        "Basic Average Shares": 134799000.0,
        "Diluted EPS": -0.05,
        "Basic EPS": -0.05,
        "Diluted NI Availto Com Stockholders": -7207000.0,
        "Average Dilution Earnings": 0.0,
        "Net Income Common Stockholders": -7207000.0,
        "Otherunder Preferred Stock Dividend": NaN,
        "Preferred Stock Dividends": NaN,
        "Net Income": -7207000.0,
        "Minority Interests": -1128000.0,
        "Net Income Including Noncontrolling Interests": -6079000.0,
        "Net Income Continuous Operations": -6079000.0,
        "Tax Provision": 850000.0,
        "Pretax Income": -5229000.0,
        "Other Income Expense": NaN,
        "Other Non Operating Income Expenses": NaN,
        "Special Income Charges": 0.0,
        "Gain On Sale Of Ppe": NaN,
        "Gain On Sale Of Business": NaN,
        "Other Special Charges": NaN,
        "Write Off": NaN,
        "Impairment Of Capital Assets": 0.0,
        "Restructuring And Mergern Acquisition": NaN,
        "Gain On Sale Of Security": NaN,
        "Net Non Operating Interest Income Expense": -28399000.0,
        "Interest Expense Non Operating": 28399000.0,
        "Operating Income": 23170000.0,
        "Operating Expense": -100143000.0,
        "Other Operating Expenses": -197411000.0,
        "Depreciation Amortization Depletion Income Statement": 10414000.0,
        "Depreciation And Amortization In Income Statement": 10414000.0,
        "Selling General And Administration": 86854000.0,
        "General And Administrative Expense": 86854000.0,
        "Other Gand A": 86854000.0,
        "Salaries And Wages": NaN,
        "Gross Profit": -76973000.0,
        "Cost Of Revenue": 657444000.0,
        "Total Revenue": 580471000.0,
        "Operating Revenue": 580471000.0
    },
    "2025-06-30": {
        "Tax Effect Of Unusual Items": 6767250.0,
        "Tax Rate For Calcs": 0.21,
        "Normalized EBITDA": 139387000.0,
        "Total Unusual Items": 32225000.0,
        "Total Unusual Items Excluding Goodwill": 32225000.0,
        "Net Income From Continuing Operation Net Minority Interest": 14674000.0,
        "Reconciled Depreciation": 92360000.0,
        "Reconciled Cost Of Revenue": 563549000.0,
        "EBITDA": 171612000.0,
        "EBIT": 79252000.0,
        "Net Interest Income": -27533000.0,
        "Interest Expense": 27533000.0,
        "Normalized Income": -10783750.0,
        "Net Income From Continuing And Discontinued Operation": 14674000.0,
        "Total Expenses": 544784000.0,
        "Rent Expense Supplemental": 17607000.0,
        "Total Operating Income As Reported": 79252000.0,
        "Diluted Average Shares": 137071000.0,
        "Basic Average Shares": 134993000.0,
        "Diluted EPS": 0.1,
        "Basic EPS": 0.1,
        "Diluted NI Availto Com Stockholders": 13439000.0,
        "Average Dilution Earnings": 0.0,
        "Net Income Common Stockholders": 13439000.0,
        "Otherunder Preferred Stock Dividend": NaN,
        "Preferred Stock Dividends": 1235000.0,
        "Net Income": 14674000.0,
        "Minority Interests": -1154000.0,
        "Net Income Including Noncontrolling Interests": 15828000.0,
        "Net Income Continuous Operations": 15828000.0,
        "Tax Provision": 35891000.0,
        "Pretax Income": 51719000.0,
        "Other Income Expense": 32225000.0,
        "Other Non Operating Income Expenses": NaN,
        "Special Income Charges": 32225000.0,
        "Gain On Sale Of Ppe": NaN,
        "Gain On Sale Of Business": 32225000.0,
        "Other Special Charges": NaN,
        "Write Off": NaN,
        "Impairment Of Capital Assets": 0.0,
        "Restructuring And Mergern Acquisition": NaN,
        "Gain On Sale Of Security": NaN,
        "Net Non Operating Interest Income Expense": -27533000.0,
        "Interest Expense Non Operating": 27533000.0,
        "Operating Income": 47027000.0,
        "Operating Expense": -100930000.0,
        "Other Operating Expenses": -208561000.0,
        "Depreciation Amortization Depletion Income Statement": 10195000.0,
        "Depreciation And Amortization In Income Statement": 10195000.0,
        "Selling General And Administration": 97436000.0,
        "General And Administrative Expense": 97436000.0,
        "Other Gand A": 97436000.0,
        "Salaries And Wages": NaN,
        "Gross Profit": -53903000.0,
        "Cost Of Revenue": 645714000.0,
        "Total Revenue": 591811000.0,
        "Operating Revenue": 591811000.0
    },
    "2025-09-30": {
        "Tax Effect Of Unusual Items": -1574690.508941,
        "Tax Rate For Calcs": 0.291609,
        "Normalized EBITDA": 164846000.0,
        "Total Unusual Items": -5400000.0,
        "Total Unusual Items Excluding Goodwill": -5400000.0,
        "Net Income From Continuing Operation Net Minority Interest": 24509000.0,
        "Reconciled Depreciation": 97716000.0,
        "Reconciled Cost Of Revenue": 570757000.0,
        "EBITDA": 159446000.0,
        "EBIT": 61730000.0,
        "Net Interest Income": -25380000.0,
        "Interest Expense": 25380000.0,
        "Normalized Income": 28334309.491059,
        "Net Income From Continuing And Discontinued Operation": 24509000.0,
        "Total Expenses": 535500000.0,
        "Rent Expense Supplemental": 18442000.0,
        "Total Operating Income As Reported": 61730000.0,
        "Diluted Average Shares": 137211000.0,
        "Basic Average Shares": 135345000.0,
        "Diluted EPS": 0.16,
        "Basic EPS": 0.17,
        "Diluted NI Availto Com Stockholders": 22451000.0,
        "Average Dilution Earnings": 0.0,
        "Net Income Common Stockholders": 22451000.0,
        "Otherunder Preferred Stock Dividend": NaN,
        "Preferred Stock Dividends": 2058000.0,
        "Net Income": 24509000.0,
        "Minority Interests": -1241000.0,
        "Net Income Including Noncontrolling Interests": 25750000.0,
        "Net Income Continuous Operations": 25750000.0,
        "Tax Provision": 10600000.0,
        "Pretax Income": 36350000.0,
        "Other Income Expense": -5400000.0,
        "Other Non Operating Income Expenses": NaN,
        "Special Income Charges": -5400000.0,
        "Gain On Sale Of Ppe": -600000.0,
        "Gain On Sale Of Business": 0.0,
        "Other Special Charges": 1900000.0,
        "Write Off": 1200000.0,
        "Impairment Of Capital Assets": 0.0,
        "Restructuring And Mergern Acquisition": 1700000.0,
        "Gain On Sale Of Security": NaN,
        "Net Non Operating Interest Income Expense": -25380000.0,
        "Interest Expense Non Operating": 25380000.0,
        "Operating Income": 67130000.0,
        "Operating Expense": -122872000.0,
        "Other Operating Expenses": -217684000.0,
        "Depreciation Amortization Depletion Income Statement": 10101000.0,
        "Depreciation And Amortization In Income Statement": 10101000.0,
        "Selling General And Administration": 84711000.0,
        "General And Administrative Expense": 84711000.0,
        "Other Gand A": 80111000.0,
        "Salaries And Wages": 4600000.0,
        "Gross Profit": -55742000.0,
        "Cost Of Revenue": 658372000.0,
        "Total Revenue": 602630000.0,
        "Operating Revenue": 602630000.0
    }
}