{
    "2025-03-31": {
        "Tax Effect Of Unusual Items": 0.0,
        "Tax Rate For Calcs": 0.218684,
        "Net Income From Continuing Operation Net Minority Interest": 36800000.0,
        "Reconciled Depreciation": 8700000.0,
        "EBIT": 56200000.0,
        "Net Interest Income": -9100000.0,
        "Interest Expense": 9100000.0,
        "Normalized Income": 36800000.0,
        "Net Income From Continuing And Discontinued Operation": 36800000.0,
        "Total Expenses": 718300000.0,
        "Diluted Average Shares": 90833333.0,
        "Basic Average Shares": 90833333.0,
        "Diluted EPS": 0.219083,
        "Basic EPS": 0.219083,
        "Diluted NI Availto Com Stockholders": 19900000.0,
        "Net Income Common Stockholders": 19900000.0,
        "Otherunder Preferred Stock Dividend": 4400000.0,
        "Preferred Stock Dividends": 12500000.0,
        "Net Income": 36800000.0,
        "Net Income Including Noncontrolling Interests": 36800000.0,
        "Net Income Continuous Operations": 36800000.0,
        "Tax Provision": 10300000.0,
        "Pretax Income": 47100000.0,
        "Net Non Operating Interest Income Expense": -9100000.0,
        "Interest Expense Non Operating": 9100000.0,
        "Other Operating Expenses": NaN,
        "Selling General And Administration": 158200000.0,
        "General And Administrative Expense": 158200000.0,
        "Other Gand A": 158200000.0,
        "Total Revenue": 765400000.0,
        "Operating Revenue": 765400000.0,
        "Loss Adjustment Expense": 455300000.0,
        "Net Policyholder Benefits And Claims": 455300000.0,
        "Policyholder Benefits Gross": 803500000.0,
        "Policyholder Benefits Ceded": 348200000.0
    },
    "2024-12-31": {
        "Tax Effect Of Unusual Items": 0.0,
        "Tax Rate For Calcs": 0.21,
        "Net Income From Continuing Operation Net Minority Interest": 248600000.0,
        "Reconciled Depreciation": 2000000.0,
        "EBIT": 205600000.0,
        "Net Interest Income": -11100000.0,
        "Interest Expense": 11100000.0,
        "Normalized Income": 248600000.0,
        "Net Income From Continuing And Discontinued Operation": 248600000.0,
        "Total Expenses": 713000000.0,
        "Diluted Average Shares": 90833333.0,
        "Basic Average Shares": 90833333.0,
        "Diluted EPS": 2.584954,
        "Basic EPS": 2.584954,
        "Diluted NI Availto Com Stockholders": 234800000.0,
        "Net Income Common Stockholders": 234800000.0,
        "Otherunder Preferred Stock Dividend": NaN,
        "Preferred Stock Dividends": 13800000.0,
        "Net Income": 248600000.0,
        "Net Income Including Noncontrolling Interests": 248600000.0,
        "Net Income Continuous Operations": 248600000.0,
        "Tax Provision": -54100000.0,
        "Pretax Income": 194500000.0,
        "Net Non Operating Interest Income Expense": -11100000.0,
        "Interest Expense Non Operating": 11100000.0,
        "Other Operating Expenses": NaN,
        "Selling General And Administration": 133000000.0,
        "General And Administrative Expense": 133000000.0,
        "Other Gand A": 133000000.0,
        "Total Revenue": 907500000.0,
        "Operating Revenue": 907500000.0,
        "Loss Adjustment Expense": 438900000.0,
        "Net Policyholder Benefits And Claims": 438900000.0,
        "Policyholder Benefits Gross": 723100000.0,
        "Policyholder Benefits Ceded": 284200000.0
    },
    "2024-09-30": {
        "Tax Effect Of Unusual Items": 0.0,
        "Tax Rate For Calcs": 0.101426,
        "Net Income From Continuing Operation Net Minority Interest": 56700000.0,
        "Reconciled Depreciation": 1400000.0,
        "EBIT": 84000000.0,
        "Net Interest Income": -20900000.0,
        "Interest Expense": 20900000.0,
        "Normalized Income": 56700000.0,
        "Net Income From Continuing And Discontinued Operation": 56700000.0,
        "Total Expenses": 712400000.0,
        "Diluted Average Shares": 90833333.0,
        "Basic Average Shares": 90833333.0,
        "Diluted EPS": 0.47,
        "Basic EPS": 0.47,
        "Diluted NI Availto Com Stockholders": 42900000.0,
        "Net Income Common Stockholders": 42900000.0,
        "Otherunder Preferred Stock Dividend": NaN,
        "Preferred Stock Dividends": 13800000.0,
        "Net Income": 56700000.0,
        "Net Income Including Noncontrolling Interests": 56700000.0,
        "Net Income Continuous Operations": 56700000.0,
        "Tax Provision": 6400000.0,
        "Pretax Income": 63100000.0,
        "Net Non Operating Interest Income Expense": -20900000.0,
        "Interest Expense Non Operating": 20900000.0,
        "Other Operating Expenses": NaN,
        "Selling General And Administration": 125600000.0,
        "General And Administrative Expense": 125600000.0,
        "Other Gand A": 125600000.0,
        "Total Revenue": 775500000.0,
        "Operating Revenue": 775500000.0,
        "Loss Adjustment Expense": 474200000.0,
        "Net Policyholder Benefits And Claims": 474200000.0,
        "Policyholder Benefits Gross": 782500000.0,
        "Policyholder Benefits Ceded": 308300000.0
    },
    "2024-06-30": {
        "Tax Effect Of Unusual Items": NaN,
        "Tax Rate For Calcs": NaN,
        "Net Income From Continuing Operation Net Minority Interest": NaN,
        "Reconciled Depreciation": NaN,
        "EBIT": NaN,
        "Net Interest Income": NaN,
        "Interest Expense": NaN,
        "Normalized Income": NaN,
        "Net Income From Continuing And Discontinued Operation": NaN,
        "Total Expenses": NaN,
        "Diluted Average Shares": NaN,
        "Basic Average Shares": NaN,
        "Diluted EPS": NaN,
        "Basic EPS": NaN,
        "Diluted NI Availto Com Stockholders": NaN,
        "Net Income Common Stockholders": NaN,
        "Otherunder Preferred Stock Dividend": NaN,
        "Preferred Stock Dividends": NaN,
        "Net Income": NaN,
        "Net Income Including Noncontrolling Interests": NaN,
        "Net Income Continuous Operations": NaN,
        "Tax Provision": NaN,
        "Pretax Income": NaN,
        "Net Non Operating Interest Income Expense": NaN,
        "Interest Expense Non Operating": NaN,
        "Other Operating Expenses": 44500000.0,
        "Selling General And Administration": NaN,
        "General And Administrative Expense": NaN,
        "Other Gand A": NaN,
        "Total Revenue": NaN,
        "Operating Revenue": NaN,
        "Loss Adjustment Expense": NaN,
        "Net Policyholder Benefits And Claims": NaN,
        "Policyholder Benefits Gross": 626200000.0,
        "Policyholder Benefits Ceded": 206000000.0
    },
    "2024-03-31": {
        "Tax Effect Of Unusual Items": NaN,
        "Tax Rate For Calcs": NaN,
        "Net Income From Continuing Operation Net Minority Interest": NaN,
        "Reconciled Depreciation": NaN,
        "EBIT": NaN,
        "Net Interest Income": NaN,
        "Interest Expense": NaN,
        "Normalized Income": NaN,
        "Net Income From Continuing And Discontinued Operation": NaN,
        "Total Expenses": NaN,
        "Diluted Average Shares": NaN,
        "Basic Average Shares": NaN,
        "Diluted EPS": NaN,
        "Basic EPS": NaN,
        "Diluted NI Availto Com Stockholders": NaN,
        "Net Income Common Stockholders": NaN,
        "Otherunder Preferred Stock Dividend": -98200000.0,
        "Preferred Stock Dividends": NaN,
        "Net Income": NaN,
        "Net Income Including Noncontrolling Interests": NaN,
        "Net Income Continuous Operations": NaN,
        "Tax Provision": NaN,
        "Pretax Income": NaN,
        "Net Non Operating Interest Income Expense": NaN,
        "Interest Expense Non Operating": NaN,
        "Other Operating Expenses": NaN,
        "Selling General And Administration": NaN,
        "General And Administrative Expense": NaN,
        "Other Gand A": NaN,
        "Total Revenue": NaN,
        "Operating Revenue": NaN,
        "Loss Adjustment Expense": NaN,
        "Net Policyholder Benefits And Claims": NaN,
        "Policyholder Benefits Gross": NaN,
        "Policyholder Benefits Ceded": NaN
    },
    "2023-12-31": {
        "Tax Effect Of Unusual Items": NaN,
        "Tax Rate For Calcs": NaN,
        "Net Income From Continuing Operation Net Minority Interest": NaN,
        "Reconciled Depreciation": 3000000.0,
        "EBIT": 70100000.0,
        "Net Interest Income": -14100000.0,
        "Interest Expense": 14100000.0,
        "Normalized Income": NaN,
        "Net Income From Continuing And Discontinued Operation": NaN,
        "Total Expenses": 663300000.0,
        "Diluted Average Shares": NaN,
        "Basic Average Shares": NaN,
        "Diluted EPS": NaN,
        "Basic EPS": NaN,
        "Diluted NI Availto Com Stockholders": NaN,
        "Net Income Common Stockholders": NaN,
        "Otherunder Preferred Stock Dividend": NaN,
        "Preferred Stock Dividends": NaN,
        "Net Income": NaN,
        "Net Income Including Noncontrolling Interests": NaN,
        "Net Income Continuous Operations": NaN,
        "Tax Provision": -173500000.0,
        "Pretax Income": 56000000.0,
        "Net Non Operating Interest Income Expense": -14100000.0,
        "Interest Expense Non Operating": 14100000.0,
        "Selling General And Administration": 247300000.0,
        "General And Administrative Expense": 247300000.0,
        "Other Gand A": 247300000.0,
        "Total Revenue": 719200000.0,
        "Operating Revenue": 719200000.0,
        "Loss Adjustment Expense": 405400000.0,
        "Net Policyholder Benefits And Claims": 405400000.0,
        "Policyholder Benefits Gross": NaN,
        "Policyholder Benefits Ceded": NaN
    },
    "2023-09-30": {
        "Tax Effect Of Unusual Items": NaN,
        "Tax Rate For Calcs": NaN,
        "Net Income From Continuing Operation Net Minority Interest": NaN,
        "Reconciled Depreciation": 4000000.0,
        "EBIT": NaN,
        "Net Interest Income": 1800000.0,
        "Interest Expense": NaN,
        "Interest Income": 1800000.0,
        "Normalized Income": NaN,
        "Net Income From Continuing And Discontinued Operation": NaN,
        "Total Expenses": 643100000.0,
        "Diluted Average Shares": NaN,
        "Basic Average Shares": NaN,
        "Diluted EPS": NaN,
        "Basic EPS": NaN,
        "Diluted NI Availto Com Stockholders": NaN,
        "Net Income Common Stockholders": NaN,
        "Otherunder Preferred Stock Dividend": NaN,
        "Preferred Stock Dividends": 13800000.0,
        "Net Income": NaN,
        "Net Income Including Noncontrolling Interests": NaN,
        "Net Income Continuous Operations": NaN,
        "Tax Provision": 5200000.0,
        "Pretax Income": 91500000.0,
        "Net Non Operating Interest Income Expense": 1800000.0,
        "Interest Expense Non Operating": NaN,
        "Interest Income Non Operating": 1800000.0,
        "Other Operating Expenses": 32800000.0,
        "Selling General And Administration": 120100000.0,
        "General And Administrative Expense": 120100000.0,
        "Other Gand A": 120100000.0,
        "Total Revenue": 734600000.0,
        "Operating Revenue": 734600000.0,
        "Loss Adjustment Expense": 430500000.0,
        "Net Policyholder Benefits And Claims": 430500000.0,
        "Policyholder Benefits Gross": 723900000.0,
        "Policyholder Benefits Ceded": 293400000.0
    },
    "2025-06-30": {
        "Tax Effect Of Unusual Items": 0.0,
        "Tax Rate For Calcs": 0.2,
        "Net Income From Continuing Operation Net Minority Interest": 46500000.0,
        "Reconciled Depreciation": 4100000.0,
        "EBIT": 67000000.0,
        "Net Interest Income": -8900000.0,
        "Interest Expense": 8900000.0,
        "Normalized Income": 46500000.0,
        "Net Income From Continuing And Discontinued Operation": 46500000.0,
        "Total Expenses": 656100000.0,
        "Diluted Average Shares": 91042000.0,
        "Basic Average Shares": 90977000.0,
        "Diluted EPS": 0.39,
        "Basic EPS": 0.39,
        "Diluted NI Availto Com Stockholders": 35500000.0,
        "Net Income Common Stockholders": 35500000.0,
        "Otherunder Preferred Stock Dividend": NaN,
        "Preferred Stock Dividends": 11000000.0,
        "Net Income": 46500000.0,
        "Net Income Including Noncontrolling Interests": 46500000.0,
        "Net Income Continuous Operations": 46500000.0,
        "Tax Provision": 11600000.0,
        "Pretax Income": 58100000.0,
        "Net Non Operating Interest Income Expense": -8900000.0,
        "Interest Expense Non Operating": 8900000.0,
        "Other Operating Expenses": 72700000.0,
        "Selling General And Administration": 105400000.0,
        "General And Administrative Expense": 105400000.0,
        "Other Gand A": 105400000.0,
        "Total Revenue": 714200000.0,
        "Operating Revenue": 714200000.0,
        "Loss Adjustment Expense": 379100000.0,
        "Net Policyholder Benefits And Claims": 379100000.0,
        "Policyholder Benefits Gross": 628800000.0,
        "Policyholder Benefits Ceded": 249700000.0
    },
    "2025-09-30": {
        "Tax Effect Of Unusual Items": 0.0,
        "Tax Rate For Calcs": 0.216945,
        "Net Income From Continuing Operation Net Minority Interest": 122000000.0,
        "Reconciled Depreciation": 2800000.0,
        "EBIT": 164900000.0,
        "Net Interest Income": -9100000.0,
        "Interest Expense": 9100000.0,
        "Normalized Income": 122000000.0,
        "Net Income From Continuing And Discontinued Operation": 122000000.0,
        "Total Expenses": 665700000.0,
        "Diluted Average Shares": 92025590.0,
        "Basic Average Shares": 91838366.0,
        "Diluted EPS": 1.21,
        "Basic EPS": 1.21,
        "Diluted NI Availto Com Stockholders": 111000000.0,
        "Net Income Common Stockholders": 111000000.0,
        "Otherunder Preferred Stock Dividend": NaN,
        "Preferred Stock Dividends": 11000000.0,
        "Net Income": 122000000.0,
        "Net Income Including Noncontrolling Interests": 122000000.0,
        "Net Income Continuous Operations": 122000000.0,
        "Tax Provision": 33800000.0,
        "Pretax Income": 155800000.0,
        "Net Non Operating Interest Income Expense": -9100000.0,
        "Interest Expense Non Operating": 9100000.0,
        "Other Operating Expenses": NaN,
        "Selling General And Administration": 171800000.0,
        "General And Administrative Expense": 171800000.0,
        "Other Gand A": 171800000.0,
        "Total Revenue": 821500000.0,
        "Operating Revenue": 821500000.0,
        "Loss Adjustment Expense": 371600000.0,
        "Net Policyholder Benefits And Claims": 371600000.0,
        "Policyholder Benefits Gross": NaN,
        "Policyholder Benefits Ceded": NaN
    }
}