{
    "2023-06-30": {
        "Tax Effect Of Unusual Items": NaN,
        "Tax Rate For Calcs": NaN,
        "Normalized EBITDA": NaN,
        "Total Unusual Items": NaN,
        "Total Unusual Items Excluding Goodwill": NaN,
        "Net Income From Continuing Operation Net Minority Interest": NaN,
        "Reconciled Depreciation": NaN,
        "Reconciled Cost Of Revenue": NaN,
        "EBITDA": NaN,
        "EBIT": NaN,
        "Net Interest Income": NaN,
        "Interest Expense": 3106000.0,
        "Normalized Income": NaN,
        "Net Income From Continuing And Discontinued Operation": NaN,
        "Total Expenses": NaN,
        "Total Operating Income As Reported": NaN,
        "Diluted Average Shares": 31269000.0,
        "Basic Average Shares": 31174000.0,
        "Diluted EPS": 0.85,
        "Basic EPS": 0.86,
        "Diluted NI Availto Com Stockholders": NaN,
        "Net Income Common Stockholders": NaN,
        "Net Income": NaN,
        "Minority Interests": NaN,
        "Net Income Including Noncontrolling Interests": NaN,
        "Net Income Continuous Operations": NaN,
        "Tax Provision": NaN,
        "Pretax Income": NaN,
        "Other Income Expense": NaN,
        "Other Non Operating Income Expenses": NaN,
        "Special Income Charges": NaN,
        "Restructuring And Mergern Acquisition": NaN,
        "Gain On Sale Of Security": NaN,
        "Net Non Operating Interest Income Expense": NaN,
        "Total Other Finance Cost": NaN,
        "Interest Expense Non Operating": 3106000.0,
        "Operating Income": NaN,
        "Operating Expense": NaN,
        "Research And Development": NaN,
        "Selling General And Administration": NaN,
        "General And Administrative Expense": NaN,
        "Other Gand A": NaN,
        "Salaries And Wages": NaN,
        "Gross Profit": NaN,
        "Cost Of Revenue": NaN,
        "Total Revenue": NaN,
        "Operating Revenue": NaN
    },
    "2023-03-31": {
        "Tax Effect Of Unusual Items": NaN,
        "Tax Rate For Calcs": NaN,
        "Normalized EBITDA": NaN,
        "Total Unusual Items": NaN,
        "Total Unusual Items Excluding Goodwill": NaN,
        "Net Income From Continuing Operation Net Minority Interest": NaN,
        "Reconciled Depreciation": NaN,
        "Reconciled Cost Of Revenue": NaN,
        "EBITDA": NaN,
        "EBIT": NaN,
        "Net Interest Income": NaN,
        "Interest Expense": 3290000.0,
        "Normalized Income": NaN,
        "Net Income From Continuing And Discontinued Operation": NaN,
        "Total Expenses": NaN,
        "Total Operating Income As Reported": NaN,
        "Diluted Average Shares": NaN,
        "Basic Average Shares": NaN,
        "Diluted EPS": NaN,
        "Basic EPS": NaN,
        "Diluted NI Availto Com Stockholders": NaN,
        "Net Income Common Stockholders": NaN,
        "Net Income": NaN,
        "Minority Interests": NaN,
        "Net Income Including Noncontrolling Interests": NaN,
        "Net Income Continuous Operations": NaN,
        "Tax Provision": NaN,
        "Pretax Income": NaN,
        "Other Income Expense": NaN,
        "Other Non Operating Income Expenses": NaN,
        "Special Income Charges": NaN,
        "Restructuring And Mergern Acquisition": NaN,
        "Gain On Sale Of Security": NaN,
        "Net Non Operating Interest Income Expense": NaN,
        "Total Other Finance Cost": NaN,
        "Interest Expense Non Operating": 3290000.0,
        "Operating Income": NaN,
        "Operating Expense": NaN,
        "Research And Development": NaN,
        "Selling General And Administration": NaN,
        "General And Administrative Expense": 48354000.0,
        "Other Gand A": 48479000.0,
        "Salaries And Wages": -125000.0,
        "Gross Profit": NaN,
        "Cost Of Revenue": NaN,
        "Total Revenue": NaN,
        "Operating Revenue": NaN
    },
    "2022-12-31": {
        "Tax Effect Of Unusual Items": NaN,
        "Tax Rate For Calcs": NaN,
        "Normalized EBITDA": NaN,
        "Total Unusual Items": NaN,
        "Total Unusual Items Excluding Goodwill": NaN,
        "Net Income From Continuing Operation Net Minority Interest": NaN,
        "Reconciled Depreciation": NaN,
        "Reconciled Cost Of Revenue": NaN,
        "EBITDA": NaN,
        "EBIT": NaN,
        "Net Interest Income": NaN,
        "Interest Expense": 6499000.0,
        "Normalized Income": NaN,
        "Net Income From Continuing And Discontinued Operation": NaN,
        "Total Expenses": NaN,
        "Total Operating Income As Reported": NaN,
        "Diluted Average Shares": NaN,
        "Basic Average Shares": NaN,
        "Diluted EPS": NaN,
        "Basic EPS": NaN,
        "Diluted NI Availto Com Stockholders": NaN,
        "Net Income Common Stockholders": NaN,
        "Net Income": NaN,
        "Minority Interests": NaN,
        "Net Income Including Noncontrolling Interests": NaN,
        "Net Income Continuous Operations": NaN,
        "Tax Provision": NaN,
        "Pretax Income": NaN,
        "Other Income Expense": NaN,
        "Other Non Operating Income Expenses": NaN,
        "Special Income Charges": NaN,
        "Restructuring And Mergern Acquisition": NaN,
        "Gain On Sale Of Security": NaN,
        "Net Non Operating Interest Income Expense": NaN,
        "Total Other Finance Cost": NaN,
        "Interest Expense Non Operating": 6499000.0,
        "Operating Income": NaN,
        "Operating Expense": NaN,
        "Research And Development": NaN,
        "Selling General And Administration": NaN,
        "General And Administrative Expense": NaN,
        "Other Gand A": NaN,
        "Salaries And Wages": NaN,
        "Gross Profit": NaN,
        "Cost Of Revenue": NaN,
        "Total Revenue": NaN,
        "Operating Revenue": NaN
    },
    "2022-09-30": {
        "Tax Effect Of Unusual Items": -8820.0,
        "Tax Rate For Calcs": 0.21,
        "Normalized EBITDA": 28510000.0,
        "Total Unusual Items": -42000.0,
        "Total Unusual Items Excluding Goodwill": -42000.0,
        "Net Income From Continuing Operation Net Minority Interest": 10694000.0,
        "Reconciled Depreciation": 17034000.0,
        "Reconciled Cost Of Revenue": 160070000.0,
        "EBITDA": 28468000.0,
        "EBIT": 11434000.0,
        "Net Interest Income": -3794000.0,
        "Interest Expense": 3794000.0,
        "Normalized Income": 10727180.0,
        "Net Income From Continuing And Discontinued Operation": 10694000.0,
        "Total Expenses": 206877000.0,
        "Total Operating Income As Reported": 53644000.0,
        "Diluted Average Shares": 31223000.0,
        "Basic Average Shares": 31111000.0,
        "Diluted EPS": 0.34,
        "Basic EPS": 0.34,
        "Diluted NI Availto Com Stockholders": 10694000.0,
        "Net Income Common Stockholders": 10694000.0,
        "Net Income": 10694000.0,
        "Minority Interests": -129000.0,
        "Net Income Including Noncontrolling Interests": 10823000.0,
        "Net Income Continuous Operations": 10823000.0,
        "Tax Provision": -3183000.0,
        "Pretax Income": 7640000.0,
        "Other Income Expense": -42252000.0,
        "Other Non Operating Income Expenses": -42210000.0,
        "Special Income Charges": -42000.0,
        "Restructuring And Mergern Acquisition": 42000.0,
        "Gain On Sale Of Security": 6636000.0,
        "Net Non Operating Interest Income Expense": -3794000.0,
        "Total Other Finance Cost": 76000.0,
        "Interest Expense Non Operating": 3794000.0,
        "Operating Income": 53686000.0,
        "Operating Expense": 46807000.0,
        "Research And Development": 9934000.0,
        "Selling General And Administration": 36873000.0,
        "General And Administrative Expense": NaN,
        "Other Gand A": NaN,
        "Gross Profit": 100493000.0,
        "Cost Of Revenue": 160070000.0,
        "Total Revenue": 260563000.0,
        "Operating Revenue": 260563000.0
    },
    "2022-06-30": {
        "Tax Effect Of Unusual Items": 7532.0,
        "Tax Rate For Calcs": 0.269,
        "Normalized EBITDA": 74844000.0,
        "Total Unusual Items": 28000.0,
        "Total Unusual Items Excluding Goodwill": 28000.0,
        "Net Income From Continuing Operation Net Minority Interest": 39201000.0,
        "Reconciled Depreciation": 17112000.0,
        "Reconciled Cost Of Revenue": 160776000.0,
        "EBITDA": 74872000.0,
        "EBIT": 57760000.0,
        "Net Interest Income": -3933000.0,
        "Interest Expense": 3933000.0,
        "Normalized Income": 39180532.0,
        "Net Income From Continuing And Discontinued Operation": 39201000.0,
        "Total Expenses": 210682000.0,
        "Total Operating Income As Reported": 50715000.0,
        "Diluted Average Shares": 31378000.0,
        "Basic Average Shares": 31268000.0,
        "Diluted EPS": 1.25,
        "Basic EPS": 1.25,
        "Diluted NI Availto Com Stockholders": 39201000.0,
        "Net Income Common Stockholders": 39201000.0,
        "Net Income": 39201000.0,
        "Minority Interests": -168000.0,
        "Net Income Including Noncontrolling Interests": 39369000.0,
        "Net Income Continuous Operations": 39369000.0,
        "Tax Provision": 14458000.0,
        "Pretax Income": 53827000.0,
        "Other Income Expense": 7073000.0,
        "Other Non Operating Income Expenses": 7045000.0,
        "Special Income Charges": 28000.0,
        "Restructuring And Mergern Acquisition": -28000.0,
        "Gain On Sale Of Security": 7284000.0,
        "Net Non Operating Interest Income Expense": -3933000.0,
        "Total Other Finance Cost": 80000.0,
        "Interest Expense Non Operating": 3933000.0,
        "Operating Income": 50687000.0,
        "Operating Expense": 49906000.0,
        "Research And Development": 10161000.0,
        "Selling General And Administration": 39745000.0,
        "General And Administrative Expense": NaN,
        "Other Gand A": NaN,
        "Gross Profit": 100593000.0,
        "Cost Of Revenue": 160776000.0,
        "Total Revenue": 261369000.0,
        "Operating Revenue": 261369000.0
    },
    "2022-03-31": {
        "Diluted EPS": 0.87,
        "Total Revenue": 244,
        "Gross Profit": 92,
        "Operating Income": 39,
        "EBIT": 57,
        "Net Income": 28
    },
    "2021-12-31": {
        "Diluted EPS": 0.88,
        "Total Revenue": 240,
        "Gross Profit": 96,
        "Operating Income": 42,
        "EBIT": 61,
        "Net Income": 29
    },
    "2021-09-30": {
        "Diluted EPS": 0.95,
        "Total Revenue": 232,
        "Gross Profit": 92,
        "Operating Income": 44,
        "EBIT": 63,
        "Net Income": 31
    },
    "2021-06-30": {
        "Diluted EPS": 0.97,
        "Total Revenue": 235,
        "Gross Profit": 102,
        "Operating Income": 50,
        "EBIT": 68,
        "Net Income": 31
    },
    "2021-03-31": {
        "Diluted EPS": 0.85,
        "Total Revenue": 222,
        "Gross Profit": 89,
        "Operating Income": 42,
        "EBIT": 61,
        "Net Income": 28
    },
    "2020-12-31": {
        "Diluted EPS": 0.86,
        "Total Revenue": 227,
        "Gross Profit": 91,
        "Operating Income": 35,
        "EBIT": 53,
        "Net Income": 28
    },
    "2020-09-30": {
        "Diluted EPS": 0.91,
        "Total Revenue": 212,
        "Gross Profit": 87,
        "Operating Income": 39,
        "EBIT": 57,
        "Net Income": 30
    },
    "2020-06-30": {
        "Diluted EPS": 1.0,
        "Total Revenue": 226,
        "Gross Profit": 103,
        "Operating Income": 53,
        "EBIT": 71,
        "Net Income": 32
    },
    "2020-03-31": {
        "Diluted EPS": 0.28,
        "Total Revenue": 236,
        "Gross Profit": 89,
        "Operating Income": 40,
        "EBIT": 58,
        "Net Income": 9
    },
    "2019-12-31": {
        "Diluted EPS": 0.91,
        "Total Revenue": 258,
        "Gross Profit": 97,
        "Operating Income": 44,
        "EBIT": 62,
        "Net Income": 29
    },
    "2019-09-30": {
        "Diluted EPS": 1.24,
        "Total Revenue": 271,
        "Gross Profit": 104,
        "Operating Income": 56,
        "EBIT": 73,
        "Net Income": 40
    },
    "2019-06-30": {
        "Diluted EPS": 1.05,
        "Total Revenue": 274,
        "Gross Profit": 105,
        "Operating Income": 54,
        "EBIT": 72,
        "Net Income": 34
    },
    "2019-03-31": {
        "Diluted EPS": 0.9,
        "Total Revenue": 251,
        "Gross Profit": 92,
        "Operating Income": 40,
        "EBIT": 58,
        "Net Income": 29
    },
    "2018-12-31": {
        "Diluted EPS": 0.54,
        "Total Revenue": 252,
        "Gross Profit": 88,
        "Operating Income": 37,
        "EBIT": 58,
        "Net Income": 18
    },
    "2018-09-30": {
        "Diluted EPS": 0.86,
        "Total Revenue": 252,
        "Gross Profit": 92,
        "Operating Income": 41,
        "EBIT": 61,
        "Net Income": 28
    },
    "2018-06-30": {
        "Diluted EPS": 0.93,
        "Total Revenue": 255,
        "Gross Profit": 92,
        "Operating Income": 42,
        "EBIT": 62,
        "Net Income": 30
    },
    "2018-03-31": {
        "Diluted EPS": 0.24,
        "Total Revenue": 224,
        "Gross Profit": 78,
        "Operating Income": 17,
        "EBIT": 38,
        "Net Income": 8
    },
    "2017-12-31": {
        "Diluted EPS": 0.19,
        "Total Revenue": 227,
        "Gross Profit": 78,
        "Operating Income": 23,
        "EBIT": 42,
        "Net Income": 6
    },
    "2017-09-30": {
        "Diluted EPS": 0.47,
        "Total Revenue": 222,
        "Gross Profit": 80,
        "Operating Income": 23,
        "EBIT": 45,
        "Net Income": 15
    },
    "2017-06-30": {
        "Diluted EPS": 0.03,
        "Total Revenue": 216,
        "Gross Profit": 63,
        "Operating Income": 10,
        "EBIT": 28,
        "Net Income": 1
    },
    "2017-03-31": {
        "Diluted EPS": 0.34,
        "Total Revenue": 199,
        "Gross Profit": 76,
        "Operating Income": 23,
        "EBIT": 40,
        "Net Income": 11
    },
    "2016-12-31": {
        "Diluted EPS": 0.49,
        "Total Revenue": 213,
        "Gross Profit": 78,
        "Operating Income": 29,
        "EBIT": 45,
        "Net Income": 16
    },
    "2016-09-30": {
        "Diluted EPS": 0.41,
        "Total Revenue": 191,
        "Gross Profit": 72,
        "Operating Income": 25,
        "EBIT": 43,
        "Net Income": 13
    },
    "2016-06-30": {
        "Diluted EPS": 0.32,
        "Total Revenue": 203,
        "Gross Profit": 78,
        "Operating Income": 18,
        "EBIT": 36,
        "Net Income": 10
    },
    "2016-03-31": {
        "Diluted EPS": 0.42,
        "Total Revenue": 172,
        "Gross Profit": 73,
        "Operating Income": 22,
        "EBIT": 37,
        "Net Income": 14
    },
    "2015-12-31": {
        "Diluted EPS": 1.18,
        "Total Revenue": 177,
        "Gross Profit": 72,
        "Operating Income": 15,
        "EBIT": 30,
        "Net Income": 38
    },
    "2015-09-30": {
        "Diluted EPS": 0.3,
        "Total Revenue": 179,
        "Gross Profit": 76,
        "Operating Income": 26,
        "EBIT": 41,
        "Net Income": 10
    },
    "2015-06-30": {
        "Diluted EPS": -0.07,
        "Total Revenue": 172,
        "Gross Profit": 55,
        "Operating Income": 3,
        "EBIT": 18,
        "Net Income": -2
    },
    "2015-03-31": {
        "Diluted EPS": 0.38,
        "Total Revenue": 181,
        "Gross Profit": 77,
        "Operating Income": 20,
        "EBIT": 36,
        "Net Income": 12
    },
    "2014-12-31": {
        "Diluted EPS": 0.25,
        "Total Revenue": 192,
        "Gross Profit": 73,
        "Operating Income": 13,
        "EBIT": 29,
        "Net Income": 8
    },
    "2014-09-30": {
        "Diluted EPS": 0.37,
        "Total Revenue": 180,
        "Gross Profit": 69,
        "Operating Income": 19,
        "EBIT": 35,
        "Net Income": 12
    },
    "2014-06-30": {
        "Diluted EPS": 0.35,
        "Total Revenue": 194,
        "Gross Profit": 75,
        "Operating Income": 19,
        "EBIT": 35,
        "Net Income": 11
    },
    "2014-03-31": {
        "Diluted EPS": 0.33,
        "Total Revenue": 180,
        "Gross Profit": 75,
        "Operating Income": 21,
        "EBIT": 37,
        "Net Income": 11
    },
    "2013-12-31": {
        "Diluted EPS": 0.27,
        "Total Revenue": 190,
        "Gross Profit": 72,
        "Operating Income": 20,
        "EBIT": 36,
        "Net Income": 9
    },
    "2013-09-30": {
        "Diluted EPS": 0.15,
        "Total Revenue": 183,
        "Gross Profit": 68,
        "Operating Income": 13,
        "EBIT": 29,
        "Net Income": 5
    },
    "2013-06-30": {
        "Diluted EPS": -0.23,
        "Total Revenue": 198,
        "Gross Profit": 77,
        "Operating Income": -4,
        "EBIT": 13,
        "Net Income": -7
    },
    "2013-03-31": {
        "Diluted EPS": 0.36,
        "Total Revenue": 187,
        "Gross Profit": 73,
        "Operating Income": 23,
        "EBIT": 38,
        "Net Income": 12
    },
    "2012-12-31": {
        "Diluted EPS": 0.26,
        "Total Revenue": 194,
        "Gross Profit": 79,
        "Operating Income": 20,
        "EBIT": 35,
        "Net Income": 8
    },
    "2012-09-30": {
        "Diluted EPS": 0.3,
        "Total Revenue": 195,
        "Gross Profit": 80,
        "Operating Income": 23,
        "EBIT": 38,
        "Net Income": 9
    },
    "2012-06-30": {
        "Diluted EPS": -1.08,
        "Total Revenue": 192,
        "Gross Profit": 79,
        "Operating Income": -86,
        "EBIT": -70,
        "Net Income": -34
    },
    "2012-03-31": {
        "Diluted EPS": 1.49,
        "Total Revenue": 180,
        "Gross Profit": 68,
        "Operating Income": -1,
        "EBIT": 15,
        "Net Income": 47
    },
    "2011-12-31": {
        "Diluted EPS": -0.23,
        "Total Revenue": 191,
        "Gross Profit": 73,
        "Operating Income": 8,
        "EBIT": 25,
        "Net Income": -7
    },
    "2011-09-30": {
        "Diluted EPS": 0.53,
        "Total Revenue": 200,
        "Gross Profit": 78,
        "Operating Income": 27,
        "EBIT": 43,
        "Net Income": 17
    },
    "2011-06-30": {
        "Diluted EPS": 0.28,
        "Total Revenue": 190,
        "Gross Profit": 74,
        "Operating Income": 12,
        "EBIT": 29,
        "Net Income": 9
    },
    "2011-03-31": {
        "Diluted EPS": 0.53,
        "Total Revenue": 207,
        "Gross Profit": 89,
        "Operating Income": 27,
        "EBIT": 43,
        "Net Income": 17
    },
    "2010-12-31": {
        "Diluted EPS": 0.66,
        "Total Revenue": 73,
        "Gross Profit": 32,
        "Operating Income": 13,
        "EBIT": 29,
        "Net Income": 21
    },
    "2010-09-30": {
        "Diluted EPS": 0.12,
        "Total Revenue": 228,
        "Gross Profit": 87,
        "Operating Income": 18,
        "EBIT": 34,
        "Net Income": 4
    },
    "2010-06-30": {
        "Diluted EPS": 0.25,
        "Total Revenue": 227,
        "Gross Profit": 86,
        "Operating Income": 24,
        "EBIT": 39,
        "Net Income": 8
    },
    "2010-03-31": {
        "Diluted EPS": 0.18,
        "Total Revenue": 214,
        "Gross Profit": 77,
        "Operating Income": 10,
        "EBIT": 26,
        "Net Income": 6
    },
    "2009-12-31": {
        "Diluted EPS": 0.12,
        "Total Revenue": 98,
        "Gross Profit": 40,
        "Operating Income": 16,
        "EBIT": 33,
        "Net Income": 3
    },
    "2009-09-30": {
        "Diluted EPS": -0.17,
        "Total Revenue": 218,
        "Gross Profit": 74,
        "Operating Income": -7,
        "EBIT": 10,
        "Net Income": -5
    },
    "2009-06-30": {
        "Diluted EPS": -0.41,
        "Total Revenue": 213,
        "Gross Profit": 69,
        "Operating Income": -30,
        "EBIT": -13,
        "Net Income": -13
    },
    "2009-03-31": {
        "Diluted EPS": -0.63,
        "Total Revenue": 209,
        "Gross Profit": 70,
        "Operating Income": -15,
        "EBIT": 2,
        "Net Income": -19
    },
    "2023-09-30": {
        "Tax Effect Of Unusual Items": NaN,
        "Tax Rate For Calcs": NaN,
        "Normalized EBITDA": NaN,
        "Total Unusual Items": NaN,
        "Total Unusual Items Excluding Goodwill": NaN,
        "Net Income From Continuing Operation Net Minority Interest": NaN,
        "Reconciled Depreciation": NaN,
        "Reconciled Cost Of Revenue": NaN,
        "EBITDA": NaN,
        "EBIT": NaN,
        "Net Interest Income": NaN,
        "Interest Expense": 3653000.0,
        "Normalized Income": NaN,
        "Net Income From Continuing And Discontinued Operation": NaN,
        "Total Expenses": NaN,
        "Total Operating Income As Reported": NaN,
        "Diluted Average Shares": NaN,
        "Basic Average Shares": NaN,
        "Diluted EPS": NaN,
        "Basic EPS": NaN,
        "Diluted NI Availto Com Stockholders": NaN,
        "Net Income Common Stockholders": NaN,
        "Net Income": NaN,
        "Minority Interests": NaN,
        "Net Income Including Noncontrolling Interests": NaN,
        "Net Income Continuous Operations": NaN,
        "Tax Provision": NaN,
        "Pretax Income": NaN,
        "Other Income Expense": NaN,
        "Other Non Operating Income Expenses": NaN,
        "Special Income Charges": NaN,
        "Restructuring And Mergern Acquisition": NaN,
        "Gain On Sale Of Security": NaN,
        "Net Non Operating Interest Income Expense": NaN,
        "Total Other Finance Cost": NaN,
        "Interest Expense Non Operating": 3653000.0,
        "Operating Income": NaN,
        "Operating Expense": NaN,
        "Research And Development": NaN,
        "Selling General And Administration": NaN,
        "General And Administrative Expense": NaN,
        "Other Gand A": NaN,
        "Salaries And Wages": NaN,
        "Gross Profit": NaN,
        "Cost Of Revenue": NaN,
        "Total Revenue": NaN,
        "Operating Revenue": NaN
    },
    "2023-12-31": {
        "Tax Effect Of Unusual Items": NaN,
        "Tax Rate For Calcs": NaN,
        "Normalized EBITDA": NaN,
        "Total Unusual Items": NaN,
        "Total Unusual Items Excluding Goodwill": NaN,
        "Net Income From Continuing Operation Net Minority Interest": NaN,
        "Reconciled Depreciation": NaN,
        "Reconciled Cost Of Revenue": NaN,
        "EBITDA": NaN,
        "EBIT": NaN,
        "Net Interest Income": NaN,
        "Interest Expense": 10118000.0,
        "Normalized Income": NaN,
        "Net Income From Continuing And Discontinued Operation": NaN,
        "Total Expenses": NaN,
        "Total Operating Income As Reported": NaN,
        "Diluted Average Shares": NaN,
        "Basic Average Shares": NaN,
        "Diluted EPS": NaN,
        "Basic EPS": NaN,
        "Diluted NI Availto Com Stockholders": NaN,
        "Net Income Common Stockholders": NaN,
        "Net Income": NaN,
        "Minority Interests": NaN,
        "Net Income Including Noncontrolling Interests": NaN,
        "Net Income Continuous Operations": NaN,
        "Tax Provision": NaN,
        "Pretax Income": NaN,
        "Other Income Expense": NaN,
        "Other Non Operating Income Expenses": NaN,
        "Special Income Charges": NaN,
        "Restructuring And Mergern Acquisition": NaN,
        "Gain On Sale Of Security": NaN,
        "Net Non Operating Interest Income Expense": NaN,
        "Total Other Finance Cost": NaN,
        "Interest Expense Non Operating": 10118000.0,
        "Operating Income": NaN,
        "Operating Expense": NaN,
        "Research And Development": NaN,
        "Selling General And Administration": NaN,
        "General And Administrative Expense": NaN,
        "Other Gand A": NaN,
        "Salaries And Wages": NaN,
        "Gross Profit": NaN,
        "Cost Of Revenue": NaN,
        "Total Revenue": NaN,
        "Operating Revenue": NaN
    },
    "2024-03-31": {
        "Tax Effect Of Unusual Items": -233062.34472,
        "Tax Rate For Calcs": 0.291693,
        "Normalized EBITDA": 63621000.0,
        "Total Unusual Items": -799000.0,
        "Total Unusual Items Excluding Goodwill": -799000.0,
        "Net Income From Continuing Operation Net Minority Interest": 27291000.0,
        "Reconciled Depreciation": 22304000.0,
        "Reconciled Cost Of Revenue": 204644000.0,
        "EBITDA": 62822000.0,
        "EBIT": 40518000.0,
        "Net Interest Income": -3362000.0,
        "Interest Expense": NaN,
        "Normalized Income": 27856937.65528,
        "Net Income From Continuing And Discontinued Operation": 27291000.0,
        "Total Expenses": 272812000.0,
        "Total Operating Income As Reported": 38977000.0,
        "Diluted Average Shares": 31291000.0,
        "Basic Average Shares": 31209000.0,
        "Diluted EPS": 0.87,
        "Basic EPS": 0.87,
        "Diluted NI Availto Com Stockholders": 27291000.0,
        "Net Income Common Stockholders": 27291000.0,
        "Net Income": 27291000.0,
        "Minority Interests": -78000.0,
        "Net Income Including Noncontrolling Interests": 27369000.0,
        "Net Income Continuous Operations": 27369000.0,
        "Tax Provision": 11271000.0,
        "Pretax Income": 38640000.0,
        "Other Income Expense": 1484000.0,
        "Other Non Operating Income Expenses": 2283000.0,
        "Special Income Charges": -2209000.0,
        "Restructuring And Mergern Acquisition": 2209000.0,
        "Gain On Sale Of Security": 1410000.0,
        "Net Non Operating Interest Income Expense": -3362000.0,
        "Total Other Finance Cost": 3362000.0,
        "Interest Expense Non Operating": NaN,
        "Operating Income": 40518000.0,
        "Operating Expense": 68168000.0,
        "Research And Development": 12665000.0,
        "Selling General And Administration": 55503000.0,
        "General And Administrative Expense": 55503000.0,
        "Other Gand A": 54835000.0,
        "Salaries And Wages": 668000.0,
        "Gross Profit": 108686000.0,
        "Cost Of Revenue": 204644000.0,
        "Total Revenue": 313330000.0,
        "Operating Revenue": 313330000.0
    },
    "2024-06-30": {
        "Tax Effect Of Unusual Items": -1853676.0,
        "Tax Rate For Calcs": 0.279,
        "Normalized EBITDA": 74041000.0,
        "Total Unusual Items": -6644000.0,
        "Total Unusual Items Excluding Goodwill": -6644000.0,
        "Net Income From Continuing Operation Net Minority Interest": 24624000.0,
        "Reconciled Depreciation": 22389000.0,
        "Reconciled Cost Of Revenue": 219611000.0,
        "EBITDA": 67397000.0,
        "EBIT": 45008000.0,
        "Net Interest Income": -3027000.0,
        "Interest Expense": NaN,
        "Normalized Income": 29414324.0,
        "Net Income From Continuing And Discontinued Operation": 24624000.0,
        "Total Expenses": 286986000.0,
        "Total Operating Income As Reported": 42905000.0,
        "Diluted Average Shares": 31342000.0,
        "Basic Average Shares": 31242000.0,
        "Diluted EPS": 0.79,
        "Basic EPS": 0.79,
        "Diluted NI Availto Com Stockholders": 24624000.0,
        "Net Income Common Stockholders": 24624000.0,
        "Net Income": 24624000.0,
        "Minority Interests": -96000.0,
        "Net Income Including Noncontrolling Interests": 24720000.0,
        "Net Income Continuous Operations": 24720000.0,
        "Tax Provision": 9578000.0,
        "Pretax Income": 34298000.0,
        "Other Income Expense": -7683000.0,
        "Other Non Operating Income Expenses": -1039000.0,
        "Special Income Charges": -2103000.0,
        "Restructuring And Mergern Acquisition": 2103000.0,
        "Gain On Sale Of Security": -4541000.0,
        "Net Non Operating Interest Income Expense": -3027000.0,
        "Total Other Finance Cost": 3027000.0,
        "Interest Expense Non Operating": NaN,
        "Operating Income": 45008000.0,
        "Operating Expense": 67375000.0,
        "Research And Development": 11860000.0,
        "Selling General And Administration": 55515000.0,
        "General And Administrative Expense": NaN,
        "Other Gand A": NaN,
        "Salaries And Wages": NaN,
        "Gross Profit": 112383000.0,
        "Cost Of Revenue": 219611000.0,
        "Total Revenue": 331994000.0,
        "Operating Revenue": 331994000.0
    },
    "2024-09-30": {
        "Tax Effect Of Unusual Items": -238986.0,
        "Tax Rate For Calcs": 0.066,
        "Normalized EBITDA": 47845000.0,
        "Total Unusual Items": -3621000.0,
        "Total Unusual Items Excluding Goodwill": -3621000.0,
        "Net Income From Continuing Operation Net Minority Interest": 18029000.0,
        "Reconciled Depreciation": 22310000.0,
        "Reconciled Cost Of Revenue": 208002000.0,
        "EBITDA": 44224000.0,
        "EBIT": 21914000.0,
        "Net Interest Income": -2459000.0,
        "Interest Expense": 2411000.0,
        "Normalized Income": 21411014.0,
        "Net Income From Continuing And Discontinued Operation": 18029000.0,
        "Total Expenses": 270943000.0,
        "Total Operating Income As Reported": 25171000.0,
        "Diluted Average Shares": 31367000.0,
        "Basic Average Shares": 31251000.0,
        "Diluted EPS": 0.57,
        "Basic EPS": 0.58,
        "Diluted NI Availto Com Stockholders": 18029000.0,
        "Net Income Common Stockholders": 18029000.0,
        "Net Income": 18029000.0,
        "Minority Interests": -192000.0,
        "Net Income Including Noncontrolling Interests": 18221000.0,
        "Net Income Continuous Operations": 18221000.0,
        "Tax Provision": 1282000.0,
        "Pretax Income": 19503000.0,
        "Other Income Expense": -5481000.0,
        "Other Non Operating Income Expenses": -1860000.0,
        "Special Income Charges": -2272000.0,
        "Restructuring And Mergern Acquisition": 2272000.0,
        "Gain On Sale Of Security": -1349000.0,
        "Net Non Operating Interest Income Expense": -2459000.0,
        "Total Other Finance Cost": 48000.0,
        "Interest Expense Non Operating": 2411000.0,
        "Operating Income": 27443000.0,
        "Operating Expense": 62941000.0,
        "Research And Development": 10844000.0,
        "Selling General And Administration": 52097000.0,
        "General And Administrative Expense": NaN,
        "Other Gand A": NaN,
        "Salaries And Wages": NaN,
        "Gross Profit": 90384000.0,
        "Cost Of Revenue": 208002000.0,
        "Total Revenue": 298386000.0,
        "Operating Revenue": 298386000.0
    },
    "2024-12-31": {
        "Tax Effect Of Unusual Items": -541362.341772,
        "Tax Rate For Calcs": 0.280063,
        "Normalized EBITDA": 56805000.0,
        "Total Unusual Items": -1933000.0,
        "Total Unusual Items Excluding Goodwill": -1933000.0,
        "Net Income From Continuing Operation Net Minority Interest": 17679000.0,
        "Reconciled Depreciation": 22291000.0,
        "Reconciled Cost Of Revenue": 196582000.0,
        "EBITDA": 54872000.0,
        "EBIT": 32581000.0,
        "Net Interest Income": -3932000.0,
        "Interest Expense": 7933000.0,
        "Normalized Income": 19070637.658228,
        "Net Income From Continuing And Discontinued Operation": 17679000.0,
        "Total Expenses": 255745000.0,
        "Total Operating Income As Reported": 24306000.0,
        "Diluted Average Shares": 31355000.0,
        "Basic Average Shares": 31223000.0,
        "Diluted EPS": 0.56,
        "Basic EPS": 0.57,
        "Diluted NI Availto Com Stockholders": 17679000.0,
        "Net Income Common Stockholders": 17679000.0,
        "Net Income": 17679000.0,
        "Minority Interests": -66000.0,
        "Net Income Including Noncontrolling Interests": 17745000.0,
        "Net Income Continuous Operations": 17745000.0,
        "Tax Provision": 6903000.0,
        "Pretax Income": 24648000.0,
        "Other Income Expense": -2580000.0,
        "Other Non Operating Income Expenses": -647000.0,
        "Special Income Charges": -6854000.0,
        "Restructuring And Mergern Acquisition": 6854000.0,
        "Gain On Sale Of Security": 4921000.0,
        "Net Non Operating Interest Income Expense": -3932000.0,
        "Total Other Finance Cost": 63000.0,
        "Interest Expense Non Operating": 7933000.0,
        "Operating Income": 31160000.0,
        "Operating Expense": 59163000.0,
        "Research And Development": 10728000.0,
        "Selling General And Administration": 48435000.0,
        "General And Administrative Expense": NaN,
        "Other Gand A": NaN,
        "Salaries And Wages": NaN,
        "Gross Profit": 90323000.0,
        "Cost Of Revenue": 196582000.0,
        "Total Revenue": 286905000.0,
        "Operating Revenue": 286905000.0
    },
    "2025-03-31": {
        "Tax Effect Of Unusual Items": -834409.142857,
        "Tax Rate For Calcs": 0.265651,
        "Normalized EBITDA": 54389000.0,
        "Total Unusual Items": -3141000.0,
        "Total Unusual Items Excluding Goodwill": -3141000.0,
        "Net Income From Continuing Operation Net Minority Interest": 17355000.0,
        "Reconciled Depreciation": 21291000.0,
        "Reconciled Cost Of Revenue": 192288000.0,
        "EBITDA": 51248000.0,
        "EBIT": 29957000.0,
        "Net Interest Income": -3731000.0,
        "Interest Expense": NaN,
        "Normalized Income": 19661590.857143,
        "Net Income From Continuing And Discontinued Operation": 17355000.0,
        "Total Expenses": 258817000.0,
        "Total Operating Income As Reported": 28263000.0,
        "Diluted Average Shares": 30984000.0,
        "Basic Average Shares": 30823000.0,
        "Diluted EPS": 0.56,
        "Basic EPS": 0.56,
        "Diluted NI Availto Com Stockholders": 17355000.0,
        "Net Income Common Stockholders": 17355000.0,
        "Net Income": 17355000.0,
        "Minority Interests": 6000.0,
        "Net Income Including Noncontrolling Interests": 17349000.0,
        "Net Income Continuous Operations": 17349000.0,
        "Tax Provision": 6276000.0,
        "Pretax Income": 23625000.0,
        "Other Income Expense": -2601000.0,
        "Other Non Operating Income Expenses": 540000.0,
        "Special Income Charges": -2515000.0,
        "Restructuring And Mergern Acquisition": 2515000.0,
        "Gain On Sale Of Security": -626000.0,
        "Net Non Operating Interest Income Expense": -3731000.0,
        "Total Other Finance Cost": 3731000.0,
        "Interest Expense Non Operating": NaN,
        "Operating Income": 29957000.0,
        "Operating Expense": 66529000.0,
        "Research And Development": 11896000.0,
        "Selling General And Administration": 54633000.0,
        "General And Administrative Expense": 54633000.0,
        "Other Gand A": 53812000.0,
        "Salaries And Wages": 821000.0,
        "Gross Profit": 96486000.0,
        "Cost Of Revenue": 192288000.0,
        "Total Revenue": 288774000.0,
        "Operating Revenue": 288774000.0
    }
}