{
    "2023-03-31": {
        "Tax Effect Of Unusual Items": NaN,
        "Tax Rate For Calcs": NaN,
        "Normalized EBITDA": NaN,
        "Net Income From Continuing Operation Net Minority Interest": NaN,
        "Reconciled Depreciation": NaN,
        "Reconciled Cost Of Revenue": NaN,
        "EBITDA": NaN,
        "EBIT": NaN,
        "Net Interest Income": NaN,
        "Interest Expense": NaN,
        "Interest Income": 908000.0,
        "Normalized Income": NaN,
        "Net Income From Continuing And Discontinued Operation": NaN,
        "Total Expenses": NaN,
        "Total Operating Income As Reported": NaN,
        "Diluted Average Shares": NaN,
        "Basic Average Shares": NaN,
        "Diluted EPS": NaN,
        "Basic EPS": NaN,
        "Diluted NI Availto Com Stockholders": NaN,
        "Net Income Common Stockholders": NaN,
        "Net Income": NaN,
        "Net Income Including Noncontrolling Interests": NaN,
        "Net Income Continuous Operations": NaN,
        "Earnings From Equity Interest Net Of Tax": NaN,
        "Tax Provision": NaN,
        "Pretax Income": NaN,
        "Other Income Expense": NaN,
        "Other Non Operating Income Expenses": NaN,
        "Net Non Operating Interest Income Expense": NaN,
        "Interest Expense Non Operating": NaN,
        "Interest Income Non Operating": 908000.0,
        "Operating Income": NaN,
        "Operating Expense": NaN,
        "Research And Development": NaN,
        "Selling General And Administration": NaN,
        "Selling And Marketing Expense": NaN,
        "General And Administrative Expense": NaN,
        "Other Gand A": NaN,
        "Gross Profit": NaN,
        "Cost Of Revenue": NaN,
        "Total Revenue": NaN,
        "Operating Revenue": NaN
    },
    "2022-12-31": {
        "Tax Effect Of Unusual Items": NaN,
        "Tax Rate For Calcs": NaN,
        "Normalized EBITDA": NaN,
        "Net Income From Continuing Operation Net Minority Interest": NaN,
        "Reconciled Depreciation": NaN,
        "Reconciled Cost Of Revenue": NaN,
        "EBITDA": NaN,
        "EBIT": NaN,
        "Net Interest Income": NaN,
        "Interest Expense": NaN,
        "Interest Income": NaN,
        "Normalized Income": NaN,
        "Net Income From Continuing And Discontinued Operation": NaN,
        "Total Expenses": NaN,
        "Total Operating Income As Reported": NaN,
        "Diluted Average Shares": 33596146.0,
        "Basic Average Shares": 33596146.0,
        "Diluted EPS": -0.21,
        "Basic EPS": -0.21,
        "Diluted NI Availto Com Stockholders": NaN,
        "Net Income Common Stockholders": NaN,
        "Net Income": NaN,
        "Net Income Including Noncontrolling Interests": NaN,
        "Net Income Continuous Operations": NaN,
        "Earnings From Equity Interest Net Of Tax": NaN,
        "Tax Provision": NaN,
        "Pretax Income": NaN,
        "Other Income Expense": NaN,
        "Other Non Operating Income Expenses": NaN,
        "Net Non Operating Interest Income Expense": NaN,
        "Interest Expense Non Operating": NaN,
        "Interest Income Non Operating": NaN,
        "Operating Income": NaN,
        "Operating Expense": NaN,
        "Research And Development": NaN,
        "Selling General And Administration": NaN,
        "Selling And Marketing Expense": NaN,
        "General And Administrative Expense": NaN,
        "Other Gand A": NaN,
        "Gross Profit": NaN,
        "Cost Of Revenue": NaN,
        "Total Revenue": NaN,
        "Operating Revenue": NaN
    },
    "2022-09-30": {
        "Tax Effect Of Unusual Items": NaN,
        "Tax Rate For Calcs": NaN,
        "Normalized EBITDA": NaN,
        "Net Income From Continuing Operation Net Minority Interest": NaN,
        "Reconciled Depreciation": NaN,
        "Reconciled Cost Of Revenue": NaN,
        "EBITDA": NaN,
        "EBIT": NaN,
        "Net Interest Income": NaN,
        "Interest Expense": NaN,
        "Interest Income": NaN,
        "Normalized Income": NaN,
        "Net Income From Continuing And Discontinued Operation": NaN,
        "Total Expenses": NaN,
        "Total Operating Income As Reported": NaN,
        "Diluted Average Shares": NaN,
        "Basic Average Shares": NaN,
        "Diluted EPS": NaN,
        "Basic EPS": NaN,
        "Diluted NI Availto Com Stockholders": NaN,
        "Net Income Common Stockholders": NaN,
        "Net Income": NaN,
        "Net Income Including Noncontrolling Interests": NaN,
        "Net Income Continuous Operations": NaN,
        "Earnings From Equity Interest Net Of Tax": NaN,
        "Tax Provision": NaN,
        "Pretax Income": NaN,
        "Other Income Expense": NaN,
        "Other Non Operating Income Expenses": NaN,
        "Net Non Operating Interest Income Expense": NaN,
        "Total Other Finance Cost": -318000.0,
        "Interest Expense Non Operating": NaN,
        "Interest Income Non Operating": NaN,
        "Operating Income": NaN,
        "Operating Expense": NaN,
        "Research And Development": NaN,
        "Selling General And Administration": NaN,
        "Selling And Marketing Expense": NaN,
        "General And Administrative Expense": NaN,
        "Other Gand A": NaN,
        "Gross Profit": NaN,
        "Cost Of Revenue": NaN,
        "Total Revenue": NaN,
        "Operating Revenue": NaN
    },
    "2022-06-30": {
        "Tax Effect Of Unusual Items": 0.0,
        "Tax Rate For Calcs": 0.4,
        "Normalized EBITDA": -4898000.0,
        "Net Income From Continuing Operation Net Minority Interest": -5668000.0,
        "Reconciled Depreciation": 528000.0,
        "Reconciled Cost Of Revenue": 1289000.0,
        "EBITDA": -4898000.0,
        "EBIT": -5426000.0,
        "Net Interest Income": 109000.0,
        "Interest Expense": NaN,
        "Interest Income": 109000.0,
        "Normalized Income": -5668000.0,
        "Net Income From Continuing And Discontinued Operation": -5668000.0,
        "Total Expenses": 20248000.0,
        "Total Operating Income As Reported": -5426000.0,
        "Diluted Average Shares": 32258228.0,
        "Basic Average Shares": 32258228.0,
        "Diluted EPS": -0.18,
        "Basic EPS": -0.18,
        "Diluted NI Availto Com Stockholders": -5668000.0,
        "Net Income Common Stockholders": -5668000.0,
        "Net Income": -5668000.0,
        "Net Income Including Noncontrolling Interests": -5668000.0,
        "Net Income Continuous Operations": -5668000.0,
        "Earnings From Equity Interest Net Of Tax": NaN,
        "Tax Provision": 351000.0,
        "Pretax Income": -5317000.0,
        "Other Income Expense": NaN,
        "Other Non Operating Income Expenses": NaN,
        "Net Non Operating Interest Income Expense": 109000.0,
        "Total Other Finance Cost": NaN,
        "Interest Expense Non Operating": NaN,
        "Interest Income Non Operating": 109000.0,
        "Operating Income": -5426000.0,
        "Operating Expense": 18959000.0,
        "Research And Development": 10371000.0,
        "Selling General And Administration": 8588000.0,
        "Selling And Marketing Expense": 4456000.0,
        "General And Administrative Expense": 4132000.0,
        "Other Gand A": 4132000.0,
        "Gross Profit": 13533000.0,
        "Cost Of Revenue": 1289000.0,
        "Total Revenue": 14822000.0,
        "Operating Revenue": 14822000.0
    },
    "2022-03-31": {
        "Diluted EPS": -0.22,
        "Total Revenue": 12,
        "Gross Profit": 11,
        "Operating Income": -7,
        "EBIT": -6,
        "Net Income": -7
    },
    "2021-12-31": {
        "Diluted EPS": -0.26,
        "Total Revenue": 11,
        "Gross Profit": 10,
        "Operating Income": -7,
        "EBIT": -7,
        "Net Income": -8
    },
    "2021-09-30": {
        "Diluted EPS": -0.24,
        "Total Revenue": 9,
        "Gross Profit": 8,
        "Operating Income": -5,
        "EBIT": -4,
        "Net Income": -5
    },
    "2021-06-30": {
        "Diluted EPS": -0.2,
        "Total Revenue": 11,
        "Gross Profit": 10,
        "Operating Income": -4,
        "EBIT": -3,
        "Net Income": -4
    },
    "2021-03-31": {
        "Diluted EPS": -0.36,
        "Total Revenue": 7,
        "Gross Profit": 6,
        "Operating Income": -6,
        "EBIT": -6,
        "Net Income": -7
    },
    "2020-12-31": {
        "Diluted EPS": 0.0,
        "Total Revenue": NaN,
        "Gross Profit": NaN,
        "Operating Income": NaN,
        "EBIT": NaN,
        "Net Income": NaN
    },
    "2020-09-30": {
        "Diluted EPS": -0.22,
        "Total Revenue": 6,
        "Gross Profit": 6,
        "Operating Income": -3,
        "EBIT": -3,
        "Net Income": -4
    },
    "2023-06-30": {
        "Tax Effect Of Unusual Items": NaN,
        "Tax Rate For Calcs": NaN,
        "Normalized EBITDA": NaN,
        "Net Income From Continuing Operation Net Minority Interest": NaN,
        "Reconciled Depreciation": NaN,
        "Reconciled Cost Of Revenue": NaN,
        "EBITDA": NaN,
        "EBIT": NaN,
        "Net Interest Income": NaN,
        "Interest Expense": NaN,
        "Normalized Income": NaN,
        "Net Income From Continuing And Discontinued Operation": NaN,
        "Total Expenses": NaN,
        "Total Operating Income As Reported": NaN,
        "Diluted Average Shares": 35250157.0,
        "Basic Average Shares": 35250157.0,
        "Diluted EPS": -0.26,
        "Basic EPS": -0.26,
        "Diluted NI Availto Com Stockholders": NaN,
        "Net Income Common Stockholders": NaN,
        "Net Income": NaN,
        "Net Income Including Noncontrolling Interests": NaN,
        "Net Income Continuous Operations": NaN,
        "Earnings From Equity Interest Net Of Tax": NaN,
        "Tax Provision": NaN,
        "Pretax Income": NaN,
        "Other Income Expense": NaN,
        "Other Non Operating Income Expenses": NaN,
        "Net Non Operating Interest Income Expense": NaN,
        "Interest Expense Non Operating": NaN,
        "Operating Income": NaN,
        "Operating Expense": NaN,
        "Research And Development": NaN,
        "Selling General And Administration": NaN,
        "Selling And Marketing Expense": NaN,
        "General And Administrative Expense": NaN,
        "Other Gand A": NaN,
        "Gross Profit": NaN,
        "Cost Of Revenue": NaN,
        "Total Revenue": NaN,
        "Operating Revenue": NaN
    },
    "2023-09-30": {
        "Tax Effect Of Unusual Items": NaN,
        "Tax Rate For Calcs": NaN,
        "Normalized EBITDA": NaN,
        "Net Income From Continuing Operation Net Minority Interest": NaN,
        "Reconciled Depreciation": NaN,
        "Reconciled Cost Of Revenue": NaN,
        "EBITDA": NaN,
        "EBIT": NaN,
        "Net Interest Income": NaN,
        "Interest Expense": NaN,
        "Normalized Income": NaN,
        "Net Income From Continuing And Discontinued Operation": NaN,
        "Total Expenses": NaN,
        "Total Operating Income As Reported": NaN,
        "Diluted Average Shares": 36010106.0,
        "Basic Average Shares": 36010106.0,
        "Diluted EPS": -0.23,
        "Basic EPS": -0.23,
        "Diluted NI Availto Com Stockholders": NaN,
        "Net Income Common Stockholders": NaN,
        "Net Income": NaN,
        "Net Income Including Noncontrolling Interests": NaN,
        "Net Income Continuous Operations": NaN,
        "Earnings From Equity Interest Net Of Tax": NaN,
        "Tax Provision": NaN,
        "Pretax Income": NaN,
        "Other Income Expense": NaN,
        "Other Non Operating Income Expenses": NaN,
        "Net Non Operating Interest Income Expense": NaN,
        "Interest Expense Non Operating": NaN,
        "Operating Income": NaN,
        "Operating Expense": NaN,
        "Research And Development": NaN,
        "Selling General And Administration": NaN,
        "Selling And Marketing Expense": NaN,
        "General And Administrative Expense": NaN,
        "Other Gand A": NaN,
        "Gross Profit": NaN,
        "Cost Of Revenue": NaN,
        "Total Revenue": NaN,
        "Operating Revenue": NaN
    },
    "2023-12-31": {
        "Tax Effect Of Unusual Items": 0.0,
        "Tax Rate For Calcs": 0.21,
        "Normalized EBITDA": -7503000.0,
        "Net Income From Continuing Operation Net Minority Interest": -10541000.0,
        "Reconciled Depreciation": 829000.0,
        "Reconciled Cost Of Revenue": 1448000.0,
        "EBITDA": -7503000.0,
        "EBIT": -8332000.0,
        "Net Interest Income": -75000.0,
        "Interest Expense": 75000.0,
        "Normalized Income": -10541000.0,
        "Net Income From Continuing And Discontinued Operation": -10541000.0,
        "Total Expenses": 21753000.0,
        "Total Operating Income As Reported": -9249000.0,
        "Diluted Average Shares": NaN,
        "Basic Average Shares": NaN,
        "Diluted EPS": NaN,
        "Basic EPS": NaN,
        "Diluted NI Availto Com Stockholders": -10541000.0,
        "Net Income Common Stockholders": -10541000.0,
        "Net Income": -10541000.0,
        "Net Income Including Noncontrolling Interests": -10541000.0,
        "Net Income Continuous Operations": -10541000.0,
        "Earnings From Equity Interest Net Of Tax": -910000.0,
        "Tax Provision": 1224000.0,
        "Pretax Income": -8407000.0,
        "Other Income Expense": 917000.0,
        "Other Non Operating Income Expenses": 917000.0,
        "Net Non Operating Interest Income Expense": -75000.0,
        "Interest Expense Non Operating": 75000.0,
        "Operating Income": -9249000.0,
        "Operating Expense": 20305000.0,
        "Research And Development": 10663000.0,
        "Selling General And Administration": 9642000.0,
        "Selling And Marketing Expense": 5029000.0,
        "General And Administrative Expense": 4613000.0,
        "Other Gand A": 4613000.0,
        "Gross Profit": 11056000.0,
        "Cost Of Revenue": 1448000.0,
        "Total Revenue": 12504000.0,
        "Operating Revenue": 12269000.0
    },
    "2024-03-31": {
        "Tax Effect Of Unusual Items": 0.0,
        "Tax Rate For Calcs": 0.21,
        "Normalized EBITDA": -7365000.0,
        "Net Income From Continuing Operation Net Minority Interest": -9403000.0,
        "Reconciled Depreciation": 833000.0,
        "Reconciled Cost Of Revenue": 1468000.0,
        "EBITDA": -7365000.0,
        "EBIT": -8198000.0,
        "Net Interest Income": -76000.0,
        "Interest Expense": 76000.0,
        "Normalized Income": -9403000.0,
        "Net Income From Continuing And Discontinued Operation": -9403000.0,
        "Total Expenses": 22081000.0,
        "Total Operating Income As Reported": -9134000.0,
        "Diluted Average Shares": 37709058.0,
        "Basic Average Shares": 37709058.0,
        "Diluted EPS": -0.25,
        "Basic EPS": -0.25,
        "Diluted NI Availto Com Stockholders": -9403000.0,
        "Net Income Common Stockholders": -9403000.0,
        "Net Income": -9403000.0,
        "Net Income Including Noncontrolling Interests": -9403000.0,
        "Net Income Continuous Operations": -9403000.0,
        "Earnings From Equity Interest Net Of Tax": -759000.0,
        "Tax Provision": 370000.0,
        "Pretax Income": -8274000.0,
        "Other Income Expense": 936000.0,
        "Other Non Operating Income Expenses": 936000.0,
        "Net Non Operating Interest Income Expense": -76000.0,
        "Interest Expense Non Operating": 76000.0,
        "Operating Income": -9134000.0,
        "Operating Expense": 20613000.0,
        "Research And Development": 10835000.0,
        "Selling General And Administration": 9778000.0,
        "Selling And Marketing Expense": 5456000.0,
        "General And Administrative Expense": 4322000.0,
        "Other Gand A": 4322000.0,
        "Gross Profit": 11479000.0,
        "Cost Of Revenue": 1468000.0,
        "Total Revenue": 12947000.0,
        "Operating Revenue": 12947000.0
    },
    "2024-06-30": {
        "Tax Effect Of Unusual Items": 0.0,
        "Tax Rate For Calcs": 0.21,
        "Normalized EBITDA": -5779000.0,
        "Net Income From Continuing Operation Net Minority Interest": -8344000.0,
        "Reconciled Depreciation": 797000.0,
        "Reconciled Cost Of Revenue": 1458000.0,
        "EBITDA": -5779000.0,
        "EBIT": -6576000.0,
        "Net Interest Income": -68000.0,
        "Interest Expense": 68000.0,
        "Normalized Income": -8344000.0,
        "Net Income From Continuing And Discontinued Operation": -8344000.0,
        "Total Expenses": 22016000.0,
        "Total Operating Income As Reported": -7441000.0,
        "Diluted Average Shares": 38476934.0,
        "Basic Average Shares": 38476934.0,
        "Diluted EPS": -0.22,
        "Basic EPS": -0.22,
        "Diluted NI Availto Com Stockholders": -8344000.0,
        "Net Income Common Stockholders": -8344000.0,
        "Net Income": -8344000.0,
        "Net Income Including Noncontrolling Interests": -8344000.0,
        "Net Income Continuous Operations": -8344000.0,
        "Earnings From Equity Interest Net Of Tax": -725000.0,
        "Tax Provision": 975000.0,
        "Pretax Income": -6644000.0,
        "Other Income Expense": 865000.0,
        "Other Non Operating Income Expenses": 865000.0,
        "Net Non Operating Interest Income Expense": -68000.0,
        "Interest Expense Non Operating": 68000.0,
        "Operating Income": -7441000.0,
        "Operating Expense": 20558000.0,
        "Research And Development": 10717000.0,
        "Selling General And Administration": 9841000.0,
        "Selling And Marketing Expense": 5013000.0,
        "General And Administrative Expense": 4828000.0,
        "Other Gand A": 4828000.0,
        "Gross Profit": 13117000.0,
        "Cost Of Revenue": 1458000.0,
        "Total Revenue": 14575000.0,
        "Operating Revenue": 14575000.0
    },
    "2024-09-30": {
        "Tax Effect Of Unusual Items": 0.0,
        "Tax Rate For Calcs": 0.01278,
        "Normalized EBITDA": -6300000.0,
        "Net Income From Continuing Operation Net Minority Interest": -7687000.0,
        "Reconciled Depreciation": 844000.0,
        "Reconciled Cost Of Revenue": 1461000.0,
        "EBITDA": -6300000.0,
        "EBIT": -7144000.0,
        "Net Interest Income": -55000.0,
        "Interest Expense": 55000.0,
        "Normalized Income": -7687000.0,
        "Net Income From Continuing And Discontinued Operation": -7687000.0,
        "Total Expenses": 22632000.0,
        "Total Operating Income As Reported": -7919000.0,
        "Diluted Average Shares": 39295743.0,
        "Basic Average Shares": 39295743.0,
        "Diluted EPS": -0.2,
        "Basic EPS": -0.2,
        "Diluted NI Availto Com Stockholders": -7687000.0,
        "Net Income Common Stockholders": -7687000.0,
        "Net Income": -7687000.0,
        "Net Income Including Noncontrolling Interests": -7687000.0,
        "Net Income Continuous Operations": -7687000.0,
        "Earnings From Equity Interest Net Of Tax": -580000.0,
        "Tax Provision": -92000.0,
        "Pretax Income": -7199000.0,
        "Other Income Expense": 775000.0,
        "Other Non Operating Income Expenses": 775000.0,
        "Net Non Operating Interest Income Expense": -55000.0,
        "Interest Expense Non Operating": 55000.0,
        "Operating Income": -7919000.0,
        "Operating Expense": 21171000.0,
        "Research And Development": 11923000.0,
        "Selling General And Administration": 9248000.0,
        "Selling And Marketing Expense": 4962000.0,
        "General And Administrative Expense": 4286000.0,
        "Other Gand A": 4286000.0,
        "Gross Profit": 13252000.0,
        "Cost Of Revenue": 1461000.0,
        "Total Revenue": 14713000.0,
        "Operating Revenue": 14683000.0
    },
    "2024-12-31": {
        "Tax Effect Of Unusual Items": 0.0,
        "Tax Rate For Calcs": 0.21,
        "Normalized EBITDA": -5390000.0,
        "Net Income From Continuing Operation Net Minority Interest": -8204000.0,
        "Reconciled Depreciation": 888000.0,
        "Reconciled Cost Of Revenue": 1575000.0,
        "EBITDA": -5390000.0,
        "EBIT": -6278000.0,
        "Net Interest Income": -45000.0,
        "Interest Expense": 45000.0,
        "Normalized Income": -8204000.0,
        "Net Income From Continuing And Discontinued Operation": -8204000.0,
        "Total Expenses": 22591000.0,
        "Total Operating Income As Reported": -7102000.0,
        "Diluted Average Shares": 40157199.0,
        "Basic Average Shares": 40157199.0,
        "Diluted EPS": -0.2,
        "Basic EPS": -0.2,
        "Diluted NI Availto Com Stockholders": -8204000.0,
        "Net Income Common Stockholders": -8204000.0,
        "Net Income": -8204000.0,
        "Net Income Including Noncontrolling Interests": -8204000.0,
        "Net Income Continuous Operations": -8204000.0,
        "Earnings From Equity Interest Net Of Tax": -634000.0,
        "Tax Provision": 1247000.0,
        "Pretax Income": -6323000.0,
        "Other Income Expense": 824000.0,
        "Other Non Operating Income Expenses": 824000.0,
        "Net Non Operating Interest Income Expense": -45000.0,
        "Interest Expense Non Operating": 45000.0,
        "Operating Income": -7102000.0,
        "Operating Expense": 21016000.0,
        "Research And Development": 11532000.0,
        "Selling General And Administration": 9484000.0,
        "Selling And Marketing Expense": 5365000.0,
        "General And Administrative Expense": 4119000.0,
        "Other Gand A": 4119000.0,
        "Gross Profit": 13914000.0,
        "Cost Of Revenue": 1575000.0,
        "Total Revenue": 15489000.0,
        "Operating Revenue": 15456000.0
    }
}