{
    "2023-03-31": {
        "Tax Effect Of Unusual Items": NaN,
        "Tax Rate For Calcs": NaN,
        "Normalized EBITDA": NaN,
        "Net Income From Continuing Operation Net Minority Interest": NaN,
        "Reconciled Depreciation": NaN,
        "Reconciled Cost Of Revenue": NaN,
        "EBITDA": NaN,
        "EBIT": NaN,
        "Net Interest Income": NaN,
        "Interest Income": NaN,
        "Normalized Income": NaN,
        "Net Income From Continuing And Discontinued Operation": NaN,
        "Total Expenses": NaN,
        "Total Operating Income As Reported": NaN,
        "Diluted Average Shares": 10266000.0,
        "Basic Average Shares": 10266000.0,
        "Diluted EPS": -0.28,
        "Basic EPS": -0.28,
        "Diluted NI Availto Com Stockholders": NaN,
        "Net Income Common Stockholders": NaN,
        "Net Income": NaN,
        "Net Income Including Noncontrolling Interests": NaN,
        "Net Income Continuous Operations": NaN,
        "Tax Provision": NaN,
        "Pretax Income": NaN,
        "Other Income Expense": NaN,
        "Other Non Operating Income Expenses": NaN,
        "Net Non Operating Interest Income Expense": NaN,
        "Interest Income Non Operating": NaN,
        "Operating Income": NaN,
        "Operating Expense": NaN,
        "Research And Development": NaN,
        "Selling General And Administration": NaN,
        "Selling And Marketing Expense": NaN,
        "General And Administrative Expense": NaN,
        "Other Gand A": NaN,
        "Gross Profit": NaN,
        "Cost Of Revenue": NaN,
        "Total Revenue": NaN,
        "Operating Revenue": NaN
    },
    "2022-12-31": {
        "Tax Effect Of Unusual Items": NaN,
        "Tax Rate For Calcs": NaN,
        "Normalized EBITDA": NaN,
        "Total Unusual Items": 0.0,
        "Total Unusual Items Excluding Goodwill": 0.0,
        "Net Income From Continuing Operation Net Minority Interest": NaN,
        "Reconciled Depreciation": NaN,
        "Reconciled Cost Of Revenue": NaN,
        "EBITDA": NaN,
        "EBIT": NaN,
        "Net Interest Income": NaN,
        "Interest Income": NaN,
        "Normalized Income": NaN,
        "Net Income From Continuing And Discontinued Operation": NaN,
        "Total Expenses": NaN,
        "Total Operating Income As Reported": NaN,
        "Diluted Average Shares": NaN,
        "Basic Average Shares": NaN,
        "Diluted EPS": NaN,
        "Basic EPS": NaN,
        "Diluted NI Availto Com Stockholders": NaN,
        "Net Income Common Stockholders": NaN,
        "Net Income": NaN,
        "Net Income Including Noncontrolling Interests": NaN,
        "Net Income Continuous Operations": NaN,
        "Tax Provision": NaN,
        "Pretax Income": NaN,
        "Other Income Expense": NaN,
        "Other Non Operating Income Expenses": NaN,
        "Special Income Charges": 0.0,
        "Restructuring And Mergern Acquisition": 0.0,
        "Net Non Operating Interest Income Expense": NaN,
        "Interest Income Non Operating": NaN,
        "Operating Income": NaN,
        "Operating Expense": NaN,
        "Research And Development": NaN,
        "Selling General And Administration": NaN,
        "Selling And Marketing Expense": NaN,
        "General And Administrative Expense": NaN,
        "Other Gand A": NaN,
        "Gross Profit": NaN,
        "Cost Of Revenue": NaN,
        "Total Revenue": NaN,
        "Operating Revenue": NaN
    },
    "2022-09-30": {
        "Tax Effect Of Unusual Items": NaN,
        "Tax Rate For Calcs": NaN,
        "Normalized EBITDA": NaN,
        "Total Unusual Items": 0.0,
        "Total Unusual Items Excluding Goodwill": 0.0,
        "Net Income From Continuing Operation Net Minority Interest": NaN,
        "Reconciled Depreciation": NaN,
        "Reconciled Cost Of Revenue": NaN,
        "EBITDA": NaN,
        "EBIT": NaN,
        "Net Interest Income": NaN,
        "Interest Income": NaN,
        "Normalized Income": NaN,
        "Net Income From Continuing And Discontinued Operation": NaN,
        "Total Expenses": NaN,
        "Total Operating Income As Reported": NaN,
        "Diluted Average Shares": NaN,
        "Basic Average Shares": NaN,
        "Diluted EPS": NaN,
        "Basic EPS": NaN,
        "Diluted NI Availto Com Stockholders": NaN,
        "Net Income Common Stockholders": NaN,
        "Net Income": NaN,
        "Net Income Including Noncontrolling Interests": NaN,
        "Net Income Continuous Operations": NaN,
        "Tax Provision": NaN,
        "Pretax Income": NaN,
        "Other Income Expense": NaN,
        "Other Non Operating Income Expenses": NaN,
        "Special Income Charges": 0.0,
        "Restructuring And Mergern Acquisition": 0.0,
        "Net Non Operating Interest Income Expense": NaN,
        "Interest Income Non Operating": NaN,
        "Operating Income": NaN,
        "Operating Expense": NaN,
        "Research And Development": NaN,
        "Selling General And Administration": NaN,
        "Selling And Marketing Expense": NaN,
        "General And Administrative Expense": NaN,
        "Other Gand A": NaN,
        "Gross Profit": NaN,
        "Cost Of Revenue": NaN,
        "Total Revenue": NaN,
        "Operating Revenue": NaN
    },
    "2022-06-30": {
        "Tax Effect Of Unusual Items": 0.0,
        "Tax Rate For Calcs": 0.00185,
        "Normalized EBITDA": -688000.0,
        "Total Unusual Items": 0.0,
        "Total Unusual Items Excluding Goodwill": 0.0,
        "Net Income From Continuing Operation Net Minority Interest": -1619000.0,
        "Reconciled Depreciation": 925000.0,
        "Reconciled Cost Of Revenue": 11793000.0,
        "EBITDA": -688000.0,
        "EBIT": -1613000.0,
        "Net Interest Income": 6000.0,
        "Interest Income": 6000.0,
        "Normalized Income": -1619000.0,
        "Net Income From Continuing And Discontinued Operation": -1619000.0,
        "Total Expenses": 20899000.0,
        "Total Operating Income As Reported": -1613000.0,
        "Diluted Average Shares": 10219000.0,
        "Basic Average Shares": 10219000.0,
        "Diluted EPS": -0.16,
        "Basic EPS": -0.16,
        "Diluted NI Availto Com Stockholders": -1619000.0,
        "Net Income Common Stockholders": -1619000.0,
        "Net Income": -1619000.0,
        "Net Income Including Noncontrolling Interests": -1619000.0,
        "Net Income Continuous Operations": -1619000.0,
        "Tax Provision": -3000.0,
        "Pretax Income": -1622000.0,
        "Other Income Expense": -15000.0,
        "Other Non Operating Income Expenses": -15000.0,
        "Special Income Charges": 0.0,
        "Restructuring And Mergern Acquisition": 0.0,
        "Net Non Operating Interest Income Expense": 6000.0,
        "Interest Income Non Operating": 6000.0,
        "Operating Income": -1613000.0,
        "Operating Expense": 9106000.0,
        "Research And Development": 2962000.0,
        "Selling General And Administration": 6144000.0,
        "Selling And Marketing Expense": 2889000.0,
        "General And Administrative Expense": 3255000.0,
        "Other Gand A": 3255000.0,
        "Gross Profit": 7493000.0,
        "Cost Of Revenue": 11793000.0,
        "Total Revenue": 19286000.0,
        "Operating Revenue": 19286000.0
    },
    "2022-03-31": {
        "Diluted EPS": -0.25,
        "Total Revenue": 18,
        "Gross Profit": 7,
        "Operating Income": -2,
        "EBIT": -2,
        "Net Income": -3
    },
    "2021-12-31": {
        "Diluted EPS": -0.47,
        "Total Revenue": 14,
        "Gross Profit": 5,
        "Operating Income": -4,
        "EBIT": -4,
        "Net Income": -5
    },
    "2021-09-30": {
        "Diluted EPS": -0.3,
        "Total Revenue": 15,
        "Gross Profit": 6,
        "Operating Income": -3,
        "EBIT": -2,
        "Net Income": -3
    },
    "2021-06-30": {
        "Diluted EPS": -0.26,
        "Total Revenue": 17,
        "Gross Profit": 7,
        "Operating Income": -3,
        "EBIT": -2,
        "Net Income": -3
    },
    "2021-03-31": {
        "Diluted EPS": 0.02,
        "Total Revenue": 17,
        "Gross Profit": 7,
        "Operating Income": -2,
        "EBIT": -1,
        "Net Income": 0
    },
    "2020-12-31": {
        "Diluted EPS": -0.11,
        "Total Revenue": 13,
        "Gross Profit": 6,
        "Operating Income": -1,
        "EBIT": -1,
        "Net Income": -1
    },
    "2020-09-30": {
        "Diluted EPS": -0.03,
        "Total Revenue": 13,
        "Gross Profit": 6,
        "Operating Income": 0,
        "EBIT": 0,
        "Net Income": 0
    },
    "2020-06-30": {
        "Diluted EPS": -0.08,
        "Total Revenue": 11,
        "Gross Profit": 5,
        "Operating Income": -1,
        "EBIT": 0,
        "Net Income": -1
    },
    "2020-03-31": {
        "Diluted EPS": -0.12,
        "Total Revenue": 11,
        "Gross Profit": 5,
        "Operating Income": -1,
        "EBIT": -1,
        "Net Income": -1
    },
    "2019-12-31": {
        "Diluted EPS": 0.0,
        "Total Revenue": 13,
        "Gross Profit": 6,
        "Operating Income": 0,
        "EBIT": 0,
        "Net Income": 0
    },
    "2019-09-30": {
        "Diluted EPS": -0.01,
        "Total Revenue": 13,
        "Gross Profit": 6,
        "Operating Income": 0,
        "EBIT": NaN,
        "Net Income": 0
    },
    "2019-06-30": {
        "Diluted EPS": 0.07,
        "Total Revenue": 14,
        "Gross Profit": 7,
        "Operating Income": 0,
        "EBIT": 1,
        "Net Income": 1
    },
    "2019-03-31": {
        "Diluted EPS": 0.03,
        "Total Revenue": 15,
        "Gross Profit": 7,
        "Operating Income": 0,
        "EBIT": 0,
        "Net Income": 0
    },
    "2018-12-31": {
        "Diluted EPS": 0.15,
        "Total Revenue": 17,
        "Gross Profit": 7,
        "Operating Income": 1,
        "EBIT": 1,
        "Net Income": 1
    },
    "2018-09-30": {
        "Diluted EPS": 0.04,
        "Total Revenue": 16,
        "Gross Profit": 7,
        "Operating Income": 0,
        "EBIT": 1,
        "Net Income": 0
    },
    "2018-06-30": {
        "Diluted EPS": -0.34,
        "Total Revenue": 15,
        "Gross Profit": 7,
        "Operating Income": -4,
        "EBIT": -3,
        "Net Income": -3
    },
    "2018-03-31": {
        "Diluted EPS": -0.12,
        "Total Revenue": 13,
        "Gross Profit": 6,
        "Operating Income": -1,
        "EBIT": -1,
        "Net Income": -1
    },
    "2017-12-31": {
        "Diluted EPS": 0.06,
        "Total Revenue": 13,
        "Gross Profit": 6,
        "Operating Income": 0,
        "EBIT": 1,
        "Net Income": 1
    },
    "2017-09-30": {
        "Diluted EPS": 0.02,
        "Total Revenue": 12,
        "Gross Profit": 6,
        "Operating Income": 0,
        "EBIT": 0,
        "Net Income": 0
    },
    "2017-06-30": {
        "Diluted EPS": -0.01,
        "Total Revenue": 13,
        "Gross Profit": 6,
        "Operating Income": 0,
        "EBIT": 0,
        "Net Income": 0
    },
    "2017-03-31": {
        "Diluted EPS": 0.04,
        "Total Revenue": 11,
        "Gross Profit": 5,
        "Operating Income": 0,
        "EBIT": 1,
        "Net Income": 0
    },
    "2016-12-31": {
        "Diluted EPS": 0.91,
        "Total Revenue": 13,
        "Gross Profit": 5,
        "Operating Income": 1,
        "EBIT": 1,
        "Net Income": 1
    },
    "2016-09-30": {
        "Diluted EPS": 0.16,
        "Total Revenue": 12,
        "Gross Profit": 6,
        "Operating Income": 1,
        "EBIT": 1,
        "Net Income": 1
    },
    "2016-06-30": {
        "Diluted EPS": 0.15,
        "Total Revenue": 10,
        "Gross Profit": 5,
        "Operating Income": 1,
        "EBIT": 1,
        "Net Income": 1
    },
    "2016-03-31": {
        "Diluted EPS": -0.82,
        "Total Revenue": 9,
        "Gross Profit": 4,
        "Operating Income": 0,
        "EBIT": 0,
        "Net Income": 0
    },
    "2015-12-31": {
        "Diluted EPS": -0.59,
        "Total Revenue": 9,
        "Gross Profit": 4,
        "Operating Income": 0,
        "EBIT": 0,
        "Net Income": 0
    },
    "2015-09-30": {
        "Diluted EPS": -1.05,
        "Total Revenue": 7,
        "Gross Profit": 3,
        "Operating Income": 0,
        "EBIT": 0,
        "Net Income": -1
    },
    "2015-06-30": {
        "Diluted EPS": -1.22,
        "Total Revenue": 6,
        "Gross Profit": 3,
        "Operating Income": 0,
        "EBIT": 0,
        "Net Income": -1
    },
    "2015-03-31": {
        "Diluted EPS": -1.44,
        "Total Revenue": 6,
        "Gross Profit": 2,
        "Operating Income": 0,
        "EBIT": 0,
        "Net Income": -1
    },
    "2014-12-31": {
        "Diluted EPS": 0.0,
        "Total Revenue": NaN,
        "Gross Profit": NaN,
        "Operating Income": NaN,
        "EBIT": NaN,
        "Net Income": NaN
    },
    "2023-06-30": {
        "Tax Effect Of Unusual Items": NaN,
        "Tax Rate For Calcs": NaN,
        "Normalized EBITDA": NaN,
        "Net Income From Continuing Operation Net Minority Interest": NaN,
        "Reconciled Depreciation": NaN,
        "Reconciled Cost Of Revenue": NaN,
        "EBITDA": NaN,
        "EBIT": NaN,
        "Net Interest Income": NaN,
        "Interest Income": NaN,
        "Normalized Income": NaN,
        "Net Income From Continuing And Discontinued Operation": NaN,
        "Total Expenses": NaN,
        "Total Operating Income As Reported": NaN,
        "Diluted Average Shares": 10413000.0,
        "Basic Average Shares": 10413000.0,
        "Diluted EPS": -0.21,
        "Basic EPS": -0.21,
        "Diluted NI Availto Com Stockholders": NaN,
        "Net Income Common Stockholders": NaN,
        "Net Income": NaN,
        "Net Income Including Noncontrolling Interests": NaN,
        "Net Income Continuous Operations": NaN,
        "Tax Provision": NaN,
        "Pretax Income": NaN,
        "Other Income Expense": NaN,
        "Other Non Operating Income Expenses": NaN,
        "Net Non Operating Interest Income Expense": NaN,
        "Interest Income Non Operating": NaN,
        "Operating Income": NaN,
        "Operating Expense": NaN,
        "Research And Development": NaN,
        "Selling General And Administration": NaN,
        "Selling And Marketing Expense": NaN,
        "General And Administrative Expense": NaN,
        "Other Gand A": NaN,
        "Gross Profit": NaN,
        "Cost Of Revenue": NaN,
        "Total Revenue": NaN,
        "Operating Revenue": NaN
    },
    "2023-09-30": {
        "Tax Effect Of Unusual Items": NaN,
        "Tax Rate For Calcs": NaN,
        "Normalized EBITDA": NaN,
        "Net Income From Continuing Operation Net Minority Interest": NaN,
        "Reconciled Depreciation": NaN,
        "Reconciled Cost Of Revenue": NaN,
        "EBITDA": NaN,
        "EBIT": NaN,
        "Net Interest Income": NaN,
        "Interest Income": NaN,
        "Normalized Income": NaN,
        "Net Income From Continuing And Discontinued Operation": NaN,
        "Total Expenses": NaN,
        "Total Operating Income As Reported": NaN,
        "Diluted Average Shares": 10430000.0,
        "Basic Average Shares": 10430000.0,
        "Diluted EPS": -0.18,
        "Basic EPS": -0.18,
        "Diluted NI Availto Com Stockholders": NaN,
        "Net Income Common Stockholders": NaN,
        "Net Income": NaN,
        "Net Income Including Noncontrolling Interests": NaN,
        "Net Income Continuous Operations": NaN,
        "Tax Provision": NaN,
        "Pretax Income": NaN,
        "Other Income Expense": NaN,
        "Other Non Operating Income Expenses": NaN,
        "Net Non Operating Interest Income Expense": NaN,
        "Interest Income Non Operating": NaN,
        "Operating Income": NaN,
        "Operating Expense": NaN,
        "Research And Development": NaN,
        "Selling General And Administration": NaN,
        "Selling And Marketing Expense": NaN,
        "General And Administrative Expense": NaN,
        "Other Gand A": NaN,
        "Gross Profit": NaN,
        "Cost Of Revenue": NaN,
        "Total Revenue": NaN,
        "Operating Revenue": NaN
    },
    "2023-12-31": {
        "Tax Effect Of Unusual Items": 0.0,
        "Tax Rate For Calcs": 0.21,
        "Normalized EBITDA": -4585000.0,
        "Net Income From Continuing Operation Net Minority Interest": -5484000.0,
        "Reconciled Depreciation": 903000.0,
        "Reconciled Cost Of Revenue": 7140000.0,
        "EBITDA": -4585000.0,
        "EBIT": -5488000.0,
        "Net Interest Income": 41000.0,
        "Interest Income": 41000.0,
        "Normalized Income": -5484000.0,
        "Net Income From Continuing And Discontinued Operation": -5484000.0,
        "Total Expenses": 15558000.0,
        "Total Operating Income As Reported": -5488000.0,
        "Diluted Average Shares": NaN,
        "Basic Average Shares": NaN,
        "Diluted EPS": NaN,
        "Basic EPS": NaN,
        "Diluted NI Availto Com Stockholders": -5484000.0,
        "Net Income Common Stockholders": -5484000.0,
        "Net Income": -5484000.0,
        "Net Income Including Noncontrolling Interests": -5484000.0,
        "Net Income Continuous Operations": -5484000.0,
        "Tax Provision": 44000.0,
        "Pretax Income": -5440000.0,
        "Other Income Expense": 7000.0,
        "Other Non Operating Income Expenses": 7000.0,
        "Net Non Operating Interest Income Expense": 41000.0,
        "Interest Income Non Operating": 41000.0,
        "Operating Income": -5488000.0,
        "Operating Expense": 8418000.0,
        "Research And Development": 3168000.0,
        "Selling General And Administration": 5250000.0,
        "Selling And Marketing Expense": 2251000.0,
        "General And Administrative Expense": 2999000.0,
        "Other Gand A": 2999000.0,
        "Gross Profit": 2930000.0,
        "Cost Of Revenue": 7140000.0,
        "Total Revenue": 10070000.0,
        "Operating Revenue": 10070000.0
    },
    "2024-03-31": {
        "Tax Effect Of Unusual Items": 0.0,
        "Tax Rate For Calcs": 0.05395,
        "Normalized EBITDA": -1610000.0,
        "Net Income From Continuing Operation Net Minority Interest": -2455000.0,
        "Reconciled Depreciation": 1019000.0,
        "Reconciled Cost Of Revenue": 8655000.0,
        "EBITDA": -1610000.0,
        "EBIT": -2629000.0,
        "Net Interest Income": 26000.0,
        "Interest Income": 26000.0,
        "Normalized Income": -2455000.0,
        "Net Income From Continuing And Discontinued Operation": -2455000.0,
        "Total Expenses": 16860000.0,
        "Total Operating Income As Reported": -2629000.0,
        "Diluted Average Shares": 10532000.0,
        "Basic Average Shares": 10532000.0,
        "Diluted EPS": -0.23,
        "Basic EPS": -0.23,
        "Diluted NI Availto Com Stockholders": -2455000.0,
        "Net Income Common Stockholders": -2455000.0,
        "Net Income": -2455000.0,
        "Net Income Including Noncontrolling Interests": -2455000.0,
        "Net Income Continuous Operations": -2455000.0,
        "Tax Provision": -140000.0,
        "Pretax Income": -2595000.0,
        "Other Income Expense": 8000.0,
        "Other Non Operating Income Expenses": 8000.0,
        "Net Non Operating Interest Income Expense": 26000.0,
        "Interest Income Non Operating": 26000.0,
        "Operating Income": -2629000.0,
        "Operating Expense": 8205000.0,
        "Research And Development": 3120000.0,
        "Selling General And Administration": 5085000.0,
        "Selling And Marketing Expense": 2158000.0,
        "General And Administrative Expense": 2927000.0,
        "Other Gand A": 2927000.0,
        "Gross Profit": 5576000.0,
        "Cost Of Revenue": 8655000.0,
        "Total Revenue": 14231000.0,
        "Operating Revenue": 14231000.0
    },
    "2024-06-30": {
        "Tax Effect Of Unusual Items": 0.0,
        "Tax Rate For Calcs": 0.21,
        "Normalized EBITDA": -1624000.0,
        "Net Income From Continuing Operation Net Minority Interest": -2513000.0,
        "Reconciled Depreciation": 881000.0,
        "Reconciled Cost Of Revenue": 9036000.0,
        "EBITDA": -1624000.0,
        "EBIT": -2505000.0,
        "Net Interest Income": 27000.0,
        "Interest Income": 27000.0,
        "Normalized Income": -2513000.0,
        "Net Income From Continuing And Discontinued Operation": -2513000.0,
        "Total Expenses": 17689000.0,
        "Total Operating Income As Reported": -2505000.0,
        "Diluted Average Shares": 10938000.0,
        "Basic Average Shares": 10938000.0,
        "Diluted EPS": -0.23,
        "Basic EPS": -0.23,
        "Diluted NI Availto Com Stockholders": -2513000.0,
        "Net Income Common Stockholders": -2513000.0,
        "Net Income": -2513000.0,
        "Net Income Including Noncontrolling Interests": -2513000.0,
        "Net Income Continuous Operations": -2513000.0,
        "Tax Provision": 34000.0,
        "Pretax Income": -2479000.0,
        "Other Income Expense": -1000.0,
        "Other Non Operating Income Expenses": -1000.0,
        "Net Non Operating Interest Income Expense": 27000.0,
        "Interest Income Non Operating": 27000.0,
        "Operating Income": -2505000.0,
        "Operating Expense": 8653000.0,
        "Research And Development": 3116000.0,
        "Selling General And Administration": 5537000.0,
        "Selling And Marketing Expense": 2349000.0,
        "General And Administrative Expense": 3188000.0,
        "Other Gand A": 3188000.0,
        "Gross Profit": 6148000.0,
        "Cost Of Revenue": 9036000.0,
        "Total Revenue": 15184000.0,
        "Operating Revenue": 15184000.0
    },
    "2024-09-30": {
        "Tax Effect Of Unusual Items": 0.0,
        "Tax Rate For Calcs": 0.021715,
        "Normalized EBITDA": -931000.0,
        "Net Income From Continuing Operation Net Minority Interest": -1757000.0,
        "Reconciled Depreciation": 883000.0,
        "Reconciled Cost Of Revenue": 9387000.0,
        "EBITDA": -931000.0,
        "EBIT": -1814000.0,
        "Net Interest Income": 29000.0,
        "Interest Income": 29000.0,
        "Normalized Income": -1757000.0,
        "Net Income From Continuing And Discontinued Operation": -1757000.0,
        "Total Expenses": 17915000.0,
        "Total Operating Income As Reported": -1814000.0,
        "Diluted Average Shares": 11315000.0,
        "Basic Average Shares": 11315000.0,
        "Diluted EPS": -0.16,
        "Basic EPS": -0.16,
        "Diluted NI Availto Com Stockholders": -1757000.0,
        "Net Income Common Stockholders": -1757000.0,
        "Net Income": -1757000.0,
        "Net Income Including Noncontrolling Interests": -1757000.0,
        "Net Income Continuous Operations": -1757000.0,
        "Tax Provision": -39000.0,
        "Pretax Income": -1796000.0,
        "Other Income Expense": -11000.0,
        "Other Non Operating Income Expenses": -11000.0,
        "Net Non Operating Interest Income Expense": 29000.0,
        "Interest Income Non Operating": 29000.0,
        "Operating Income": -1814000.0,
        "Operating Expense": 8528000.0,
        "Research And Development": 2855000.0,
        "Selling General And Administration": 5673000.0,
        "Selling And Marketing Expense": 2395000.0,
        "General And Administrative Expense": 3278000.0,
        "Other Gand A": 3278000.0,
        "Gross Profit": 6714000.0,
        "Cost Of Revenue": 9387000.0,
        "Total Revenue": 16101000.0,
        "Operating Revenue": 16101000.0
    },
    "2024-12-31": {
        "Tax Effect Of Unusual Items": 0.0,
        "Tax Rate For Calcs": 0.003553,
        "Normalized EBITDA": -1054000.0,
        "Net Income From Continuing Operation Net Minority Interest": -1963000.0,
        "Reconciled Depreciation": 926000.0,
        "Reconciled Cost Of Revenue": 8719000.0,
        "EBITDA": -1054000.0,
        "EBIT": -1980000.0,
        "Net Interest Income": 33000.0,
        "Interest Income": 33000.0,
        "Normalized Income": -1963000.0,
        "Net Income From Continuing And Discontinued Operation": -1963000.0,
        "Total Expenses": 17063000.0,
        "Total Operating Income As Reported": -1980000.0,
        "Diluted Average Shares": 11416000.0,
        "Basic Average Shares": 11416000.0,
        "Diluted EPS": -0.17,
        "Basic EPS": -0.17,
        "Diluted NI Availto Com Stockholders": -1963000.0,
        "Net Income Common Stockholders": -1963000.0,
        "Net Income": -1963000.0,
        "Net Income Including Noncontrolling Interests": -1963000.0,
        "Net Income Continuous Operations": -1963000.0,
        "Tax Provision": -7000.0,
        "Pretax Income": -1970000.0,
        "Other Income Expense": -23000.0,
        "Other Non Operating Income Expenses": -23000.0,
        "Net Non Operating Interest Income Expense": 33000.0,
        "Interest Income Non Operating": 33000.0,
        "Operating Income": -1980000.0,
        "Operating Expense": 8344000.0,
        "Research And Development": 2773000.0,
        "Selling General And Administration": 5571000.0,
        "Selling And Marketing Expense": 2301000.0,
        "General And Administrative Expense": 3270000.0,
        "Other Gand A": 3270000.0,
        "Gross Profit": 6364000.0,
        "Cost Of Revenue": 8719000.0,
        "Total Revenue": 15083000.0,
        "Operating Revenue": 15083000.0
    },
    "2025-03-31": {
        "Tax Effect Of Unusual Items": 0.0,
        "Tax Rate For Calcs": 0.21,
        "Normalized EBITDA": -2177000.0,
        "Net Income From Continuing Operation Net Minority Interest": -1546000.0,
        "Reconciled Depreciation": 919000.0,
        "Reconciled Cost Of Revenue": 6853000.0,
        "EBITDA": -2177000.0,
        "EBIT": -3096000.0,
        "Net Interest Income": 221000.0,
        "Interest Income": 221000.0,
        "Normalized Income": -1546000.0,
        "Net Income From Continuing And Discontinued Operation": -1546000.0,
        "Total Expenses": 15109000.0,
        "Total Operating Income As Reported": -3096000.0,
        "Diluted Average Shares": 11579000.0,
        "Basic Average Shares": 11579000.0,
        "Diluted EPS": -0.13,
        "Basic EPS": -0.13,
        "Diluted NI Availto Com Stockholders": -1546000.0,
        "Net Income Common Stockholders": -1546000.0,
        "Net Income": -1546000.0,
        "Net Income Including Noncontrolling Interests": -1546000.0,
        "Net Income Continuous Operations": -1546000.0,
        "Tax Provision": 24000.0,
        "Pretax Income": -1522000.0,
        "Other Income Expense": 1353000.0,
        "Other Non Operating Income Expenses": 1353000.0,
        "Net Non Operating Interest Income Expense": 221000.0,
        "Interest Income Non Operating": 221000.0,
        "Operating Income": -3096000.0,
        "Operating Expense": 8256000.0,
        "Research And Development": 2498000.0,
        "Selling General And Administration": 5758000.0,
        "Selling And Marketing Expense": 2464000.0,
        "General And Administrative Expense": 3294000.0,
        "Other Gand A": 3294000.0,
        "Gross Profit": 5160000.0,
        "Cost Of Revenue": 6853000.0,
        "Total Revenue": 12013000.0,
        "Operating Revenue": 12013000.0
    },
    "2025-06-30": {
        "Tax Effect Of Unusual Items": 0.0,
        "Tax Rate For Calcs": 0.21,
        "Normalized EBITDA": -1090000.0,
        "Net Income From Continuing Operation Net Minority Interest": -1475000.0,
        "Reconciled Depreciation": 910000.0,
        "Reconciled Cost Of Revenue": 7784000.0,
        "EBITDA": -1090000.0,
        "EBIT": -2000000.0,
        "Net Interest Income": 100000.0,
        "Interest Income": 100000.0,
        "Normalized Income": -1475000.0,
        "Net Income From Continuing And Discontinued Operation": -1475000.0,
        "Total Expenses": 15623000.0,
        "Total Operating Income As Reported": -2000000.0,
        "Diluted Average Shares": 11841000.0,
        "Basic Average Shares": 11841000.0,
        "Diluted EPS": -0.12,
        "Basic EPS": -0.12,
        "Diluted NI Availto Com Stockholders": -1475000.0,
        "Net Income Common Stockholders": -1475000.0,
        "Net Income": -1475000.0,
        "Net Income Including Noncontrolling Interests": -1475000.0,
        "Net Income Continuous Operations": -1475000.0,
        "Tax Provision": 14000.0,
        "Pretax Income": -1461000.0,
        "Other Income Expense": 439000.0,
        "Other Non Operating Income Expenses": 439000.0,
        "Net Non Operating Interest Income Expense": 100000.0,
        "Interest Income Non Operating": 100000.0,
        "Operating Income": -2000000.0,
        "Operating Expense": 7839000.0,
        "Research And Development": 2553000.0,
        "Selling General And Administration": 5286000.0,
        "Selling And Marketing Expense": 2419000.0,
        "General And Administrative Expense": 2867000.0,
        "Other Gand A": 2867000.0,
        "Gross Profit": 5839000.0,
        "Cost Of Revenue": 7784000.0,
        "Total Revenue": 13623000.0,
        "Operating Revenue": 13623000.0
    }
}