{
    "2023-03-31": {
        "Tax Effect Of Unusual Items": NaN,
        "Tax Rate For Calcs": NaN,
        "Normalized EBITDA": NaN,
        "Total Unusual Items": -5676000.0,
        "Total Unusual Items Excluding Goodwill": -5676000.0,
        "Net Income From Continuing Operation Net Minority Interest": NaN,
        "Reconciled Depreciation": NaN,
        "Reconciled Cost Of Revenue": NaN,
        "EBITDA": NaN,
        "EBIT": NaN,
        "Net Interest Income": NaN,
        "Interest Expense": NaN,
        "Normalized Income": NaN,
        "Net Income From Continuing And Discontinued Operation": NaN,
        "Total Expenses": NaN,
        "Total Operating Income As Reported": NaN,
        "Diluted Average Shares": NaN,
        "Basic Average Shares": NaN,
        "Diluted EPS": NaN,
        "Basic EPS": NaN,
        "Diluted NI Availto Com Stockholders": NaN,
        "Net Income Common Stockholders": NaN,
        "Net Income": NaN,
        "Minority Interests": NaN,
        "Net Income Including Noncontrolling Interests": NaN,
        "Net Income Continuous Operations": NaN,
        "Tax Provision": NaN,
        "Pretax Income": NaN,
        "Other Income Expense": NaN,
        "Other Non Operating Income Expenses": NaN,
        "Special Income Charges": -5676000.0,
        "Gain On Sale Of Ppe": -10000.0,
        "Write Off": 5666000.0,
        "Impairment Of Capital Assets": 0.0,
        "Earnings From Equity Interest": NaN,
        "Net Non Operating Interest Income Expense": NaN,
        "Interest Expense Non Operating": NaN,
        "Operating Income": NaN,
        "Operating Expense": NaN,
        "Other Operating Expenses": NaN,
        "Selling General And Administration": NaN,
        "General And Administrative Expense": NaN,
        "Other Gand A": NaN,
        "Gross Profit": NaN,
        "Cost Of Revenue": NaN,
        "Total Revenue": NaN,
        "Operating Revenue": NaN
    },
    "2022-12-31": {
        "Tax Effect Of Unusual Items": NaN,
        "Tax Rate For Calcs": NaN,
        "Normalized EBITDA": NaN,
        "Total Unusual Items": -638000.0,
        "Total Unusual Items Excluding Goodwill": -638000.0,
        "Net Income From Continuing Operation Net Minority Interest": NaN,
        "Reconciled Depreciation": NaN,
        "Reconciled Cost Of Revenue": NaN,
        "EBITDA": NaN,
        "EBIT": NaN,
        "Net Interest Income": NaN,
        "Interest Expense": NaN,
        "Normalized Income": NaN,
        "Net Income From Continuing And Discontinued Operation": NaN,
        "Total Expenses": NaN,
        "Total Operating Income As Reported": NaN,
        "Diluted Average Shares": 2836000.0,
        "Basic Average Shares": 2836000.0,
        "Diluted EPS": -0.21,
        "Basic EPS": -0.21,
        "Diluted NI Availto Com Stockholders": NaN,
        "Net Income Common Stockholders": NaN,
        "Net Income": NaN,
        "Minority Interests": NaN,
        "Net Income Including Noncontrolling Interests": NaN,
        "Net Income Continuous Operations": NaN,
        "Tax Provision": NaN,
        "Pretax Income": NaN,
        "Other Income Expense": NaN,
        "Other Non Operating Income Expenses": NaN,
        "Special Income Charges": -638000.0,
        "Gain On Sale Of Ppe": 0.0,
        "Write Off": 638000.0,
        "Impairment Of Capital Assets": 0.0,
        "Earnings From Equity Interest": NaN,
        "Net Non Operating Interest Income Expense": NaN,
        "Interest Expense Non Operating": NaN,
        "Operating Income": NaN,
        "Operating Expense": NaN,
        "Other Operating Expenses": NaN,
        "Selling General And Administration": NaN,
        "General And Administrative Expense": NaN,
        "Other Gand A": NaN,
        "Gross Profit": NaN,
        "Cost Of Revenue": NaN,
        "Total Revenue": NaN,
        "Operating Revenue": NaN
    },
    "2022-09-30": {
        "Tax Effect Of Unusual Items": NaN,
        "Tax Rate For Calcs": NaN,
        "Normalized EBITDA": NaN,
        "Total Unusual Items": NaN,
        "Total Unusual Items Excluding Goodwill": NaN,
        "Net Income From Continuing Operation Net Minority Interest": NaN,
        "Reconciled Depreciation": NaN,
        "Reconciled Cost Of Revenue": NaN,
        "EBITDA": NaN,
        "EBIT": NaN,
        "Net Interest Income": NaN,
        "Interest Expense": NaN,
        "Normalized Income": NaN,
        "Net Income From Continuing And Discontinued Operation": NaN,
        "Total Expenses": NaN,
        "Total Operating Income As Reported": NaN,
        "Diluted Average Shares": 2865000.0,
        "Basic Average Shares": 2865000.0,
        "Diluted EPS": -0.43,
        "Basic EPS": -0.43,
        "Diluted NI Availto Com Stockholders": NaN,
        "Net Income Common Stockholders": NaN,
        "Net Income": NaN,
        "Minority Interests": NaN,
        "Net Income Including Noncontrolling Interests": NaN,
        "Net Income Continuous Operations": NaN,
        "Tax Provision": NaN,
        "Pretax Income": NaN,
        "Other Income Expense": NaN,
        "Other Non Operating Income Expenses": NaN,
        "Special Income Charges": NaN,
        "Gain On Sale Of Ppe": 1000.0,
        "Write Off": NaN,
        "Impairment Of Capital Assets": NaN,
        "Earnings From Equity Interest": NaN,
        "Net Non Operating Interest Income Expense": NaN,
        "Interest Expense Non Operating": NaN,
        "Operating Income": NaN,
        "Operating Expense": NaN,
        "Selling General And Administration": NaN,
        "General And Administrative Expense": NaN,
        "Other Gand A": NaN,
        "Gross Profit": NaN,
        "Cost Of Revenue": NaN,
        "Total Revenue": NaN,
        "Operating Revenue": NaN
    },
    "2022-06-30": {
        "Tax Effect Of Unusual Items": 800.0,
        "Tax Rate For Calcs": 0.4,
        "Normalized EBITDA": 2071000.0,
        "Total Unusual Items": 2000.0,
        "Total Unusual Items Excluding Goodwill": 2000.0,
        "Net Income From Continuing Operation Net Minority Interest": -1433000.0,
        "Reconciled Depreciation": 861000.0,
        "Reconciled Cost Of Revenue": 38249000.0,
        "EBITDA": 2073000.0,
        "EBIT": 1212000.0,
        "Net Interest Income": -1822000.0,
        "Interest Expense": 1822000.0,
        "Normalized Income": -1434200.0,
        "Net Income From Continuing And Discontinued Operation": -1433000.0,
        "Total Expenses": 50030000.0,
        "Total Operating Income As Reported": 834000.0,
        "Diluted Average Shares": 2866000.0,
        "Basic Average Shares": 2866000.0,
        "Diluted EPS": -0.5,
        "Basic EPS": -0.5,
        "Diluted NI Availto Com Stockholders": -1433000.0,
        "Net Income Common Stockholders": -1433000.0,
        "Net Income": -1433000.0,
        "Minority Interests": -631000.0,
        "Net Income Including Noncontrolling Interests": -802000.0,
        "Net Income Continuous Operations": -802000.0,
        "Tax Provision": 192000.0,
        "Pretax Income": -610000.0,
        "Other Income Expense": 380000.0,
        "Other Non Operating Income Expenses": -154000.0,
        "Special Income Charges": 2000.0,
        "Gain On Sale Of Ppe": 2000.0,
        "Write Off": NaN,
        "Impairment Of Capital Assets": NaN,
        "Earnings From Equity Interest": 532000.0,
        "Net Non Operating Interest Income Expense": -1822000.0,
        "Interest Expense Non Operating": 1822000.0,
        "Operating Income": 832000.0,
        "Operating Expense": 11781000.0,
        "Selling General And Administration": 11781000.0,
        "General And Administrative Expense": 11781000.0,
        "Other Gand A": 11781000.0,
        "Gross Profit": 12613000.0,
        "Cost Of Revenue": 38249000.0,
        "Total Revenue": 50862000.0,
        "Operating Revenue": 50862000.0
    },
    "2022-03-31": {
        "Diluted EPS": 1.52,
        "Total Revenue": 51,
        "Gross Profit": 13,
        "Operating Income": 8,
        "EBIT": 9,
        "Net Income": 4
    },
    "2021-12-31": {
        "Diluted EPS": -0.44,
        "Total Revenue": 45,
        "Gross Profit": 10,
        "Operating Income": 0,
        "EBIT": 0,
        "Net Income": -1
    },
    "2021-09-30": {
        "Diluted EPS": 2.6,
        "Total Revenue": 43,
        "Gross Profit": 10,
        "Operating Income": 1,
        "EBIT": 1,
        "Net Income": 8
    },
    "2021-06-30": {
        "Diluted EPS": 0.1,
        "Total Revenue": 37,
        "Gross Profit": 9,
        "Operating Income": 0,
        "EBIT": 0,
        "Net Income": 0
    },
    "2021-03-31": {
        "Diluted EPS": -1.96,
        "Total Revenue": 47,
        "Gross Profit": 10,
        "Operating Income": -6,
        "EBIT": -6,
        "Net Income": -6
    },
    "2020-12-31": {
        "Diluted EPS": 0.73,
        "Total Revenue": 56,
        "Gross Profit": 10,
        "Operating Income": 1,
        "EBIT": 2,
        "Net Income": 2
    },
    "2020-09-30": {
        "Diluted EPS": -1.01,
        "Total Revenue": 36,
        "Gross Profit": 7,
        "Operating Income": -4,
        "EBIT": -3,
        "Net Income": -3
    },
    "2020-06-30": {
        "Diluted EPS": -0.29,
        "Total Revenue": 37,
        "Gross Profit": 8,
        "Operating Income": 0,
        "EBIT": 0,
        "Net Income": -1
    },
    "2020-03-31": {
        "Diluted EPS": 0.2,
        "Total Revenue": 66,
        "Gross Profit": 14,
        "Operating Income": 2,
        "EBIT": 3,
        "Net Income": 1
    },
    "2019-12-31": {
        "Diluted EPS": -0.14,
        "Total Revenue": 73,
        "Gross Profit": 14,
        "Operating Income": 4,
        "EBIT": 5,
        "Net Income": 0
    },
    "2019-09-30": {
        "Diluted EPS": 1.88,
        "Total Revenue": 51,
        "Gross Profit": 12,
        "Operating Income": 0,
        "EBIT": 2,
        "Net Income": 6
    },
    "2019-06-30": {
        "Diluted EPS": 0.79,
        "Total Revenue": 47,
        "Gross Profit": 13,
        "Operating Income": 1,
        "EBIT": 3,
        "Net Income": 2
    },
    "2019-03-31": {
        "Diluted EPS": 0.84,
        "Total Revenue": 58,
        "Gross Profit": 16,
        "Operating Income": 6,
        "EBIT": 8,
        "Net Income": 3
    },
    "2018-12-31": {
        "Diluted EPS": -0.89,
        "Total Revenue": 55,
        "Gross Profit": 13,
        "Operating Income": 2,
        "EBIT": 4,
        "Net Income": -3
    },
    "2018-09-30": {
        "Diluted EPS": -0.43,
        "Total Revenue": 41,
        "Gross Profit": 9,
        "Operating Income": -1,
        "EBIT": 1,
        "Net Income": -1
    },
    "2018-06-30": {
        "Diluted EPS": 0.92,
        "Total Revenue": 61,
        "Gross Profit": 13,
        "Operating Income": 3,
        "EBIT": 4,
        "Net Income": 3
    },
    "2018-03-31": {
        "Diluted EPS": 0.88,
        "Total Revenue": 53,
        "Gross Profit": 10,
        "Operating Income": 1,
        "EBIT": 2,
        "Net Income": 2
    },
    "2017-12-31": {
        "Diluted EPS": -0.22,
        "Total Revenue": 45,
        "Gross Profit": 9,
        "Operating Income": 1,
        "EBIT": 1,
        "Net Income": -1
    },
    "2017-09-30": {
        "Diluted EPS": 0.14,
        "Total Revenue": 49,
        "Gross Profit": 8,
        "Operating Income": 0,
        "EBIT": 1,
        "Net Income": 0
    },
    "2017-06-30": {
        "Diluted EPS": 0.31,
        "Total Revenue": 48,
        "Gross Profit": 9,
        "Operating Income": 2,
        "EBIT": 3,
        "Net Income": 1
    },
    "2017-03-31": {
        "Diluted EPS": -0.15,
        "Total Revenue": 44,
        "Gross Profit": 8,
        "Operating Income": 1,
        "EBIT": 2,
        "Net Income": 0
    },
    "2016-12-31": {
        "Diluted EPS": 0.4,
        "Total Revenue": 36,
        "Gross Profit": 7,
        "Operating Income": 2,
        "EBIT": 2,
        "Net Income": 1
    },
    "2016-09-30": {
        "Diluted EPS": 0.35,
        "Total Revenue": 39,
        "Gross Profit": 7,
        "Operating Income": 1,
        "EBIT": 1,
        "Net Income": 1
    },
    "2016-06-30": {
        "Diluted EPS": -1.61,
        "Total Revenue": 30,
        "Gross Profit": 1,
        "Operating Income": -7,
        "EBIT": -5,
        "Net Income": -6
    },
    "2016-03-31": {
        "Diluted EPS": -0.38,
        "Total Revenue": 35,
        "Gross Profit": 5,
        "Operating Income": -2,
        "EBIT": -2,
        "Net Income": -1
    },
    "2015-12-31": {
        "Diluted EPS": 0.76,
        "Total Revenue": 47,
        "Gross Profit": 9,
        "Operating Income": 4,
        "EBIT": 4,
        "Net Income": 3
    },
    "2015-09-30": {
        "Diluted EPS": 1.05,
        "Total Revenue": 45,
        "Gross Profit": 9,
        "Operating Income": 6,
        "EBIT": 6,
        "Net Income": 4
    },
    "2015-06-30": {
        "Diluted EPS": -0.21,
        "Total Revenue": 22,
        "Gross Profit": 3,
        "Operating Income": -1,
        "EBIT": -1,
        "Net Income": -1
    },
    "2015-03-31": {
        "Diluted EPS": -0.25,
        "Total Revenue": 25,
        "Gross Profit": 3,
        "Operating Income": -1,
        "EBIT": -1,
        "Net Income": -1
    },
    "2014-12-31": {
        "Diluted EPS": 0.41,
        "Total Revenue": 31,
        "Gross Profit": 5,
        "Operating Income": 2,
        "EBIT": 2,
        "Net Income": 1
    },
    "2014-09-30": {
        "Diluted EPS": 0.51,
        "Total Revenue": 35,
        "Gross Profit": 6,
        "Operating Income": 3,
        "EBIT": 3,
        "Net Income": 2
    },
    "2014-06-30": {
        "Diluted EPS": 0.02,
        "Total Revenue": 22,
        "Gross Profit": 3,
        "Operating Income": 0,
        "EBIT": 0,
        "Net Income": 0
    },
    "2014-03-31": {
        "Diluted EPS": 0.11,
        "Total Revenue": 25,
        "Gross Profit": 4,
        "Operating Income": 1,
        "EBIT": 1,
        "Net Income": 0
    },
    "2013-12-31": {
        "Diluted EPS": 0.13,
        "Total Revenue": 30,
        "Gross Profit": 5,
        "Operating Income": 1,
        "EBIT": 1,
        "Net Income": 0
    },
    "2013-09-30": {
        "Diluted EPS": 0.12,
        "Total Revenue": 24,
        "Gross Profit": 4,
        "Operating Income": 1,
        "EBIT": 1,
        "Net Income": 0
    },
    "2013-06-30": {
        "Diluted EPS": 0.04,
        "Total Revenue": 21,
        "Gross Profit": 3,
        "Operating Income": 0,
        "EBIT": 0,
        "Net Income": 0
    },
    "2013-03-31": {
        "Diluted EPS": 0.11,
        "Total Revenue": 31,
        "Gross Profit": 4,
        "Operating Income": 1,
        "EBIT": 1,
        "Net Income": 0
    },
    "2012-12-31": {
        "Diluted EPS": 0.17,
        "Total Revenue": 27,
        "Gross Profit": 4,
        "Operating Income": 1,
        "EBIT": 1,
        "Net Income": 1
    },
    "2012-09-30": {
        "Diluted EPS": 0.06,
        "Total Revenue": 21,
        "Gross Profit": 3,
        "Operating Income": 0,
        "EBIT": 0,
        "Net Income": 0
    },
    "2012-06-30": {
        "Diluted EPS": 0.11,
        "Total Revenue": 24,
        "Gross Profit": 3,
        "Operating Income": 1,
        "EBIT": 1,
        "Net Income": 0
    },
    "2012-03-31": {
        "Diluted EPS": 0.0,
        "Total Revenue": 22,
        "Gross Profit": 3,
        "Operating Income": 0,
        "EBIT": 0,
        "Net Income": 0
    },
    "2011-12-31": {
        "Diluted EPS": 0.16,
        "Total Revenue": 26,
        "Gross Profit": 4,
        "Operating Income": 1,
        "EBIT": 1,
        "Net Income": 1
    },
    "2011-09-30": {
        "Diluted EPS": 0.16,
        "Total Revenue": 25,
        "Gross Profit": 4,
        "Operating Income": 1,
        "EBIT": 1,
        "Net Income": 1
    },
    "2011-06-30": {
        "Diluted EPS": 0.05,
        "Total Revenue": 17,
        "Gross Profit": 3,
        "Operating Income": 0,
        "EBIT": 0,
        "Net Income": 0
    },
    "2011-03-31": {
        "Diluted EPS": 0.19,
        "Total Revenue": 26,
        "Gross Profit": 4,
        "Operating Income": 1,
        "EBIT": 1,
        "Net Income": 1
    },
    "2010-12-31": {
        "Diluted EPS": 0.16,
        "Total Revenue": 22,
        "Gross Profit": 4,
        "Operating Income": 1,
        "EBIT": 1,
        "Net Income": 1
    },
    "2010-09-30": {
        "Diluted EPS": 0.15,
        "Total Revenue": 20,
        "Gross Profit": 3,
        "Operating Income": 1,
        "EBIT": 1,
        "Net Income": 1
    },
    "2010-06-30": {
        "Diluted EPS": 0.08,
        "Total Revenue": 15,
        "Gross Profit": 3,
        "Operating Income": 0,
        "EBIT": 1,
        "Net Income": 0
    },
    "2010-03-31": {
        "Diluted EPS": 0.15,
        "Total Revenue": 20,
        "Gross Profit": 4,
        "Operating Income": 1,
        "EBIT": 1,
        "Net Income": 1
    },
    "2009-12-31": {
        "Diluted EPS": 0.34,
        "Total Revenue": 22,
        "Gross Profit": 4,
        "Operating Income": 2,
        "EBIT": 2,
        "Net Income": 1
    },
    "2009-09-30": {
        "Diluted EPS": 0.23,
        "Total Revenue": 20,
        "Gross Profit": 4,
        "Operating Income": 1,
        "EBIT": 1,
        "Net Income": 1
    },
    "2009-06-30": {
        "Diluted EPS": 0.31,
        "Total Revenue": 19,
        "Gross Profit": 4,
        "Operating Income": 2,
        "EBIT": 2,
        "Net Income": 1
    },
    "2009-03-31": {
        "Diluted EPS": 0.37,
        "Total Revenue": 21,
        "Gross Profit": 4,
        "Operating Income": 1,
        "EBIT": 1,
        "Net Income": 1
    },
    "2023-06-30": {
        "Tax Effect Of Unusual Items": NaN,
        "Tax Rate For Calcs": NaN,
        "Normalized EBITDA": NaN,
        "Total Unusual Items": NaN,
        "Total Unusual Items Excluding Goodwill": NaN,
        "Net Income From Continuing Operation Net Minority Interest": NaN,
        "Reconciled Depreciation": NaN,
        "Reconciled Cost Of Revenue": NaN,
        "EBITDA": NaN,
        "EBIT": NaN,
        "Net Interest Income": NaN,
        "Interest Expense": NaN,
        "Normalized Income": NaN,
        "Net Income From Continuing And Discontinued Operation": NaN,
        "Total Expenses": NaN,
        "Total Operating Income As Reported": NaN,
        "Diluted Average Shares": NaN,
        "Basic Average Shares": NaN,
        "Diluted EPS": NaN,
        "Basic EPS": NaN,
        "Diluted NI Availto Com Stockholders": NaN,
        "Net Income Common Stockholders": NaN,
        "Net Income": NaN,
        "Minority Interests": NaN,
        "Net Income Including Noncontrolling Interests": NaN,
        "Net Income Continuous Operations": NaN,
        "Tax Provision": NaN,
        "Pretax Income": NaN,
        "Other Income Expense": NaN,
        "Other Non Operating Income Expenses": NaN,
        "Special Income Charges": NaN,
        "Write Off": NaN,
        "Impairment Of Capital Assets": NaN,
        "Earnings From Equity Interest": NaN,
        "Net Non Operating Interest Income Expense": NaN,
        "Interest Expense Non Operating": NaN,
        "Operating Income": NaN,
        "Operating Expense": NaN,
        "Other Operating Expenses": 892000.0,
        "Selling General And Administration": NaN,
        "General And Administrative Expense": NaN,
        "Other Gand A": NaN,
        "Gross Profit": NaN,
        "Cost Of Revenue": NaN,
        "Total Revenue": NaN,
        "Operating Revenue": NaN
    },
    "2023-09-30": {
        "Tax Effect Of Unusual Items": NaN,
        "Tax Rate For Calcs": NaN,
        "Normalized EBITDA": NaN,
        "Total Unusual Items": 3000.0,
        "Total Unusual Items Excluding Goodwill": 3000.0,
        "Net Income From Continuing Operation Net Minority Interest": NaN,
        "Reconciled Depreciation": NaN,
        "Reconciled Cost Of Revenue": NaN,
        "EBITDA": NaN,
        "EBIT": NaN,
        "Net Interest Income": NaN,
        "Interest Expense": NaN,
        "Normalized Income": NaN,
        "Net Income From Continuing And Discontinued Operation": NaN,
        "Total Expenses": NaN,
        "Total Operating Income As Reported": NaN,
        "Diluted Average Shares": 2820000.0,
        "Basic Average Shares": 2820000.0,
        "Diluted EPS": -0.57,
        "Basic EPS": -0.57,
        "Diluted NI Availto Com Stockholders": NaN,
        "Net Income Common Stockholders": NaN,
        "Net Income": NaN,
        "Minority Interests": NaN,
        "Net Income Including Noncontrolling Interests": NaN,
        "Net Income Continuous Operations": NaN,
        "Tax Provision": NaN,
        "Pretax Income": NaN,
        "Other Income Expense": NaN,
        "Other Non Operating Income Expenses": NaN,
        "Special Income Charges": 3000.0,
        "Write Off": -3000.0,
        "Impairment Of Capital Assets": 0.0,
        "Earnings From Equity Interest": NaN,
        "Net Non Operating Interest Income Expense": NaN,
        "Interest Expense Non Operating": NaN,
        "Operating Income": NaN,
        "Operating Expense": NaN,
        "Other Operating Expenses": NaN,
        "Selling General And Administration": NaN,
        "General And Administrative Expense": NaN,
        "Other Gand A": NaN,
        "Gross Profit": NaN,
        "Cost Of Revenue": NaN,
        "Total Revenue": NaN,
        "Operating Revenue": NaN
    },
    "2023-12-31": {
        "Tax Effect Of Unusual Items": NaN,
        "Tax Rate For Calcs": NaN,
        "Normalized EBITDA": NaN,
        "Total Unusual Items": -321000.0,
        "Total Unusual Items Excluding Goodwill": -321000.0,
        "Net Income From Continuing Operation Net Minority Interest": NaN,
        "Reconciled Depreciation": NaN,
        "Reconciled Cost Of Revenue": NaN,
        "EBITDA": NaN,
        "EBIT": NaN,
        "Net Interest Income": NaN,
        "Interest Expense": NaN,
        "Normalized Income": NaN,
        "Net Income From Continuing And Discontinued Operation": NaN,
        "Total Expenses": NaN,
        "Total Operating Income As Reported": NaN,
        "Diluted Average Shares": 2822000.0,
        "Basic Average Shares": 2822000.0,
        "Diluted EPS": -1.06,
        "Basic EPS": -1.06,
        "Diluted NI Availto Com Stockholders": NaN,
        "Net Income Common Stockholders": NaN,
        "Net Income": NaN,
        "Minority Interests": NaN,
        "Net Income Including Noncontrolling Interests": NaN,
        "Net Income Continuous Operations": NaN,
        "Tax Provision": NaN,
        "Pretax Income": NaN,
        "Other Income Expense": NaN,
        "Other Non Operating Income Expenses": NaN,
        "Special Income Charges": -321000.0,
        "Write Off": 321000.0,
        "Impairment Of Capital Assets": 0.0,
        "Restructuring And Mergern Acquisition": NaN,
        "Earnings From Equity Interest": NaN,
        "Net Non Operating Interest Income Expense": NaN,
        "Interest Expense Non Operating": NaN,
        "Operating Income": NaN,
        "Operating Expense": NaN,
        "Other Operating Expenses": 603000.0,
        "Selling General And Administration": NaN,
        "General And Administrative Expense": NaN,
        "Other Gand A": NaN,
        "Gross Profit": NaN,
        "Cost Of Revenue": NaN,
        "Total Revenue": NaN,
        "Operating Revenue": NaN
    },
    "2024-03-31": {
        "Tax Effect Of Unusual Items": NaN,
        "Tax Rate For Calcs": NaN,
        "Normalized EBITDA": NaN,
        "Total Unusual Items": -887000.0,
        "Total Unusual Items Excluding Goodwill": -887000.0,
        "Net Income From Continuing Operation Net Minority Interest": NaN,
        "Reconciled Depreciation": NaN,
        "Reconciled Cost Of Revenue": NaN,
        "EBITDA": NaN,
        "EBIT": NaN,
        "Net Interest Income": NaN,
        "Interest Expense": NaN,
        "Normalized Income": NaN,
        "Net Income From Continuing And Discontinued Operation": NaN,
        "Total Expenses": NaN,
        "Total Operating Income As Reported": NaN,
        "Diluted Average Shares": NaN,
        "Basic Average Shares": NaN,
        "Diluted EPS": NaN,
        "Basic EPS": NaN,
        "Diluted NI Availto Com Stockholders": NaN,
        "Net Income Common Stockholders": NaN,
        "Net Income": NaN,
        "Minority Interests": NaN,
        "Net Income Including Noncontrolling Interests": NaN,
        "Net Income Continuous Operations": NaN,
        "Tax Provision": NaN,
        "Pretax Income": NaN,
        "Other Income Expense": NaN,
        "Other Non Operating Income Expenses": NaN,
        "Special Income Charges": -887000.0,
        "Gain On Sale Of Ppe": NaN,
        "Write Off": 869000.0,
        "Impairment Of Capital Assets": 0.0,
        "Restructuring And Mergern Acquisition": NaN,
        "Earnings From Equity Interest": NaN,
        "Net Non Operating Interest Income Expense": NaN,
        "Interest Expense Non Operating": NaN,
        "Operating Income": NaN,
        "Operating Expense": NaN,
        "Other Operating Expenses": NaN,
        "Selling General And Administration": NaN,
        "General And Administrative Expense": NaN,
        "Other Gand A": NaN,
        "Gross Profit": NaN,
        "Cost Of Revenue": NaN,
        "Total Revenue": NaN,
        "Operating Revenue": NaN
    },
    "2024-06-30": {
        "Tax Effect Of Unusual Items": NaN,
        "Tax Rate For Calcs": NaN,
        "Normalized EBITDA": NaN,
        "Total Unusual Items": 20000.0,
        "Total Unusual Items Excluding Goodwill": 20000.0,
        "Net Income From Continuing Operation Net Minority Interest": NaN,
        "Reconciled Depreciation": NaN,
        "Reconciled Cost Of Revenue": NaN,
        "EBITDA": NaN,
        "EBIT": NaN,
        "Net Interest Income": NaN,
        "Interest Expense": NaN,
        "Normalized Income": NaN,
        "Net Income From Continuing And Discontinued Operation": NaN,
        "Total Expenses": NaN,
        "Total Operating Income As Reported": NaN,
        "Diluted Average Shares": 2761000.0,
        "Basic Average Shares": 2761000.0,
        "Diluted EPS": -0.12,
        "Basic EPS": -0.12,
        "Diluted NI Availto Com Stockholders": NaN,
        "Net Income Common Stockholders": NaN,
        "Net Income": NaN,
        "Minority Interests": NaN,
        "Net Income Including Noncontrolling Interests": NaN,
        "Net Income Continuous Operations": NaN,
        "Tax Provision": NaN,
        "Pretax Income": NaN,
        "Other Income Expense": NaN,
        "Other Non Operating Income Expenses": NaN,
        "Special Income Charges": 20000.0,
        "Gain On Sale Of Ppe": NaN,
        "Write Off": NaN,
        "Impairment Of Capital Assets": NaN,
        "Restructuring And Mergern Acquisition": -20000.0,
        "Earnings From Equity Interest": NaN,
        "Net Non Operating Interest Income Expense": NaN,
        "Interest Expense Non Operating": NaN,
        "Operating Income": NaN,
        "Operating Expense": NaN,
        "Other Operating Expenses": 285000.0,
        "Selling General And Administration": NaN,
        "General And Administrative Expense": NaN,
        "Other Gand A": NaN,
        "Gross Profit": NaN,
        "Cost Of Revenue": NaN,
        "Total Revenue": NaN,
        "Operating Revenue": NaN
    },
    "2024-09-30": {
        "Tax Effect Of Unusual Items": -28458.0,
        "Tax Rate For Calcs": 0.102,
        "Normalized EBITDA": 6689000.0,
        "Total Unusual Items": -279000.0,
        "Total Unusual Items Excluding Goodwill": -279000.0,
        "Net Income From Continuing Operation Net Minority Interest": 2520000.0,
        "Reconciled Depreciation": 949000.0,
        "Reconciled Cost Of Revenue": 63141000.0,
        "EBITDA": 6410000.0,
        "EBIT": 5461000.0,
        "Net Interest Income": -2162000.0,
        "Interest Expense": 2162000.0,
        "Normalized Income": 2770542.0,
        "Net Income From Continuing And Discontinued Operation": 2520000.0,
        "Total Expenses": 77343000.0,
        "Total Operating Income As Reported": 3620000.0,
        "Diluted Average Shares": 2760000.0,
        "Basic Average Shares": 2760000.0,
        "Diluted EPS": 0.91,
        "Basic EPS": 0.91,
        "Diluted NI Availto Com Stockholders": 2520000.0,
        "Net Income Common Stockholders": 2520000.0,
        "Net Income": 2520000.0,
        "Minority Interests": -443000.0,
        "Net Income Including Noncontrolling Interests": 2963000.0,
        "Net Income Continuous Operations": 2963000.0,
        "Tax Provision": 336000.0,
        "Pretax Income": 3299000.0,
        "Other Income Expense": 1562000.0,
        "Other Non Operating Income Expenses": -505000.0,
        "Special Income Charges": -279000.0,
        "Gain On Sale Of Ppe": 0.0,
        "Write Off": NaN,
        "Impairment Of Capital Assets": NaN,
        "Restructuring And Mergern Acquisition": 279000.0,
        "Earnings From Equity Interest": 2346000.0,
        "Net Non Operating Interest Income Expense": -2162000.0,
        "Interest Expense Non Operating": 2162000.0,
        "Operating Income": 3899000.0,
        "Operating Expense": 14202000.0,
        "Other Operating Expenses": NaN,
        "Selling General And Administration": 14202000.0,
        "General And Administrative Expense": 14202000.0,
        "Other Gand A": 14202000.0,
        "Gross Profit": 18101000.0,
        "Cost Of Revenue": 63141000.0,
        "Total Revenue": 81242000.0,
        "Operating Revenue": 81242000.0
    },
    "2024-12-31": {
        "Tax Effect Of Unusual Items": 0.0,
        "Tax Rate For Calcs": 0.21,
        "Normalized EBITDA": 2994000.0,
        "Total Unusual Items": NaN,
        "Total Unusual Items Excluding Goodwill": NaN,
        "Net Income From Continuing Operation Net Minority Interest": -1297000.0,
        "Reconciled Depreciation": 1329000.0,
        "Reconciled Cost Of Revenue": 60890000.0,
        "EBITDA": 2994000.0,
        "EBIT": 1665000.0,
        "Net Interest Income": -2561000.0,
        "Interest Expense": 2561000.0,
        "Normalized Income": -1297000.0,
        "Net Income From Continuing And Discontinued Operation": -1297000.0,
        "Total Expenses": 76064000.0,
        "Total Operating Income As Reported": 1816000.0,
        "Diluted Average Shares": 2756000.0,
        "Basic Average Shares": 2756000.0,
        "Diluted EPS": -0.47,
        "Basic EPS": -0.47,
        "Diluted NI Availto Com Stockholders": -1297000.0,
        "Net Income Common Stockholders": -1297000.0,
        "Net Income": -1297000.0,
        "Minority Interests": -54000.0,
        "Net Income Including Noncontrolling Interests": -1243000.0,
        "Net Income Continuous Operations": -1243000.0,
        "Tax Provision": 347000.0,
        "Pretax Income": -896000.0,
        "Other Income Expense": -151000.0,
        "Other Non Operating Income Expenses": -812000.0,
        "Special Income Charges": NaN,
        "Gain On Sale Of Ppe": NaN,
        "Write Off": NaN,
        "Impairment Of Capital Assets": NaN,
        "Restructuring And Mergern Acquisition": NaN,
        "Earnings From Equity Interest": 661000.0,
        "Net Non Operating Interest Income Expense": -2561000.0,
        "Interest Expense Non Operating": 2561000.0,
        "Operating Income": 1816000.0,
        "Operating Expense": 15174000.0,
        "Other Operating Expenses": 993000.0,
        "Selling General And Administration": 14181000.0,
        "General And Administrative Expense": 14181000.0,
        "Other Gand A": 14181000.0,
        "Gross Profit": 16990000.0,
        "Cost Of Revenue": 60890000.0,
        "Total Revenue": 77880000.0,
        "Operating Revenue": 77880000.0
    },
    "2025-03-31": {
        "Tax Effect Of Unusual Items": 0.0,
        "Tax Rate For Calcs": 0.044175,
        "Normalized EBITDA": -4239000.0,
        "Total Unusual Items": NaN,
        "Total Unusual Items Excluding Goodwill": NaN,
        "Net Income From Continuing Operation Net Minority Interest": -7028000.0,
        "Reconciled Depreciation": 1318000.0,
        "Reconciled Cost Of Revenue": 56602000.0,
        "EBITDA": -4239000.0,
        "EBIT": -5557000.0,
        "Net Interest Income": -1884000.0,
        "Interest Expense": 1936000.0,
        "Normalized Income": -7028000.0,
        "Net Income From Continuing And Discontinued Operation": -7028000.0,
        "Total Expenses": 69109000.0,
        "Total Operating Income As Reported": -3229000.0,
        "Diluted Average Shares": NaN,
        "Basic Average Shares": NaN,
        "Diluted EPS": NaN,
        "Basic EPS": NaN,
        "Diluted NI Availto Com Stockholders": -7028000.0,
        "Net Income Common Stockholders": -7028000.0,
        "Net Income": -7028000.0,
        "Minority Interests": 134000.0,
        "Net Income Including Noncontrolling Interests": -7162000.0,
        "Net Income Continuous Operations": -7162000.0,
        "Tax Provision": -331000.0,
        "Pretax Income": -7493000.0,
        "Other Income Expense": -2815000.0,
        "Other Non Operating Income Expenses": 683000.0,
        "Special Income Charges": NaN,
        "Gain On Sale Of Ppe": NaN,
        "Write Off": NaN,
        "Impairment Of Capital Assets": NaN,
        "Restructuring And Mergern Acquisition": NaN,
        "Earnings From Equity Interest": -3230000.0,
        "Net Non Operating Interest Income Expense": -1884000.0,
        "Interest Expense Non Operating": 1936000.0,
        "Operating Income": -2794000.0,
        "Operating Expense": 12507000.0,
        "Other Operating Expenses": NaN,
        "Selling General And Administration": 15231000.0,
        "General And Administrative Expense": 15231000.0,
        "Other Gand A": 15231000.0,
        "Gross Profit": 9713000.0,
        "Cost Of Revenue": 56602000.0,
        "Total Revenue": 66315000.0,
        "Operating Revenue": 66315000.0
    },
    "2025-06-30": {
        "Tax Effect Of Unusual Items": 67747.211896,
        "Tax Rate For Calcs": 0.168525,
        "Normalized EBITDA": 2389000.0,
        "Total Unusual Items": 402000.0,
        "Total Unusual Items Excluding Goodwill": 402000.0,
        "Net Income From Continuing Operation Net Minority Interest": -1636000.0,
        "Reconciled Depreciation": 1284000.0,
        "Reconciled Cost Of Revenue": 54978000.0,
        "EBITDA": 2791000.0,
        "EBIT": 1507000.0,
        "Net Interest Income": -2314000.0,
        "Interest Expense": 2314000.0,
        "Normalized Income": -1970252.788104,
        "Net Income From Continuing And Discontinued Operation": -1636000.0,
        "Total Expenses": 70424000.0,
        "Total Operating Income As Reported": 446000.0,
        "Diluted Average Shares": 2703000.0,
        "Basic Average Shares": 2703000.0,
        "Diluted EPS": -0.61,
        "Basic EPS": -0.61,
        "Diluted NI Availto Com Stockholders": -1636000.0,
        "Net Income Common Stockholders": -1636000.0,
        "Net Income": -1636000.0,
        "Minority Interests": -965000.0,
        "Net Income Including Noncontrolling Interests": -671000.0,
        "Net Income Continuous Operations": -671000.0,
        "Tax Provision": -136000.0,
        "Pretax Income": -807000.0,
        "Other Income Expense": 1061000.0,
        "Other Non Operating Income Expenses": 678000.0,
        "Special Income Charges": 402000.0,
        "Gain On Sale Of Ppe": NaN,
        "Write Off": NaN,
        "Impairment Of Capital Assets": NaN,
        "Restructuring And Mergern Acquisition": -402000.0,
        "Earnings From Equity Interest": -19000.0,
        "Net Non Operating Interest Income Expense": -2314000.0,
        "Interest Expense Non Operating": 2314000.0,
        "Operating Income": 446000.0,
        "Operating Expense": 15446000.0,
        "Other Operating Expenses": 415000.0,
        "Selling General And Administration": 15031000.0,
        "General And Administrative Expense": 15031000.0,
        "Other Gand A": 15031000.0,
        "Gross Profit": 15892000.0,
        "Cost Of Revenue": 54978000.0,
        "Total Revenue": 70870000.0,
        "Operating Revenue": 70870000.0
    },
    "2025-09-30": {
        "Tax Effect Of Unusual Items": 2218592.0,
        "Tax Rate For Calcs": 0.304,
        "Normalized EBITDA": 3015000.0,
        "Total Unusual Items": 7298000.0,
        "Total Unusual Items Excluding Goodwill": 7298000.0,
        "Net Income From Continuing Operation Net Minority Interest": 4355000.0,
        "Reconciled Depreciation": 827000.0,
        "Reconciled Cost Of Revenue": 47841000.0,
        "EBITDA": 10313000.0,
        "EBIT": 9486000.0,
        "Net Interest Income": -2252000.0,
        "Interest Expense": 2252000.0,
        "Normalized Income": -724408.0,
        "Net Income From Continuing And Discontinued Operation": 4355000.0,
        "Total Expenses": 65940000.0,
        "Total Operating Income As Reported": 5508000.0,
        "Diluted Average Shares": 2703000.0,
        "Basic Average Shares": 2703000.0,
        "Diluted EPS": 1.61,
        "Basic EPS": 1.61,
        "Diluted NI Availto Com Stockholders": 4355000.0,
        "Net Income Common Stockholders": 4355000.0,
        "Net Income": 4355000.0,
        "Minority Interests": -678000.0,
        "Net Income Including Noncontrolling Interests": 5033000.0,
        "Net Income Continuous Operations": 5033000.0,
        "Tax Provision": 2201000.0,
        "Pretax Income": 7234000.0,
        "Other Income Expense": 11276000.0,
        "Other Non Operating Income Expenses": -201000.0,
        "Special Income Charges": 7298000.0,
        "Gain On Sale Of Ppe": 7034000.0,
        "Write Off": NaN,
        "Impairment Of Capital Assets": NaN,
        "Restructuring And Mergern Acquisition": -264000.0,
        "Earnings From Equity Interest": 4179000.0,
        "Net Non Operating Interest Income Expense": -2252000.0,
        "Interest Expense Non Operating": 2252000.0,
        "Operating Income": -1790000.0,
        "Operating Expense": 18099000.0,
        "Other Operating Expenses": NaN,
        "Selling General And Administration": 18099000.0,
        "General And Administrative Expense": 18099000.0,
        "Other Gand A": 18099000.0,
        "Gross Profit": 16309000.0,
        "Cost Of Revenue": 47841000.0,
        "Total Revenue": 64150000.0,
        "Operating Revenue": 64150000.0
    }
}