{
    "2023-03-31": {
        "Tax Effect Of Unusual Items": NaN,
        "Tax Rate For Calcs": NaN,
        "Normalized EBITDA": NaN,
        "Total Unusual Items": NaN,
        "Total Unusual Items Excluding Goodwill": NaN,
        "Net Income From Continuing Operation Net Minority Interest": NaN,
        "Reconciled Depreciation": NaN,
        "Reconciled Cost Of Revenue": NaN,
        "EBITDA": NaN,
        "EBIT": NaN,
        "Net Interest Income": NaN,
        "Interest Expense": NaN,
        "Normalized Income": NaN,
        "Net Income From Continuing And Discontinued Operation": NaN,
        "Total Expenses": NaN,
        "Total Operating Income As Reported": NaN,
        "Diluted Average Shares": NaN,
        "Basic Average Shares": NaN,
        "Diluted EPS": NaN,
        "Basic EPS": NaN,
        "Diluted NI Availto Com Stockholders": NaN,
        "Net Income Common Stockholders": NaN,
        "Net Income": NaN,
        "Net Income Including Noncontrolling Interests": NaN,
        "Net Income Continuous Operations": NaN,
        "Tax Provision": NaN,
        "Pretax Income": NaN,
        "Other Income Expense": NaN,
        "Other Non Operating Income Expenses": NaN,
        "Special Income Charges": NaN,
        "Other Special Charges": NaN,
        "Gain On Sale Of Security": NaN,
        "Net Non Operating Interest Income Expense": NaN,
        "Total Other Finance Cost": NaN,
        "Interest Expense Non Operating": NaN,
        "Operating Income": NaN,
        "Operating Expense": NaN,
        "Selling General And Administration": NaN,
        "General And Administrative Expense": 206274000.0,
        "Other Gand A": 206207000.0,
        "Salaries And Wages": 67000.0,
        "Gross Profit": NaN,
        "Cost Of Revenue": NaN,
        "Total Revenue": NaN,
        "Operating Revenue": NaN
    },
    "2022-12-31": {
        "Tax Effect Of Unusual Items": 113029.0,
        "Tax Rate For Calcs": 0.241,
        "Normalized EBITDA": 125032000.0,
        "Total Unusual Items": 469000.0,
        "Total Unusual Items Excluding Goodwill": 469000.0,
        "Net Income From Continuing Operation Net Minority Interest": 80457000.0,
        "Reconciled Depreciation": 13366000.0,
        "Reconciled Cost Of Revenue": 751775000.0,
        "EBITDA": 125501000.0,
        "EBIT": 112135000.0,
        "Net Interest Income": -6185000.0,
        "Interest Expense": 6185000.0,
        "Normalized Income": 80101029.0,
        "Net Income From Continuing And Discontinued Operation": 80457000.0,
        "Total Expenses": 947387000.0,
        "Total Operating Income As Reported": 112893000.0,
        "Diluted Average Shares": 39208000.0,
        "Basic Average Shares": 38579000.0,
        "Diluted EPS": 2.05,
        "Basic EPS": 2.09,
        "Diluted NI Availto Com Stockholders": 80457000.0,
        "Net Income Common Stockholders": 80457000.0,
        "Net Income": 80457000.0,
        "Net Income Including Noncontrolling Interests": 80457000.0,
        "Net Income Continuous Operations": 80457000.0,
        "Tax Provision": 25493000.0,
        "Pretax Income": 105950000.0,
        "Other Income Expense": -758000.0,
        "Other Non Operating Income Expenses": -1227000.0,
        "Special Income Charges": 104000.0,
        "Other Special Charges": -104000.0,
        "Gain On Sale Of Security": 365000.0,
        "Net Non Operating Interest Income Expense": -6185000.0,
        "Interest Expense Non Operating": 6185000.0,
        "Operating Income": 112893000.0,
        "Operating Expense": 195612000.0,
        "Selling General And Administration": 195612000.0,
        "General And Administrative Expense": NaN,
        "Other Gand A": NaN,
        "Gross Profit": 308505000.0,
        "Cost Of Revenue": 751775000.0,
        "Total Revenue": 1060280000.0,
        "Operating Revenue": 1060280000.0
    },
    "2022-09-30": {
        "Tax Effect Of Unusual Items": NaN,
        "Tax Rate For Calcs": NaN,
        "Normalized EBITDA": NaN,
        "Total Unusual Items": NaN,
        "Total Unusual Items Excluding Goodwill": NaN,
        "Net Income From Continuing Operation Net Minority Interest": NaN,
        "Reconciled Depreciation": NaN,
        "Reconciled Cost Of Revenue": NaN,
        "EBITDA": NaN,
        "EBIT": NaN,
        "Net Interest Income": NaN,
        "Interest Expense": NaN,
        "Normalized Income": NaN,
        "Net Income From Continuing And Discontinued Operation": NaN,
        "Total Expenses": NaN,
        "Total Operating Income As Reported": NaN,
        "Diluted Average Shares": NaN,
        "Basic Average Shares": NaN,
        "Diluted EPS": NaN,
        "Basic EPS": NaN,
        "Diluted NI Availto Com Stockholders": NaN,
        "Net Income Common Stockholders": NaN,
        "Net Income": NaN,
        "Net Income Including Noncontrolling Interests": NaN,
        "Net Income Continuous Operations": NaN,
        "Tax Provision": NaN,
        "Pretax Income": NaN,
        "Other Income Expense": NaN,
        "Other Non Operating Income Expenses": NaN,
        "Special Income Charges": NaN,
        "Other Special Charges": NaN,
        "Gain On Sale Of Security": NaN,
        "Net Non Operating Interest Income Expense": NaN,
        "Interest Expense Non Operating": NaN,
        "Operating Income": NaN,
        "Operating Expense": NaN,
        "Selling General And Administration": NaN,
        "General And Administrative Expense": 200251000.0,
        "Other Gand A": 200251000.0,
        "Salaries And Wages": NaN,
        "Gross Profit": NaN,
        "Cost Of Revenue": NaN,
        "Total Revenue": NaN,
        "Operating Revenue": NaN
    },
    "2022-06-30": {
        "Tax Effect Of Unusual Items": 0.0,
        "Tax Rate For Calcs": 0.196,
        "Normalized EBITDA": 109224000.0,
        "Total Unusual Items": 0.0,
        "Total Unusual Items Excluding Goodwill": 0.0,
        "Net Income From Continuing Operation Net Minority Interest": 79113000.0,
        "Reconciled Depreciation": 13244000.0,
        "Reconciled Cost Of Revenue": 754832000.0,
        "EBITDA": 109224000.0,
        "EBIT": 109224000.0,
        "Net Interest Income": -6014000.0,
        "Interest Expense": 6536000.0,
        "Normalized Income": 79113000.0,
        "Net Income From Continuing And Discontinued Operation": 79113000.0,
        "Total Expenses": 952235000.0,
        "Total Operating Income As Reported": 109224000.0,
        "Diluted Average Shares": 39114000.0,
        "Basic Average Shares": 38474000.0,
        "Diluted EPS": 2.02,
        "Basic EPS": 2.06,
        "Diluted NI Availto Com Stockholders": 79113000.0,
        "Net Income Common Stockholders": 79113000.0,
        "Net Income": 79113000.0,
        "Net Income Including Noncontrolling Interests": 79113000.0,
        "Net Income Continuous Operations": 79113000.0,
        "Tax Provision": 21580000.0,
        "Pretax Income": 100693000.0,
        "Other Income Expense": -2517000.0,
        "Other Non Operating Income Expenses": -2517000.0,
        "Special Income Charges": 0.0,
        "Other Special Charges": -63000.0,
        "Impairment Of Capital Assets": 0.0,
        "Gain On Sale Of Security": -2334000.0,
        "Net Non Operating Interest Income Expense": -6014000.0,
        "Total Other Finance Cost": 6014000.0,
        "Interest Expense Non Operating": 6536000.0,
        "Operating Income": 109224000.0,
        "Operating Expense": 197403000.0,
        "Selling General And Administration": 197403000.0,
        "General And Administrative Expense": 197403000.0,
        "Other Gand A": 197403000.0,
        "Gross Profit": 306627000.0,
        "Cost Of Revenue": 754832000.0,
        "Total Revenue": 1061459000.0,
        "Operating Revenue": 1061459000.0
    },
    "2022-03-31": {
        "Diluted EPS": 1.75,
        "Total Revenue": 981,
        "Gross Profit": 287,
        "Operating Income": 96,
        "EBIT": 109,
        "Net Income": 68
    },
    "2021-12-31": {
        "Diluted EPS": 1.46,
        "Total Revenue": 877,
        "Gross Profit": 258,
        "Operating Income": 78,
        "EBIT": 92,
        "Net Income": 57
    },
    "2021-09-30": {
        "Diluted EPS": 1.36,
        "Total Revenue": 892,
        "Gross Profit": 255,
        "Operating Income": 75,
        "EBIT": 90,
        "Net Income": 53
    },
    "2021-06-30": {
        "Diluted EPS": 1.51,
        "Total Revenue": 896,
        "Gross Profit": 263,
        "Operating Income": 81,
        "EBIT": 95,
        "Net Income": 59
    },
    "2021-03-31": {
        "Diluted EPS": 1.42,
        "Total Revenue": 841,
        "Gross Profit": 247,
        "Operating Income": 74,
        "EBIT": 88,
        "Net Income": 56
    },
    "2020-12-31": {
        "Diluted EPS": -0.14,
        "Total Revenue": 751,
        "Gross Profit": 210,
        "Operating Income": -2,
        "EBIT": 61,
        "Net Income": -5
    },
    "2020-09-30": {
        "Diluted EPS": 0.89,
        "Total Revenue": 748,
        "Gross Profit": 216,
        "Operating Income": 52,
        "EBIT": 68,
        "Net Income": 35
    },
    "2020-06-30": {
        "Diluted EPS": 0.79,
        "Total Revenue": 725,
        "Gross Profit": 208,
        "Operating Income": 47,
        "EBIT": 63,
        "Net Income": 30
    },
    "2020-03-31": {
        "Diluted EPS": -2.14,
        "Total Revenue": 831,
        "Gross Profit": 237,
        "Operating Income": -78,
        "EBIT": 70,
        "Net Income": -83
    },
    "2019-12-31": {
        "Diluted EPS": 0.97,
        "Total Revenue": 833,
        "Gross Profit": 241,
        "Operating Income": 59,
        "EBIT": 75,
        "Net Income": 38
    },
    "2019-09-30": {
        "Diluted EPS": 1.0,
        "Total Revenue": 856,
        "Gross Profit": 251,
        "Operating Income": 61,
        "EBIT": 78,
        "Net Income": 39
    },
    "2019-06-30": {
        "Diluted EPS": 1.03,
        "Total Revenue": 883,
        "Gross Profit": 257,
        "Operating Income": 72,
        "EBIT": 88,
        "Net Income": 40
    },
    "2019-03-31": {
        "Diluted EPS": 0.42,
        "Total Revenue": 885,
        "Gross Profit": 256,
        "Operating Income": 35,
        "EBIT": 82,
        "Net Income": 17
    },
    "2018-12-31": {
        "Diluted EPS": 0.99,
        "Total Revenue": 840,
        "Gross Profit": 243,
        "Operating Income": 61,
        "EBIT": 78,
        "Net Income": 39
    },
    "2018-09-30": {
        "Diluted EPS": 1.24,
        "Total Revenue": 865,
        "Gross Profit": 252,
        "Operating Income": 66,
        "EBIT": 83,
        "Net Income": 49
    },
    "2018-06-30": {
        "Diluted EPS": 1.03,
        "Total Revenue": 898,
        "Gross Profit": 264,
        "Operating Income": 71,
        "EBIT": 87,
        "Net Income": 40
    },
    "2018-03-31": {
        "Diluted EPS": 0.93,
        "Total Revenue": 828,
        "Gross Profit": 240,
        "Operating Income": 56,
        "EBIT": 71,
        "Net Income": 37
    },
    "2017-12-31": {
        "Diluted EPS": 0.79,
        "Total Revenue": 667,
        "Gross Profit": 188,
        "Operating Income": 47,
        "EBIT": 57,
        "Net Income": 31
    },
    "2017-09-30": {
        "Diluted EPS": 0.86,
        "Total Revenue": 681,
        "Gross Profit": 192,
        "Operating Income": 52,
        "EBIT": 62,
        "Net Income": 34
    },
    "2017-06-30": {
        "Diluted EPS": 1.34,
        "Total Revenue": 681,
        "Gross Profit": 196,
        "Operating Income": 48,
        "EBIT": 59,
        "Net Income": 53
    },
    "2017-03-31": {
        "Diluted EPS": 0.75,
        "Total Revenue": 679,
        "Gross Profit": 191,
        "Operating Income": 46,
        "EBIT": 56,
        "Net Income": 29
    },
    "2016-12-31": {
        "Diluted EPS": 0.61,
        "Total Revenue": 608,
        "Gross Profit": 172,
        "Operating Income": 38,
        "EBIT": 48,
        "Net Income": 24
    },
    "2016-09-30": {
        "Diluted EPS": 0.7,
        "Total Revenue": 625,
        "Gross Profit": 178,
        "Operating Income": 43,
        "EBIT": 54,
        "Net Income": 27
    },
    "2016-06-30": {
        "Diluted EPS": 0.67,
        "Total Revenue": 634,
        "Gross Profit": 178,
        "Operating Income": 43,
        "EBIT": 54,
        "Net Income": 26
    },
    "2016-03-31": {
        "Diluted EPS": -1.14,
        "Total Revenue": 633,
        "Gross Profit": 175,
        "Operating Income": -33,
        "EBIT": 43,
        "Net Income": -45
    },
    "2015-12-31": {
        "Diluted EPS": 0.61,
        "Total Revenue": 610,
        "Gross Profit": 173,
        "Operating Income": 38,
        "EBIT": 49,
        "Net Income": 24
    },
    "2015-09-30": {
        "Diluted EPS": 0.61,
        "Total Revenue": 642,
        "Gross Profit": 181,
        "Operating Income": 41,
        "EBIT": 52,
        "Net Income": 24
    },
    "2015-06-30": {
        "Diluted EPS": 0.68,
        "Total Revenue": 678,
        "Gross Profit": 192,
        "Operating Income": 48,
        "EBIT": 58,
        "Net Income": 28
    },
    "2015-03-31": {
        "Diluted EPS": 0.7,
        "Total Revenue": 680,
        "Gross Profit": 187,
        "Operating Income": 44,
        "EBIT": 55,
        "Net Income": 29
    },
    "2014-12-31": {
        "Diluted EPS": 0.72,
        "Total Revenue": 692,
        "Gross Profit": 196,
        "Operating Income": 47,
        "EBIT": 58,
        "Net Income": 30
    },
    "2014-09-30": {
        "Diluted EPS": 0.7,
        "Total Revenue": 702,
        "Gross Profit": 195,
        "Operating Income": 46,
        "EBIT": 57,
        "Net Income": 29
    },
    "2014-06-30": {
        "Diluted EPS": 0.71,
        "Total Revenue": 655,
        "Gross Profit": 183,
        "Operating Income": 45,
        "EBIT": 53,
        "Net Income": 30
    },
    "2014-03-31": {
        "Diluted EPS": 0.72,
        "Total Revenue": 618,
        "Gross Profit": 171,
        "Operating Income": 40,
        "EBIT": 47,
        "Net Income": 30
    },
    "2013-12-31": {
        "Diluted EPS": 0.61,
        "Total Revenue": 582,
        "Gross Profit": 163,
        "Operating Income": 40,
        "EBIT": 47,
        "Net Income": 26
    },
    "2013-09-30": {
        "Diluted EPS": 0.63,
        "Total Revenue": 605,
        "Gross Profit": 170,
        "Operating Income": 40,
        "EBIT": 47,
        "Net Income": 27
    },
    "2013-06-30": {
        "Diluted EPS": 0.75,
        "Total Revenue": 640,
        "Gross Profit": 181,
        "Operating Income": 48,
        "EBIT": 55,
        "Net Income": 32
    },
    "2013-03-31": {
        "Diluted EPS": 0.69,
        "Total Revenue": 622,
        "Gross Profit": 174,
        "Operating Income": 43,
        "EBIT": 49,
        "Net Income": 29
    },
    "2012-12-31": {
        "Diluted EPS": 0.64,
        "Total Revenue": 590,
        "Gross Profit": 163,
        "Operating Income": 41,
        "EBIT": 49,
        "Net Income": 27
    },
    "2012-09-30": {
        "Diluted EPS": 0.7,
        "Total Revenue": 611,
        "Gross Profit": 165,
        "Operating Income": 44,
        "EBIT": 51,
        "Net Income": 30
    },
    "2012-06-30": {
        "Diluted EPS": 0.75,
        "Total Revenue": 620,
        "Gross Profit": 173,
        "Operating Income": 50,
        "EBIT": 52,
        "Net Income": 32
    },
    "2012-03-31": {
        "Diluted EPS": 0.69,
        "Total Revenue": 605,
        "Gross Profit": 168,
        "Operating Income": 42,
        "EBIT": 49,
        "Net Income": 29
    },
    "2011-12-31": {
        "Diluted EPS": 0.49,
        "Total Revenue": 570,
        "Gross Profit": 155,
        "Operating Income": 33,
        "EBIT": 42,
        "Net Income": 21
    },
    "2011-09-30": {
        "Diluted EPS": 0.61,
        "Total Revenue": 580,
        "Gross Profit": 159,
        "Operating Income": 43,
        "EBIT": 50,
        "Net Income": 26
    },
    "2011-06-30": {
        "Diluted EPS": 0.66,
        "Total Revenue": 590,
        "Gross Profit": 169,
        "Operating Income": 45,
        "EBIT": 47,
        "Net Income": 28
    },
    "2011-03-31": {
        "Diluted EPS": 0.61,
        "Total Revenue": 566,
        "Gross Profit": 157,
        "Operating Income": 38,
        "EBIT": 48,
        "Net Income": 27
    },
    "2010-12-31": {
        "Diluted EPS": 0.49,
        "Total Revenue": 530,
        "Gross Profit": 144,
        "Operating Income": 33,
        "EBIT": 39,
        "Net Income": 21
    },
    "2010-09-30": {
        "Diluted EPS": 0.48,
        "Total Revenue": 528,
        "Gross Profit": 143,
        "Operating Income": 35,
        "EBIT": 42,
        "Net Income": 21
    },
    "2010-06-30": {
        "Diluted EPS": 0.65,
        "Total Revenue": 523,
        "Gross Profit": 153,
        "Operating Income": 46,
        "EBIT": 52,
        "Net Income": 28
    },
    "2010-03-31": {
        "Diluted EPS": 0.39,
        "Total Revenue": 486,
        "Gross Profit": 130,
        "Operating Income": 27,
        "EBIT": 33,
        "Net Income": 17
    },
    "2009-12-31": {
        "Diluted EPS": 0.24,
        "Total Revenue": 446,
        "Gross Profit": 117,
        "Operating Income": 19,
        "EBIT": 25,
        "Net Income": 10
    },
    "2009-09-30": {
        "Diluted EPS": 0.26,
        "Total Revenue": 438,
        "Gross Profit": 115,
        "Operating Income": 18,
        "EBIT": 24,
        "Net Income": 11
    },
    "2009-06-30": {
        "Diluted EPS": -0.18,
        "Total Revenue": 425,
        "Gross Profit": 116,
        "Operating Income": -15,
        "EBIT": 31,
        "Net Income": -8
    },
    "2009-03-31": {
        "Diluted EPS": 0.27,
        "Total Revenue": 452,
        "Gross Profit": 122,
        "Operating Income": 21,
        "EBIT": 27,
        "Net Income": 12
    },
    "2023-06-30": {
        "Tax Effect Of Unusual Items": NaN,
        "Tax Rate For Calcs": NaN,
        "Normalized EBITDA": NaN,
        "Total Unusual Items": NaN,
        "Total Unusual Items Excluding Goodwill": NaN,
        "Net Income From Continuing Operation Net Minority Interest": NaN,
        "Reconciled Depreciation": NaN,
        "Reconciled Cost Of Revenue": NaN,
        "EBITDA": NaN,
        "EBIT": NaN,
        "Net Interest Income": NaN,
        "Interest Expense": 7352000.0,
        "Normalized Income": NaN,
        "Net Income From Continuing And Discontinued Operation": NaN,
        "Total Expenses": NaN,
        "Total Operating Income As Reported": NaN,
        "Diluted Average Shares": NaN,
        "Basic Average Shares": NaN,
        "Diluted EPS": NaN,
        "Basic EPS": NaN,
        "Diluted NI Availto Com Stockholders": NaN,
        "Net Income Common Stockholders": NaN,
        "Net Income": NaN,
        "Net Income Including Noncontrolling Interests": NaN,
        "Net Income Continuous Operations": NaN,
        "Tax Provision": NaN,
        "Pretax Income": NaN,
        "Other Income Expense": NaN,
        "Other Non Operating Income Expenses": NaN,
        "Special Income Charges": NaN,
        "Other Special Charges": NaN,
        "Gain On Sale Of Security": NaN,
        "Net Non Operating Interest Income Expense": NaN,
        "Total Other Finance Cost": NaN,
        "Interest Expense Non Operating": 7352000.0,
        "Operating Income": NaN,
        "Operating Expense": NaN,
        "Selling General And Administration": NaN,
        "General And Administrative Expense": 213214000.0,
        "Other Gand A": 211744000.0,
        "Salaries And Wages": NaN,
        "Gross Profit": NaN,
        "Cost Of Revenue": NaN,
        "Total Revenue": NaN,
        "Operating Revenue": NaN
    },
    "2023-09-30": {
        "Tax Effect Of Unusual Items": NaN,
        "Tax Rate For Calcs": NaN,
        "Normalized EBITDA": NaN,
        "Total Unusual Items": NaN,
        "Total Unusual Items Excluding Goodwill": NaN,
        "Net Income From Continuing Operation Net Minority Interest": NaN,
        "Reconciled Depreciation": NaN,
        "Reconciled Cost Of Revenue": NaN,
        "EBITDA": NaN,
        "EBIT": NaN,
        "Net Interest Income": NaN,
        "Interest Expense": 1320000.0,
        "Normalized Income": NaN,
        "Net Income From Continuing And Discontinued Operation": NaN,
        "Total Expenses": NaN,
        "Total Operating Income As Reported": NaN,
        "Diluted Average Shares": NaN,
        "Basic Average Shares": NaN,
        "Diluted EPS": NaN,
        "Basic EPS": NaN,
        "Diluted NI Availto Com Stockholders": NaN,
        "Net Income Common Stockholders": NaN,
        "Net Income": NaN,
        "Net Income Including Noncontrolling Interests": NaN,
        "Net Income Continuous Operations": NaN,
        "Tax Provision": NaN,
        "Pretax Income": NaN,
        "Other Income Expense": NaN,
        "Other Non Operating Income Expenses": NaN,
        "Special Income Charges": NaN,
        "Other Special Charges": NaN,
        "Gain On Sale Of Security": NaN,
        "Net Non Operating Interest Income Expense": NaN,
        "Total Other Finance Cost": 1320000.0,
        "Interest Expense Non Operating": 1320000.0,
        "Operating Income": NaN,
        "Operating Expense": NaN,
        "Selling General And Administration": NaN,
        "General And Administrative Expense": 204402000.0,
        "Other Gand A": 204402000.0,
        "Salaries And Wages": NaN,
        "Gross Profit": NaN,
        "Cost Of Revenue": NaN,
        "Total Revenue": NaN,
        "Operating Revenue": NaN
    },
    "2023-12-31": {
        "Tax Effect Of Unusual Items": NaN,
        "Tax Rate For Calcs": NaN,
        "Normalized EBITDA": NaN,
        "Total Unusual Items": NaN,
        "Total Unusual Items Excluding Goodwill": NaN,
        "Net Income From Continuing Operation Net Minority Interest": NaN,
        "Reconciled Depreciation": NaN,
        "Reconciled Cost Of Revenue": NaN,
        "EBITDA": NaN,
        "EBIT": NaN,
        "Net Interest Income": NaN,
        "Interest Expense": 1917000.0,
        "Interest Income": NaN,
        "Normalized Income": NaN,
        "Net Income From Continuing And Discontinued Operation": NaN,
        "Total Expenses": NaN,
        "Total Operating Income As Reported": NaN,
        "Diluted Average Shares": NaN,
        "Basic Average Shares": NaN,
        "Diluted EPS": NaN,
        "Basic EPS": NaN,
        "Diluted NI Availto Com Stockholders": NaN,
        "Net Income Common Stockholders": NaN,
        "Net Income": NaN,
        "Net Income Including Noncontrolling Interests": NaN,
        "Net Income Continuous Operations": NaN,
        "Tax Provision": NaN,
        "Pretax Income": NaN,
        "Other Income Expense": NaN,
        "Other Non Operating Income Expenses": NaN,
        "Special Income Charges": NaN,
        "Other Special Charges": NaN,
        "Gain On Sale Of Security": NaN,
        "Net Non Operating Interest Income Expense": NaN,
        "Total Other Finance Cost": 1917000.0,
        "Interest Expense Non Operating": 1917000.0,
        "Interest Income Non Operating": NaN,
        "Operating Income": NaN,
        "Operating Expense": NaN,
        "Selling General And Administration": NaN,
        "General And Administrative Expense": NaN,
        "Other Gand A": NaN,
        "Salaries And Wages": NaN,
        "Gross Profit": NaN,
        "Cost Of Revenue": NaN,
        "Total Revenue": NaN,
        "Operating Revenue": NaN
    },
    "2024-03-31": {
        "Tax Effect Of Unusual Items": NaN,
        "Tax Rate For Calcs": NaN,
        "Normalized EBITDA": NaN,
        "Total Unusual Items": NaN,
        "Total Unusual Items Excluding Goodwill": NaN,
        "Net Income From Continuing Operation Net Minority Interest": NaN,
        "Reconciled Depreciation": NaN,
        "Reconciled Cost Of Revenue": NaN,
        "EBITDA": NaN,
        "EBIT": NaN,
        "Net Interest Income": NaN,
        "Interest Expense": 265000.0,
        "Interest Income": NaN,
        "Normalized Income": NaN,
        "Net Income From Continuing And Discontinued Operation": NaN,
        "Total Expenses": NaN,
        "Total Operating Income As Reported": NaN,
        "Diluted Average Shares": NaN,
        "Basic Average Shares": NaN,
        "Diluted EPS": NaN,
        "Basic EPS": NaN,
        "Diluted NI Availto Com Stockholders": NaN,
        "Net Income Common Stockholders": NaN,
        "Net Income": NaN,
        "Net Income Including Noncontrolling Interests": NaN,
        "Net Income Continuous Operations": NaN,
        "Tax Provision": NaN,
        "Pretax Income": NaN,
        "Other Income Expense": NaN,
        "Other Non Operating Income Expenses": NaN,
        "Special Income Charges": NaN,
        "Other Special Charges": NaN,
        "Gain On Sale Of Security": NaN,
        "Net Non Operating Interest Income Expense": NaN,
        "Total Other Finance Cost": 265000.0,
        "Interest Expense Non Operating": 265000.0,
        "Interest Income Non Operating": NaN,
        "Operating Income": NaN,
        "Operating Expense": NaN,
        "Selling General And Administration": NaN,
        "General And Administrative Expense": 217040000.0,
        "Other Gand A": 217040000.0,
        "Salaries And Wages": 26000.0,
        "Gross Profit": NaN,
        "Cost Of Revenue": NaN,
        "Total Revenue": NaN,
        "Operating Revenue": NaN
    },
    "2024-06-30": {
        "Tax Effect Of Unusual Items": NaN,
        "Tax Rate For Calcs": NaN,
        "Normalized EBITDA": NaN,
        "Total Unusual Items": NaN,
        "Total Unusual Items Excluding Goodwill": NaN,
        "Net Income From Continuing Operation Net Minority Interest": NaN,
        "Reconciled Depreciation": NaN,
        "Reconciled Cost Of Revenue": NaN,
        "EBITDA": NaN,
        "EBIT": NaN,
        "Net Interest Income": NaN,
        "Interest Expense": 17042000.0,
        "Interest Income": NaN,
        "Normalized Income": NaN,
        "Net Income From Continuing And Discontinued Operation": NaN,
        "Total Expenses": NaN,
        "Total Operating Income As Reported": NaN,
        "Diluted Average Shares": NaN,
        "Basic Average Shares": NaN,
        "Diluted EPS": NaN,
        "Basic EPS": NaN,
        "Diluted NI Availto Com Stockholders": NaN,
        "Net Income Common Stockholders": NaN,
        "Net Income": NaN,
        "Net Income Including Noncontrolling Interests": NaN,
        "Net Income Continuous Operations": NaN,
        "Tax Provision": NaN,
        "Pretax Income": NaN,
        "Other Income Expense": NaN,
        "Other Non Operating Income Expenses": NaN,
        "Special Income Charges": NaN,
        "Other Special Charges": NaN,
        "Gain On Sale Of Security": NaN,
        "Net Non Operating Interest Income Expense": NaN,
        "Total Other Finance Cost": NaN,
        "Interest Expense Non Operating": 17042000.0,
        "Interest Income Non Operating": NaN,
        "Operating Income": NaN,
        "Operating Expense": NaN,
        "Selling General And Administration": NaN,
        "General And Administrative Expense": 216929000.0,
        "Other Gand A": 216892000.0,
        "Salaries And Wages": 37000.0,
        "Gross Profit": NaN,
        "Cost Of Revenue": NaN,
        "Total Revenue": NaN,
        "Operating Revenue": NaN
    },
    "2024-09-30": {
        "Tax Effect Of Unusual Items": NaN,
        "Tax Rate For Calcs": NaN,
        "Normalized EBITDA": NaN,
        "Total Unusual Items": NaN,
        "Total Unusual Items Excluding Goodwill": NaN,
        "Net Income From Continuing Operation Net Minority Interest": NaN,
        "Reconciled Depreciation": NaN,
        "Reconciled Cost Of Revenue": NaN,
        "EBITDA": NaN,
        "EBIT": NaN,
        "Net Interest Income": NaN,
        "Interest Expense": NaN,
        "Interest Income": NaN,
        "Normalized Income": NaN,
        "Net Income From Continuing And Discontinued Operation": NaN,
        "Total Expenses": NaN,
        "Total Operating Income As Reported": NaN,
        "Diluted Average Shares": NaN,
        "Basic Average Shares": NaN,
        "Diluted EPS": NaN,
        "Basic EPS": NaN,
        "Diluted NI Availto Com Stockholders": NaN,
        "Net Income Common Stockholders": NaN,
        "Net Income": NaN,
        "Net Income Including Noncontrolling Interests": NaN,
        "Net Income Continuous Operations": NaN,
        "Tax Provision": NaN,
        "Pretax Income": NaN,
        "Other Income Expense": NaN,
        "Other Non Operating Income Expenses": NaN,
        "Special Income Charges": NaN,
        "Other Special Charges": NaN,
        "Gain On Sale Of Security": NaN,
        "Net Non Operating Interest Income Expense": NaN,
        "Total Other Finance Cost": -627000.0,
        "Interest Expense Non Operating": NaN,
        "Interest Income Non Operating": NaN,
        "Operating Income": NaN,
        "Operating Expense": NaN,
        "Selling General And Administration": NaN,
        "General And Administrative Expense": NaN,
        "Other Gand A": NaN,
        "Salaries And Wages": NaN,
        "Gross Profit": NaN,
        "Cost Of Revenue": NaN,
        "Total Revenue": NaN,
        "Operating Revenue": NaN
    },
    "2024-12-31": {
        "Tax Effect Of Unusual Items": 171124.0,
        "Tax Rate For Calcs": 0.239,
        "Normalized EBITDA": 133647000.0,
        "Total Unusual Items": 716000.0,
        "Total Unusual Items Excluding Goodwill": 716000.0,
        "Net Income From Continuing Operation Net Minority Interest": 93290000.0,
        "Reconciled Depreciation": 13493000.0,
        "Reconciled Cost Of Revenue": 744951000.0,
        "EBITDA": 134363000.0,
        "EBIT": 120870000.0,
        "Net Interest Income": 936000.0,
        "Interest Expense": NaN,
        "Interest Income": NaN,
        "Normalized Income": 92745124.0,
        "Net Income From Continuing And Discontinued Operation": 93290000.0,
        "Total Expenses": 952131000.0,
        "Total Operating Income As Reported": 120870000.0,
        "Diluted Average Shares": 38963000.0,
        "Basic Average Shares": 38427000.0,
        "Diluted EPS": 2.39,
        "Basic EPS": 2.43,
        "Diluted NI Availto Com Stockholders": 93290000.0,
        "Net Income Common Stockholders": 93290000.0,
        "Net Income": 93290000.0,
        "Net Income Including Noncontrolling Interests": 93290000.0,
        "Net Income Continuous Operations": 93290000.0,
        "Tax Provision": 29271000.0,
        "Pretax Income": 122561000.0,
        "Other Income Expense": 755000.0,
        "Other Non Operating Income Expenses": 39000.0,
        "Special Income Charges": 121000.0,
        "Other Special Charges": -121000.0,
        "Gain On Sale Of Security": 595000.0,
        "Net Non Operating Interest Income Expense": 936000.0,
        "Total Other Finance Cost": -936000.0,
        "Interest Expense Non Operating": NaN,
        "Interest Income Non Operating": NaN,
        "Operating Income": 120870000.0,
        "Operating Expense": 207180000.0,
        "Selling General And Administration": 207180000.0,
        "General And Administrative Expense": NaN,
        "Other Gand A": NaN,
        "Salaries And Wages": NaN,
        "Gross Profit": 328050000.0,
        "Cost Of Revenue": 744951000.0,
        "Total Revenue": 1073001000.0,
        "Operating Revenue": 1073001000.0
    },
    "2025-03-31": {
        "Tax Effect Of Unusual Items": -263736.0,
        "Tax Rate For Calcs": 0.216,
        "Normalized EBITDA": 147424000.0,
        "Total Unusual Items": -1221000.0,
        "Total Unusual Items Excluding Goodwill": -1221000.0,
        "Net Income From Continuing Operation Net Minority Interest": 99799000.0,
        "Reconciled Depreciation": 16801000.0,
        "Reconciled Cost Of Revenue": 811459000.0,
        "EBITDA": 146203000.0,
        "EBIT": 129402000.0,
        "Net Interest Income": -853000.0,
        "Interest Expense": 853000.0,
        "Interest Income": NaN,
        "Normalized Income": 100756264.0,
        "Net Income From Continuing And Discontinued Operation": 99799000.0,
        "Total Expenses": 1037347000.0,
        "Total Operating Income As Reported": 129402000.0,
        "Diluted Average Shares": 38847000.0,
        "Basic Average Shares": 38322000.0,
        "Diluted EPS": 2.57,
        "Basic EPS": 2.6,
        "Diluted NI Availto Com Stockholders": 99799000.0,
        "Net Income Common Stockholders": 99799000.0,
        "Net Income": 99799000.0,
        "Net Income Including Noncontrolling Interests": 99799000.0,
        "Net Income Continuous Operations": 99799000.0,
        "Tax Provision": 27483000.0,
        "Pretax Income": 127282000.0,
        "Other Income Expense": -1267000.0,
        "Other Non Operating Income Expenses": -46000.0,
        "Special Income Charges": 486000.0,
        "Other Special Charges": -486000.0,
        "Gain On Sale Of Security": -1707000.0,
        "Net Non Operating Interest Income Expense": -853000.0,
        "Total Other Finance Cost": 853000.0,
        "Interest Expense Non Operating": 853000.0,
        "Interest Income Non Operating": NaN,
        "Operating Income": 129402000.0,
        "Operating Expense": 225888000.0,
        "Selling General And Administration": 225888000.0,
        "General And Administrative Expense": 225888000.0,
        "Other Gand A": 225888000.0,
        "Salaries And Wages": 37000.0,
        "Gross Profit": 355290000.0,
        "Cost Of Revenue": 811459000.0,
        "Total Revenue": 1166749000.0,
        "Operating Revenue": 1166749000.0
    },
    "2025-06-30": {
        "Tax Effect Of Unusual Items": 258693.996031,
        "Tax Rate For Calcs": 0.201475,
        "Normalized EBITDA": 171224000.0,
        "Total Unusual Items": 1284000.0,
        "Total Unusual Items Excluding Goodwill": 1284000.0,
        "Net Income From Continuing Operation Net Minority Interest": 107836000.0,
        "Reconciled Depreciation": 16662000.0,
        "Reconciled Cost Of Revenue": 849993000.0,
        "EBITDA": 172508000.0,
        "EBIT": 155846000.0,
        "Net Interest Income": -1322000.0,
        "Interest Expense": NaN,
        "Interest Income": 16892000.0,
        "Normalized Income": 106810693.996031,
        "Net Income From Continuing And Discontinued Operation": 107836000.0,
        "Total Expenses": 1089536000.0,
        "Total Operating Income As Reported": 135085000.0,
        "Diluted Average Shares": 38511000.0,
        "Basic Average Shares": 38008000.0,
        "Diluted EPS": 2.8,
        "Basic EPS": 2.84,
        "Diluted NI Availto Com Stockholders": 107836000.0,
        "Net Income Common Stockholders": 107836000.0,
        "Net Income": 107836000.0,
        "Net Income Including Noncontrolling Interests": 107836000.0,
        "Net Income Continuous Operations": 107836000.0,
        "Tax Provision": 27208000.0,
        "Pretax Income": 135044000.0,
        "Other Income Expense": 1172000.0,
        "Other Non Operating Income Expenses": -112000.0,
        "Special Income Charges": 46000.0,
        "Other Special Charges": -46000.0,
        "Gain On Sale Of Security": 1238000.0,
        "Net Non Operating Interest Income Expense": -1322000.0,
        "Total Other Finance Cost": NaN,
        "Interest Expense Non Operating": NaN,
        "Interest Income Non Operating": 16892000.0,
        "Operating Income": 135194000.0,
        "Operating Expense": 239543000.0,
        "Selling General And Administration": 239543000.0,
        "General And Administrative Expense": 239543000.0,
        "Other Gand A": 239652000.0,
        "Salaries And Wages": NaN,
        "Gross Profit": 374737000.0,
        "Cost Of Revenue": 849993000.0,
        "Total Revenue": 1224730000.0,
        "Operating Revenue": 1224730000.0
    },
    "2025-09-30": {
        "Tax Effect Of Unusual Items": 121176.0,
        "Tax Rate For Calcs": 0.216,
        "Normalized EBITDA": 145158000.0,
        "Total Unusual Items": 561000.0,
        "Total Unusual Items Excluding Goodwill": 561000.0,
        "Net Income From Continuing Operation Net Minority Interest": 100807000.0,
        "Reconciled Depreciation": 16689000.0,
        "Reconciled Cost Of Revenue": 838094000.0,
        "EBITDA": 145719000.0,
        "EBIT": 129030000.0,
        "Net Interest Income": -993000.0,
        "Interest Expense": NaN,
        "Interest Income": NaN,
        "Normalized Income": 100367176.0,
        "Net Income From Continuing And Discontinued Operation": 100807000.0,
        "Total Expenses": 1070493000.0,
        "Total Operating Income As Reported": 129030000.0,
        "Diluted Average Shares": 38271000.0,
        "Basic Average Shares": 37757000.0,
        "Diluted EPS": 2.63,
        "Basic EPS": 2.67,
        "Diluted NI Availto Com Stockholders": 100807000.0,
        "Net Income Common Stockholders": 100807000.0,
        "Net Income": 100807000.0,
        "Net Income Including Noncontrolling Interests": 100807000.0,
        "Net Income Continuous Operations": 100807000.0,
        "Tax Provision": 27778000.0,
        "Pretax Income": 128585000.0,
        "Other Income Expense": 548000.0,
        "Other Non Operating Income Expenses": -13000.0,
        "Special Income Charges": 130000.0,
        "Other Special Charges": -130000.0,
        "Gain On Sale Of Security": 431000.0,
        "Net Non Operating Interest Income Expense": -993000.0,
        "Total Other Finance Cost": 993000.0,
        "Interest Expense Non Operating": NaN,
        "Interest Income Non Operating": NaN,
        "Operating Income": 129030000.0,
        "Operating Expense": 232399000.0,
        "Selling General And Administration": 232399000.0,
        "General And Administrative Expense": NaN,
        "Other Gand A": NaN,
        "Salaries And Wages": NaN,
        "Gross Profit": 361429000.0,
        "Cost Of Revenue": 838094000.0,
        "Total Revenue": 1199523000.0,
        "Operating Revenue": 1199523000.0
    },
    "2025-12-31": {
        "Tax Effect Of Unusual Items": 107263.0,
        "Tax Rate For Calcs": 0.223,
        "Normalized EBITDA": 139444000.0,
        "Total Unusual Items": 481000.0,
        "Total Unusual Items Excluding Goodwill": 481000.0,
        "Net Income From Continuing Operation Net Minority Interest": 95349000.0,
        "Reconciled Depreciation": 16716000.0,
        "Reconciled Cost Of Revenue": 809689000.0,
        "EBITDA": 139925000.0,
        "EBIT": 123209000.0,
        "Net Interest Income": -942000.0,
        "Interest Expense": NaN,
        "Interest Income": NaN,
        "Normalized Income": 94975263.0,
        "Net Income From Continuing And Discontinued Operation": 95349000.0,
        "Total Expenses": 1039814000.0,
        "Total Operating Income As Reported": 123209000.0,
        "Diluted Average Shares": 38055000.0,
        "Basic Average Shares": 37595000.0,
        "Diluted EPS": 2.51,
        "Basic EPS": 2.54,
        "Diluted NI Availto Com Stockholders": 95349000.0,
        "Net Income Common Stockholders": 95349000.0,
        "Net Income": 95349000.0,
        "Net Income Including Noncontrolling Interests": 95349000.0,
        "Net Income Continuous Operations": 95349000.0,
        "Tax Provision": 27423000.0,
        "Pretax Income": 122772000.0,
        "Other Income Expense": 505000.0,
        "Other Non Operating Income Expenses": 24000.0,
        "Special Income Charges": 152000.0,
        "Other Special Charges": -152000.0,
        "Gain On Sale Of Security": 329000.0,
        "Net Non Operating Interest Income Expense": -942000.0,
        "Total Other Finance Cost": 942000.0,
        "Interest Expense Non Operating": NaN,
        "Interest Income Non Operating": NaN,
        "Operating Income": 123209000.0,
        "Operating Expense": 230125000.0,
        "Selling General And Administration": 230125000.0,
        "General And Administrative Expense": NaN,
        "Other Gand A": NaN,
        "Salaries And Wages": NaN,
        "Gross Profit": 353334000.0,
        "Cost Of Revenue": 809689000.0,
        "Total Revenue": 1163023000.0,
        "Operating Revenue": 1163023000.0
    }
}