{
    "2023-06-30": {
        "Tax Effect Of Unusual Items": NaN,
        "Tax Rate For Calcs": NaN,
        "Normalized EBITDA": NaN,
        "Total Unusual Items": NaN,
        "Total Unusual Items Excluding Goodwill": NaN,
        "Net Income From Continuing Operation Net Minority Interest": NaN,
        "Reconciled Depreciation": NaN,
        "Reconciled Cost Of Revenue": NaN,
        "EBITDA": NaN,
        "EBIT": NaN,
        "Net Interest Income": NaN,
        "Interest Expense": 77800000.0,
        "Normalized Income": NaN,
        "Net Income From Continuing And Discontinued Operation": NaN,
        "Total Expenses": NaN,
        "Diluted Average Shares": NaN,
        "Basic Average Shares": NaN,
        "Diluted EPS": NaN,
        "Basic EPS": NaN,
        "Diluted NI Availto Com Stockholders": NaN,
        "Net Income Common Stockholders": NaN,
        "Net Income": NaN,
        "Minority Interests": NaN,
        "Net Income Including Noncontrolling Interests": NaN,
        "Net Income Continuous Operations": NaN,
        "Tax Provision": NaN,
        "Pretax Income": NaN,
        "Other Income Expense": NaN,
        "Special Income Charges": NaN,
        "Gain On Sale Of Business": 5100000.0,
        "Restructuring And Mergern Acquisition": NaN,
        "Net Non Operating Interest Income Expense": NaN,
        "Total Other Finance Cost": 77800000.0,
        "Interest Expense Non Operating": 77800000.0,
        "Operating Income": NaN,
        "Operating Expense": NaN,
        "Other Operating Expenses": NaN,
        "Depreciation Amortization Depletion Income Statement": NaN,
        "Depreciation And Amortization In Income Statement": NaN,
        "Amortization": NaN,
        "Amortization Of Intangibles Income Statement": NaN,
        "Depreciation Income Statement": NaN,
        "Gross Profit": NaN,
        "Cost Of Revenue": NaN,
        "Total Revenue": NaN,
        "Operating Revenue": NaN
    },
    "2023-03-31": {
        "Tax Effect Of Unusual Items": NaN,
        "Tax Rate For Calcs": NaN,
        "Normalized EBITDA": NaN,
        "Total Unusual Items": NaN,
        "Total Unusual Items Excluding Goodwill": NaN,
        "Net Income From Continuing Operation Net Minority Interest": NaN,
        "Reconciled Depreciation": NaN,
        "Reconciled Cost Of Revenue": NaN,
        "EBITDA": NaN,
        "EBIT": NaN,
        "Net Interest Income": NaN,
        "Interest Expense": NaN,
        "Normalized Income": NaN,
        "Net Income From Continuing And Discontinued Operation": NaN,
        "Total Expenses": NaN,
        "Diluted Average Shares": NaN,
        "Basic Average Shares": NaN,
        "Diluted EPS": NaN,
        "Basic EPS": NaN,
        "Diluted NI Availto Com Stockholders": NaN,
        "Net Income Common Stockholders": NaN,
        "Net Income": NaN,
        "Minority Interests": NaN,
        "Net Income Including Noncontrolling Interests": NaN,
        "Net Income Continuous Operations": NaN,
        "Tax Provision": NaN,
        "Pretax Income": NaN,
        "Other Income Expense": NaN,
        "Special Income Charges": NaN,
        "Gain On Sale Of Business": 300000.0,
        "Restructuring And Mergern Acquisition": NaN,
        "Net Non Operating Interest Income Expense": NaN,
        "Total Other Finance Cost": 67900000.0,
        "Interest Expense Non Operating": NaN,
        "Operating Income": NaN,
        "Operating Expense": NaN,
        "Other Operating Expenses": NaN,
        "Depreciation Amortization Depletion Income Statement": NaN,
        "Depreciation And Amortization In Income Statement": NaN,
        "Amortization": NaN,
        "Amortization Of Intangibles Income Statement": NaN,
        "Depreciation Income Statement": NaN,
        "Gross Profit": NaN,
        "Cost Of Revenue": NaN,
        "Total Revenue": NaN,
        "Operating Revenue": NaN
    },
    "2022-12-31": {
        "Tax Effect Of Unusual Items": NaN,
        "Tax Rate For Calcs": NaN,
        "Normalized EBITDA": NaN,
        "Total Unusual Items": NaN,
        "Total Unusual Items Excluding Goodwill": NaN,
        "Net Income From Continuing Operation Net Minority Interest": NaN,
        "Reconciled Depreciation": NaN,
        "Reconciled Cost Of Revenue": NaN,
        "EBITDA": NaN,
        "EBIT": NaN,
        "Net Interest Income": NaN,
        "Interest Expense": NaN,
        "Normalized Income": NaN,
        "Net Income From Continuing And Discontinued Operation": NaN,
        "Total Expenses": NaN,
        "Diluted Average Shares": NaN,
        "Basic Average Shares": NaN,
        "Diluted EPS": NaN,
        "Basic EPS": NaN,
        "Diluted NI Availto Com Stockholders": NaN,
        "Net Income Common Stockholders": NaN,
        "Net Income": NaN,
        "Minority Interests": NaN,
        "Net Income Including Noncontrolling Interests": NaN,
        "Net Income Continuous Operations": NaN,
        "Tax Provision": NaN,
        "Pretax Income": NaN,
        "Other Income Expense": NaN,
        "Special Income Charges": NaN,
        "Gain On Sale Of Business": 10100000.0,
        "Restructuring And Mergern Acquisition": NaN,
        "Net Non Operating Interest Income Expense": NaN,
        "Total Other Finance Cost": 64000000.0,
        "Interest Expense Non Operating": NaN,
        "Operating Income": NaN,
        "Operating Expense": NaN,
        "Other Operating Expenses": NaN,
        "Depreciation Amortization Depletion Income Statement": NaN,
        "Depreciation And Amortization In Income Statement": NaN,
        "Amortization": NaN,
        "Amortization Of Intangibles Income Statement": NaN,
        "Depreciation Income Statement": NaN,
        "Gross Profit": NaN,
        "Cost Of Revenue": NaN,
        "Total Revenue": NaN,
        "Operating Revenue": NaN
    },
    "2022-09-30": {
        "Tax Effect Of Unusual Items": NaN,
        "Tax Rate For Calcs": NaN,
        "Normalized EBITDA": NaN,
        "Total Unusual Items": NaN,
        "Total Unusual Items Excluding Goodwill": NaN,
        "Net Income From Continuing Operation Net Minority Interest": NaN,
        "Reconciled Depreciation": NaN,
        "Reconciled Cost Of Revenue": NaN,
        "EBITDA": NaN,
        "EBIT": NaN,
        "Net Interest Income": NaN,
        "Interest Expense": NaN,
        "Normalized Income": NaN,
        "Net Income From Continuing And Discontinued Operation": NaN,
        "Total Expenses": NaN,
        "Diluted Average Shares": NaN,
        "Basic Average Shares": NaN,
        "Diluted EPS": NaN,
        "Basic EPS": NaN,
        "Diluted NI Availto Com Stockholders": NaN,
        "Net Income Common Stockholders": NaN,
        "Net Income": NaN,
        "Minority Interests": NaN,
        "Net Income Including Noncontrolling Interests": NaN,
        "Net Income Continuous Operations": NaN,
        "Tax Provision": NaN,
        "Pretax Income": NaN,
        "Other Income Expense": NaN,
        "Special Income Charges": NaN,
        "Gain On Sale Of Business": -1300000.0,
        "Restructuring And Mergern Acquisition": NaN,
        "Net Non Operating Interest Income Expense": NaN,
        "Total Other Finance Cost": 64400000.0,
        "Interest Expense Non Operating": NaN,
        "Operating Income": NaN,
        "Operating Expense": NaN,
        "Other Operating Expenses": NaN,
        "Depreciation Amortization Depletion Income Statement": NaN,
        "Depreciation And Amortization In Income Statement": NaN,
        "Amortization": NaN,
        "Amortization Of Intangibles Income Statement": NaN,
        "Depreciation Income Statement": NaN,
        "Gross Profit": NaN,
        "Cost Of Revenue": NaN,
        "Total Revenue": NaN,
        "Operating Revenue": NaN
    },
    "2022-06-30": {
        "Tax Effect Of Unusual Items": 6455800.0,
        "Tax Rate For Calcs": 0.191,
        "Normalized EBITDA": 489600000.0,
        "Total Unusual Items": 33800000.0,
        "Total Unusual Items Excluding Goodwill": 33800000.0,
        "Net Income From Continuing Operation Net Minority Interest": 284200000.0,
        "Reconciled Depreciation": 140300000.0,
        "Reconciled Cost Of Revenue": 1195700000.0,
        "EBITDA": 523400000.0,
        "EBIT": 383100000.0,
        "Net Interest Income": -64600000.0,
        "Interest Expense": 64600000.0,
        "Normalized Income": 256855800.0,
        "Net Income From Continuing And Discontinued Operation": 284200000.0,
        "Total Expenses": 1659900000.0,
        "Diluted Average Shares": 214300000.0,
        "Basic Average Shares": 210200000.0,
        "Diluted EPS": 1.33,
        "Basic EPS": 1.35,
        "Diluted NI Availto Com Stockholders": 284200000.0,
        "Net Income Common Stockholders": 284200000.0,
        "Net Income": 284200000.0,
        "Minority Interests": -900000.0,
        "Net Income Including Noncontrolling Interests": 285100000.0,
        "Net Income Continuous Operations": 285100000.0,
        "Tax Provision": 67200000.0,
        "Pretax Income": 352300000.0,
        "Other Income Expense": 33800000.0,
        "Special Income Charges": 33800000.0,
        "Gain On Sale Of Business": 2800000.0,
        "Restructuring And Mergern Acquisition": -33800000.0,
        "Net Non Operating Interest Income Expense": -64600000.0,
        "Total Other Finance Cost": 64600000.0,
        "Interest Expense Non Operating": 64600000.0,
        "Operating Income": 383100000.0,
        "Operating Expense": 464200000.0,
        "Other Operating Expenses": 323900000.0,
        "Depreciation Amortization Depletion Income Statement": 140300000.0,
        "Depreciation And Amortization In Income Statement": 140300000.0,
        "Amortization": 100300000.0,
        "Amortization Of Intangibles Income Statement": 100300000.0,
        "Depreciation Income Statement": 40000000.0,
        "Gross Profit": 847300000.0,
        "Cost Of Revenue": 1195700000.0,
        "Total Revenue": 2043000000.0,
        "Operating Revenue": 1899600000.0
    },
    "2022-03-31": {
        "Diluted EPS": 2.05,
        "Total Revenue": NaN,
        "Gross Profit": NaN,
        "Operating Income": 602,
        "EBIT": 761,
        "Net Income": 439
    },
    "2021-12-31": {
        "Diluted EPS": 0.47,
        "Total Revenue": NaN,
        "Gross Profit": 729,
        "Operating Income": 175,
        "EBIT": 321,
        "Net Income": 109
    },
    "2021-09-30": {
        "Diluted EPS": 1.06,
        "Total Revenue": NaN,
        "Gross Profit": 772,
        "Operating Income": 292,
        "EBIT": 423,
        "Net Income": 225
    },
    "2021-06-30": {
        "Diluted EPS": 0.92,
        "Total Revenue": NaN,
        "Gross Profit": 728,
        "Operating Income": 279,
        "EBIT": 424,
        "Net Income": 190
    },
    "2021-03-31": {
        "Diluted EPS": 1.92,
        "Total Revenue": NaN,
        "Gross Profit": 880,
        "Operating Income": 457,
        "EBIT": 600,
        "Net Income": 382
    },
    "2020-12-31": {
        "Diluted EPS": 0.72,
        "Total Revenue": NaN,
        "Gross Profit": 606,
        "Operating Income": 182,
        "EBIT": 315,
        "Net Income": 142
    },
    "2020-09-30": {
        "Diluted EPS": 0.9,
        "Total Revenue": NaN,
        "Gross Profit": 656,
        "Operating Income": 258,
        "EBIT": 392,
        "Net Income": 177
    },
    "2020-06-30": {
        "Diluted EPS": 0.79,
        "Total Revenue": NaN,
        "Gross Profit": 607,
        "Operating Income": 222,
        "EBIT": 344,
        "Net Income": 154
    },
    "2020-03-31": {
        "Diluted EPS": 1.79,
        "Total Revenue": NaN,
        "Gross Profit": 785,
        "Operating Income": 407,
        "EBIT": 579,
        "Net Income": 346
    },
    "2019-12-31": {
        "Diluted EPS": 0.51,
        "Total Revenue": NaN,
        "Gross Profit": 583,
        "Operating Income": 126,
        "EBIT": 256,
        "Net Income": 99
    },
    "2019-09-30": {
        "Diluted EPS": 0.66,
        "Total Revenue": NaN,
        "Gross Profit": 589,
        "Operating Income": 167,
        "EBIT": 286,
        "Net Income": 126
    },
    "2019-06-30": {
        "Diluted EPS": 0.58,
        "Total Revenue": NaN,
        "Gross Profit": 560,
        "Operating Income": 150,
        "EBIT": 265,
        "Net Income": 110
    },
    "2019-03-31": {
        "Diluted EPS": 1.77,
        "Total Revenue": NaN,
        "Gross Profit": 771,
        "Operating Income": 362,
        "EBIT": 473,
        "Net Income": 334
    },
    "2018-12-31": {
        "Diluted EPS": 0.62,
        "Total Revenue": NaN,
        "Gross Profit": 463,
        "Operating Income": 80,
        "EBIT": 190,
        "Net Income": 117
    },
    "2018-09-30": {
        "Diluted EPS": 0.68,
        "Total Revenue": NaN,
        "Gross Profit": 504,
        "Operating Income": 127,
        "EBIT": 233,
        "Net Income": 128
    },
    "2018-06-30": {
        "Diluted EPS": 0.62,
        "Total Revenue": NaN,
        "Gross Profit": 494,
        "Operating Income": 138,
        "EBIT": 242,
        "Net Income": 115
    },
    "2018-03-31": {
        "Diluted EPS": 1.48,
        "Total Revenue": NaN,
        "Gross Profit": 631,
        "Operating Income": 274,
        "EBIT": 372,
        "Net Income": 274
    },
    "2017-12-31": {
        "Diluted EPS": 0.37,
        "Total Revenue": NaN,
        "Gross Profit": 411,
        "Operating Income": 60,
        "EBIT": 157,
        "Net Income": 72
    },
    "2017-09-30": {
        "Diluted EPS": 0.61,
        "Total Revenue": NaN,
        "Gross Profit": 462,
        "Operating Income": 108,
        "EBIT": 208,
        "Net Income": 111
    },
    "2017-06-30": {
        "Diluted EPS": 0.39,
        "Total Revenue": NaN,
        "Gross Profit": 426,
        "Operating Income": 86,
        "EBIT": 181,
        "Net Income": 70
    },
    "2017-03-31": {
        "Diluted EPS": 1.27,
        "Total Revenue": NaN,
        "Gross Profit": 568,
        "Operating Income": 230,
        "EBIT": 323,
        "Net Income": 229
    },
    "2016-12-31": {
        "Diluted EPS": 0.43,
        "Total Revenue": NaN,
        "Gross Profit": 484,
        "Operating Income": 74,
        "EBIT": 163,
        "Net Income": 78
    },
    "2016-09-30": {
        "Diluted EPS": 0.69,
        "Total Revenue": NaN,
        "Gross Profit": 406,
        "Operating Income": 123,
        "EBIT": 212,
        "Net Income": 123
    },
    "2016-06-30": {
        "Diluted EPS": 0.84,
        "Total Revenue": NaN,
        "Gross Profit": 471,
        "Operating Income": 165,
        "EBIT": 253,
        "Net Income": 150
    },
    "2016-03-31": {
        "Diluted EPS": 0.26,
        "Total Revenue": NaN,
        "Gross Profit": 374,
        "Operating Income": 82,
        "EBIT": 166,
        "Net Income": 47
    },
    "2015-12-31": {
        "Diluted EPS": 0.37,
        "Total Revenue": NaN,
        "Gross Profit": 385,
        "Operating Income": 54,
        "EBIT": 148,
        "Net Income": 62
    },
    "2015-09-30": {
        "Diluted EPS": 0.75,
        "Total Revenue": NaN,
        "Gross Profit": 431,
        "Operating Income": 131,
        "EBIT": 213,
        "Net Income": 133
    },
    "2015-06-30": {
        "Diluted EPS": 0.81,
        "Total Revenue": NaN,
        "Gross Profit": 450,
        "Operating Income": 155,
        "EBIT": 237,
        "Net Income": 139
    },
    "2015-03-31": {
        "Diluted EPS": 0.13,
        "Total Revenue": NaN,
        "Gross Profit": 347,
        "Operating Income": 57,
        "EBIT": 133,
        "Net Income": 22
    },
    "2014-12-31": {
        "Diluted EPS": 0.33,
        "Total Revenue": NaN,
        "Gross Profit": 348,
        "Operating Income": 55,
        "EBIT": 129,
        "Net Income": 52
    },
    "2014-09-30": {
        "Diluted EPS": 0.58,
        "Total Revenue": NaN,
        "Gross Profit": 396,
        "Operating Income": 121,
        "EBIT": 194,
        "Net Income": 94
    },
    "2014-06-30": {
        "Diluted EPS": 0.7,
        "Total Revenue": NaN,
        "Gross Profit": 379,
        "Operating Income": 133,
        "EBIT": 193,
        "Net Income": 109
    },
    "2014-03-31": {
        "Diluted EPS": 0.36,
        "Total Revenue": 915,
        "Gross Profit": 278,
        "Operating Income": 71,
        "EBIT": 124,
        "Net Income": 49
    },
    "2013-12-31": {
        "Diluted EPS": 0.44,
        "Total Revenue": 890,
        "Gross Profit": 261,
        "Operating Income": 80,
        "EBIT": 130,
        "Net Income": 60
    },
    "2013-09-30": {
        "Diluted EPS": 0.57,
        "Total Revenue": 836,
        "Gross Profit": 276,
        "Operating Income": 99,
        "EBIT": 144,
        "Net Income": 75
    },
    "2013-06-30": {
        "Diluted EPS": 0.73,
        "Total Revenue": 780,
        "Gross Profit": 287,
        "Operating Income": 109,
        "EBIT": 152,
        "Net Income": 94
    },
    "2013-03-31": {
        "Diluted EPS": 0.32,
        "Total Revenue": 674,
        "Gross Profit": 232,
        "Operating Income": 54,
        "EBIT": 94,
        "Net Income": 41
    },
    "2012-12-31": {
        "Diluted EPS": 0.26,
        "Total Revenue": 673,
        "Gross Profit": 225,
        "Operating Income": 56,
        "EBIT": 93,
        "Net Income": 34
    },
    "2012-09-30": {
        "Diluted EPS": 0.5,
        "Total Revenue": 650,
        "Gross Profit": 249,
        "Operating Income": 87,
        "EBIT": 124,
        "Net Income": 62
    },
    "2012-06-30": {
        "Diluted EPS": 0.59,
        "Total Revenue": 650,
        "Gross Profit": 257,
        "Operating Income": 102,
        "EBIT": 138,
        "Net Income": 72
    },
    "2012-03-31": {
        "Diluted EPS": 0.24,
        "Total Revenue": 547,
        "Gross Profit": 185,
        "Operating Income": 43,
        "EBIT": 74,
        "Net Income": 28
    },
    "2011-12-31": {
        "Diluted EPS": 0.36,
        "Total Revenue": 578,
        "Gross Profit": 198,
        "Operating Income": 58,
        "EBIT": 92,
        "Net Income": 41
    },
    "2011-09-30": {
        "Diluted EPS": 0.41,
        "Total Revenue": 563,
        "Gross Profit": 217,
        "Operating Income": 81,
        "EBIT": 111,
        "Net Income": 47
    },
    "2011-06-30": {
        "Diluted EPS": 0.37,
        "Total Revenue": 546,
        "Gross Profit": 210,
        "Operating Income": 77,
        "EBIT": 104,
        "Net Income": 42
    },
    "2011-03-31": {
        "Diluted EPS": 0.14,
        "Total Revenue": 447,
        "Gross Profit": 152,
        "Operating Income": 33,
        "EBIT": 58,
        "Net Income": 15
    },
    "2010-12-31": {
        "Diluted EPS": 0.52,
        "Total Revenue": 459,
        "Gross Profit": 160,
        "Operating Income": 35,
        "EBIT": 59,
        "Net Income": 55
    },
    "2010-09-30": {
        "Diluted EPS": 0.44,
        "Total Revenue": 463,
        "Gross Profit": 183,
        "Operating Income": 79,
        "EBIT": 102,
        "Net Income": 46
    },
    "2010-06-30": {
        "Diluted EPS": 0.42,
        "Total Revenue": 460,
        "Gross Profit": 184,
        "Operating Income": 73,
        "EBIT": 97,
        "Net Income": 44
    },
    "2010-03-31": {
        "Diluted EPS": 0.28,
        "Total Revenue": 482,
        "Gross Profit": 156,
        "Operating Income": 52,
        "EBIT": 73,
        "Net Income": 29
    },
    "2009-12-31": {
        "Diluted EPS": 0.16,
        "Total Revenue": 435,
        "Gross Profit": 151,
        "Operating Income": 35,
        "EBIT": 58,
        "Net Income": 17
    },
    "2009-09-30": {
        "Diluted EPS": 0.41,
        "Total Revenue": 440,
        "Gross Profit": 176,
        "Operating Income": 71,
        "EBIT": 93,
        "Net Income": 42
    },
    "2009-06-30": {
        "Diluted EPS": 0.44,
        "Total Revenue": 454,
        "Gross Profit": 183,
        "Operating Income": 83,
        "EBIT": 104,
        "Net Income": 44
    },
    "2009-03-31": {
        "Diluted EPS": 0.27,
        "Total Revenue": 401,
        "Gross Profit": 150,
        "Operating Income": 51,
        "EBIT": 71,
        "Net Income": 26
    },
    "2023-09-30": {
        "Tax Effect Of Unusual Items": NaN,
        "Tax Rate For Calcs": NaN,
        "Normalized EBITDA": NaN,
        "Total Unusual Items": NaN,
        "Total Unusual Items Excluding Goodwill": NaN,
        "Net Income From Continuing Operation Net Minority Interest": NaN,
        "Reconciled Depreciation": NaN,
        "Reconciled Cost Of Revenue": NaN,
        "EBITDA": NaN,
        "EBIT": NaN,
        "Net Interest Income": NaN,
        "Interest Expense": 72800000.0,
        "Normalized Income": NaN,
        "Net Income From Continuing And Discontinued Operation": NaN,
        "Total Expenses": NaN,
        "Diluted Average Shares": NaN,
        "Basic Average Shares": NaN,
        "Diluted EPS": NaN,
        "Basic EPS": NaN,
        "Diluted NI Availto Com Stockholders": NaN,
        "Net Income Common Stockholders": NaN,
        "Net Income": NaN,
        "Minority Interests": NaN,
        "Net Income Including Noncontrolling Interests": NaN,
        "Net Income Continuous Operations": NaN,
        "Tax Provision": NaN,
        "Pretax Income": NaN,
        "Other Income Expense": NaN,
        "Special Income Charges": NaN,
        "Gain On Sale Of Business": 500000.0,
        "Restructuring And Mergern Acquisition": NaN,
        "Net Non Operating Interest Income Expense": NaN,
        "Total Other Finance Cost": 72800000.0,
        "Interest Expense Non Operating": 72800000.0,
        "Operating Income": NaN,
        "Operating Expense": NaN,
        "Other Operating Expenses": NaN,
        "Depreciation Amortization Depletion Income Statement": NaN,
        "Depreciation And Amortization In Income Statement": NaN,
        "Amortization": NaN,
        "Amortization Of Intangibles Income Statement": NaN,
        "Depreciation Income Statement": NaN,
        "Gross Profit": NaN,
        "Cost Of Revenue": NaN,
        "Total Revenue": NaN,
        "Operating Revenue": NaN
    },
    "2023-12-31": {
        "Tax Effect Of Unusual Items": NaN,
        "Tax Rate For Calcs": NaN,
        "Normalized EBITDA": NaN,
        "Total Unusual Items": NaN,
        "Total Unusual Items Excluding Goodwill": NaN,
        "Net Income From Continuing Operation Net Minority Interest": NaN,
        "Reconciled Depreciation": NaN,
        "Reconciled Cost Of Revenue": NaN,
        "EBITDA": NaN,
        "EBIT": NaN,
        "Net Interest Income": NaN,
        "Interest Expense": 78200000.0,
        "Normalized Income": NaN,
        "Net Income From Continuing And Discontinued Operation": NaN,
        "Total Expenses": NaN,
        "Diluted Average Shares": NaN,
        "Basic Average Shares": NaN,
        "Diluted EPS": NaN,
        "Basic EPS": NaN,
        "Diluted NI Availto Com Stockholders": NaN,
        "Net Income Common Stockholders": NaN,
        "Net Income": NaN,
        "Minority Interests": NaN,
        "Net Income Including Noncontrolling Interests": NaN,
        "Net Income Continuous Operations": NaN,
        "Tax Provision": NaN,
        "Pretax Income": NaN,
        "Other Income Expense": NaN,
        "Special Income Charges": NaN,
        "Restructuring And Mergern Acquisition": NaN,
        "Net Non Operating Interest Income Expense": NaN,
        "Total Other Finance Cost": NaN,
        "Interest Expense Non Operating": 78200000.0,
        "Operating Income": NaN,
        "Operating Expense": NaN,
        "Other Operating Expenses": NaN,
        "Depreciation Amortization Depletion Income Statement": NaN,
        "Depreciation And Amortization In Income Statement": NaN,
        "Amortization": NaN,
        "Amortization Of Intangibles Income Statement": NaN,
        "Depreciation Income Statement": NaN,
        "Gross Profit": NaN,
        "Cost Of Revenue": NaN,
        "Total Revenue": NaN,
        "Operating Revenue": NaN
    },
    "2024-03-31": {
        "Tax Effect Of Unusual Items": NaN,
        "Tax Rate For Calcs": NaN,
        "Normalized EBITDA": NaN,
        "Total Unusual Items": NaN,
        "Total Unusual Items Excluding Goodwill": NaN,
        "Net Income From Continuing Operation Net Minority Interest": NaN,
        "Reconciled Depreciation": NaN,
        "Reconciled Cost Of Revenue": NaN,
        "EBITDA": NaN,
        "EBIT": NaN,
        "Net Interest Income": NaN,
        "Interest Expense": 92200000.0,
        "Normalized Income": NaN,
        "Net Income From Continuing And Discontinued Operation": NaN,
        "Total Expenses": NaN,
        "Diluted Average Shares": NaN,
        "Basic Average Shares": NaN,
        "Diluted EPS": NaN,
        "Basic EPS": NaN,
        "Diluted NI Availto Com Stockholders": NaN,
        "Net Income Common Stockholders": NaN,
        "Net Income": NaN,
        "Minority Interests": NaN,
        "Net Income Including Noncontrolling Interests": NaN,
        "Net Income Continuous Operations": NaN,
        "Tax Provision": NaN,
        "Pretax Income": NaN,
        "Other Income Expense": NaN,
        "Special Income Charges": NaN,
        "Restructuring And Mergern Acquisition": NaN,
        "Net Non Operating Interest Income Expense": NaN,
        "Total Other Finance Cost": NaN,
        "Interest Expense Non Operating": 92200000.0,
        "Operating Income": NaN,
        "Operating Expense": NaN,
        "Other Operating Expenses": NaN,
        "Depreciation Amortization Depletion Income Statement": NaN,
        "Depreciation And Amortization In Income Statement": NaN,
        "Amortization": NaN,
        "Amortization Of Intangibles Income Statement": NaN,
        "Depreciation Income Statement": NaN,
        "Gross Profit": NaN,
        "Cost Of Revenue": NaN,
        "Total Revenue": NaN,
        "Operating Revenue": NaN
    },
    "2024-06-30": {
        "Tax Effect Of Unusual Items": NaN,
        "Tax Rate For Calcs": NaN,
        "Normalized EBITDA": NaN,
        "Total Unusual Items": NaN,
        "Total Unusual Items Excluding Goodwill": NaN,
        "Net Income From Continuing Operation Net Minority Interest": NaN,
        "Reconciled Depreciation": NaN,
        "Reconciled Cost Of Revenue": NaN,
        "EBITDA": NaN,
        "EBIT": NaN,
        "Net Interest Income": NaN,
        "Interest Expense": 94300000.0,
        "Normalized Income": NaN,
        "Net Income From Continuing And Discontinued Operation": NaN,
        "Total Expenses": NaN,
        "Diluted Average Shares": NaN,
        "Basic Average Shares": NaN,
        "Diluted EPS": NaN,
        "Basic EPS": NaN,
        "Diluted NI Availto Com Stockholders": NaN,
        "Net Income Common Stockholders": NaN,
        "Net Income": NaN,
        "Minority Interests": NaN,
        "Net Income Including Noncontrolling Interests": NaN,
        "Net Income Continuous Operations": NaN,
        "Tax Provision": NaN,
        "Pretax Income": NaN,
        "Other Income Expense": NaN,
        "Special Income Charges": NaN,
        "Restructuring And Mergern Acquisition": NaN,
        "Net Non Operating Interest Income Expense": NaN,
        "Total Other Finance Cost": NaN,
        "Interest Expense Non Operating": 94300000.0,
        "Operating Income": NaN,
        "Operating Expense": NaN,
        "Other Operating Expenses": NaN,
        "Depreciation Amortization Depletion Income Statement": NaN,
        "Depreciation And Amortization In Income Statement": NaN,
        "Amortization": NaN,
        "Amortization Of Intangibles Income Statement": NaN,
        "Depreciation Income Statement": NaN,
        "Gross Profit": NaN,
        "Cost Of Revenue": NaN,
        "Total Revenue": NaN,
        "Operating Revenue": NaN
    },
    "2024-09-30": {
        "Tax Effect Of Unusual Items": 3383982.147285,
        "Tax Rate For Calcs": 0.221175,
        "Normalized EBITDA": 690900000.0,
        "Total Unusual Items": 15300000.0,
        "Total Unusual Items Excluding Goodwill": 15300000.0,
        "Net Income From Continuing Operation Net Minority Interest": 312600000.0,
        "Reconciled Depreciation": 210000000.0,
        "Reconciled Cost Of Revenue": 1662200000.0,
        "EBITDA": 706200000.0,
        "EBIT": 496200000.0,
        "Net Interest Income": -92900000.0,
        "Interest Expense": 92900000.0,
        "Normalized Income": 300683982.147285,
        "Net Income From Continuing And Discontinued Operation": 312600000.0,
        "Total Expenses": 2325900000.0,
        "Diluted Average Shares": 223886000.0,
        "Basic Average Shares": 219331000.0,
        "Diluted EPS": 1.39,
        "Basic EPS": 1.425243,
        "Diluted NI Availto Com Stockholders": 312600000.0,
        "Net Income Common Stockholders": 312600000.0,
        "Net Income": 312600000.0,
        "Minority Interests": -1500000.0,
        "Net Income Including Noncontrolling Interests": 314100000.0,
        "Net Income Continuous Operations": 314100000.0,
        "Tax Provision": 89200000.0,
        "Pretax Income": 403300000.0,
        "Other Income Expense": 15300000.0,
        "Special Income Charges": 15300000.0,
        "Restructuring And Mergern Acquisition": -15300000.0,
        "Net Non Operating Interest Income Expense": -92900000.0,
        "Total Other Finance Cost": 92900000.0,
        "Interest Expense Non Operating": 92900000.0,
        "Operating Income": 480900000.0,
        "Operating Expense": 663700000.0,
        "Other Operating Expenses": 453700000.0,
        "Depreciation Amortization Depletion Income Statement": 210000000.0,
        "Depreciation And Amortization In Income Statement": 210000000.0,
        "Amortization": 164700000.0,
        "Amortization Of Intangibles Income Statement": 164700000.0,
        "Depreciation Income Statement": 45300000.0,
        "Gross Profit": 1144600000.0,
        "Cost Of Revenue": 1662200000.0,
        "Total Revenue": 2806800000.0,
        "Operating Revenue": 2618100000.0
    },
    "2024-12-31": {
        "Tax Effect Of Unusual Items": -8688475.390156,
        "Tax Rate For Calcs": 0.22509,
        "Normalized EBITDA": 699300000.0,
        "Total Unusual Items": -38600000.0,
        "Total Unusual Items Excluding Goodwill": -38600000.0,
        "Net Income From Continuing Operation Net Minority Interest": 258300000.0,
        "Reconciled Depreciation": 213000000.0,
        "Reconciled Cost Of Revenue": 1590400000.0,
        "EBITDA": 660700000.0,
        "EBIT": 447700000.0,
        "Net Interest Income": -101900000.0,
        "Interest Expense": NaN,
        "Normalized Income": 288211524.609844,
        "Net Income From Continuing And Discontinued Operation": 258300000.0,
        "Total Expenses": 2242300000.0,
        "Diluted Average Shares": 231059000.0,
        "Basic Average Shares": 226425000.0,
        "Diluted EPS": 1.12,
        "Basic EPS": 1.140775,
        "Diluted NI Availto Com Stockholders": 258300000.0,
        "Net Income Common Stockholders": 258300000.0,
        "Net Income": 258300000.0,
        "Minority Interests": 100000.0,
        "Net Income Including Noncontrolling Interests": 258200000.0,
        "Net Income Continuous Operations": 258200000.0,
        "Tax Provision": 75000000.0,
        "Pretax Income": 333200000.0,
        "Other Income Expense": -38600000.0,
        "Special Income Charges": -38600000.0,
        "Restructuring And Mergern Acquisition": 38600000.0,
        "Net Non Operating Interest Income Expense": -101900000.0,
        "Total Other Finance Cost": NaN,
        "Interest Expense Non Operating": NaN,
        "Operating Income": 473700000.0,
        "Operating Expense": 651900000.0,
        "Other Operating Expenses": 438900000.0,
        "Depreciation Amortization Depletion Income Statement": 213000000.0,
        "Depreciation And Amortization In Income Statement": 213000000.0,
        "Amortization": 167000000.0,
        "Amortization Of Intangibles Income Statement": 167000000.0,
        "Depreciation Income Statement": 46000000.0,
        "Gross Profit": 1125600000.0,
        "Cost Of Revenue": 1590400000.0,
        "Total Revenue": 2716000000.0,
        "Operating Revenue": 2529800000.0
    },
    "2025-03-31": {
        "Tax Effect Of Unusual Items": -2970400.0,
        "Tax Rate For Calcs": 0.188,
        "Normalized EBITDA": 1300300000.0,
        "Total Unusual Items": -15800000.0,
        "Total Unusual Items Excluding Goodwill": -15800000.0,
        "Net Income From Continuing Operation Net Minority Interest": 704400000.0,
        "Reconciled Depreciation": 253400000.0,
        "Reconciled Cost Of Revenue": 1936700000.0,
        "EBITDA": 1284500000.0,
        "EBIT": 1031100000.0,
        "Net Interest Income": -158400000.0,
        "Interest Expense": 158400000.0,
        "Normalized Income": 717229600.0,
        "Net Income From Continuing And Discontinued Operation": 704400000.0,
        "Total Expenses": 2680500000.0,
        "Diluted Average Shares": 259421000.0,
        "Basic Average Shares": 254819000.0,
        "Diluted EPS": 2.72,
        "Basic EPS": 2.764315,
        "Diluted NI Availto Com Stockholders": 704400000.0,
        "Net Income Common Stockholders": 704400000.0,
        "Net Income": 704400000.0,
        "Minority Interests": -4500000.0,
        "Net Income Including Noncontrolling Interests": 708900000.0,
        "Net Income Continuous Operations": 708900000.0,
        "Tax Provision": 163800000.0,
        "Pretax Income": 872700000.0,
        "Other Income Expense": -15800000.0,
        "Special Income Charges": -15800000.0,
        "Restructuring And Mergern Acquisition": 15800000.0,
        "Net Non Operating Interest Income Expense": -158400000.0,
        "Total Other Finance Cost": NaN,
        "Interest Expense Non Operating": 158400000.0,
        "Operating Income": 1046900000.0,
        "Operating Expense": 743800000.0,
        "Other Operating Expenses": 490400000.0,
        "Depreciation Amortization Depletion Income Statement": 253400000.0,
        "Depreciation And Amortization In Income Statement": 253400000.0,
        "Amortization": 209300000.0,
        "Amortization Of Intangibles Income Statement": 209300000.0,
        "Depreciation Income Statement": 44100000.0,
        "Gross Profit": 1790700000.0,
        "Cost Of Revenue": 1936700000.0,
        "Total Revenue": 3727400000.0,
        "Operating Revenue": 3481600000.0
    },
    "2025-06-30": {
        "Tax Effect Of Unusual Items": 1248800.0,
        "Tax Rate For Calcs": 0.223,
        "Normalized EBITDA": 855200000.0,
        "Total Unusual Items": 5600000.0,
        "Total Unusual Items Excluding Goodwill": 5600000.0,
        "Net Income From Continuing Operation Net Minority Interest": 365800000.0,
        "Reconciled Depreciation": 230800000.0,
        "Reconciled Cost Of Revenue": 1846300000.0,
        "EBITDA": 860800000.0,
        "EBIT": 630000000.0,
        "Net Interest Income": -158600000.0,
        "Interest Expense": 158600000.0,
        "Normalized Income": 361448800.0,
        "Net Income From Continuing And Discontinued Operation": 365800000.0,
        "Total Expenses": 2596400000.0,
        "Diluted Average Shares": 260435000.0,
        "Basic Average Shares": 256260000.0,
        "Diluted EPS": 1.4,
        "Basic EPS": 1.427456,
        "Diluted NI Availto Com Stockholders": 365800000.0,
        "Net Income Common Stockholders": 365800000.0,
        "Net Income": 365800000.0,
        "Minority Interests": -400000.0,
        "Net Income Including Noncontrolling Interests": 366200000.0,
        "Net Income Continuous Operations": 366200000.0,
        "Tax Provision": 105200000.0,
        "Pretax Income": 471400000.0,
        "Other Income Expense": 5600000.0,
        "Special Income Charges": 5600000.0,
        "Restructuring And Mergern Acquisition": -5600000.0,
        "Net Non Operating Interest Income Expense": -158600000.0,
        "Total Other Finance Cost": NaN,
        "Interest Expense Non Operating": 158600000.0,
        "Operating Income": 624400000.0,
        "Operating Expense": 750100000.0,
        "Other Operating Expenses": 519300000.0,
        "Depreciation Amortization Depletion Income Statement": 230800000.0,
        "Depreciation And Amortization In Income Statement": 230800000.0,
        "Amortization": 181100000.0,
        "Amortization Of Intangibles Income Statement": 181100000.0,
        "Depreciation Income Statement": 49700000.0,
        "Gross Profit": 1374500000.0,
        "Cost Of Revenue": 1846300000.0,
        "Total Revenue": 3220800000.0,
        "Operating Revenue": 3002400000.0
    },
    "2025-09-30": {
        "Tax Effect Of Unusual Items": -6106572.499279,
        "Tax Rate For Calcs": 0.2113,
        "Normalized EBITDA": 812900000.0,
        "Total Unusual Items": -28900000.0,
        "Total Unusual Items Excluding Goodwill": -28900000.0,
        "Net Income From Continuing Operation Net Minority Interest": 272700000.0,
        "Reconciled Depreciation": 276300000.0,
        "Reconciled Cost Of Revenue": 1971900000.0,
        "EBITDA": 784000000.0,
        "EBIT": 507700000.0,
        "Net Interest Income": -160800000.0,
        "Interest Expense": 160800000.0,
        "Normalized Income": 295493427.500721,
        "Net Income From Continuing And Discontinued Operation": 272700000.0,
        "Total Expenses": 2829000000.0,
        "Diluted Average Shares": 260408000.0,
        "Basic Average Shares": 256618000.0,
        "Diluted EPS": 1.04,
        "Basic EPS": 1.062669,
        "Diluted NI Availto Com Stockholders": 272700000.0,
        "Net Income Common Stockholders": 272700000.0,
        "Net Income": 272700000.0,
        "Minority Interests": -900000.0,
        "Net Income Including Noncontrolling Interests": 273600000.0,
        "Net Income Continuous Operations": 273600000.0,
        "Tax Provision": 73300000.0,
        "Pretax Income": 346900000.0,
        "Other Income Expense": -28900000.0,
        "Special Income Charges": -28900000.0,
        "Restructuring And Mergern Acquisition": 28900000.0,
        "Net Non Operating Interest Income Expense": -160800000.0,
        "Total Other Finance Cost": NaN,
        "Interest Expense Non Operating": 160800000.0,
        "Operating Income": 536600000.0,
        "Operating Expense": 857100000.0,
        "Other Operating Expenses": 580800000.0,
        "Depreciation Amortization Depletion Income Statement": 276300000.0,
        "Depreciation And Amortization In Income Statement": 276300000.0,
        "Amortization": 222200000.0,
        "Amortization Of Intangibles Income Statement": 222200000.0,
        "Depreciation Income Statement": 54100000.0,
        "Gross Profit": 1393700000.0,
        "Cost Of Revenue": 1971900000.0,
        "Total Revenue": 3365600000.0,
        "Operating Revenue": 3132400000.0
    }
}