{
    "2023-03-31": {
        "Tax Effect Of Unusual Items": NaN,
        "Tax Rate For Calcs": NaN,
        "Normalized EBITDA": NaN,
        "Total Unusual Items": NaN,
        "Total Unusual Items Excluding Goodwill": NaN,
        "Net Income From Continuing Operation Net Minority Interest": NaN,
        "Reconciled Depreciation": NaN,
        "Reconciled Cost Of Revenue": NaN,
        "EBITDA": NaN,
        "EBIT": NaN,
        "Net Interest Income": NaN,
        "Interest Expense": NaN,
        "Normalized Income": NaN,
        "Net Income From Continuing And Discontinued Operation": NaN,
        "Total Expenses": NaN,
        "Total Operating Income As Reported": NaN,
        "Diluted Average Shares": 10753384.0,
        "Basic Average Shares": 10753384.0,
        "Diluted EPS": -0.89,
        "Basic EPS": -0.89,
        "Diluted NI Availto Com Stockholders": NaN,
        "Net Income Common Stockholders": NaN,
        "Net Income": NaN,
        "Net Income Including Noncontrolling Interests": NaN,
        "Net Income Continuous Operations": NaN,
        "Tax Provision": NaN,
        "Pretax Income": NaN,
        "Other Income Expense": NaN,
        "Other Non Operating Income Expenses": NaN,
        "Special Income Charges": NaN,
        "Impairment Of Capital Assets": NaN,
        "Net Non Operating Interest Income Expense": NaN,
        "Interest Expense Non Operating": NaN,
        "Operating Income": NaN,
        "Operating Expense": NaN,
        "Selling General And Administration": NaN,
        "Selling And Marketing Expense": NaN,
        "General And Administrative Expense": NaN,
        "Other Gand A": NaN,
        "Gross Profit": NaN,
        "Cost Of Revenue": NaN,
        "Total Revenue": NaN,
        "Operating Revenue": NaN
    },
    "2022-12-31": {
        "Tax Effect Of Unusual Items": NaN,
        "Tax Rate For Calcs": NaN,
        "Normalized EBITDA": NaN,
        "Total Unusual Items": -173786000.0,
        "Total Unusual Items Excluding Goodwill": -173786000.0,
        "Net Income From Continuing Operation Net Minority Interest": NaN,
        "Reconciled Depreciation": NaN,
        "Reconciled Cost Of Revenue": NaN,
        "EBITDA": NaN,
        "EBIT": NaN,
        "Net Interest Income": NaN,
        "Interest Expense": NaN,
        "Normalized Income": NaN,
        "Net Income From Continuing And Discontinued Operation": NaN,
        "Total Expenses": NaN,
        "Total Operating Income As Reported": NaN,
        "Diluted Average Shares": NaN,
        "Basic Average Shares": NaN,
        "Diluted EPS": NaN,
        "Basic EPS": NaN,
        "Diluted NI Availto Com Stockholders": NaN,
        "Net Income Common Stockholders": NaN,
        "Net Income": NaN,
        "Minority Interests": 0.0,
        "Net Income Including Noncontrolling Interests": NaN,
        "Net Income Continuous Operations": NaN,
        "Tax Provision": NaN,
        "Pretax Income": NaN,
        "Other Income Expense": NaN,
        "Other Non Operating Income Expenses": NaN,
        "Special Income Charges": -173786000.0,
        "Impairment Of Capital Assets": NaN,
        "Net Non Operating Interest Income Expense": NaN,
        "Interest Expense Non Operating": NaN,
        "Operating Income": NaN,
        "Operating Expense": NaN,
        "Selling General And Administration": NaN,
        "Selling And Marketing Expense": NaN,
        "General And Administrative Expense": NaN,
        "Other Gand A": NaN,
        "Gross Profit": NaN,
        "Cost Of Revenue": NaN,
        "Total Revenue": NaN,
        "Operating Revenue": NaN
    },
    "2022-09-30": {
        "Tax Effect Of Unusual Items": NaN,
        "Tax Rate For Calcs": NaN,
        "Normalized EBITDA": NaN,
        "Total Unusual Items": 0.0,
        "Total Unusual Items Excluding Goodwill": 0.0,
        "Net Income From Continuing Operation Net Minority Interest": NaN,
        "Reconciled Depreciation": NaN,
        "Reconciled Cost Of Revenue": NaN,
        "EBITDA": NaN,
        "EBIT": NaN,
        "Net Interest Income": NaN,
        "Interest Expense": NaN,
        "Normalized Income": NaN,
        "Net Income From Continuing And Discontinued Operation": NaN,
        "Total Expenses": NaN,
        "Total Operating Income As Reported": NaN,
        "Diluted Average Shares": NaN,
        "Basic Average Shares": NaN,
        "Diluted EPS": NaN,
        "Basic EPS": NaN,
        "Diluted NI Availto Com Stockholders": NaN,
        "Net Income Common Stockholders": NaN,
        "Net Income": NaN,
        "Minority Interests": 0.0,
        "Net Income Including Noncontrolling Interests": NaN,
        "Net Income Continuous Operations": NaN,
        "Tax Provision": NaN,
        "Pretax Income": NaN,
        "Other Income Expense": NaN,
        "Other Non Operating Income Expenses": NaN,
        "Special Income Charges": 0.0,
        "Impairment Of Capital Assets": 0.0,
        "Net Non Operating Interest Income Expense": NaN,
        "Interest Expense Non Operating": NaN,
        "Operating Income": NaN,
        "Operating Expense": NaN,
        "Selling General And Administration": NaN,
        "Selling And Marketing Expense": NaN,
        "General And Administrative Expense": NaN,
        "Other Gand A": NaN,
        "Gross Profit": NaN,
        "Cost Of Revenue": NaN,
        "Total Revenue": NaN,
        "Operating Revenue": NaN
    },
    "2022-06-30": {
        "Tax Effect Of Unusual Items": 0.0,
        "Tax Rate For Calcs": 0.185,
        "Normalized EBITDA": 1816000.0,
        "Total Unusual Items": NaN,
        "Total Unusual Items Excluding Goodwill": NaN,
        "Net Income From Continuing Operation Net Minority Interest": -4212000.0,
        "Reconciled Depreciation": 5590000.0,
        "Reconciled Cost Of Revenue": 71024000.0,
        "EBITDA": 1816000.0,
        "EBIT": -3774000.0,
        "Net Interest Income": -1393000.0,
        "Interest Expense": 1393000.0,
        "Normalized Income": -4212000.0,
        "Net Income From Continuing And Discontinued Operation": -4212000.0,
        "Total Expenses": 161045000.0,
        "Total Operating Income As Reported": -2574000.0,
        "Diluted Average Shares": 128657271.0,
        "Basic Average Shares": 128657271.0,
        "Diluted EPS": -0.03,
        "Basic EPS": -0.03,
        "Diluted NI Availto Com Stockholders": -4212000.0,
        "Net Income Common Stockholders": -4212000.0,
        "Net Income": -4212000.0,
        "Minority Interests": 0.0,
        "Net Income Including Noncontrolling Interests": -4212000.0,
        "Net Income Continuous Operations": -4212000.0,
        "Tax Provision": -955000.0,
        "Pretax Income": -5167000.0,
        "Other Income Expense": -1200000.0,
        "Other Non Operating Income Expenses": -1200000.0,
        "Special Income Charges": NaN,
        "Impairment Of Capital Assets": NaN,
        "Net Non Operating Interest Income Expense": -1393000.0,
        "Interest Expense Non Operating": 1393000.0,
        "Operating Income": -2574000.0,
        "Operating Expense": 90021000.0,
        "Selling General And Administration": 90021000.0,
        "Selling And Marketing Expense": 64318000.0,
        "General And Administrative Expense": 25703000.0,
        "Other Gand A": 25703000.0,
        "Gross Profit": 87447000.0,
        "Cost Of Revenue": 71024000.0,
        "Total Revenue": 158471000.0,
        "Operating Revenue": 158471000.0
    },
    "2022-03-31": {
        "Diluted EPS": 0.01,
        "Total Revenue": 148,
        "Gross Profit": 84,
        "Operating Income": 3,
        "EBIT": 9,
        "Net Income": 2
    },
    "2021-12-31": {
        "Diluted EPS": 0.0,
        "Total Revenue": 182,
        "Gross Profit": 100,
        "Operating Income": 5,
        "EBIT": 14,
        "Net Income": 0
    },
    "2021-09-30": {
        "Diluted EPS": -0.11,
        "Total Revenue": 162,
        "Gross Profit": 86,
        "Operating Income": 1,
        "EBIT": 12,
        "Net Income": -10
    },
    "2021-06-30": {
        "Diluted EPS": 0.03,
        "Total Revenue": 149,
        "Gross Profit": 81,
        "Operating Income": 7,
        "EBIT": 18,
        "Net Income": 2
    },
    "2021-03-31": {
        "Diluted EPS": 0.02,
        "Total Revenue": 69,
        "Gross Profit": 41,
        "Operating Income": 3,
        "EBIT": 5,
        "Net Income": 1
    },
    "2020-12-31": {
        "Diluted EPS": 0.0,
        "Total Revenue": NaN,
        "Gross Profit": NaN,
        "Operating Income": NaN,
        "EBIT": NaN,
        "Net Income": NaN
    },
    "2020-09-30": {
        "Diluted EPS": 0.1,
        "Total Revenue": 63,
        "Gross Profit": 39,
        "Operating Income": 11,
        "EBIT": 11,
        "Net Income": 7
    },
    "2019-12-31": {
        "Diluted EPS": 0.0,
        "Total Revenue": NaN,
        "Gross Profit": NaN,
        "Operating Income": NaN,
        "EBIT": NaN,
        "Net Income": NaN
    },
    "2023-06-30": {
        "Tax Effect Of Unusual Items": NaN,
        "Tax Rate For Calcs": NaN,
        "Normalized EBITDA": NaN,
        "Total Unusual Items": NaN,
        "Total Unusual Items Excluding Goodwill": NaN,
        "Net Income From Continuing Operation Net Minority Interest": NaN,
        "Reconciled Depreciation": NaN,
        "Reconciled Cost Of Revenue": NaN,
        "EBITDA": NaN,
        "EBIT": NaN,
        "Net Interest Income": NaN,
        "Interest Expense": NaN,
        "Normalized Income": NaN,
        "Net Income From Continuing And Discontinued Operation": NaN,
        "Total Expenses": NaN,
        "Total Operating Income As Reported": NaN,
        "Diluted Average Shares": 10761511.0,
        "Basic Average Shares": 10761511.0,
        "Diluted EPS": -0.47,
        "Basic EPS": -0.47,
        "Diluted NI Availto Com Stockholders": NaN,
        "Net Income Common Stockholders": NaN,
        "Net Income": NaN,
        "Net Income Including Noncontrolling Interests": NaN,
        "Net Income Continuous Operations": NaN,
        "Tax Provision": NaN,
        "Pretax Income": NaN,
        "Other Income Expense": NaN,
        "Other Non Operating Income Expenses": NaN,
        "Special Income Charges": NaN,
        "Impairment Of Capital Assets": NaN,
        "Net Non Operating Interest Income Expense": NaN,
        "Interest Expense Non Operating": NaN,
        "Operating Income": NaN,
        "Operating Expense": NaN,
        "Selling General And Administration": NaN,
        "Selling And Marketing Expense": NaN,
        "General And Administrative Expense": NaN,
        "Other Gand A": NaN,
        "Gross Profit": NaN,
        "Cost Of Revenue": NaN,
        "Total Revenue": NaN,
        "Operating Revenue": NaN
    },
    "2023-09-30": {
        "Tax Effect Of Unusual Items": NaN,
        "Tax Rate For Calcs": NaN,
        "Normalized EBITDA": NaN,
        "Total Unusual Items": -68524000.0,
        "Total Unusual Items Excluding Goodwill": -68524000.0,
        "Net Income From Continuing Operation Net Minority Interest": NaN,
        "Reconciled Depreciation": NaN,
        "Reconciled Cost Of Revenue": NaN,
        "EBITDA": NaN,
        "EBIT": NaN,
        "Net Interest Income": NaN,
        "Interest Expense": NaN,
        "Normalized Income": NaN,
        "Net Income From Continuing And Discontinued Operation": NaN,
        "Total Expenses": NaN,
        "Total Operating Income As Reported": NaN,
        "Diluted Average Shares": NaN,
        "Basic Average Shares": NaN,
        "Diluted EPS": NaN,
        "Basic EPS": NaN,
        "Diluted NI Availto Com Stockholders": NaN,
        "Net Income Common Stockholders": NaN,
        "Net Income": NaN,
        "Net Income Including Noncontrolling Interests": NaN,
        "Net Income Continuous Operations": NaN,
        "Tax Provision": NaN,
        "Pretax Income": NaN,
        "Other Income Expense": NaN,
        "Other Non Operating Income Expenses": NaN,
        "Special Income Charges": -68524000.0,
        "Impairment Of Capital Assets": 68524000.0,
        "Net Non Operating Interest Income Expense": NaN,
        "Interest Expense Non Operating": NaN,
        "Operating Income": NaN,
        "Operating Expense": NaN,
        "Selling General And Administration": NaN,
        "Selling And Marketing Expense": NaN,
        "General And Administrative Expense": NaN,
        "Other Gand A": NaN,
        "Gross Profit": NaN,
        "Cost Of Revenue": NaN,
        "Total Revenue": NaN,
        "Operating Revenue": NaN
    },
    "2023-12-31": {
        "Tax Effect Of Unusual Items": NaN,
        "Tax Rate For Calcs": NaN,
        "Normalized EBITDA": NaN,
        "Total Unusual Items": 0.0,
        "Total Unusual Items Excluding Goodwill": 0.0,
        "Net Income From Continuing Operation Net Minority Interest": NaN,
        "Reconciled Depreciation": NaN,
        "Reconciled Cost Of Revenue": NaN,
        "EBITDA": NaN,
        "EBIT": NaN,
        "Net Interest Income": NaN,
        "Interest Expense": NaN,
        "Normalized Income": NaN,
        "Net Income From Continuing And Discontinued Operation": NaN,
        "Total Expenses": NaN,
        "Total Operating Income As Reported": NaN,
        "Diluted Average Shares": NaN,
        "Basic Average Shares": NaN,
        "Diluted EPS": NaN,
        "Basic EPS": NaN,
        "Diluted NI Availto Com Stockholders": NaN,
        "Net Income Common Stockholders": NaN,
        "Net Income": NaN,
        "Net Income Including Noncontrolling Interests": NaN,
        "Net Income Continuous Operations": NaN,
        "Tax Provision": NaN,
        "Pretax Income": NaN,
        "Other Income Expense": NaN,
        "Other Non Operating Income Expenses": NaN,
        "Special Income Charges": 0.0,
        "Impairment Of Capital Assets": 0.0,
        "Net Non Operating Interest Income Expense": NaN,
        "Interest Expense Non Operating": NaN,
        "Operating Income": NaN,
        "Operating Expense": NaN,
        "Selling General And Administration": NaN,
        "Selling And Marketing Expense": NaN,
        "General And Administrative Expense": NaN,
        "Other Gand A": NaN,
        "Gross Profit": NaN,
        "Cost Of Revenue": NaN,
        "Total Revenue": NaN,
        "Operating Revenue": NaN
    },
    "2024-03-31": {
        "Tax Effect Of Unusual Items": 0.0,
        "Tax Rate For Calcs": 0.21,
        "Normalized EBITDA": -2338000.0,
        "Total Unusual Items": NaN,
        "Total Unusual Items Excluding Goodwill": NaN,
        "Net Income From Continuing Operation Net Minority Interest": -8933000.0,
        "Reconciled Depreciation": 4298000.0,
        "Reconciled Cost Of Revenue": 51166000.0,
        "EBITDA": -2338000.0,
        "EBIT": -6636000.0,
        "Net Interest Income": -2278000.0,
        "Interest Expense": 2278000.0,
        "Normalized Income": -8933000.0,
        "Net Income From Continuing And Discontinued Operation": -8933000.0,
        "Total Expenses": 122933000.0,
        "Total Operating Income As Reported": -6093000.0,
        "Diluted Average Shares": 10520458.0,
        "Basic Average Shares": 10520458.0,
        "Diluted EPS": -0.85,
        "Basic EPS": -0.85,
        "Diluted NI Availto Com Stockholders": -8933000.0,
        "Net Income Common Stockholders": -8933000.0,
        "Net Income": -8933000.0,
        "Net Income Including Noncontrolling Interests": -8933000.0,
        "Net Income Continuous Operations": -8933000.0,
        "Tax Provision": 19000.0,
        "Pretax Income": -8914000.0,
        "Other Income Expense": -543000.0,
        "Other Non Operating Income Expenses": -543000.0,
        "Special Income Charges": NaN,
        "Impairment Of Capital Assets": NaN,
        "Net Non Operating Interest Income Expense": -2278000.0,
        "Interest Expense Non Operating": 2278000.0,
        "Operating Income": -6093000.0,
        "Operating Expense": 71767000.0,
        "Selling General And Administration": 71767000.0,
        "Selling And Marketing Expense": 49094000.0,
        "General And Administrative Expense": 22673000.0,
        "Other Gand A": 22673000.0,
        "Gross Profit": 65674000.0,
        "Cost Of Revenue": 51166000.0,
        "Total Revenue": 116840000.0,
        "Operating Revenue": 116840000.0
    },
    "2024-06-30": {
        "Tax Effect Of Unusual Items": 0.0,
        "Tax Rate For Calcs": 0.21,
        "Normalized EBITDA": 5151000.0,
        "Total Unusual Items": NaN,
        "Total Unusual Items Excluding Goodwill": NaN,
        "Net Income From Continuing Operation Net Minority Interest": -2261000.0,
        "Reconciled Depreciation": 4270000.0,
        "Reconciled Cost Of Revenue": 62962000.0,
        "EBITDA": 5151000.0,
        "EBIT": 881000.0,
        "Net Interest Income": -2676000.0,
        "Interest Expense": 2676000.0,
        "Normalized Income": -2261000.0,
        "Net Income From Continuing And Discontinued Operation": -2261000.0,
        "Total Expenses": 148295000.0,
        "Total Operating Income As Reported": 636000.0,
        "Diluted Average Shares": 10501057.0,
        "Basic Average Shares": 10501057.0,
        "Diluted EPS": -0.22,
        "Basic EPS": -0.22,
        "Diluted NI Availto Com Stockholders": -2261000.0,
        "Net Income Common Stockholders": -2261000.0,
        "Net Income": -2261000.0,
        "Net Income Including Noncontrolling Interests": -2261000.0,
        "Net Income Continuous Operations": -2261000.0,
        "Tax Provision": 466000.0,
        "Pretax Income": -1795000.0,
        "Other Income Expense": 245000.0,
        "Other Non Operating Income Expenses": 245000.0,
        "Special Income Charges": NaN,
        "Impairment Of Capital Assets": NaN,
        "Net Non Operating Interest Income Expense": -2676000.0,
        "Interest Expense Non Operating": 2676000.0,
        "Operating Income": 636000.0,
        "Operating Expense": 85333000.0,
        "Selling General And Administration": 85333000.0,
        "Selling And Marketing Expense": 59466000.0,
        "General And Administrative Expense": 25867000.0,
        "Other Gand A": 25867000.0,
        "Gross Profit": 85969000.0,
        "Cost Of Revenue": 62962000.0,
        "Total Revenue": 148931000.0,
        "Operating Revenue": 148931000.0
    },
    "2024-09-30": {
        "Tax Effect Of Unusual Items": 0.0,
        "Tax Rate For Calcs": 0.016,
        "Normalized EBITDA": 1633000.0,
        "Total Unusual Items": 0.0,
        "Total Unusual Items Excluding Goodwill": 0.0,
        "Net Income From Continuing Operation Net Minority Interest": -5439000.0,
        "Reconciled Depreciation": 4455000.0,
        "Reconciled Cost Of Revenue": 62983000.0,
        "EBITDA": 1633000.0,
        "EBIT": -2822000.0,
        "Net Interest Income": -2707000.0,
        "Interest Expense": 2707000.0,
        "Normalized Income": -5439000.0,
        "Net Income From Continuing And Discontinued Operation": -5439000.0,
        "Total Expenses": 151975000.0,
        "Total Operating Income As Reported": -2072000.0,
        "Diluted Average Shares": 10595526.0,
        "Basic Average Shares": 10595526.0,
        "Diluted EPS": -0.51,
        "Basic EPS": -0.51,
        "Diluted NI Availto Com Stockholders": -5439000.0,
        "Net Income Common Stockholders": -5439000.0,
        "Net Income": -5439000.0,
        "Net Income Including Noncontrolling Interests": -5439000.0,
        "Net Income Continuous Operations": -5439000.0,
        "Tax Provision": -90000.0,
        "Pretax Income": -5529000.0,
        "Other Income Expense": -750000.0,
        "Other Non Operating Income Expenses": -750000.0,
        "Special Income Charges": 0.0,
        "Impairment Of Capital Assets": 0.0,
        "Net Non Operating Interest Income Expense": -2707000.0,
        "Interest Expense Non Operating": 2707000.0,
        "Operating Income": -2072000.0,
        "Operating Expense": 88992000.0,
        "Selling General And Administration": 88992000.0,
        "Selling And Marketing Expense": 61165000.0,
        "General And Administrative Expense": 27827000.0,
        "Other Gand A": 27827000.0,
        "Gross Profit": 86920000.0,
        "Cost Of Revenue": 62983000.0,
        "Total Revenue": 149903000.0,
        "Operating Revenue": 149903000.0
    },
    "2024-12-31": {
        "Tax Effect Of Unusual Items": 0.0,
        "Tax Rate For Calcs": 0.21,
        "Normalized EBITDA": 1786000.0,
        "Total Unusual Items": 0.0,
        "Total Unusual Items Excluding Goodwill": 0.0,
        "Net Income From Continuing Operation Net Minority Interest": -9357000.0,
        "Reconciled Depreciation": 4574000.0,
        "Reconciled Cost Of Revenue": 70081000.0,
        "EBITDA": 1786000.0,
        "EBIT": -2788000.0,
        "Net Interest Income": -2635000.0,
        "Interest Expense": 2635000.0,
        "Normalized Income": -9357000.0,
        "Net Income From Continuing And Discontinued Operation": -9357000.0,
        "Total Expenses": 161815000.0,
        "Total Operating Income As Reported": -2792000.0,
        "Diluted Average Shares": 10655476.0,
        "Basic Average Shares": 10655476.0,
        "Diluted EPS": -0.88,
        "Basic EPS": -0.88,
        "Diluted NI Availto Com Stockholders": -9357000.0,
        "Net Income Common Stockholders": -9357000.0,
        "Net Income": -9357000.0,
        "Net Income Including Noncontrolling Interests": -9357000.0,
        "Net Income Continuous Operations": -9357000.0,
        "Tax Provision": 3934000.0,
        "Pretax Income": -5423000.0,
        "Other Income Expense": 4000.0,
        "Other Non Operating Income Expenses": 4000.0,
        "Special Income Charges": 0.0,
        "Impairment Of Capital Assets": 0.0,
        "Net Non Operating Interest Income Expense": -2635000.0,
        "Interest Expense Non Operating": 2635000.0,
        "Operating Income": -2792000.0,
        "Operating Expense": 91734000.0,
        "Selling General And Administration": 91734000.0,
        "Selling And Marketing Expense": 66837000.0,
        "General And Administrative Expense": 24897000.0,
        "Other Gand A": 24897000.0,
        "Gross Profit": 88942000.0,
        "Cost Of Revenue": 70081000.0,
        "Total Revenue": 159023000.0,
        "Operating Revenue": 159023000.0
    },
    "2025-03-31": {
        "Tax Effect Of Unusual Items": 0.0,
        "Tax Rate For Calcs": 0.0,
        "Normalized EBITDA": -1304000.0,
        "Total Unusual Items": NaN,
        "Total Unusual Items Excluding Goodwill": NaN,
        "Net Income From Continuing Operation Net Minority Interest": -8350000.0,
        "Reconciled Depreciation": 4374000.0,
        "Reconciled Cost Of Revenue": 55001000.0,
        "EBITDA": -1304000.0,
        "EBIT": -5678000.0,
        "Net Interest Income": -2663000.0,
        "Interest Expense": 2663000.0,
        "Normalized Income": -8350000.0,
        "Net Income From Continuing And Discontinued Operation": -8350000.0,
        "Total Expenses": 134040000.0,
        "Total Operating Income As Reported": -5383000.0,
        "Diluted Average Shares": 10686730.0,
        "Basic Average Shares": 10686730.0,
        "Diluted EPS": -0.78,
        "Basic EPS": -0.78,
        "Diluted NI Availto Com Stockholders": -8350000.0,
        "Net Income Common Stockholders": -8350000.0,
        "Net Income": -8350000.0,
        "Net Income Including Noncontrolling Interests": -8350000.0,
        "Net Income Continuous Operations": -8350000.0,
        "Tax Provision": 9000.0,
        "Pretax Income": -8341000.0,
        "Other Income Expense": -295000.0,
        "Other Non Operating Income Expenses": -295000.0,
        "Special Income Charges": NaN,
        "Impairment Of Capital Assets": NaN,
        "Net Non Operating Interest Income Expense": -2663000.0,
        "Interest Expense Non Operating": 2663000.0,
        "Operating Income": -5383000.0,
        "Operating Expense": 79039000.0,
        "Selling General And Administration": 79039000.0,
        "Selling And Marketing Expense": 53357000.0,
        "General And Administrative Expense": 25682000.0,
        "Other Gand A": 25682000.0,
        "Gross Profit": 73656000.0,
        "Cost Of Revenue": 55001000.0,
        "Total Revenue": 128657000.0,
        "Operating Revenue": 128657000.0
    },
    "2025-06-30": {
        "Tax Effect Of Unusual Items": 0.0,
        "Tax Rate For Calcs": 0.21,
        "Normalized EBITDA": 3214000.0,
        "Total Unusual Items": NaN,
        "Total Unusual Items Excluding Goodwill": NaN,
        "Net Income From Continuing Operation Net Minority Interest": -3625000.0,
        "Reconciled Depreciation": 4329000.0,
        "Reconciled Cost Of Revenue": 68180000.0,
        "EBITDA": 3214000.0,
        "EBIT": -1115000.0,
        "Net Interest Income": -2500000.0,
        "Interest Expense": 2500000.0,
        "Normalized Income": -3625000.0,
        "Net Income From Continuing And Discontinued Operation": -3625000.0,
        "Total Expenses": 161015000.0,
        "Total Operating Income As Reported": -491000.0,
        "Diluted Average Shares": 10711466.0,
        "Basic Average Shares": 10711466.0,
        "Diluted EPS": -0.34,
        "Basic EPS": -0.34,
        "Diluted NI Availto Com Stockholders": -3625000.0,
        "Net Income Common Stockholders": -3625000.0,
        "Net Income": -3625000.0,
        "Net Income Including Noncontrolling Interests": -3625000.0,
        "Net Income Continuous Operations": -3625000.0,
        "Tax Provision": 10000.0,
        "Pretax Income": -3615000.0,
        "Other Income Expense": -624000.0,
        "Other Non Operating Income Expenses": -624000.0,
        "Special Income Charges": NaN,
        "Impairment Of Capital Assets": NaN,
        "Net Non Operating Interest Income Expense": -2500000.0,
        "Interest Expense Non Operating": 2500000.0,
        "Operating Income": -491000.0,
        "Operating Expense": 92835000.0,
        "Selling General And Administration": 92835000.0,
        "Selling And Marketing Expense": 65317000.0,
        "General And Administrative Expense": 27518000.0,
        "Other Gand A": 27518000.0,
        "Gross Profit": 92344000.0,
        "Cost Of Revenue": 68180000.0,
        "Total Revenue": 160524000.0,
        "Operating Revenue": 160524000.0
    }
}