{
    "2023-03-31": {
        "Tax Effect Of Unusual Items": NaN,
        "Tax Rate For Calcs": NaN,
        "Normalized EBITDA": NaN,
        "Total Unusual Items": NaN,
        "Total Unusual Items Excluding Goodwill": NaN,
        "Net Income From Continuing Operation Net Minority Interest": NaN,
        "Reconciled Depreciation": NaN,
        "Reconciled Cost Of Revenue": NaN,
        "EBITDA": NaN,
        "EBIT": NaN,
        "Net Interest Income": NaN,
        "Interest Expense": NaN,
        "Interest Income": NaN,
        "Normalized Income": NaN,
        "Net Income From Continuing And Discontinued Operation": NaN,
        "Total Expenses": NaN,
        "Total Operating Income As Reported": NaN,
        "Diluted Average Shares": NaN,
        "Basic Average Shares": NaN,
        "Diluted EPS": NaN,
        "Basic EPS": NaN,
        "Diluted NI Availto Com Stockholders": NaN,
        "Net Income Common Stockholders": NaN,
        "Net Income": NaN,
        "Net Income Including Noncontrolling Interests": NaN,
        "Net Income Continuous Operations": NaN,
        "Earnings From Equity Interest Net Of Tax": 0.0,
        "Tax Provision": NaN,
        "Pretax Income": NaN,
        "Other Income Expense": NaN,
        "Other Non Operating Income Expenses": NaN,
        "Special Income Charges": NaN,
        "Restructuring And Mergern Acquisition": NaN,
        "Net Non Operating Interest Income Expense": NaN,
        "Total Other Finance Cost": NaN,
        "Interest Expense Non Operating": NaN,
        "Interest Income Non Operating": NaN,
        "Operating Income": NaN,
        "Operating Expense": NaN,
        "Provision For Doubtful Accounts": NaN,
        "Depreciation Amortization Depletion Income Statement": NaN,
        "Depreciation And Amortization In Income Statement": NaN,
        "Amortization": NaN,
        "Amortization Of Intangibles Income Statement": NaN,
        "Depreciation Income Statement": NaN,
        "Research And Development": NaN,
        "Selling General And Administration": NaN,
        "Selling And Marketing Expense": NaN,
        "General And Administrative Expense": NaN,
        "Other Gand A": NaN,
        "Salaries And Wages": NaN,
        "Gross Profit": NaN,
        "Cost Of Revenue": NaN,
        "Total Revenue": NaN,
        "Operating Revenue": NaN
    },
    "2022-12-31": {
        "Tax Effect Of Unusual Items": NaN,
        "Tax Rate For Calcs": NaN,
        "Normalized EBITDA": NaN,
        "Total Unusual Items": NaN,
        "Total Unusual Items Excluding Goodwill": NaN,
        "Net Income From Continuing Operation Net Minority Interest": NaN,
        "Reconciled Depreciation": NaN,
        "Reconciled Cost Of Revenue": NaN,
        "EBITDA": NaN,
        "EBIT": NaN,
        "Net Interest Income": NaN,
        "Interest Expense": NaN,
        "Interest Income": NaN,
        "Normalized Income": NaN,
        "Net Income From Continuing And Discontinued Operation": NaN,
        "Total Expenses": NaN,
        "Total Operating Income As Reported": NaN,
        "Diluted Average Shares": NaN,
        "Basic Average Shares": NaN,
        "Diluted EPS": NaN,
        "Basic EPS": NaN,
        "Diluted NI Availto Com Stockholders": NaN,
        "Net Income Common Stockholders": NaN,
        "Net Income": NaN,
        "Net Income Including Noncontrolling Interests": NaN,
        "Net Income Continuous Operations": NaN,
        "Earnings From Equity Interest Net Of Tax": 0.0,
        "Tax Provision": NaN,
        "Pretax Income": NaN,
        "Other Income Expense": NaN,
        "Other Non Operating Income Expenses": NaN,
        "Special Income Charges": NaN,
        "Restructuring And Mergern Acquisition": NaN,
        "Net Non Operating Interest Income Expense": NaN,
        "Total Other Finance Cost": NaN,
        "Interest Expense Non Operating": NaN,
        "Interest Income Non Operating": NaN,
        "Operating Income": NaN,
        "Operating Expense": NaN,
        "Provision For Doubtful Accounts": NaN,
        "Depreciation Amortization Depletion Income Statement": NaN,
        "Depreciation And Amortization In Income Statement": NaN,
        "Amortization": NaN,
        "Amortization Of Intangibles Income Statement": NaN,
        "Depreciation Income Statement": NaN,
        "Research And Development": NaN,
        "Selling General And Administration": NaN,
        "Selling And Marketing Expense": NaN,
        "General And Administrative Expense": NaN,
        "Other Gand A": NaN,
        "Salaries And Wages": NaN,
        "Gross Profit": NaN,
        "Cost Of Revenue": NaN,
        "Total Revenue": NaN,
        "Operating Revenue": NaN
    },
    "2022-09-30": {
        "Tax Effect Of Unusual Items": NaN,
        "Tax Rate For Calcs": NaN,
        "Normalized EBITDA": NaN,
        "Total Unusual Items": NaN,
        "Total Unusual Items Excluding Goodwill": NaN,
        "Net Income From Continuing Operation Net Minority Interest": NaN,
        "Reconciled Depreciation": NaN,
        "Reconciled Cost Of Revenue": NaN,
        "EBITDA": NaN,
        "EBIT": NaN,
        "Net Interest Income": NaN,
        "Interest Expense": NaN,
        "Interest Income": NaN,
        "Normalized Income": NaN,
        "Net Income From Continuing And Discontinued Operation": NaN,
        "Total Expenses": NaN,
        "Total Operating Income As Reported": NaN,
        "Diluted Average Shares": NaN,
        "Basic Average Shares": NaN,
        "Diluted EPS": NaN,
        "Basic EPS": NaN,
        "Diluted NI Availto Com Stockholders": NaN,
        "Net Income Common Stockholders": NaN,
        "Net Income": NaN,
        "Net Income Including Noncontrolling Interests": NaN,
        "Net Income Continuous Operations": NaN,
        "Earnings From Equity Interest Net Of Tax": NaN,
        "Tax Provision": NaN,
        "Pretax Income": NaN,
        "Other Income Expense": NaN,
        "Other Non Operating Income Expenses": NaN,
        "Special Income Charges": NaN,
        "Restructuring And Mergern Acquisition": NaN,
        "Net Non Operating Interest Income Expense": NaN,
        "Total Other Finance Cost": 1170000.0,
        "Interest Expense Non Operating": NaN,
        "Interest Income Non Operating": NaN,
        "Operating Income": NaN,
        "Operating Expense": NaN,
        "Provision For Doubtful Accounts": NaN,
        "Depreciation Amortization Depletion Income Statement": NaN,
        "Depreciation And Amortization In Income Statement": NaN,
        "Amortization": NaN,
        "Amortization Of Intangibles Income Statement": NaN,
        "Depreciation Income Statement": NaN,
        "Research And Development": NaN,
        "Selling General And Administration": NaN,
        "Selling And Marketing Expense": NaN,
        "General And Administrative Expense": NaN,
        "Other Gand A": NaN,
        "Salaries And Wages": NaN,
        "Gross Profit": NaN,
        "Cost Of Revenue": NaN,
        "Total Revenue": NaN,
        "Operating Revenue": NaN
    },
    "2022-06-30": {
        "Tax Effect Of Unusual Items": -2246387.0,
        "Tax Rate For Calcs": 0.299,
        "Normalized EBITDA": 333975000.0,
        "Total Unusual Items": -7513000.0,
        "Total Unusual Items Excluding Goodwill": -7513000.0,
        "Net Income From Continuing Operation Net Minority Interest": 119537000.0,
        "Reconciled Depreciation": 150604000.0,
        "Reconciled Cost Of Revenue": 231440000.0,
        "EBITDA": 326462000.0,
        "EBIT": 175858000.0,
        "Net Interest Income": -5263000.0,
        "Interest Expense": 5263000.0,
        "Interest Income": NaN,
        "Normalized Income": 124803613.0,
        "Net Income From Continuing And Discontinued Operation": 119537000.0,
        "Total Expenses": 720777000.0,
        "Total Operating Income As Reported": 175042000.0,
        "Diluted Average Shares": 161710000.0,
        "Basic Average Shares": 160038000.0,
        "Diluted EPS": 0.85,
        "Basic EPS": 0.86,
        "Diluted NI Availto Com Stockholders": 119537000.0,
        "Net Income Common Stockholders": 119537000.0,
        "Net Income": 119537000.0,
        "Net Income Including Noncontrolling Interests": 119537000.0,
        "Net Income Continuous Operations": 119537000.0,
        "Earnings From Equity Interest Net Of Tax": 0.0,
        "Tax Provision": 51058000.0,
        "Pretax Income": 170595000.0,
        "Other Income Expense": -6697000.0,
        "Other Non Operating Income Expenses": 816000.0,
        "Special Income Charges": -7513000.0,
        "Restructuring And Mergern Acquisition": 7513000.0,
        "Net Non Operating Interest Income Expense": -5263000.0,
        "Total Other Finance Cost": NaN,
        "Interest Expense Non Operating": 5263000.0,
        "Interest Income Non Operating": NaN,
        "Operating Income": 182555000.0,
        "Operating Expense": 374128000.0,
        "Provision For Doubtful Accounts": 529000.0,
        "Depreciation Amortization Depletion Income Statement": 35395000.0,
        "Depreciation And Amortization In Income Statement": 35395000.0,
        "Amortization": 16972000.0,
        "Amortization Of Intangibles Income Statement": 16972000.0,
        "Depreciation Income Statement": 18423000.0,
        "Research And Development": 92070000.0,
        "Selling General And Administration": 246134000.0,
        "Selling And Marketing Expense": 126665000.0,
        "General And Administrative Expense": 119469000.0,
        "Other Gand A": 50607000.0,
        "Salaries And Wages": 68862000.0,
        "Gross Profit": 556683000.0,
        "Cost Of Revenue": 346649000.0,
        "Total Revenue": 903332000.0,
        "Operating Revenue": 903332000.0
    },
    "2022-03-31": {
        "Diluted EPS": 0.82,
        "Total Revenue": 904,
        "Gross Profit": 571,
        "Operating Income": 173,
        "EBIT": 317,
        "Net Income": 133
    },
    "2021-12-31": {
        "Diluted EPS": 0.97,
        "Total Revenue": 905,
        "Gross Profit": 580,
        "Operating Income": 196,
        "EBIT": 355,
        "Net Income": 161
    },
    "2021-09-30": {
        "Diluted EPS": 1.08,
        "Total Revenue": 860,
        "Gross Profit": 543,
        "Operating Income": 205,
        "EBIT": 362,
        "Net Income": 179
    },
    "2021-06-30": {
        "Diluted EPS": 0.94,
        "Total Revenue": 853,
        "Gross Profit": 533,
        "Operating Income": 199,
        "EBIT": 354,
        "Net Income": 156
    },
    "2021-03-31": {
        "Diluted EPS": 0.94,
        "Total Revenue": 843,
        "Gross Profit": 536,
        "Operating Income": 182,
        "EBIT": 330,
        "Net Income": 156
    },
    "2020-12-31": {
        "Diluted EPS": 0.69,
        "Total Revenue": 846,
        "Gross Profit": 542,
        "Operating Income": 135,
        "EBIT": 278,
        "Net Income": 113
    },
    "2020-09-30": {
        "Diluted EPS": 0.95,
        "Total Revenue": 793,
        "Gross Profit": 509,
        "Operating Income": 181,
        "EBIT": 316,
        "Net Income": 159
    },
    "2020-06-30": {
        "Diluted EPS": 0.98,
        "Total Revenue": 795,
        "Gross Profit": 518,
        "Operating Income": 190,
        "EBIT": 322,
        "Net Income": 162
    },
    "2020-03-31": {
        "Diluted EPS": 0.75,
        "Total Revenue": 764,
        "Gross Profit": 496,
        "Operating Income": 152,
        "EBIT": 284,
        "Net Income": 123
    },
    "2019-12-31": {
        "Diluted EPS": 0.72,
        "Total Revenue": 772,
        "Gross Profit": 514,
        "Operating Income": 135,
        "EBIT": 266,
        "Net Income": 119
    },
    "2019-09-30": {
        "Diluted EPS": 0.84,
        "Total Revenue": 710,
        "Gross Profit": 463,
        "Operating Income": 143,
        "EBIT": 265,
        "Net Income": 138
    },
    "2019-06-30": {
        "Diluted EPS": 0.69,
        "Total Revenue": 705,
        "Gross Profit": 463,
        "Operating Income": 136,
        "EBIT": 250,
        "Net Income": 114
    },
    "2019-03-31": {
        "Diluted EPS": 0.65,
        "Total Revenue": 707,
        "Gross Profit": 466,
        "Operating Income": 135,
        "EBIT": 254,
        "Net Income": 107
    },
    "2018-12-31": {
        "Diluted EPS": 0.56,
        "Total Revenue": 713,
        "Gross Profit": 469,
        "Operating Income": 120,
        "EBIT": 251,
        "Net Income": 94
    },
    "2018-09-30": {
        "Diluted EPS": 0.64,
        "Total Revenue": 670,
        "Gross Profit": 430,
        "Operating Income": 117,
        "EBIT": 238,
        "Net Income": 108
    },
    "2018-06-30": {
        "Diluted EPS": 0.25,
        "Total Revenue": 663,
        "Gross Profit": 427,
        "Operating Income": 57,
        "EBIT": 172,
        "Net Income": 43
    },
    "2018-03-31": {
        "Diluted EPS": 0.31,
        "Total Revenue": 669,
        "Gross Profit": 434,
        "Operating Income": 69,
        "EBIT": 178,
        "Net Income": 54
    },
    "2017-12-31": {
        "Diluted EPS": 0.16,
        "Total Revenue": 658,
        "Gross Profit": 429,
        "Operating Income": 32,
        "EBIT": 136,
        "Net Income": 28
    },
    "2017-09-30": {
        "Diluted EPS": 0.37,
        "Total Revenue": 624,
        "Gross Profit": 399,
        "Operating Income": 91,
        "EBIT": 193,
        "Net Income": 64
    },
    "2017-06-30": {
        "Diluted EPS": 0.33,
        "Total Revenue": 606,
        "Gross Profit": 391,
        "Operating Income": 86,
        "EBIT": 179,
        "Net Income": 57
    },
    "2017-03-31": {
        "Diluted EPS": 0.43,
        "Total Revenue": 600,
        "Gross Profit": 395,
        "Operating Income": 105,
        "EBIT": 196,
        "Net Income": 75
    },
    "2016-12-31": {
        "Diluted EPS": 0.55,
        "Total Revenue": 624,
        "Gross Profit": 420,
        "Operating Income": 130,
        "EBIT": 219,
        "Net Income": 96
    },
    "2016-09-30": {
        "Diluted EPS": 0.43,
        "Total Revenue": 584,
        "Gross Profit": 380,
        "Operating Income": 112,
        "EBIT": 201,
        "Net Income": 76
    },
    "2016-06-30": {
        "Diluted EPS": 0.42,
        "Total Revenue": 572,
        "Gross Profit": 366,
        "Operating Income": 110,
        "EBIT": 200,
        "Net Income": 74
    },
    "2016-03-31": {
        "Diluted EPS": 0.42,
        "Total Revenue": 568,
        "Gross Profit": 373,
        "Operating Income": 114,
        "EBIT": 199,
        "Net Income": 75
    },
    "2015-12-31": {
        "Diluted EPS": 0.49,
        "Total Revenue": 579,
        "Gross Profit": 386,
        "Operating Income": 123,
        "EBIT": 208,
        "Net Income": 88
    },
    "2015-09-30": {
        "Diluted EPS": 0.49,
        "Total Revenue": 551,
        "Gross Profit": 368,
        "Operating Income": 116,
        "EBIT": 195,
        "Net Income": 88
    },
    "2015-06-30": {
        "Diluted EPS": 0.37,
        "Total Revenue": 541,
        "Gross Profit": 361,
        "Operating Income": 106,
        "EBIT": 185,
        "Net Income": 67
    },
    "2015-03-31": {
        "Diluted EPS": 0.43,
        "Total Revenue": 527,
        "Gross Profit": 357,
        "Operating Income": 122,
        "EBIT": 197,
        "Net Income": 78
    },
    "2014-12-31": {
        "Diluted EPS": 0.54,
        "Total Revenue": 536,
        "Gross Profit": 373,
        "Operating Income": 136,
        "EBIT": 208,
        "Net Income": 97
    },
    "2014-09-30": {
        "Diluted EPS": 0.5,
        "Total Revenue": 498,
        "Gross Profit": 339,
        "Operating Income": 120,
        "EBIT": 192,
        "Net Income": 91
    },
    "2014-06-30": {
        "Diluted EPS": 0.4,
        "Total Revenue": 476,
        "Gross Profit": 327,
        "Operating Income": 112,
        "EBIT": 176,
        "Net Income": 73
    },
    "2014-03-31": {
        "Diluted EPS": 0.4,
        "Total Revenue": 454,
        "Gross Profit": 314,
        "Operating Income": 121,
        "EBIT": 176,
        "Net Income": 73
    },
    "2013-12-31": {
        "Diluted EPS": 0.44,
        "Total Revenue": 436,
        "Gross Profit": 302,
        "Operating Income": 116,
        "EBIT": 166,
        "Net Income": 80
    },
    "2013-09-30": {
        "Diluted EPS": 0.44,
        "Total Revenue": 396,
        "Gross Profit": 264,
        "Operating Income": 100,
        "EBIT": 147,
        "Net Income": 80
    },
    "2013-06-30": {
        "Diluted EPS": 0.34,
        "Total Revenue": 378,
        "Gross Profit": 253,
        "Operating Income": 98,
        "EBIT": 142,
        "Net Income": 62
    },
    "2013-03-31": {
        "Diluted EPS": 0.39,
        "Total Revenue": 368,
        "Gross Profit": 248,
        "Operating Income": 101,
        "EBIT": 144,
        "Net Income": 71
    },
    "2012-12-31": {
        "Diluted EPS": 0.37,
        "Total Revenue": 378,
        "Gross Profit": 238,
        "Operating Income": 96,
        "EBIT": 151,
        "Net Income": 68
    },
    "2012-09-30": {
        "Diluted EPS": 0.27,
        "Total Revenue": 345,
        "Gross Profit": 211,
        "Operating Income": 80,
        "EBIT": 134,
        "Net Income": 48
    },
    "2012-06-30": {
        "Diluted EPS": 0.24,
        "Total Revenue": 331,
        "Gross Profit": 200,
        "Operating Income": 67,
        "EBIT": 117,
        "Net Income": 44
    },
    "2012-03-31": {
        "Diluted EPS": 0.24,
        "Total Revenue": 319,
        "Gross Profit": 195,
        "Operating Income": 72,
        "EBIT": 117,
        "Net Income": 43
    },
    "2011-12-31": {
        "Diluted EPS": 0.33,
        "Total Revenue": 324,
        "Gross Profit": 142,
        "Operating Income": 79,
        "EBIT": 123,
        "Net Income": 60
    },
    "2011-09-30": {
        "Diluted EPS": 0.23,
        "Total Revenue": 282,
        "Gross Profit": 189,
        "Operating Income": 65,
        "EBIT": 107,
        "Net Income": 42
    },
    "2011-06-30": {
        "Diluted EPS": 0.25,
        "Total Revenue": 277,
        "Gross Profit": 187,
        "Operating Income": 73,
        "EBIT": 115,
        "Net Income": 48
    },
    "2011-03-31": {
        "Diluted EPS": 0.26,
        "Total Revenue": 276,
        "Gross Profit": 187,
        "Operating Income": 73,
        "EBIT": 114,
        "Net Income": 51
    },
    "2010-12-31": {
        "Diluted EPS": 0.27,
        "Total Revenue": 285,
        "Gross Profit": 198,
        "Operating Income": 72,
        "EBIT": 112,
        "Net Income": 53
    },
    "2010-09-30": {
        "Diluted EPS": 0.21,
        "Total Revenue": 254,
        "Gross Profit": 176,
        "Operating Income": 59,
        "EBIT": 96,
        "Net Income": 40
    },
    "2010-06-30": {
        "Diluted EPS": 0.2,
        "Total Revenue": 245,
        "Gross Profit": 173,
        "Operating Income": 57,
        "EBIT": 92,
        "Net Income": 38
    },
    "2010-03-31": {
        "Diluted EPS": 0.22,
        "Total Revenue": 240,
        "Gross Profit": 173,
        "Operating Income": 66,
        "EBIT": 99,
        "Net Income": 41
    },
    "2009-12-31": {
        "Diluted EPS": 0.21,
        "Total Revenue": 238,
        "Gross Profit": 171,
        "Operating Income": 62,
        "EBIT": 95,
        "Net Income": 40
    },
    "2009-09-30": {
        "Diluted EPS": 0.18,
        "Total Revenue": 207,
        "Gross Profit": 145,
        "Operating Income": 51,
        "EBIT": 83,
        "Net Income": 33
    },
    "2009-06-30": {
        "Diluted EPS": 0.19,
        "Total Revenue": 205,
        "Gross Profit": 145,
        "Operating Income": 54,
        "EBIT": 84,
        "Net Income": 36
    },
    "2009-03-31": {
        "Diluted EPS": 0.2,
        "Total Revenue": 210,
        "Gross Profit": 150,
        "Operating Income": 56,
        "EBIT": 85,
        "Net Income": 37
    },
    "2023-06-30": {
        "Tax Effect Of Unusual Items": NaN,
        "Tax Rate For Calcs": NaN,
        "Normalized EBITDA": NaN,
        "Total Unusual Items": NaN,
        "Total Unusual Items Excluding Goodwill": NaN,
        "Net Income From Continuing Operation Net Minority Interest": NaN,
        "Reconciled Depreciation": NaN,
        "Reconciled Cost Of Revenue": NaN,
        "EBITDA": NaN,
        "EBIT": NaN,
        "Net Interest Income": NaN,
        "Interest Expense": NaN,
        "Interest Income": NaN,
        "Normalized Income": NaN,
        "Net Income From Continuing And Discontinued Operation": NaN,
        "Total Expenses": NaN,
        "Total Operating Income As Reported": NaN,
        "Diluted Average Shares": NaN,
        "Basic Average Shares": NaN,
        "Diluted EPS": NaN,
        "Basic EPS": NaN,
        "Diluted NI Availto Com Stockholders": NaN,
        "Net Income Common Stockholders": NaN,
        "Net Income": NaN,
        "Net Income Including Noncontrolling Interests": NaN,
        "Net Income Continuous Operations": NaN,
        "Earnings From Equity Interest Net Of Tax": 0.0,
        "Tax Provision": NaN,
        "Pretax Income": NaN,
        "Other Income Expense": NaN,
        "Other Non Operating Income Expenses": NaN,
        "Special Income Charges": NaN,
        "Restructuring And Mergern Acquisition": NaN,
        "Net Non Operating Interest Income Expense": NaN,
        "Total Other Finance Cost": 1167000.0,
        "Interest Expense Non Operating": NaN,
        "Interest Income Non Operating": NaN,
        "Operating Income": NaN,
        "Operating Expense": NaN,
        "Provision For Doubtful Accounts": NaN,
        "Depreciation Amortization Depletion Income Statement": NaN,
        "Depreciation And Amortization In Income Statement": NaN,
        "Amortization": NaN,
        "Amortization Of Intangibles Income Statement": NaN,
        "Depreciation Income Statement": NaN,
        "Research And Development": NaN,
        "Selling General And Administration": NaN,
        "Selling And Marketing Expense": NaN,
        "General And Administrative Expense": NaN,
        "Other Gand A": NaN,
        "Salaries And Wages": NaN,
        "Gross Profit": NaN,
        "Cost Of Revenue": NaN,
        "Total Revenue": NaN,
        "Operating Revenue": NaN
    },
    "2023-09-30": {
        "Tax Effect Of Unusual Items": NaN,
        "Tax Rate For Calcs": NaN,
        "Normalized EBITDA": NaN,
        "Total Unusual Items": NaN,
        "Total Unusual Items Excluding Goodwill": NaN,
        "Net Income From Continuing Operation Net Minority Interest": NaN,
        "Reconciled Depreciation": NaN,
        "Reconciled Cost Of Revenue": NaN,
        "EBITDA": NaN,
        "EBIT": NaN,
        "Net Interest Income": NaN,
        "Interest Expense": NaN,
        "Interest Income": NaN,
        "Normalized Income": NaN,
        "Net Income From Continuing And Discontinued Operation": NaN,
        "Total Expenses": NaN,
        "Total Operating Income As Reported": NaN,
        "Diluted Average Shares": NaN,
        "Basic Average Shares": NaN,
        "Diluted EPS": NaN,
        "Basic EPS": NaN,
        "Diluted NI Availto Com Stockholders": NaN,
        "Net Income Common Stockholders": NaN,
        "Net Income": NaN,
        "Net Income Including Noncontrolling Interests": NaN,
        "Net Income Continuous Operations": NaN,
        "Earnings From Equity Interest Net Of Tax": 1475000.0,
        "Tax Provision": NaN,
        "Pretax Income": NaN,
        "Other Income Expense": NaN,
        "Other Non Operating Income Expenses": NaN,
        "Special Income Charges": NaN,
        "Restructuring And Mergern Acquisition": NaN,
        "Net Non Operating Interest Income Expense": NaN,
        "Total Other Finance Cost": 1528000.0,
        "Interest Expense Non Operating": NaN,
        "Interest Income Non Operating": NaN,
        "Operating Income": NaN,
        "Operating Expense": NaN,
        "Provision For Doubtful Accounts": NaN,
        "Depreciation Amortization Depletion Income Statement": NaN,
        "Depreciation And Amortization In Income Statement": NaN,
        "Amortization": NaN,
        "Amortization Of Intangibles Income Statement": NaN,
        "Depreciation Income Statement": NaN,
        "Research And Development": NaN,
        "Selling General And Administration": NaN,
        "Selling And Marketing Expense": NaN,
        "General And Administrative Expense": NaN,
        "Other Gand A": NaN,
        "Salaries And Wages": NaN,
        "Gross Profit": NaN,
        "Cost Of Revenue": NaN,
        "Total Revenue": NaN,
        "Operating Revenue": NaN
    },
    "2023-12-31": {
        "Tax Effect Of Unusual Items": NaN,
        "Tax Rate For Calcs": NaN,
        "Normalized EBITDA": NaN,
        "Total Unusual Items": NaN,
        "Total Unusual Items Excluding Goodwill": NaN,
        "Net Income From Continuing Operation Net Minority Interest": NaN,
        "Reconciled Depreciation": NaN,
        "Reconciled Cost Of Revenue": NaN,
        "EBITDA": NaN,
        "EBIT": NaN,
        "Net Interest Income": NaN,
        "Interest Expense": NaN,
        "Interest Income": NaN,
        "Normalized Income": NaN,
        "Net Income From Continuing And Discontinued Operation": NaN,
        "Total Expenses": NaN,
        "Total Operating Income As Reported": NaN,
        "Diluted Average Shares": NaN,
        "Basic Average Shares": NaN,
        "Diluted EPS": NaN,
        "Basic EPS": NaN,
        "Diluted NI Availto Com Stockholders": NaN,
        "Net Income Common Stockholders": NaN,
        "Net Income": NaN,
        "Net Income Including Noncontrolling Interests": NaN,
        "Net Income Continuous Operations": NaN,
        "Earnings From Equity Interest Net Of Tax": 0.0,
        "Tax Provision": NaN,
        "Pretax Income": NaN,
        "Other Income Expense": NaN,
        "Other Non Operating Income Expenses": NaN,
        "Special Income Charges": NaN,
        "Restructuring And Mergern Acquisition": NaN,
        "Net Non Operating Interest Income Expense": NaN,
        "Total Other Finance Cost": NaN,
        "Interest Expense Non Operating": NaN,
        "Interest Income Non Operating": NaN,
        "Operating Income": NaN,
        "Operating Expense": NaN,
        "Provision For Doubtful Accounts": NaN,
        "Depreciation Amortization Depletion Income Statement": NaN,
        "Depreciation And Amortization In Income Statement": NaN,
        "Amortization": NaN,
        "Amortization Of Intangibles Income Statement": NaN,
        "Depreciation Income Statement": NaN,
        "Research And Development": NaN,
        "Selling General And Administration": NaN,
        "Selling And Marketing Expense": NaN,
        "General And Administrative Expense": NaN,
        "Other Gand A": NaN,
        "Salaries And Wages": NaN,
        "Gross Profit": NaN,
        "Cost Of Revenue": NaN,
        "Total Revenue": NaN,
        "Operating Revenue": NaN
    },
    "2024-03-31": {
        "Tax Effect Of Unusual Items": -48848.434628,
        "Tax Rate For Calcs": 0.068224,
        "Normalized EBITDA": 351979000.0,
        "Total Unusual Items": -716000.0,
        "Total Unusual Items Excluding Goodwill": -716000.0,
        "Net Income From Continuing Operation Net Minority Interest": 175418000.0,
        "Reconciled Depreciation": 156183000.0,
        "Reconciled Cost Of Revenue": 276142000.0,
        "EBITDA": 351263000.0,
        "EBIT": 195080000.0,
        "Net Interest Income": 21023000.0,
        "Interest Expense": 6818000.0,
        "Interest Income": 27841000.0,
        "Normalized Income": 176085151.565372,
        "Net Income From Continuing And Discontinued Operation": 175418000.0,
        "Total Expenses": 819526000.0,
        "Total Operating Income As Reported": 166728000.0,
        "Diluted Average Shares": 157466000.0,
        "Basic Average Shares": 151628000.0,
        "Diluted EPS": 1.11,
        "Basic EPS": 1.16,
        "Diluted NI Availto Com Stockholders": 175418000.0,
        "Net Income Common Stockholders": 175418000.0,
        "Net Income": 175418000.0,
        "Net Income Including Noncontrolling Interests": 175418000.0,
        "Net Income Continuous Operations": 175418000.0,
        "Earnings From Equity Interest Net Of Tax": NaN,
        "Tax Provision": 12844000.0,
        "Pretax Income": 188262000.0,
        "Other Income Expense": -205000.0,
        "Other Non Operating Income Expenses": 511000.0,
        "Special Income Charges": -716000.0,
        "Restructuring And Mergern Acquisition": 716000.0,
        "Net Non Operating Interest Income Expense": 21023000.0,
        "Total Other Finance Cost": NaN,
        "Interest Expense Non Operating": 6818000.0,
        "Interest Income Non Operating": 27841000.0,
        "Operating Income": 167444000.0,
        "Operating Expense": 424783000.0,
        "Provision For Doubtful Accounts": 1321000.0,
        "Depreciation Amortization Depletion Income Statement": 37582000.0,
        "Depreciation And Amortization In Income Statement": 37582000.0,
        "Amortization": 21023000.0,
        "Amortization Of Intangibles Income Statement": 21023000.0,
        "Depreciation Income Statement": 16559000.0,
        "Research And Development": 116932000.0,
        "Selling General And Administration": 268948000.0,
        "Selling And Marketing Expense": 16841000.0,
        "General And Administrative Expense": 252107000.0,
        "Other Gand A": 52274000.0,
        "Salaries And Wages": 199833000.0,
        "Gross Profit": 592227000.0,
        "Cost Of Revenue": 394743000.0,
        "Total Revenue": 986970000.0,
        "Operating Revenue": 986970000.0
    },
    "2024-06-30": {
        "Tax Effect Of Unusual Items": -748440.0,
        "Tax Rate For Calcs": 0.21,
        "Normalized EBITDA": 333829000.0,
        "Total Unusual Items": -3564000.0,
        "Total Unusual Items Excluding Goodwill": -3564000.0,
        "Net Income From Continuing Operation Net Minority Interest": 131688000.0,
        "Reconciled Depreciation": 158549000.0,
        "Reconciled Cost Of Revenue": 281919000.0,
        "EBITDA": 330265000.0,
        "EBIT": 171716000.0,
        "Net Interest Income": 19799000.0,
        "Interest Expense": 4880000.0,
        "Interest Income": 26628000.0,
        "Normalized Income": 134503560.0,
        "Net Income From Continuing And Discontinued Operation": 131688000.0,
        "Total Expenses": 828030000.0,
        "Total Operating Income As Reported": 147986000.0,
        "Diluted Average Shares": 153588000.0,
        "Basic Average Shares": 152265000.0,
        "Diluted EPS": 0.86,
        "Basic EPS": 0.86,
        "Diluted NI Availto Com Stockholders": 131688000.0,
        "Net Income Common Stockholders": 131688000.0,
        "Net Income": 131688000.0,
        "Net Income Including Noncontrolling Interests": 131688000.0,
        "Net Income Continuous Operations": 131688000.0,
        "Earnings From Equity Interest Net Of Tax": NaN,
        "Tax Provision": 35148000.0,
        "Pretax Income": 166836000.0,
        "Other Income Expense": -4513000.0,
        "Other Non Operating Income Expenses": -949000.0,
        "Special Income Charges": -3564000.0,
        "Restructuring And Mergern Acquisition": 3564000.0,
        "Net Non Operating Interest Income Expense": 19799000.0,
        "Total Other Finance Cost": 1949000.0,
        "Interest Expense Non Operating": 4880000.0,
        "Interest Income Non Operating": 26628000.0,
        "Operating Income": 151550000.0,
        "Operating Expense": 425142000.0,
        "Provision For Doubtful Accounts": 760000.0,
        "Depreciation Amortization Depletion Income Statement": 37580000.0,
        "Depreciation And Amortization In Income Statement": 37580000.0,
        "Amortization": 21076000.0,
        "Amortization Of Intangibles Income Statement": 21076000.0,
        "Depreciation Income Statement": 16504000.0,
        "Research And Development": 113352000.0,
        "Selling General And Administration": 273450000.0,
        "Selling And Marketing Expense": 25609000.0,
        "General And Administrative Expense": 247841000.0,
        "Other Gand A": 52541000.0,
        "Salaries And Wages": 195300000.0,
        "Gross Profit": 576692000.0,
        "Cost Of Revenue": 402888000.0,
        "Total Revenue": 979580000.0,
        "Operating Revenue": 979580000.0
    },
    "2024-09-30": {
        "Tax Effect Of Unusual Items": -18751755.290898,
        "Tax Rate For Calcs": 0.215416,
        "Normalized EBITDA": 331367000.0,
        "Total Unusual Items": -87049000.0,
        "Total Unusual Items Excluding Goodwill": -87049000.0,
        "Net Income From Continuing Operation Net Minority Interest": 57907000.0,
        "Reconciled Depreciation": 165729000.0,
        "Reconciled Cost Of Revenue": 284004000.0,
        "EBITDA": 244318000.0,
        "EBIT": 78589000.0,
        "Net Interest Income": 16330000.0,
        "Interest Expense": 4783000.0,
        "Interest Income": 23065000.0,
        "Normalized Income": 126204244.709102,
        "Net Income From Continuing And Discontinued Operation": 57907000.0,
        "Total Expenses": 846993000.0,
        "Total Operating Income As Reported": 70637000.0,
        "Diluted Average Shares": 153240000.0,
        "Basic Average Shares": 151435000.0,
        "Diluted EPS": 0.38,
        "Basic EPS": 0.38,
        "Diluted NI Availto Com Stockholders": 57907000.0,
        "Net Income Common Stockholders": 57907000.0,
        "Net Income": 57907000.0,
        "Net Income Including Noncontrolling Interests": 57907000.0,
        "Net Income Continuous Operations": 57907000.0,
        "Earnings From Equity Interest Net Of Tax": 0.0,
        "Tax Provision": 15899000.0,
        "Pretax Income": 73806000.0,
        "Other Income Expense": -100210000.0,
        "Other Non Operating Income Expenses": -13161000.0,
        "Special Income Charges": -87049000.0,
        "Restructuring And Mergern Acquisition": 87049000.0,
        "Net Non Operating Interest Income Expense": 16330000.0,
        "Total Other Finance Cost": 1952000.0,
        "Interest Expense Non Operating": 4783000.0,
        "Interest Income Non Operating": 23065000.0,
        "Operating Income": 157686000.0,
        "Operating Expense": 438187000.0,
        "Provision For Doubtful Accounts": 1410000.0,
        "Depreciation Amortization Depletion Income Statement": 40927000.0,
        "Depreciation And Amortization In Income Statement": 40927000.0,
        "Amortization": 24368000.0,
        "Amortization Of Intangibles Income Statement": 24368000.0,
        "Depreciation Income Statement": 16559000.0,
        "Research And Development": 120347000.0,
        "Selling General And Administration": 275503000.0,
        "Selling And Marketing Expense": 20329000.0,
        "General And Administrative Expense": 255174000.0,
        "Other Gand A": 55038000.0,
        "Salaries And Wages": 200136000.0,
        "Gross Profit": 595873000.0,
        "Cost Of Revenue": 408806000.0,
        "Total Revenue": 1004679000.0,
        "Operating Revenue": 1004679000.0
    },
    "2024-12-31": {
        "Tax Effect Of Unusual Items": -1337186.725613,
        "Tax Rate For Calcs": 0.115136,
        "Normalized EBITDA": 350254000.0,
        "Total Unusual Items": -11614000.0,
        "Total Unusual Items Excluding Goodwill": -11614000.0,
        "Net Income From Continuing Operation Net Minority Interest": 139905000.0,
        "Reconciled Depreciation": 167949000.0,
        "Reconciled Cost Of Revenue": 288583000.0,
        "EBITDA": 338640000.0,
        "EBIT": 170691000.0,
        "Net Interest Income": 16011000.0,
        "Interest Expense": 12582000.0,
        "Interest Income": 22746000.0,
        "Normalized Income": 150181813.274387,
        "Net Income From Continuing And Discontinued Operation": 139905000.0,
        "Total Expenses": 860265000.0,
        "Total Operating Income As Reported": 148060000.0,
        "Diluted Average Shares": 153091000.0,
        "Basic Average Shares": 150240000.0,
        "Diluted EPS": 0.91,
        "Basic EPS": 0.93,
        "Diluted NI Availto Com Stockholders": 139905000.0,
        "Net Income Common Stockholders": 139905000.0,
        "Net Income": 139905000.0,
        "Net Income Including Noncontrolling Interests": 139905000.0,
        "Net Income Continuous Operations": 139905000.0,
        "Earnings From Equity Interest Net Of Tax": 0.0,
        "Tax Provision": 18204000.0,
        "Pretax Income": 158109000.0,
        "Other Income Expense": -17576000.0,
        "Other Non Operating Income Expenses": -5962000.0,
        "Special Income Charges": -11614000.0,
        "Restructuring And Mergern Acquisition": 11614000.0,
        "Net Non Operating Interest Income Expense": 16011000.0,
        "Total Other Finance Cost": NaN,
        "Interest Expense Non Operating": 12582000.0,
        "Interest Income Non Operating": 22746000.0,
        "Operating Income": 159674000.0,
        "Operating Expense": 445909000.0,
        "Provision For Doubtful Accounts": 428000.0,
        "Depreciation Amortization Depletion Income Statement": 42176000.0,
        "Depreciation And Amortization In Income Statement": 42176000.0,
        "Amortization": 25614000.0,
        "Amortization Of Intangibles Income Statement": 25614000.0,
        "Depreciation Income Statement": 16562000.0,
        "Research And Development": 120245000.0,
        "Selling General And Administration": 283060000.0,
        "Selling And Marketing Expense": 22825000.0,
        "General And Administrative Expense": 260235000.0,
        "Other Gand A": 56146000.0,
        "Salaries And Wages": 204089000.0,
        "Gross Profit": 605583000.0,
        "Cost Of Revenue": 414356000.0,
        "Total Revenue": 1019939000.0,
        "Operating Revenue": 1019939000.0
    },
    "2025-03-31": {
        "Tax Effect Of Unusual Items": -132240.0,
        "Tax Rate For Calcs": 0.29,
        "Normalized EBITDA": 354611000.0,
        "Total Unusual Items": -456000.0,
        "Total Unusual Items Excluding Goodwill": -456000.0,
        "Net Income From Continuing Operation Net Minority Interest": 123171000.0,
        "Reconciled Depreciation": 174022000.0,
        "Reconciled Cost Of Revenue": 289046000.0,
        "EBITDA": 354155000.0,
        "EBIT": 180133000.0,
        "Net Interest Income": 12780000.0,
        "Interest Expense": 6750000.0,
        "Interest Income": 19530000.0,
        "Normalized Income": 123494760.0,
        "Net Income From Continuing And Discontinued Operation": 123171000.0,
        "Total Expenses": 860100000.0,
        "Total Operating Income As Reported": 154583000.0,
        "Diluted Average Shares": 151064000.0,
        "Basic Average Shares": 149052000.0,
        "Diluted EPS": 0.82,
        "Basic EPS": 0.83,
        "Diluted NI Availto Com Stockholders": 123171000.0,
        "Net Income Common Stockholders": 123171000.0,
        "Net Income": 123171000.0,
        "Net Income Including Noncontrolling Interests": 123171000.0,
        "Net Income Continuous Operations": 123171000.0,
        "Earnings From Equity Interest Net Of Tax": NaN,
        "Tax Provision": 50212000.0,
        "Pretax Income": 173383000.0,
        "Other Income Expense": 5564000.0,
        "Other Non Operating Income Expenses": 6020000.0,
        "Special Income Charges": -456000.0,
        "Restructuring And Mergern Acquisition": 456000.0,
        "Net Non Operating Interest Income Expense": 12780000.0,
        "Total Other Finance Cost": NaN,
        "Interest Expense Non Operating": 6750000.0,
        "Interest Income Non Operating": 19530000.0,
        "Operating Income": 155039000.0,
        "Operating Expense": 441155000.0,
        "Provision For Doubtful Accounts": 1155000.0,
        "Depreciation Amortization Depletion Income Statement": 44123000.0,
        "Depreciation And Amortization In Income Statement": 44123000.0,
        "Amortization": 27637000.0,
        "Amortization Of Intangibles Income Statement": 27637000.0,
        "Depreciation Income Statement": 16486000.0,
        "Research And Development": 123549000.0,
        "Selling General And Administration": 272328000.0,
        "Selling And Marketing Expense": 19327000.0,
        "General And Administrative Expense": 253001000.0,
        "Other Gand A": 53363000.0,
        "Salaries And Wages": 199638000.0,
        "Gross Profit": 596194000.0,
        "Cost Of Revenue": 418945000.0,
        "Total Revenue": 1015139000.0,
        "Operating Revenue": 1015139000.0
    },
    "2025-06-30": {
        "Tax Effect Of Unusual Items": -1400640.0,
        "Tax Rate For Calcs": 0.32,
        "Normalized EBITDA": 337955000.0,
        "Total Unusual Items": -4377000.0,
        "Total Unusual Items Excluding Goodwill": -4377000.0,
        "Net Income From Continuing Operation Net Minority Interest": 103618000.0,
        "Reconciled Depreciation": 175461000.0,
        "Reconciled Cost Of Revenue": 295282000.0,
        "EBITDA": 333578000.0,
        "EBIT": 158117000.0,
        "Net Interest Income": 5928000.0,
        "Interest Expense": 6179000.0,
        "Interest Income": 14129000.0,
        "Normalized Income": 106594360.0,
        "Net Income From Continuing And Discontinued Operation": 103618000.0,
        "Total Expenses": 887656000.0,
        "Total Operating Income As Reported": 151461000.0,
        "Diluted Average Shares": 145249000.0,
        "Basic Average Shares": 144757000.0,
        "Diluted EPS": 0.71,
        "Basic EPS": 0.72,
        "Diluted NI Availto Com Stockholders": 103618000.0,
        "Net Income Common Stockholders": 103618000.0,
        "Net Income": 103618000.0,
        "Net Income Including Noncontrolling Interests": 103618000.0,
        "Net Income Continuous Operations": 103618000.0,
        "Earnings From Equity Interest Net Of Tax": NaN,
        "Tax Provision": 48320000.0,
        "Pretax Income": 151938000.0,
        "Other Income Expense": -9828000.0,
        "Other Non Operating Income Expenses": -5451000.0,
        "Special Income Charges": -4377000.0,
        "Restructuring And Mergern Acquisition": 4377000.0,
        "Net Non Operating Interest Income Expense": 5928000.0,
        "Total Other Finance Cost": 2022000.0,
        "Interest Expense Non Operating": 6179000.0,
        "Interest Income Non Operating": 14129000.0,
        "Operating Income": 155838000.0,
        "Operating Expense": 461121000.0,
        "Provision For Doubtful Accounts": 551000.0,
        "Depreciation Amortization Depletion Income Statement": 44208000.0,
        "Depreciation And Amortization In Income Statement": 44208000.0,
        "Amortization": 27721000.0,
        "Amortization Of Intangibles Income Statement": 27721000.0,
        "Depreciation Income Statement": 16487000.0,
        "Research And Development": 125838000.0,
        "Selling General And Administration": 290524000.0,
        "Selling And Marketing Expense": 27701000.0,
        "General And Administrative Expense": 262823000.0,
        "Other Gand A": 54412000.0,
        "Salaries And Wages": 208411000.0,
        "Gross Profit": 616959000.0,
        "Cost Of Revenue": 426535000.0,
        "Total Revenue": 1043494000.0,
        "Operating Revenue": 1043494000.0
    }
}