{
    "2024-03-31": {
        "Tax Effect Of Unusual Items": 0.0,
        "Tax Rate For Calcs": 0.21,
        "Normalized EBITDA": -82353000.0,
        "Net Income From Continuing Operation Net Minority Interest": -92995000.0,
        "Reconciled Depreciation": 614000.0,
        "Reconciled Cost Of Revenue": 14738000.0,
        "EBITDA": -82353000.0,
        "EBIT": -82967000.0,
        "Net Interest Income": 2554000.0,
        "Interest Income": 2554000.0,
        "Normalized Income": -92995000.0,
        "Net Income From Continuing And Discontinued Operation": -92995000.0,
        "Total Expenses": 148225000.0,
        "Total Operating Income As Reported": -82967000.0,
        "Diluted Average Shares": 52532000.0,
        "Basic Average Shares": 52532000.0,
        "Diluted EPS": -1.77,
        "Basic EPS": -1.77,
        "Diluted NI Availto Com Stockholders": -92995000.0,
        "Net Income Common Stockholders": -92995000.0,
        "Net Income": -92995000.0,
        "Net Income Including Noncontrolling Interests": -92995000.0,
        "Net Income Continuous Operations": -92995000.0,
        "Tax Provision": 12582000.0,
        "Pretax Income": -80413000.0,
        "Net Non Operating Interest Income Expense": 2554000.0,
        "Interest Income Non Operating": 2554000.0,
        "Operating Income": -82967000.0,
        "Operating Expense": 133487000.0,
        "Research And Development": 53558000.0,
        "Selling General And Administration": 79929000.0,
        "Selling And Marketing Expense": 55510000.0,
        "General And Administrative Expense": 24419000.0,
        "Other Gand A": 24419000.0,
        "Gross Profit": 50520000.0,
        "Cost Of Revenue": 14738000.0,
        "Total Revenue": 65258000.0,
        "Operating Revenue": 65258000.0
    },
    "2023-03-31": {
        "Tax Effect Of Unusual Items": 0.0,
        "Tax Rate For Calcs": 0.21,
        "Normalized EBITDA": -18570000.0,
        "Net Income From Continuing Operation Net Minority Interest": -17454000.0,
        "Reconciled Depreciation": 357000.0,
        "Reconciled Cost Of Revenue": 13406000.0,
        "EBITDA": -18570000.0,
        "EBIT": -18927000.0,
        "Net Interest Income": 1596000.0,
        "Interest Income": 1596000.0,
        "Normalized Income": -17454000.0,
        "Net Income From Continuing And Discontinued Operation": -17454000.0,
        "Total Expenses": 36591000.0,
        "Total Operating Income As Reported": -18927000.0,
        "Diluted Average Shares": 130452000.0,
        "Basic Average Shares": 130452000.0,
        "Diluted EPS": -0.133796,
        "Basic EPS": -0.133796,
        "Diluted NI Availto Com Stockholders": -17454000.0,
        "Net Income Common Stockholders": -17454000.0,
        "Net Income": -17454000.0,
        "Net Income Including Noncontrolling Interests": -17454000.0,
        "Net Income Continuous Operations": -17454000.0,
        "Tax Provision": 123000.0,
        "Pretax Income": -17331000.0,
        "Net Non Operating Interest Income Expense": 1596000.0,
        "Interest Income Non Operating": 1596000.0,
        "Operating Income": -18927000.0,
        "Operating Expense": 23185000.0,
        "Research And Development": 15267000.0,
        "Selling General And Administration": 7918000.0,
        "Selling And Marketing Expense": 4393000.0,
        "General And Administrative Expense": 3525000.0,
        "Other Gand A": 3525000.0,
        "Gross Profit": 4258000.0,
        "Cost Of Revenue": 13406000.0,
        "Total Revenue": 17664000.0,
        "Operating Revenue": 17664000.0
    },
    "2024-06-30": {
        "Tax Effect Of Unusual Items": 0.0,
        "Tax Rate For Calcs": 0.21,
        "Normalized EBITDA": -23630000.0,
        "Net Income From Continuing Operation Net Minority Interest": -7546000.0,
        "Reconciled Depreciation": 717000.0,
        "Reconciled Cost Of Revenue": 16996000.0,
        "EBITDA": -23630000.0,
        "EBIT": -24347000.0,
        "Net Interest Income": 10264000.0,
        "Interest Income": 10264000.0,
        "Normalized Income": -7546000.0,
        "Net Income From Continuing And Discontinued Operation": -7546000.0,
        "Total Expenses": 101197000.0,
        "Total Operating Income As Reported": -24347000.0,
        "Diluted Average Shares": 155199000.0,
        "Basic Average Shares": 155199000.0,
        "Diluted EPS": -0.05,
        "Basic EPS": -0.05,
        "Diluted NI Availto Com Stockholders": -7546000.0,
        "Net Income Common Stockholders": -7546000.0,
        "Net Income": -7546000.0,
        "Net Income Including Noncontrolling Interests": -7546000.0,
        "Net Income Continuous Operations": -7546000.0,
        "Tax Provision": -6537000.0,
        "Pretax Income": -14083000.0,
        "Net Non Operating Interest Income Expense": 10264000.0,
        "Interest Income Non Operating": 10264000.0,
        "Operating Income": -24347000.0,
        "Operating Expense": 84201000.0,
        "Research And Development": 40089000.0,
        "Selling General And Administration": 44112000.0,
        "Selling And Marketing Expense": 22076000.0,
        "General And Administrative Expense": 22036000.0,
        "Other Gand A": 22036000.0,
        "Gross Profit": 59854000.0,
        "Cost Of Revenue": 16996000.0,
        "Total Revenue": 76850000.0,
        "Operating Revenue": 76850000.0
    },
    "2023-06-30": {
        "Tax Effect Of Unusual Items": NaN,
        "Tax Rate For Calcs": NaN,
        "Normalized EBITDA": NaN,
        "Net Income From Continuing Operation Net Minority Interest": NaN,
        "Reconciled Depreciation": NaN,
        "Reconciled Cost Of Revenue": NaN,
        "EBITDA": NaN,
        "EBIT": NaN,
        "Net Interest Income": NaN,
        "Interest Income": NaN,
        "Normalized Income": NaN,
        "Net Income From Continuing And Discontinued Operation": NaN,
        "Total Expenses": NaN,
        "Total Operating Income As Reported": NaN,
        "Diluted Average Shares": 130452000.0,
        "Basic Average Shares": 130452000.0,
        "Diluted EPS": -0.153344,
        "Basic EPS": -0.153344,
        "Diluted NI Availto Com Stockholders": NaN,
        "Net Income Common Stockholders": NaN,
        "Net Income": NaN,
        "Net Income Including Noncontrolling Interests": NaN,
        "Net Income Continuous Operations": NaN,
        "Tax Provision": NaN,
        "Pretax Income": NaN,
        "Net Non Operating Interest Income Expense": NaN,
        "Interest Income Non Operating": NaN,
        "Operating Income": NaN,
        "Operating Expense": NaN,
        "Research And Development": NaN,
        "Selling General And Administration": NaN,
        "Selling And Marketing Expense": NaN,
        "General And Administrative Expense": NaN,
        "Other Gand A": NaN,
        "Gross Profit": NaN,
        "Cost Of Revenue": NaN,
        "Total Revenue": NaN,
        "Operating Revenue": NaN
    },
    "2024-09-30": {
        "Tax Effect Of Unusual Items": 0.0,
        "Tax Rate For Calcs": 0.21,
        "Normalized EBITDA": -8047000.0,
        "Net Income From Continuing Operation Net Minority Interest": -7593000.0,
        "Reconciled Depreciation": 849000.0,
        "Reconciled Cost Of Revenue": 25209000.0,
        "EBITDA": -8047000.0,
        "EBIT": -8896000.0,
        "Net Interest Income": 10912000.0,
        "Interest Income": 10912000.0,
        "Normalized Income": -7593000.0,
        "Net Income From Continuing And Discontinued Operation": -7593000.0,
        "Total Expenses": 121982000.0,
        "Total Operating Income As Reported": -8896000.0,
        "Diluted Average Shares": 156831000.0,
        "Basic Average Shares": 156831000.0,
        "Diluted EPS": -0.05,
        "Basic EPS": -0.05,
        "Diluted NI Availto Com Stockholders": -7593000.0,
        "Net Income Common Stockholders": -7593000.0,
        "Net Income": -7593000.0,
        "Net Income Including Noncontrolling Interests": -7593000.0,
        "Net Income Continuous Operations": -7593000.0,
        "Tax Provision": 9609000.0,
        "Pretax Income": 2016000.0,
        "Net Non Operating Interest Income Expense": 10912000.0,
        "Interest Income Non Operating": 10912000.0,
        "Operating Income": -8896000.0,
        "Operating Expense": 96773000.0,
        "Research And Development": 50659000.0,
        "Selling General And Administration": 46114000.0,
        "Selling And Marketing Expense": 23248000.0,
        "General And Administrative Expense": 22866000.0,
        "Other Gand A": 22866000.0,
        "Gross Profit": 87877000.0,
        "Cost Of Revenue": 25209000.0,
        "Total Revenue": 113086000.0,
        "Operating Revenue": 113086000.0
    },
    "2023-12-31": {
        "Tax Effect Of Unusual Items": 0.0,
        "Tax Rate For Calcs": 0.21,
        "Normalized EBITDA": 9560000.0,
        "Net Income From Continuing Operation Net Minority Interest": 14325000.0,
        "Reconciled Depreciation": 540000.0,
        "Reconciled Cost Of Revenue": 11489000.0,
        "EBITDA": 9560000.0,
        "EBIT": 9020000.0,
        "Net Interest Income": 1674000.0,
        "Interest Income": 1674000.0,
        "Normalized Income": 14325000.0,
        "Net Income From Continuing And Discontinued Operation": 14325000.0,
        "Total Expenses": 41494000.0,
        "Total Operating Income As Reported": 9020000.0,
        "Diluted Average Shares": NaN,
        "Basic Average Shares": NaN,
        "Diluted EPS": NaN,
        "Basic EPS": NaN,
        "Diluted NI Availto Com Stockholders": 14325000.0,
        "Net Income Common Stockholders": 14325000.0,
        "Net Income": 14325000.0,
        "Net Income Including Noncontrolling Interests": 14325000.0,
        "Net Income Continuous Operations": 14325000.0,
        "Tax Provision": -3631000.0,
        "Pretax Income": 10694000.0,
        "Net Non Operating Interest Income Expense": 1674000.0,
        "Interest Income Non Operating": 1674000.0,
        "Operating Income": 9020000.0,
        "Operating Expense": 30005000.0,
        "Research And Development": 19654000.0,
        "Selling General And Administration": 10351000.0,
        "Selling And Marketing Expense": 4995000.0,
        "General And Administrative Expense": 5356000.0,
        "Other Gand A": 5356000.0,
        "Gross Profit": 39025000.0,
        "Cost Of Revenue": 11489000.0,
        "Total Revenue": 50514000.0,
        "Operating Revenue": 50514000.0
    },
    "2023-09-30": {
        "Tax Effect Of Unusual Items": NaN,
        "Tax Rate For Calcs": NaN,
        "Normalized EBITDA": NaN,
        "Net Income From Continuing Operation Net Minority Interest": NaN,
        "Reconciled Depreciation": NaN,
        "Reconciled Cost Of Revenue": NaN,
        "EBITDA": NaN,
        "EBIT": NaN,
        "Net Interest Income": NaN,
        "Interest Income": NaN,
        "Normalized Income": NaN,
        "Net Income From Continuing And Discontinued Operation": NaN,
        "Total Expenses": NaN,
        "Total Operating Income As Reported": NaN,
        "Diluted Average Shares": 152503000.0,
        "Basic Average Shares": 152503000.0,
        "Diluted EPS": -0.020485,
        "Basic EPS": -0.020485,
        "Diluted NI Availto Com Stockholders": NaN,
        "Net Income Common Stockholders": NaN,
        "Net Income": NaN,
        "Net Income Including Noncontrolling Interests": NaN,
        "Net Income Continuous Operations": NaN,
        "Tax Provision": NaN,
        "Pretax Income": NaN,
        "Net Non Operating Interest Income Expense": NaN,
        "Interest Income Non Operating": NaN,
        "Operating Income": NaN,
        "Operating Expense": NaN,
        "Research And Development": NaN,
        "Selling General And Administration": NaN,
        "Selling And Marketing Expense": NaN,
        "General And Administrative Expense": NaN,
        "Other Gand A": NaN,
        "Gross Profit": NaN,
        "Cost Of Revenue": NaN,
        "Total Revenue": NaN,
        "Operating Revenue": NaN
    },
    "2024-12-31": {
        "Tax Effect Of Unusual Items": 0.0,
        "Tax Rate For Calcs": 0.21,
        "Normalized EBITDA": 1118000.0,
        "Net Income From Continuing Operation Net Minority Interest": 24713000.0,
        "Reconciled Depreciation": 974000.0,
        "Reconciled Cost Of Revenue": 36648000.0,
        "EBITDA": 1118000.0,
        "EBIT": 144000.0,
        "Net Interest Income": 10558000.0,
        "Interest Income": 10558000.0,
        "Normalized Income": 24713000.0,
        "Net Income From Continuing And Discontinued Operation": 24713000.0,
        "Total Expenses": 140952000.0,
        "Total Operating Income As Reported": 144000.0,
        "Diluted Average Shares": NaN,
        "Basic Average Shares": NaN,
        "Diluted EPS": NaN,
        "Basic EPS": NaN,
        "Diluted NI Availto Com Stockholders": 24713000.0,
        "Net Income Common Stockholders": 24713000.0,
        "Net Income": 24713000.0,
        "Net Income Including Noncontrolling Interests": 24713000.0,
        "Net Income Continuous Operations": 24713000.0,
        "Tax Provision": -14011000.0,
        "Pretax Income": 10702000.0,
        "Net Non Operating Interest Income Expense": 10558000.0,
        "Interest Income Non Operating": 10558000.0,
        "Operating Income": 144000.0,
        "Operating Expense": 104304000.0,
        "Research And Development": 56524000.0,
        "Selling General And Administration": 47780000.0,
        "Selling And Marketing Expense": 22818000.0,
        "General And Administrative Expense": 24962000.0,
        "Other Gand A": 24962000.0,
        "Gross Profit": 104448000.0,
        "Cost Of Revenue": 36648000.0,
        "Total Revenue": 141096000.0,
        "Operating Revenue": 141096000.0
    }
}