{
    "2023-03-31": {
        "Tax Effect Of Unusual Items": NaN,
        "Tax Rate For Calcs": NaN,
        "Normalized EBITDA": NaN,
        "Total Unusual Items": NaN,
        "Total Unusual Items Excluding Goodwill": NaN,
        "Net Income From Continuing Operation Net Minority Interest": NaN,
        "Reconciled Depreciation": NaN,
        "Reconciled Cost Of Revenue": NaN,
        "EBITDA": NaN,
        "EBIT": NaN,
        "Net Interest Income": NaN,
        "Interest Expense": NaN,
        "Normalized Income": NaN,
        "Net Income From Continuing And Discontinued Operation": NaN,
        "Total Expenses": NaN,
        "Total Operating Income As Reported": NaN,
        "Diluted Average Shares": NaN,
        "Basic Average Shares": NaN,
        "Diluted EPS": NaN,
        "Basic EPS": NaN,
        "Diluted NI Availto Com Stockholders": NaN,
        "Net Income Common Stockholders": NaN,
        "Preferred Stock Dividends": NaN,
        "Net Income": NaN,
        "Minority Interests": NaN,
        "Net Income Including Noncontrolling Interests": NaN,
        "Net Income Continuous Operations": NaN,
        "Earnings From Equity Interest Net Of Tax": NaN,
        "Tax Provision": NaN,
        "Pretax Income": NaN,
        "Other Income Expense": NaN,
        "Other Non Operating Income Expenses": NaN,
        "Special Income Charges": NaN,
        "Gain On Sale Of Ppe": 0.0,
        "Impairment Of Capital Assets": NaN,
        "Net Non Operating Interest Income Expense": NaN,
        "Interest Expense Non Operating": NaN,
        "Operating Income": NaN,
        "Operating Expense": NaN,
        "Research And Development": NaN,
        "Selling General And Administration": NaN,
        "Gross Profit": NaN,
        "Cost Of Revenue": NaN,
        "Total Revenue": NaN,
        "Operating Revenue": NaN
    },
    "2022-12-31": {
        "Tax Effect Of Unusual Items": NaN,
        "Tax Rate For Calcs": NaN,
        "Normalized EBITDA": NaN,
        "Total Unusual Items": 0.0,
        "Total Unusual Items Excluding Goodwill": 0.0,
        "Net Income From Continuing Operation Net Minority Interest": NaN,
        "Reconciled Depreciation": NaN,
        "Reconciled Cost Of Revenue": NaN,
        "EBITDA": NaN,
        "EBIT": NaN,
        "Net Interest Income": NaN,
        "Interest Expense": NaN,
        "Normalized Income": NaN,
        "Net Income From Continuing And Discontinued Operation": NaN,
        "Total Expenses": NaN,
        "Total Operating Income As Reported": NaN,
        "Diluted Average Shares": NaN,
        "Basic Average Shares": NaN,
        "Diluted EPS": NaN,
        "Basic EPS": NaN,
        "Diluted NI Availto Com Stockholders": NaN,
        "Net Income Common Stockholders": NaN,
        "Preferred Stock Dividends": NaN,
        "Net Income": NaN,
        "Minority Interests": NaN,
        "Net Income Including Noncontrolling Interests": NaN,
        "Net Income Continuous Operations": NaN,
        "Earnings From Equity Interest Net Of Tax": NaN,
        "Tax Provision": NaN,
        "Pretax Income": NaN,
        "Other Income Expense": NaN,
        "Other Non Operating Income Expenses": NaN,
        "Special Income Charges": 0.0,
        "Gain On Sale Of Ppe": NaN,
        "Net Non Operating Interest Income Expense": NaN,
        "Interest Expense Non Operating": NaN,
        "Operating Income": NaN,
        "Operating Expense": NaN,
        "Research And Development": NaN,
        "Selling General And Administration": NaN,
        "Gross Profit": NaN,
        "Cost Of Revenue": NaN,
        "Total Revenue": NaN,
        "Operating Revenue": NaN
    },
    "2022-09-30": {
        "Tax Effect Of Unusual Items": NaN,
        "Tax Rate For Calcs": NaN,
        "Normalized EBITDA": NaN,
        "Total Unusual Items": NaN,
        "Total Unusual Items Excluding Goodwill": NaN,
        "Net Income From Continuing Operation Net Minority Interest": NaN,
        "Reconciled Depreciation": NaN,
        "Reconciled Cost Of Revenue": NaN,
        "EBITDA": NaN,
        "EBIT": NaN,
        "Net Interest Income": NaN,
        "Interest Expense": NaN,
        "Normalized Income": NaN,
        "Net Income From Continuing And Discontinued Operation": NaN,
        "Total Expenses": NaN,
        "Total Operating Income As Reported": NaN,
        "Diluted Average Shares": NaN,
        "Basic Average Shares": NaN,
        "Diluted EPS": NaN,
        "Basic EPS": NaN,
        "Diluted NI Availto Com Stockholders": NaN,
        "Net Income Common Stockholders": NaN,
        "Preferred Stock Dividends": NaN,
        "Net Income": NaN,
        "Minority Interests": NaN,
        "Net Income Including Noncontrolling Interests": NaN,
        "Net Income Continuous Operations": NaN,
        "Earnings From Equity Interest Net Of Tax": NaN,
        "Tax Provision": NaN,
        "Pretax Income": NaN,
        "Other Income Expense": NaN,
        "Other Non Operating Income Expenses": NaN,
        "Special Income Charges": NaN,
        "Gain On Sale Of Ppe": 0.0,
        "Net Non Operating Interest Income Expense": NaN,
        "Interest Expense Non Operating": NaN,
        "Operating Income": NaN,
        "Operating Expense": NaN,
        "Research And Development": NaN,
        "Selling General And Administration": NaN,
        "Gross Profit": NaN,
        "Cost Of Revenue": NaN,
        "Total Revenue": NaN,
        "Operating Revenue": NaN
    },
    "2022-06-30": {
        "Tax Effect Of Unusual Items": 0.0,
        "Tax Rate For Calcs": 0.222,
        "Normalized EBITDA": 513856000.0,
        "Total Unusual Items": 0.0,
        "Total Unusual Items Excluding Goodwill": 0.0,
        "Net Income From Continuing Operation Net Minority Interest": 406773000.0,
        "Reconciled Depreciation": 70993000.0,
        "Reconciled Cost Of Revenue": 899169000.0,
        "EBITDA": 513856000.0,
        "EBIT": 442863000.0,
        "Net Interest Income": -41409000.0,
        "Interest Expense": 41409000.0,
        "Normalized Income": 406773000.0,
        "Net Income From Continuing And Discontinued Operation": 406773000.0,
        "Total Expenses": 1045497000.0,
        "Total Operating Income As Reported": 434096000.0,
        "Diluted Average Shares": 117724000.0,
        "Basic Average Shares": 117116000.0,
        "Diluted EPS": 3.46,
        "Basic EPS": 3.47,
        "Diluted NI Availto Com Stockholders": 406773000.0,
        "Net Income Common Stockholders": 406773000.0,
        "Net Income": 406773000.0,
        "Minority Interests": -33819000.0,
        "Net Income Including Noncontrolling Interests": 440592000.0,
        "Net Income Continuous Operations": 440592000.0,
        "Earnings From Equity Interest Net Of Tax": 128156000.0,
        "Tax Provision": 89018000.0,
        "Pretax Income": 401454000.0,
        "Other Income Expense": 8767000.0,
        "Other Non Operating Income Expenses": 8767000.0,
        "Special Income Charges": 0.0,
        "Gain On Sale Of Ppe": NaN,
        "Gain On Sale Of Business": 0.0,
        "Net Non Operating Interest Income Expense": -41409000.0,
        "Interest Expense Non Operating": 41409000.0,
        "Operating Income": 434096000.0,
        "Operating Expense": 146328000.0,
        "Research And Development": 17386000.0,
        "Selling General And Administration": 128942000.0,
        "Gross Profit": 580424000.0,
        "Cost Of Revenue": 899169000.0,
        "Total Revenue": 1479593000.0,
        "Operating Revenue": 1479593000.0
    },
    "2023-06-30": {
        "Tax Effect Of Unusual Items": NaN,
        "Tax Rate For Calcs": NaN,
        "Normalized EBITDA": NaN,
        "Total Unusual Items": NaN,
        "Total Unusual Items Excluding Goodwill": NaN,
        "Net Income From Continuing Operation Net Minority Interest": NaN,
        "Reconciled Depreciation": NaN,
        "Reconciled Cost Of Revenue": NaN,
        "EBITDA": NaN,
        "EBIT": NaN,
        "Net Interest Income": NaN,
        "Interest Expense": NaN,
        "Normalized Income": NaN,
        "Net Income From Continuing And Discontinued Operation": NaN,
        "Total Expenses": NaN,
        "Total Operating Income As Reported": NaN,
        "Diluted Average Shares": NaN,
        "Basic Average Shares": NaN,
        "Diluted EPS": NaN,
        "Basic EPS": NaN,
        "Diluted NI Availto Com Stockholders": NaN,
        "Net Income Common Stockholders": NaN,
        "Preferred Stock Dividends": NaN,
        "Net Income": NaN,
        "Minority Interests": NaN,
        "Net Income Including Noncontrolling Interests": NaN,
        "Net Income Continuous Operations": NaN,
        "Earnings From Equity Interest Net Of Tax": NaN,
        "Tax Provision": NaN,
        "Pretax Income": NaN,
        "Other Income Expense": NaN,
        "Other Non Operating Income Expenses": NaN,
        "Special Income Charges": NaN,
        "Gain On Sale Of Ppe": 0.0,
        "Impairment Of Capital Assets": 0.0,
        "Net Non Operating Interest Income Expense": NaN,
        "Interest Expense Non Operating": NaN,
        "Operating Income": NaN,
        "Operating Expense": NaN,
        "Research And Development": NaN,
        "Selling General And Administration": NaN,
        "Gross Profit": NaN,
        "Cost Of Revenue": NaN,
        "Total Revenue": NaN,
        "Operating Revenue": NaN
    },
    "2022-03-31": {
        "Diluted EPS": 2.15,
        "Total Revenue": NaN,
        "Gross Profit": 449,
        "Operating Income": 312,
        "EBIT": 379,
        "Net Income": 253
    },
    "2021-12-31": {
        "Diluted EPS": -0.04,
        "Total Revenue": 894,
        "Gross Profit": 237,
        "Operating Income": -31,
        "EBIT": 37,
        "Net Income": -4
    },
    "2021-09-30": {
        "Diluted EPS": -3.36,
        "Total Revenue": 831,
        "Gross Profit": 249,
        "Operating Income": 132,
        "EBIT": 194,
        "Net Income": -393
    },
    "2021-06-30": {
        "Diluted EPS": 3.62,
        "Total Revenue": 774,
        "Gross Profit": 248,
        "Operating Income": 542,
        "EBIT": 604,
        "Net Income": 425
    },
    "2021-03-31": {
        "Diluted EPS": 0.84,
        "Total Revenue": 829,
        "Gross Profit": 264,
        "Operating Income": 156,
        "EBIT": 218,
        "Net Income": 96
    },
    "2020-12-31": {
        "Diluted EPS": 0.79,
        "Total Revenue": 879,
        "Gross Profit": 265,
        "Operating Income": 125,
        "EBIT": 187,
        "Net Income": 85
    },
    "2020-09-30": {
        "Diluted EPS": 0.92,
        "Total Revenue": 747,
        "Gross Profit": 254,
        "Operating Income": 144,
        "EBIT": 203,
        "Net Income": 98
    },
    "2020-06-30": {
        "Diluted EPS": 0.8,
        "Total Revenue": 764,
        "Gross Profit": 233,
        "Operating Income": 112,
        "EBIT": 170,
        "Net Income": 86
    },
    "2020-03-31": {
        "Diluted EPS": 1.01,
        "Total Revenue": 739,
        "Gross Profit": 242,
        "Operating Income": 124,
        "EBIT": 178,
        "Net Income": 107
    },
    "2019-12-31": {
        "Diluted EPS": 0.85,
        "Total Revenue": 993,
        "Gross Profit": 339,
        "Operating Income": 139,
        "EBIT": 196,
        "Net Income": 90
    },
    "2019-09-30": {
        "Diluted EPS": 1.46,
        "Total Revenue": 880,
        "Gross Profit": 310,
        "Operating Income": 186,
        "EBIT": 241,
        "Net Income": 155
    },
    "2019-06-30": {
        "Diluted EPS": 1.45,
        "Total Revenue": 885,
        "Gross Profit": 326,
        "Operating Income": 186,
        "EBIT": 239,
        "Net Income": 154
    },
    "2019-03-31": {
        "Diluted EPS": 1.26,
        "Total Revenue": 832,
        "Gross Profit": 283,
        "Operating Income": 155,
        "EBIT": 204,
        "Net Income": 134
    },
    "2018-12-31": {
        "Diluted EPS": 1.23,
        "Total Revenue": 922,
        "Gross Profit": 320,
        "Operating Income": 175,
        "EBIT": 225,
        "Net Income": 130
    },
    "2018-09-30": {
        "Diluted EPS": 1.2,
        "Total Revenue": 778,
        "Gross Profit": 281,
        "Operating Income": 164,
        "EBIT": 213,
        "Net Income": 130
    },
    "2018-06-30": {
        "Diluted EPS": 2.73,
        "Total Revenue": 854,
        "Gross Profit": 311,
        "Operating Income": 390,
        "EBIT": 441,
        "Net Income": 302
    },
    "2018-03-31": {
        "Diluted EPS": 1.18,
        "Total Revenue": 822,
        "Gross Profit": 305,
        "Operating Income": 183,
        "EBIT": 233,
        "Net Income": 132
    },
    "2017-12-31": {
        "Diluted EPS": -1.94,
        "Total Revenue": 858,
        "Gross Profit": 304,
        "Operating Income": 164,
        "EBIT": 217,
        "Net Income": -218
    },
    "2017-09-30": {
        "Diluted EPS": 1.06,
        "Total Revenue": 755,
        "Gross Profit": 276,
        "Operating Income": 147,
        "EBIT": 197,
        "Net Income": 119
    },
    "2017-06-30": {
        "Diluted EPS": 0.92,
        "Total Revenue": 737,
        "Gross Profit": 272,
        "Operating Income": 138,
        "EBIT": 187,
        "Net Income": 103
    },
    "2017-03-31": {
        "Diluted EPS": 0.45,
        "Total Revenue": 722,
        "Gross Profit": 255,
        "Operating Income": 122,
        "EBIT": 167,
        "Net Income": 51
    },
    "2016-12-31": {
        "Diluted EPS": 5.33,
        "Total Revenue": 697,
        "Gross Profit": 241,
        "Operating Income": 110,
        "EBIT": 159,
        "Net Income": 602
    },
    "2016-09-30": {
        "Diluted EPS": 1.13,
        "Total Revenue": 654,
        "Gross Profit": 239,
        "Operating Income": 125,
        "EBIT": 173,
        "Net Income": 128
    },
    "2016-06-30": {
        "Diluted EPS": -2.8,
        "Total Revenue": 669,
        "Gross Profit": 248,
        "Operating Income": 123,
        "EBIT": 191,
        "Net Income": -315
    },
    "2016-03-31": {
        "Diluted EPS": 2.02,
        "Total Revenue": 657,
        "Gross Profit": 243,
        "Operating Income": 243,
        "EBIT": 303,
        "Net Income": 228
    },
    "2015-12-31": {
        "Diluted EPS": 1.56,
        "Total Revenue": 531,
        "Gross Profit": 171,
        "Operating Income": 143,
        "EBIT": 202,
        "Net Income": 174
    },
    "2015-09-30": {
        "Diluted EPS": 0.58,
        "Total Revenue": 693,
        "Gross Profit": 219,
        "Operating Income": 86,
        "EBIT": 155,
        "Net Income": 65
    },
    "2015-06-30": {
        "Diluted EPS": 0.46,
        "Total Revenue": 718,
        "Gross Profit": 212,
        "Operating Income": 79,
        "EBIT": 147,
        "Net Income": 52
    },
    "2015-03-31": {
        "Diluted EPS": 0.4,
        "Total Revenue": 884,
        "Gross Profit": 258,
        "Operating Income": 37,
        "EBIT": 101,
        "Net Income": 43
    },
    "2014-12-31": {
        "Diluted EPS": -0.23,
        "Total Revenue": 599,
        "Gross Profit": 162,
        "Operating Income": -23,
        "EBIT": 2,
        "Net Income": -19
    },
    "2014-09-30": {
        "Diluted EPS": 0.93,
        "Total Revenue": 642,
        "Gross Profit": 205,
        "Operating Income": 106,
        "EBIT": 132,
        "Net Income": 73
    },
    "2014-06-30": {
        "Diluted EPS": 0.28,
        "Total Revenue": 605,
        "Gross Profit": 207,
        "Operating Income": 110,
        "EBIT": 135,
        "Net Income": 22
    },
    "2014-03-31": {
        "Diluted EPS": 0.71,
        "Total Revenue": 600,
        "Gross Profit": 196,
        "Operating Income": 78,
        "EBIT": 106,
        "Net Income": 57
    },
    "2013-12-31": {
        "Diluted EPS": 1.87,
        "Total Revenue": 585,
        "Gross Profit": 250,
        "Operating Income": 225,
        "EBIT": 252,
        "Net Income": 156
    },
    "2013-09-30": {
        "Diluted EPS": 1.11,
        "Total Revenue": 591,
        "Gross Profit": 210,
        "Operating Income": 129,
        "EBIT": 156,
        "Net Income": 91
    },
    "2013-06-30": {
        "Diluted EPS": 0.98,
        "Total Revenue": 577,
        "Gross Profit": 192,
        "Operating Income": 108,
        "EBIT": 135,
        "Net Income": 83
    },
    "2013-03-31": {
        "Diluted EPS": 0.94,
        "Total Revenue": 642,
        "Gross Profit": 200,
        "Operating Income": 115,
        "EBIT": 140,
        "Net Income": 84
    },
    "2012-12-31": {
        "Diluted EPS": 0.42,
        "Total Revenue": 461,
        "Gross Profit": 181,
        "Operating Income": 25,
        "EBIT": 50,
        "Net Income": 38
    },
    "2012-09-30": {
        "Diluted EPS": 1.22,
        "Total Revenue": 661,
        "Gross Profit": 218,
        "Operating Income": 145,
        "EBIT": 169,
        "Net Income": 109
    },
    "2012-06-30": {
        "Diluted EPS": 0.56,
        "Total Revenue": 685,
        "Gross Profit": 249,
        "Operating Income": 72,
        "EBIT": 97,
        "Net Income": 50
    },
    "2012-03-31": {
        "Diluted EPS": 1.27,
        "Total Revenue": 712,
        "Gross Profit": 251,
        "Operating Income": 158,
        "EBIT": 182,
        "Net Income": 114
    },
    "2011-12-31": {
        "Diluted EPS": 0.62,
        "Total Revenue": 707,
        "Gross Profit": 212,
        "Operating Income": 66,
        "EBIT": 91,
        "Net Income": 55
    },
    "2011-09-30": {
        "Diluted EPS": 1.28,
        "Total Revenue": 723,
        "Gross Profit": 258,
        "Operating Income": 160,
        "EBIT": 185,
        "Net Income": 116
    },
    "2011-06-30": {
        "Diluted EPS": 1.23,
        "Total Revenue": 742,
        "Gross Profit": 252,
        "Operating Income": 149,
        "EBIT": 173,
        "Net Income": 114
    },
    "2011-03-31": {
        "Diluted EPS": 1.15,
        "Total Revenue": 697,
        "Gross Profit": 233,
        "Operating Income": 142,
        "EBIT": 165,
        "Net Income": 107
    },
    "2010-12-31": {
        "Diluted EPS": 0.83,
        "Total Revenue": 605,
        "Gross Profit": 192,
        "Operating Income": 98,
        "EBIT": 123,
        "Net Income": 77
    },
    "2010-09-30": {
        "Diluted EPS": 1.02,
        "Total Revenue": 585,
        "Gross Profit": 197,
        "Operating Income": 121,
        "EBIT": 144,
        "Net Income": 94
    },
    "2010-06-30": {
        "Diluted EPS": 0.89,
        "Total Revenue": 592,
        "Gross Profit": 188,
        "Operating Income": 107,
        "EBIT": 130,
        "Net Income": 82
    },
    "2010-03-31": {
        "Diluted EPS": 0.69,
        "Total Revenue": 580,
        "Gross Profit": 164,
        "Operating Income": 76,
        "EBIT": 101,
        "Net Income": 63
    },
    "2009-12-31": {
        "Diluted EPS": 0.67,
        "Total Revenue": 558,
        "Gross Profit": 149,
        "Operating Income": 63,
        "EBIT": 89,
        "Net Income": 62
    },
    "2009-09-30": {
        "Diluted EPS": 0.57,
        "Total Revenue": 515,
        "Gross Profit": 134,
        "Operating Income": 63,
        "EBIT": 87,
        "Net Income": 52
    },
    "2009-06-30": {
        "Diluted EPS": 0.42,
        "Total Revenue": 445,
        "Gross Profit": 110,
        "Operating Income": 31,
        "EBIT": 56,
        "Net Income": 38
    },
    "2009-03-31": {
        "Diluted EPS": 0.28,
        "Total Revenue": 487,
        "Gross Profit": 91,
        "Operating Income": 29,
        "EBIT": 55,
        "Net Income": 25
    },
    "2023-09-30": {
        "Tax Effect Of Unusual Items": NaN,
        "Tax Rate For Calcs": NaN,
        "Normalized EBITDA": NaN,
        "Total Unusual Items": NaN,
        "Total Unusual Items Excluding Goodwill": NaN,
        "Net Income From Continuing Operation Net Minority Interest": NaN,
        "Reconciled Depreciation": NaN,
        "Reconciled Cost Of Revenue": NaN,
        "EBITDA": NaN,
        "EBIT": NaN,
        "Net Interest Income": NaN,
        "Interest Expense": NaN,
        "Normalized Income": NaN,
        "Net Income From Continuing And Discontinued Operation": NaN,
        "Total Expenses": NaN,
        "Total Operating Income As Reported": NaN,
        "Diluted Average Shares": NaN,
        "Basic Average Shares": NaN,
        "Diluted EPS": NaN,
        "Basic EPS": NaN,
        "Diluted NI Availto Com Stockholders": NaN,
        "Net Income Common Stockholders": NaN,
        "Preferred Stock Dividends": NaN,
        "Net Income": NaN,
        "Minority Interests": NaN,
        "Net Income Including Noncontrolling Interests": NaN,
        "Net Income Continuous Operations": NaN,
        "Earnings From Equity Interest Net Of Tax": NaN,
        "Tax Provision": NaN,
        "Pretax Income": NaN,
        "Other Income Expense": NaN,
        "Other Non Operating Income Expenses": NaN,
        "Special Income Charges": NaN,
        "Gain On Sale Of Ppe": 0.0,
        "Impairment Of Capital Assets": NaN,
        "Net Non Operating Interest Income Expense": NaN,
        "Interest Expense Non Operating": NaN,
        "Operating Income": NaN,
        "Operating Expense": NaN,
        "Research And Development": NaN,
        "Selling General And Administration": NaN,
        "Gross Profit": NaN,
        "Cost Of Revenue": NaN,
        "Total Revenue": NaN,
        "Operating Revenue": NaN
    },
    "2023-12-31": {
        "Tax Effect Of Unusual Items": NaN,
        "Tax Rate For Calcs": NaN,
        "Normalized EBITDA": NaN,
        "Total Unusual Items": 71190000.0,
        "Total Unusual Items Excluding Goodwill": 71190000.0,
        "Net Income From Continuing Operation Net Minority Interest": NaN,
        "Reconciled Depreciation": NaN,
        "Reconciled Cost Of Revenue": NaN,
        "EBITDA": NaN,
        "EBIT": NaN,
        "Net Interest Income": NaN,
        "Interest Expense": NaN,
        "Normalized Income": NaN,
        "Net Income From Continuing And Discontinued Operation": NaN,
        "Total Expenses": NaN,
        "Total Operating Income As Reported": NaN,
        "Diluted Average Shares": 117354000.0,
        "Basic Average Shares": 117354000.0,
        "Diluted EPS": -5.26,
        "Basic EPS": -5.26,
        "Diluted NI Availto Com Stockholders": NaN,
        "Net Income Common Stockholders": NaN,
        "Preferred Stock Dividends": NaN,
        "Net Income": NaN,
        "Minority Interests": NaN,
        "Net Income Including Noncontrolling Interests": NaN,
        "Net Income Continuous Operations": NaN,
        "Earnings From Equity Interest Net Of Tax": NaN,
        "Tax Provision": NaN,
        "Pretax Income": NaN,
        "Other Income Expense": NaN,
        "Other Non Operating Income Expenses": NaN,
        "Special Income Charges": 71190000.0,
        "Impairment Of Capital Assets": NaN,
        "Net Non Operating Interest Income Expense": NaN,
        "Interest Expense Non Operating": NaN,
        "Operating Income": NaN,
        "Operating Expense": NaN,
        "Research And Development": NaN,
        "Selling General And Administration": NaN,
        "Gross Profit": NaN,
        "Cost Of Revenue": NaN,
        "Total Revenue": NaN,
        "Operating Revenue": NaN
    },
    "2024-03-31": {
        "Tax Effect Of Unusual Items": 0.0,
        "Tax Rate For Calcs": 0.022,
        "Normalized EBITDA": -5854000.0,
        "Total Unusual Items": NaN,
        "Total Unusual Items Excluding Goodwill": NaN,
        "Net Income From Continuing Operation Net Minority Interest": 2448000.0,
        "Reconciled Depreciation": 123751000.0,
        "Reconciled Cost Of Revenue": 1321798000.0,
        "EBITDA": -5854000.0,
        "EBIT": -129605000.0,
        "Net Interest Income": -37969000.0,
        "Interest Expense": 37969000.0,
        "Normalized Income": 2448000.0,
        "Net Income From Continuing And Discontinued Operation": 2448000.0,
        "Total Expenses": 1540242000.0,
        "Total Operating Income As Reported": -179506000.0,
        "Diluted Average Shares": 117451000.0,
        "Basic Average Shares": 117451000.0,
        "Diluted EPS": -0.08,
        "Basic EPS": -0.08,
        "Diluted NI Availto Com Stockholders": -9136000.0,
        "Net Income Common Stockholders": -9136000.0,
        "Preferred Stock Dividends": 11584000.0,
        "Net Income": 2448000.0,
        "Minority Interests": -14199000.0,
        "Net Income Including Noncontrolling Interests": 16647000.0,
        "Net Income Continuous Operations": 16647000.0,
        "Earnings From Equity Interest Net Of Tax": 180500000.0,
        "Tax Provision": -3721000.0,
        "Pretax Income": -167574000.0,
        "Other Income Expense": 49901000.0,
        "Other Non Operating Income Expenses": 49901000.0,
        "Special Income Charges": NaN,
        "Impairment Of Capital Assets": NaN,
        "Net Non Operating Interest Income Expense": -37969000.0,
        "Interest Expense Non Operating": 37969000.0,
        "Operating Income": -179506000.0,
        "Operating Expense": 218444000.0,
        "Research And Development": 23532000.0,
        "Selling General And Administration": 194912000.0,
        "Gross Profit": 38938000.0,
        "Cost Of Revenue": 1321798000.0,
        "Total Revenue": 1360736000.0,
        "Operating Revenue": 1360736000.0
    },
    "2024-06-30": {
        "Tax Effect Of Unusual Items": -18123530.0,
        "Tax Rate For Calcs": 0.062,
        "Normalized EBITDA": -28351000.0,
        "Total Unusual Items": -292315000.0,
        "Total Unusual Items Excluding Goodwill": -292315000.0,
        "Net Income From Continuing Operation Net Minority Interest": -188198000.0,
        "Reconciled Depreciation": 138279000.0,
        "Reconciled Cost Of Revenue": 1440963000.0,
        "EBITDA": -320666000.0,
        "EBIT": -458945000.0,
        "Net Interest Income": -35187000.0,
        "Interest Expense": 35187000.0,
        "Normalized Income": 85993470.0,
        "Net Income From Continuing And Discontinued Operation": -188198000.0,
        "Total Expenses": 1630681000.0,
        "Total Operating Income As Reported": -492611000.0,
        "Diluted Average Shares": 117528000.0,
        "Basic Average Shares": 117528000.0,
        "Diluted EPS": -1.96,
        "Basic EPS": -1.96,
        "Diluted NI Availto Com Stockholders": -229886000.0,
        "Net Income Common Stockholders": -229886000.0,
        "Preferred Stock Dividends": 41688000.0,
        "Net Income": -188198000.0,
        "Minority Interests": -11604000.0,
        "Net Income Including Noncontrolling Interests": -176594000.0,
        "Net Income Continuous Operations": -176594000.0,
        "Earnings From Equity Interest Net Of Tax": 286878000.0,
        "Tax Provision": -30660000.0,
        "Pretax Income": -494132000.0,
        "Other Income Expense": -258649000.0,
        "Other Non Operating Income Expenses": 33666000.0,
        "Special Income Charges": -292315000.0,
        "Impairment Of Capital Assets": 292315000.0,
        "Net Non Operating Interest Income Expense": -35187000.0,
        "Interest Expense Non Operating": 35187000.0,
        "Operating Income": -200296000.0,
        "Operating Expense": 189718000.0,
        "Research And Development": 20770000.0,
        "Selling General And Administration": 168948000.0,
        "Gross Profit": -10578000.0,
        "Cost Of Revenue": 1440963000.0,
        "Total Revenue": 1430385000.0,
        "Operating Revenue": 1430385000.0
    },
    "2024-09-30": {
        "Tax Effect Of Unusual Items": -173910660.0,
        "Tax Rate For Calcs": 0.21,
        "Normalized EBITDA": -139438000.0,
        "Total Unusual Items": -828146000.0,
        "Total Unusual Items Excluding Goodwill": -828146000.0,
        "Net Income From Continuing Operation Net Minority Interest": -1068992000.0,
        "Reconciled Depreciation": 163502000.0,
        "Reconciled Cost Of Revenue": 1458726000.0,
        "EBITDA": -967584000.0,
        "EBIT": -1131086000.0,
        "Net Interest Income": -47760000.0,
        "Interest Expense": 47760000.0,
        "Normalized Income": -414756660.0,
        "Net Income From Continuing And Discontinued Operation": -1068992000.0,
        "Total Expenses": 1635376000.0,
        "Total Operating Income As Reported": -1108830000.0,
        "Diluted Average Shares": 117535000.0,
        "Basic Average Shares": 117535000.0,
        "Diluted EPS": -9.45,
        "Basic EPS": -9.45,
        "Diluted NI Availto Com Stockholders": -1110679000.0,
        "Net Income Common Stockholders": -1110679000.0,
        "Preferred Stock Dividends": 41687000.0,
        "Net Income": -1068992000.0,
        "Minority Interests": -8351000.0,
        "Net Income Including Noncontrolling Interests": -1060641000.0,
        "Net Income Continuous Operations": -1060641000.0,
        "Earnings From Equity Interest Net Of Tax": 229058000.0,
        "Tax Provision": 110853000.0,
        "Pretax Income": -1178846000.0,
        "Other Income Expense": -850402000.0,
        "Other Non Operating Income Expenses": -22256000.0,
        "Special Income Charges": -828146000.0,
        "Impairment Of Capital Assets": NaN,
        "Net Non Operating Interest Income Expense": -47760000.0,
        "Interest Expense Non Operating": 47760000.0,
        "Operating Income": -280684000.0,
        "Operating Expense": 176650000.0,
        "Research And Development": 22397000.0,
        "Selling General And Administration": 154253000.0,
        "Gross Profit": -104034000.0,
        "Cost Of Revenue": 1458726000.0,
        "Total Revenue": 1354692000.0,
        "Operating Revenue": 1354692000.0
    },
    "2024-12-31": {
        "Tax Effect Of Unusual Items": 3071569.043492,
        "Tax Rate For Calcs": 0.138322,
        "Normalized EBITDA": 262330000.0,
        "Total Unusual Items": 22206000.0,
        "Total Unusual Items Excluding Goodwill": 22206000.0,
        "Net Income From Continuing Operation Net Minority Interest": 75293000.0,
        "Reconciled Depreciation": 163106000.0,
        "Reconciled Cost Of Revenue": 1093500000.0,
        "EBITDA": 284536000.0,
        "EBIT": 121430000.0,
        "Net Interest Income": -44703000.0,
        "Interest Expense": 44703000.0,
        "Normalized Income": 56158569.043492,
        "Net Income From Continuing And Discontinued Operation": 75293000.0,
        "Total Expenses": 1249517000.0,
        "Total Operating Income As Reported": 4402000.0,
        "Diluted Average Shares": 117723000.0,
        "Basic Average Shares": 117549000.0,
        "Diluted EPS": 0.29,
        "Basic EPS": 0.29,
        "Diluted NI Availto Com Stockholders": 33605000.0,
        "Net Income Common Stockholders": 33605000.0,
        "Preferred Stock Dividends": 41688000.0,
        "Net Income": 75293000.0,
        "Minority Interests": -9818000.0,
        "Net Income Including Noncontrolling Interests": 85111000.0,
        "Net Income Continuous Operations": 85111000.0,
        "Earnings From Equity Interest Net Of Tax": 18997000.0,
        "Tax Provision": 10613000.0,
        "Pretax Income": 76727000.0,
        "Other Income Expense": 139234000.0,
        "Other Non Operating Income Expenses": 117028000.0,
        "Special Income Charges": 22206000.0,
        "Impairment Of Capital Assets": NaN,
        "Net Non Operating Interest Income Expense": -44703000.0,
        "Interest Expense Non Operating": 44703000.0,
        "Operating Income": -17804000.0,
        "Operating Expense": 156017000.0,
        "Research And Development": 20021000.0,
        "Selling General And Administration": 135996000.0,
        "Gross Profit": 138213000.0,
        "Cost Of Revenue": 1093500000.0,
        "Total Revenue": 1231713000.0,
        "Operating Revenue": 1231713000.0
    },
    "2025-03-31": {
        "Tax Effect Of Unusual Items": 222957.608352,
        "Tax Rate For Calcs": 0.209744,
        "Normalized EBITDA": 190702000.0,
        "Total Unusual Items": 1063000.0,
        "Total Unusual Items Excluding Goodwill": 1063000.0,
        "Net Income From Continuing Operation Net Minority Interest": 41348000.0,
        "Reconciled Depreciation": 161754000.0,
        "Reconciled Cost Of Revenue": 920582000.0,
        "EBITDA": 191765000.0,
        "EBIT": 30011000.0,
        "Net Interest Income": -48977000.0,
        "Interest Expense": 48977000.0,
        "Normalized Income": 40507957.608352,
        "Net Income From Continuing And Discontinued Operation": 41348000.0,
        "Total Expenses": 1058183000.0,
        "Total Operating Income As Reported": 19761000.0,
        "Diluted Average Shares": NaN,
        "Basic Average Shares": NaN,
        "Diluted EPS": NaN,
        "Basic EPS": NaN,
        "Diluted NI Availto Com Stockholders": -340000.0,
        "Net Income Common Stockholders": -340000.0,
        "Preferred Stock Dividends": 41688000.0,
        "Net Income": 41348000.0,
        "Minority Interests": -7950000.0,
        "Net Income Including Noncontrolling Interests": 49298000.0,
        "Net Income Continuous Operations": 49298000.0,
        "Earnings From Equity Interest Net Of Tax": 64286000.0,
        "Tax Provision": -3978000.0,
        "Pretax Income": -18966000.0,
        "Other Income Expense": 11313000.0,
        "Other Non Operating Income Expenses": 10250000.0,
        "Special Income Charges": 1063000.0,
        "Impairment Of Capital Assets": NaN,
        "Net Non Operating Interest Income Expense": -48977000.0,
        "Interest Expense Non Operating": 48977000.0,
        "Operating Income": 18698000.0,
        "Operating Expense": 137601000.0,
        "Research And Development": 14099000.0,
        "Selling General And Administration": 123502000.0,
        "Gross Profit": 156299000.0,
        "Cost Of Revenue": 920582000.0,
        "Total Revenue": 1076881000.0,
        "Operating Revenue": 1076881000.0
    }
}