{
    "2023-03-31": {
        "Tax Effect Of Unusual Items": NaN,
        "Tax Rate For Calcs": NaN,
        "Normalized EBITDA": NaN,
        "Total Unusual Items": NaN,
        "Total Unusual Items Excluding Goodwill": NaN,
        "Net Income From Continuing Operation Net Minority Interest": NaN,
        "Reconciled Depreciation": NaN,
        "Reconciled Cost Of Revenue": NaN,
        "EBITDA": NaN,
        "EBIT": NaN,
        "Net Interest Income": NaN,
        "Interest Expense": NaN,
        "Interest Income": NaN,
        "Normalized Income": NaN,
        "Net Income From Continuing And Discontinued Operation": NaN,
        "Total Expenses": NaN,
        "Total Operating Income As Reported": NaN,
        "Diluted Average Shares": 57300000.0,
        "Basic Average Shares": 57300000.0,
        "Diluted EPS": 1.02,
        "Basic EPS": 1.02,
        "Diluted NI Availto Com Stockholders": NaN,
        "Net Income Common Stockholders": NaN,
        "Net Income": NaN,
        "Minority Interests": NaN,
        "Net Income Including Noncontrolling Interests": NaN,
        "Net Income Continuous Operations": NaN,
        "Tax Provision": NaN,
        "Pretax Income": NaN,
        "Other Income Expense": NaN,
        "Other Non Operating Income Expenses": NaN,
        "Special Income Charges": NaN,
        "Other Special Charges": NaN,
        "Earnings From Equity Interest": NaN,
        "Net Non Operating Interest Income Expense": NaN,
        "Interest Expense Non Operating": NaN,
        "Interest Income Non Operating": NaN,
        "Operating Income": NaN,
        "Operating Expense": NaN,
        "Other Taxes": NaN,
        "Depreciation Amortization Depletion Income Statement": NaN,
        "Depreciation And Amortization In Income Statement": NaN,
        "Gross Profit": NaN,
        "Cost Of Revenue": NaN,
        "Total Revenue": NaN,
        "Operating Revenue": NaN
    },
    "2022-12-31": {
        "Tax Effect Of Unusual Items": 63000.0,
        "Tax Rate For Calcs": 0.21,
        "Normalized EBITDA": 106400000.0,
        "Total Unusual Items": 300000.0,
        "Total Unusual Items Excluding Goodwill": 300000.0,
        "Net Income From Continuing Operation Net Minority Interest": 51700000.0,
        "Reconciled Depreciation": 62700000.0,
        "Reconciled Cost Of Revenue": 312100000.0,
        "EBITDA": 106700000.0,
        "EBIT": 44000000.0,
        "Net Interest Income": -18600000.0,
        "Interest Expense": 18600000.0,
        "Interest Income": NaN,
        "Normalized Income": 51463000.0,
        "Net Income From Continuing And Discontinued Operation": 51700000.0,
        "Total Expenses": 392100000.0,
        "Total Operating Income As Reported": 33700000.0,
        "Diluted Average Shares": NaN,
        "Basic Average Shares": NaN,
        "Diluted EPS": NaN,
        "Basic EPS": NaN,
        "Diluted NI Availto Com Stockholders": 51700000.0,
        "Net Income Common Stockholders": 51700000.0,
        "Net Income": 51700000.0,
        "Minority Interests": 14500000.0,
        "Net Income Including Noncontrolling Interests": 37200000.0,
        "Net Income Continuous Operations": 37200000.0,
        "Tax Provision": -11800000.0,
        "Pretax Income": 25400000.0,
        "Other Income Expense": 10300000.0,
        "Other Non Operating Income Expenses": 4400000.0,
        "Special Income Charges": 300000.0,
        "Other Special Charges": -300000.0,
        "Earnings From Equity Interest": 5600000.0,
        "Net Non Operating Interest Income Expense": -18600000.0,
        "Interest Expense Non Operating": 18600000.0,
        "Interest Income Non Operating": NaN,
        "Operating Income": 33700000.0,
        "Operating Expense": 78100000.0,
        "Other Taxes": 17300000.0,
        "Depreciation Amortization Depletion Income Statement": 60800000.0,
        "Depreciation And Amortization In Income Statement": 60800000.0,
        "Gross Profit": 111800000.0,
        "Cost Of Revenue": 314000000.0,
        "Total Revenue": 425800000.0,
        "Operating Revenue": 424500000.0
    },
    "2022-09-30": {
        "Tax Effect Of Unusual Items": NaN,
        "Tax Rate For Calcs": NaN,
        "Normalized EBITDA": NaN,
        "Total Unusual Items": NaN,
        "Total Unusual Items Excluding Goodwill": NaN,
        "Net Income From Continuing Operation Net Minority Interest": NaN,
        "Reconciled Depreciation": NaN,
        "Reconciled Cost Of Revenue": NaN,
        "EBITDA": NaN,
        "EBIT": NaN,
        "Net Interest Income": NaN,
        "Interest Expense": NaN,
        "Interest Income": NaN,
        "Normalized Income": NaN,
        "Net Income From Continuing And Discontinued Operation": NaN,
        "Total Expenses": NaN,
        "Total Operating Income As Reported": NaN,
        "Diluted Average Shares": 57200000.0,
        "Basic Average Shares": 57100000.0,
        "Diluted EPS": 0.59,
        "Basic EPS": 0.59,
        "Diluted NI Availto Com Stockholders": NaN,
        "Net Income Common Stockholders": NaN,
        "Net Income": NaN,
        "Minority Interests": NaN,
        "Net Income Including Noncontrolling Interests": NaN,
        "Net Income Continuous Operations": NaN,
        "Tax Provision": NaN,
        "Pretax Income": NaN,
        "Other Income Expense": NaN,
        "Other Non Operating Income Expenses": NaN,
        "Special Income Charges": NaN,
        "Other Special Charges": NaN,
        "Earnings From Equity Interest": NaN,
        "Net Non Operating Interest Income Expense": NaN,
        "Interest Expense Non Operating": NaN,
        "Interest Income Non Operating": NaN,
        "Operating Income": NaN,
        "Operating Expense": NaN,
        "Other Taxes": NaN,
        "Depreciation Amortization Depletion Income Statement": NaN,
        "Depreciation And Amortization In Income Statement": NaN,
        "Gross Profit": NaN,
        "Cost Of Revenue": NaN,
        "Total Revenue": NaN,
        "Operating Revenue": NaN
    },
    "2022-06-30": {
        "Tax Effect Of Unusual Items": 0.0,
        "Tax Rate For Calcs": 0.4,
        "Normalized EBITDA": 94300000.0,
        "Total Unusual Items": NaN,
        "Total Unusual Items Excluding Goodwill": NaN,
        "Net Income From Continuing Operation Net Minority Interest": 37600000.0,
        "Reconciled Depreciation": 63200000.0,
        "Reconciled Cost Of Revenue": 280400000.0,
        "EBITDA": 94300000.0,
        "EBIT": 31100000.0,
        "Net Interest Income": -18600000.0,
        "Interest Expense": 18600000.0,
        "Interest Income": NaN,
        "Normalized Income": 37600000.0,
        "Net Income From Continuing And Discontinued Operation": 37600000.0,
        "Total Expenses": 359400000.0,
        "Total Operating Income As Reported": 13700000.0,
        "Diluted Average Shares": 56100000.0,
        "Basic Average Shares": 56100000.0,
        "Diluted EPS": 0.67,
        "Basic EPS": 0.67,
        "Diluted NI Availto Com Stockholders": 37600000.0,
        "Net Income Common Stockholders": 37600000.0,
        "Net Income": 37600000.0,
        "Minority Interests": 16800000.0,
        "Net Income Including Noncontrolling Interests": 20800000.0,
        "Net Income Continuous Operations": 20800000.0,
        "Tax Provision": -8300000.0,
        "Pretax Income": 12500000.0,
        "Other Income Expense": 17400000.0,
        "Other Non Operating Income Expenses": 12100000.0,
        "Special Income Charges": NaN,
        "Other Special Charges": NaN,
        "Earnings From Equity Interest": 5300000.0,
        "Net Non Operating Interest Income Expense": -18600000.0,
        "Interest Expense Non Operating": 18600000.0,
        "Interest Income Non Operating": NaN,
        "Operating Income": 13700000.0,
        "Operating Expense": 76800000.0,
        "Other Taxes": 15800000.0,
        "Depreciation Amortization Depletion Income Statement": 61000000.0,
        "Depreciation And Amortization In Income Statement": 61000000.0,
        "Gross Profit": 90500000.0,
        "Cost Of Revenue": 282600000.0,
        "Total Revenue": 373100000.0,
        "Operating Revenue": 370800000.0
    },
    "2022-03-31": {
        "Diluted EPS": 1.24,
        "Total Revenue": 384,
        "Gross Profit": 229,
        "Operating Income": 53,
        "EBIT": 114,
        "Net Income": 66
    },
    "2021-12-31": {
        "Diluted EPS": 1.18,
        "Total Revenue": 399,
        "Gross Profit": 205,
        "Operating Income": 50,
        "EBIT": 108,
        "Net Income": 62
    },
    "2021-09-30": {
        "Diluted EPS": 0.53,
        "Total Revenue": 345,
        "Gross Profit": 190,
        "Operating Income": 31,
        "EBIT": 88,
        "Net Income": 28
    },
    "2021-06-30": {
        "Diluted EPS": 0.53,
        "Total Revenue": 336,
        "Gross Profit": 191,
        "Operating Income": 28,
        "EBIT": 86,
        "Net Income": 28
    },
    "2021-03-31": {
        "Diluted EPS": 0.99,
        "Total Revenue": 339,
        "Gross Profit": 202,
        "Operating Income": 42,
        "EBIT": 100,
        "Net Income": 52
    },
    "2020-12-31": {
        "Diluted EPS": 0.73,
        "Total Revenue": 320,
        "Gross Profit": 195,
        "Operating Income": 24,
        "EBIT": 80,
        "Net Income": 38
    },
    "2020-09-30": {
        "Diluted EPS": 0.78,
        "Total Revenue": 294,
        "Gross Profit": 185,
        "Operating Income": 42,
        "EBIT": 95,
        "Net Income": 41
    },
    "2020-06-30": {
        "Diluted EPS": 0.39,
        "Total Revenue": 243,
        "Gross Profit": 158,
        "Operating Income": 13,
        "EBIT": 67,
        "Net Income": 20
    },
    "2020-03-31": {
        "Diluted EPS": 1.28,
        "Total Revenue": 312,
        "Gross Profit": 206,
        "Operating Income": 60,
        "EBIT": 113,
        "Net Income": 66
    },
    "2019-12-31": {
        "Diluted EPS": 0.96,
        "Total Revenue": 305,
        "Gross Profit": 191,
        "Operating Income": 50,
        "EBIT": 99,
        "Net Income": 50
    },
    "2019-09-30": {
        "Diluted EPS": 0.6,
        "Total Revenue": 288,
        "Gross Profit": 175,
        "Operating Income": 37,
        "EBIT": 87,
        "Net Income": 31
    },
    "2019-06-30": {
        "Diluted EPS": 0.66,
        "Total Revenue": 290,
        "Gross Profit": 186,
        "Operating Income": 36,
        "EBIT": 87,
        "Net Income": 34
    },
    "2019-03-31": {
        "Diluted EPS": 1.37,
        "Total Revenue": 357,
        "Gross Profit": 217,
        "Operating Income": 57,
        "EBIT": 108,
        "Net Income": 71
    },
    "2018-12-31": {
        "Diluted EPS": 1.19,
        "Total Revenue": 448,
        "Gross Profit": 232,
        "Operating Income": 64,
        "EBIT": 111,
        "Net Income": 61
    },
    "2018-09-30": {
        "Diluted EPS": 0.59,
        "Total Revenue": 348,
        "Gross Profit": 206,
        "Operating Income": 43,
        "EBIT": 90,
        "Net Income": 31
    },
    "2018-06-30": {
        "Diluted EPS": 0.61,
        "Total Revenue": 344,
        "Gross Profit": 211,
        "Operating Income": 37,
        "EBIT": 88,
        "Net Income": 31
    },
    "2018-03-31": {
        "Diluted EPS": 0.99,
        "Total Revenue": 358,
        "Gross Profit": 224,
        "Operating Income": 57,
        "EBIT": 99,
        "Net Income": 51
    },
    "2017-12-31": {
        "Diluted EPS": 0.81,
        "Total Revenue": 338,
        "Gross Profit": 183,
        "Operating Income": 32,
        "EBIT": 54,
        "Net Income": 41
    },
    "2017-09-30": {
        "Diluted EPS": 0.88,
        "Total Revenue": 363,
        "Gross Profit": 233,
        "Operating Income": 68,
        "EBIT": 114,
        "Net Income": 45
    },
    "2017-06-30": {
        "Diluted EPS": 0.72,
        "Total Revenue": 353,
        "Gross Profit": 222,
        "Operating Income": 54,
        "EBIT": 99,
        "Net Income": 37
    },
    "2017-03-31": {
        "Diluted EPS": 0.97,
        "Total Revenue": 366,
        "Gross Profit": 238,
        "Operating Income": 72,
        "EBIT": 118,
        "Net Income": 49
    },
    "2016-12-31": {
        "Diluted EPS": 0.9,
        "Total Revenue": 342,
        "Gross Profit": 223,
        "Operating Income": 55,
        "EBIT": 103,
        "Net Income": 44
    },
    "2016-09-30": {
        "Diluted EPS": 0.81,
        "Total Revenue": 350,
        "Gross Profit": 212,
        "Operating Income": 53,
        "EBIT": 99,
        "Net Income": 40
    },
    "2016-06-30": {
        "Diluted EPS": 0.5,
        "Total Revenue": 315,
        "Gross Profit": 203,
        "Operating Income": 42,
        "EBIT": 87,
        "Net Income": 25
    },
    "2016-03-31": {
        "Diluted EPS": 0.93,
        "Total Revenue": 334,
        "Gross Profit": 224,
        "Operating Income": 67,
        "EBIT": 110,
        "Net Income": 46
    },
    "2015-12-31": {
        "Diluted EPS": 0.38,
        "Total Revenue": 381,
        "Gross Profit": 226,
        "Operating Income": 30,
        "EBIT": 69,
        "Net Income": 18
    },
    "2015-09-30": {
        "Diluted EPS": 1.23,
        "Total Revenue": 463,
        "Gross Profit": 236,
        "Operating Income": 85,
        "EBIT": 123,
        "Net Income": 60
    },
    "2015-06-30": {
        "Diluted EPS": 0.46,
        "Total Revenue": 323,
        "Gross Profit": 191,
        "Operating Income": 40,
        "EBIT": 76,
        "Net Income": 23
    },
    "2015-03-31": {
        "Diluted EPS": 0.85,
        "Total Revenue": 320,
        "Gross Profit": 203,
        "Operating Income": 56,
        "EBIT": 91,
        "Net Income": 40
    },
    "2014-12-31": {
        "Diluted EPS": 0.73,
        "Total Revenue": 291,
        "Gross Profit": 185,
        "Operating Income": 52,
        "EBIT": 84,
        "Net Income": 33
    },
    "2014-09-30": {
        "Diluted EPS": 0.97,
        "Total Revenue": 289,
        "Gross Profit": 183,
        "Operating Income": 61,
        "EBIT": 92,
        "Net Income": 42
    },
    "2014-06-30": {
        "Diluted EPS": 0.4,
        "Total Revenue": 261,
        "Gross Profit": 158,
        "Operating Income": 28,
        "EBIT": 58,
        "Net Income": 17
    },
    "2014-03-31": {
        "Diluted EPS": 0.8,
        "Total Revenue": 297,
        "Gross Profit": 177,
        "Operating Income": 48,
        "EBIT": 79,
        "Net Income": 34
    },
    "2013-12-31": {
        "Diluted EPS": 0.82,
        "Total Revenue": 268,
        "Gross Profit": 108,
        "Operating Income": 47,
        "EBIT": 77,
        "Net Income": 33
    },
    "2013-09-30": {
        "Diluted EPS": 0.63,
        "Total Revenue": 251,
        "Gross Profit": 171,
        "Operating Income": 38,
        "EBIT": 68,
        "Net Income": 25
    },
    "2013-06-30": {
        "Diluted EPS": 0.35,
        "Total Revenue": 236,
        "Gross Profit": 157,
        "Operating Income": 24,
        "EBIT": 53,
        "Net Income": 14
    },
    "2013-03-31": {
        "Diluted EPS": 0.83,
        "Total Revenue": 264,
        "Gross Profit": 177,
        "Operating Income": 44,
        "EBIT": 73,
        "Net Income": 33
    },
    "2012-12-31": {
        "Diluted EPS": 0.75,
        "Total Revenue": 256,
        "Gross Profit": 176,
        "Operating Income": 48,
        "EBIT": 74,
        "Net Income": 29
    },
    "2012-09-30": {
        "Diluted EPS": 0.78,
        "Total Revenue": 249,
        "Gross Profit": 169,
        "Operating Income": 46,
        "EBIT": 71,
        "Net Income": 29
    },
    "2012-06-30": {
        "Diluted EPS": 0.39,
        "Total Revenue": 216,
        "Gross Profit": 144,
        "Operating Income": 23,
        "EBIT": 48,
        "Net Income": 14
    },
    "2012-03-31": {
        "Diluted EPS": 0.66,
        "Total Revenue": 240,
        "Gross Profit": 163,
        "Operating Income": 38,
        "EBIT": 63,
        "Net Income": 24
    },
    "2011-12-31": {
        "Diluted EPS": 0.53,
        "Total Revenue": 239,
        "Gross Profit": 162,
        "Operating Income": 34,
        "EBIT": 58,
        "Net Income": 19
    },
    "2011-09-30": {
        "Diluted EPS": 0.57,
        "Total Revenue": 227,
        "Gross Profit": 152,
        "Operating Income": 39,
        "EBIT": 62,
        "Net Income": 21
    },
    "2011-06-30": {
        "Diluted EPS": 0.48,
        "Total Revenue": 220,
        "Gross Profit": 144,
        "Operating Income": 26,
        "EBIT": 49,
        "Net Income": 17
    },
    "2011-03-31": {
        "Diluted EPS": 1.07,
        "Total Revenue": 242,
        "Gross Profit": 163,
        "Operating Income": 51,
        "EBIT": 73,
        "Net Income": 37
    },
    "2010-12-31": {
        "Diluted EPS": 0.38,
        "Total Revenue": 238,
        "Gross Profit": 146,
        "Operating Income": 23,
        "EBIT": 44,
        "Net Income": 13
    },
    "2010-09-30": {
        "Diluted EPS": 0.56,
        "Total Revenue": 224,
        "Gross Profit": 145,
        "Operating Income": 35,
        "EBIT": 56,
        "Net Income": 20
    },
    "2010-06-30": {
        "Diluted EPS": 0.57,
        "Total Revenue": 211,
        "Gross Profit": 137,
        "Operating Income": 32,
        "EBIT": 52,
        "Net Income": 19
    },
    "2010-03-31": {
        "Diluted EPS": 0.68,
        "Total Revenue": 234,
        "Gross Profit": 154,
        "Operating Income": 46,
        "EBIT": 66,
        "Net Income": 23
    },
    "2009-12-31": {
        "Diluted EPS": 0.56,
        "Total Revenue": 216,
        "Gross Profit": 136,
        "Operating Income": 34,
        "EBIT": 52,
        "Net Income": 19
    },
    "2009-09-30": {
        "Diluted EPS": 0.49,
        "Total Revenue": 179,
        "Gross Profit": 109,
        "Operating Income": 25,
        "EBIT": 42,
        "Net Income": 16
    },
    "2009-06-30": {
        "Diluted EPS": 0.29,
        "Total Revenue": 165,
        "Gross Profit": 108,
        "Operating Income": 16,
        "EBIT": 31,
        "Net Income": 9
    },
    "2009-03-31": {
        "Diluted EPS": 0.55,
        "Total Revenue": 200,
        "Gross Profit": 127,
        "Operating Income": 31,
        "EBIT": 47,
        "Net Income": 17
    },
    "2023-06-30": {
        "Tax Effect Of Unusual Items": NaN,
        "Tax Rate For Calcs": NaN,
        "Normalized EBITDA": NaN,
        "Total Unusual Items": NaN,
        "Total Unusual Items Excluding Goodwill": NaN,
        "Net Income From Continuing Operation Net Minority Interest": NaN,
        "Reconciled Depreciation": NaN,
        "Reconciled Cost Of Revenue": NaN,
        "EBITDA": NaN,
        "EBIT": NaN,
        "Net Interest Income": NaN,
        "Interest Expense": NaN,
        "Interest Income": NaN,
        "Normalized Income": NaN,
        "Net Income From Continuing And Discontinued Operation": NaN,
        "Total Expenses": NaN,
        "Total Operating Income As Reported": NaN,
        "Diluted Average Shares": 57400000.0,
        "Basic Average Shares": 57300000.0,
        "Diluted EPS": 0.9,
        "Basic EPS": 0.9,
        "Diluted NI Availto Com Stockholders": NaN,
        "Net Income Common Stockholders": NaN,
        "Net Income": NaN,
        "Minority Interests": NaN,
        "Net Income Including Noncontrolling Interests": NaN,
        "Net Income Continuous Operations": NaN,
        "Tax Provision": NaN,
        "Pretax Income": NaN,
        "Other Income Expense": NaN,
        "Other Non Operating Income Expenses": NaN,
        "Special Income Charges": NaN,
        "Other Special Charges": NaN,
        "Earnings From Equity Interest": NaN,
        "Net Non Operating Interest Income Expense": NaN,
        "Interest Expense Non Operating": NaN,
        "Interest Income Non Operating": NaN,
        "Operating Income": NaN,
        "Operating Expense": NaN,
        "Other Taxes": NaN,
        "Depreciation Amortization Depletion Income Statement": NaN,
        "Depreciation And Amortization In Income Statement": NaN,
        "Gross Profit": NaN,
        "Cost Of Revenue": NaN,
        "Total Revenue": NaN,
        "Operating Revenue": NaN
    },
    "2023-09-30": {
        "Tax Effect Of Unusual Items": NaN,
        "Tax Rate For Calcs": NaN,
        "Normalized EBITDA": NaN,
        "Total Unusual Items": NaN,
        "Total Unusual Items Excluding Goodwill": NaN,
        "Net Income From Continuing Operation Net Minority Interest": NaN,
        "Reconciled Depreciation": NaN,
        "Reconciled Cost Of Revenue": NaN,
        "EBITDA": NaN,
        "EBIT": NaN,
        "Net Interest Income": NaN,
        "Interest Expense": NaN,
        "Interest Income": NaN,
        "Normalized Income": NaN,
        "Net Income From Continuing And Discontinued Operation": NaN,
        "Total Expenses": NaN,
        "Total Operating Income As Reported": NaN,
        "Diluted Average Shares": 57500000.0,
        "Basic Average Shares": 57400000.0,
        "Diluted EPS": 1.49,
        "Basic EPS": 1.5,
        "Diluted NI Availto Com Stockholders": NaN,
        "Net Income Common Stockholders": NaN,
        "Net Income": NaN,
        "Minority Interests": NaN,
        "Net Income Including Noncontrolling Interests": NaN,
        "Net Income Continuous Operations": NaN,
        "Tax Provision": NaN,
        "Pretax Income": NaN,
        "Other Income Expense": NaN,
        "Other Non Operating Income Expenses": NaN,
        "Special Income Charges": NaN,
        "Other Special Charges": NaN,
        "Earnings From Equity Interest": NaN,
        "Net Non Operating Interest Income Expense": NaN,
        "Interest Expense Non Operating": NaN,
        "Interest Income Non Operating": NaN,
        "Operating Income": NaN,
        "Operating Expense": NaN,
        "Other Taxes": NaN,
        "Depreciation Amortization Depletion Income Statement": NaN,
        "Depreciation And Amortization In Income Statement": NaN,
        "Gross Profit": NaN,
        "Cost Of Revenue": NaN,
        "Total Revenue": NaN,
        "Operating Revenue": NaN
    },
    "2023-12-31": {
        "Tax Effect Of Unusual Items": 253246.753247,
        "Tax Rate For Calcs": 0.194805,
        "Normalized EBITDA": 122400000.0,
        "Total Unusual Items": 1300000.0,
        "Total Unusual Items Excluding Goodwill": 1300000.0,
        "Net Income From Continuing Operation Net Minority Interest": 51500000.0,
        "Reconciled Depreciation": 65300000.0,
        "Reconciled Cost Of Revenue": 280200000.0,
        "EBITDA": 123700000.0,
        "EBIT": 58400000.0,
        "Net Interest Income": -18300000.0,
        "Interest Expense": 19900000.0,
        "Interest Income": 1600000.0,
        "Normalized Income": 50453246.753247,
        "Net Income From Continuing And Discontinued Operation": 51500000.0,
        "Total Expenses": 359600000.0,
        "Total Operating Income As Reported": 43100000.0,
        "Diluted Average Shares": NaN,
        "Basic Average Shares": NaN,
        "Diluted EPS": NaN,
        "Basic EPS": NaN,
        "Diluted NI Availto Com Stockholders": 51500000.0,
        "Net Income Common Stockholders": 51500000.0,
        "Net Income": 51500000.0,
        "Minority Interests": 20500000.0,
        "Net Income Including Noncontrolling Interests": 31000000.0,
        "Net Income Continuous Operations": 31000000.0,
        "Tax Provision": 7500000.0,
        "Pretax Income": 38500000.0,
        "Other Income Expense": 13700000.0,
        "Other Non Operating Income Expenses": 6800000.0,
        "Special Income Charges": 1300000.0,
        "Other Special Charges": -1100000.0,
        "Earnings From Equity Interest": 5600000.0,
        "Net Non Operating Interest Income Expense": -18300000.0,
        "Interest Expense Non Operating": 19900000.0,
        "Interest Income Non Operating": 1600000.0,
        "Operating Income": 43100000.0,
        "Operating Expense": 77700000.0,
        "Other Taxes": 14100000.0,
        "Depreciation Amortization Depletion Income Statement": 63600000.0,
        "Depreciation And Amortization In Income Statement": 63600000.0,
        "Gross Profit": 120800000.0,
        "Cost Of Revenue": 281900000.0,
        "Total Revenue": 402700000.0,
        "Operating Revenue": 401500000.0
    },
    "2024-03-31": {
        "Tax Effect Of Unusual Items": 116400.0,
        "Tax Rate For Calcs": 0.097,
        "Normalized EBITDA": 126800000.0,
        "Total Unusual Items": 1200000.0,
        "Total Unusual Items Excluding Goodwill": 1200000.0,
        "Net Income From Continuing Operation Net Minority Interest": 50700000.0,
        "Reconciled Depreciation": 66600000.0,
        "Reconciled Cost Of Revenue": 270700000.0,
        "EBITDA": 128000000.0,
        "EBIT": 61400000.0,
        "Net Interest Income": -18500000.0,
        "Interest Expense": 20400000.0,
        "Interest Income": 1900000.0,
        "Normalized Income": 49616400.0,
        "Net Income From Continuing And Discontinued Operation": 50700000.0,
        "Total Expenses": 356000000.0,
        "Total Operating Income As Reported": 47300000.0,
        "Diluted Average Shares": 57700000.0,
        "Basic Average Shares": 57600000.0,
        "Diluted EPS": 0.88,
        "Basic EPS": 0.88,
        "Diluted NI Availto Com Stockholders": 50700000.0,
        "Net Income Common Stockholders": 50700000.0,
        "Net Income": 50700000.0,
        "Minority Interests": 13700000.0,
        "Net Income Including Noncontrolling Interests": 37000000.0,
        "Net Income Continuous Operations": 37000000.0,
        "Tax Provision": 4000000.0,
        "Pretax Income": 41000000.0,
        "Other Income Expense": 12200000.0,
        "Other Non Operating Income Expenses": 5500000.0,
        "Special Income Charges": 1200000.0,
        "Other Special Charges": -1200000.0,
        "Earnings From Equity Interest": 5500000.0,
        "Net Non Operating Interest Income Expense": -18500000.0,
        "Interest Expense Non Operating": 20400000.0,
        "Interest Income Non Operating": 1900000.0,
        "Operating Income": 47300000.0,
        "Operating Expense": 83700000.0,
        "Other Taxes": 18700000.0,
        "Depreciation Amortization Depletion Income Statement": 65000000.0,
        "Depreciation And Amortization In Income Statement": 65000000.0,
        "Gross Profit": 131000000.0,
        "Cost Of Revenue": 272300000.0,
        "Total Revenue": 403300000.0,
        "Operating Revenue": 402000000.0
    },
    "2024-06-30": {
        "Tax Effect Of Unusual Items": 85800.0,
        "Tax Rate For Calcs": 0.066,
        "Normalized EBITDA": 107500000.0,
        "Total Unusual Items": 1300000.0,
        "Total Unusual Items Excluding Goodwill": 1300000.0,
        "Net Income From Continuing Operation Net Minority Interest": 33000000.0,
        "Reconciled Depreciation": 67600000.0,
        "Reconciled Cost Of Revenue": 241200000.0,
        "EBITDA": 108800000.0,
        "EBIT": 41200000.0,
        "Net Interest Income": -19300000.0,
        "Interest Expense": 20100000.0,
        "Interest Income": 800000.0,
        "Normalized Income": 31785800.0,
        "Net Income From Continuing And Discontinued Operation": 33000000.0,
        "Total Expenses": 325100000.0,
        "Total Operating Income As Reported": 29400000.0,
        "Diluted Average Shares": 57800000.0,
        "Basic Average Shares": 57700000.0,
        "Diluted EPS": 0.57,
        "Basic EPS": 0.57,
        "Diluted NI Availto Com Stockholders": 33000000.0,
        "Net Income Common Stockholders": 33000000.0,
        "Net Income": 33000000.0,
        "Minority Interests": 13300000.0,
        "Net Income Including Noncontrolling Interests": 19700000.0,
        "Net Income Continuous Operations": 19700000.0,
        "Tax Provision": 1400000.0,
        "Pretax Income": 21100000.0,
        "Other Income Expense": 11000000.0,
        "Other Non Operating Income Expenses": 3800000.0,
        "Special Income Charges": 1300000.0,
        "Other Special Charges": -1300000.0,
        "Earnings From Equity Interest": 5900000.0,
        "Net Non Operating Interest Income Expense": -19300000.0,
        "Interest Expense Non Operating": 20100000.0,
        "Interest Income Non Operating": 800000.0,
        "Operating Income": 29400000.0,
        "Operating Expense": 82300000.0,
        "Other Taxes": 16300000.0,
        "Depreciation Amortization Depletion Income Statement": 66000000.0,
        "Depreciation And Amortization In Income Statement": 66000000.0,
        "Gross Profit": 111700000.0,
        "Cost Of Revenue": 242800000.0,
        "Total Revenue": 354500000.0,
        "Operating Revenue": 353300000.0
    },
    "2024-09-30": {
        "Tax Effect Of Unusual Items": 121500.0,
        "Tax Rate For Calcs": 0.081,
        "Normalized EBITDA": 127100000.0,
        "Total Unusual Items": 1500000.0,
        "Total Unusual Items Excluding Goodwill": 1500000.0,
        "Net Income From Continuing Operation Net Minority Interest": 45000000.0,
        "Reconciled Depreciation": 72700000.0,
        "Reconciled Cost Of Revenue": 273900000.0,
        "EBITDA": 128600000.0,
        "EBIT": 55900000.0,
        "Net Interest Income": -19100000.0,
        "Interest Expense": 20300000.0,
        "Interest Income": 1200000.0,
        "Normalized Income": 43621500.0,
        "Net Income From Continuing And Discontinued Operation": 45000000.0,
        "Total Expenses": 361900000.0,
        "Total Operating Income As Reported": 45300000.0,
        "Diluted Average Shares": 57900000.0,
        "Basic Average Shares": 57800000.0,
        "Diluted EPS": 0.78,
        "Basic EPS": 0.78,
        "Diluted NI Availto Com Stockholders": 45000000.0,
        "Net Income Common Stockholders": 45000000.0,
        "Net Income": 45000000.0,
        "Minority Interests": 12300000.0,
        "Net Income Including Noncontrolling Interests": 32700000.0,
        "Net Income Continuous Operations": 32700000.0,
        "Tax Provision": 2900000.0,
        "Pretax Income": 35600000.0,
        "Other Income Expense": 9400000.0,
        "Other Non Operating Income Expenses": 2800000.0,
        "Special Income Charges": 1500000.0,
        "Other Special Charges": -1500000.0,
        "Earnings From Equity Interest": 5100000.0,
        "Net Non Operating Interest Income Expense": -19100000.0,
        "Interest Expense Non Operating": 20300000.0,
        "Interest Income Non Operating": 1200000.0,
        "Operating Income": 45300000.0,
        "Operating Expense": 86100000.0,
        "Other Taxes": 15300000.0,
        "Depreciation Amortization Depletion Income Statement": 70800000.0,
        "Depreciation And Amortization In Income Statement": 70800000.0,
        "Gross Profit": 131400000.0,
        "Cost Of Revenue": 275800000.0,
        "Total Revenue": 407200000.0,
        "Operating Revenue": 405900000.0
    },
    "2024-12-31": {
        "Tax Effect Of Unusual Items": 231000.0,
        "Tax Rate For Calcs": 0.21,
        "Normalized EBITDA": 119800000.0,
        "Total Unusual Items": 1100000.0,
        "Total Unusual Items Excluding Goodwill": 1100000.0,
        "Net Income From Continuing Operation Net Minority Interest": 50600000.0,
        "Reconciled Depreciation": 71300000.0,
        "Reconciled Cost Of Revenue": 240300000.0,
        "EBITDA": 120900000.0,
        "EBIT": 49600000.0,
        "Net Interest Income": -20800000.0,
        "Interest Expense": 20900000.0,
        "Interest Income": 100000.0,
        "Normalized Income": 49731000.0,
        "Net Income From Continuing And Discontinued Operation": 50600000.0,
        "Total Expenses": 326700000.0,
        "Total Operating Income As Reported": 38100000.0,
        "Diluted Average Shares": NaN,
        "Basic Average Shares": NaN,
        "Diluted EPS": NaN,
        "Basic EPS": NaN,
        "Diluted NI Availto Com Stockholders": 50600000.0,
        "Net Income Common Stockholders": 50600000.0,
        "Net Income": 50600000.0,
        "Minority Interests": 18300000.0,
        "Net Income Including Noncontrolling Interests": 32300000.0,
        "Net Income Continuous Operations": 32300000.0,
        "Tax Provision": -3600000.0,
        "Pretax Income": 28700000.0,
        "Other Income Expense": 11400000.0,
        "Other Non Operating Income Expenses": 1800000.0,
        "Special Income Charges": 1100000.0,
        "Other Special Charges": -1000000.0,
        "Earnings From Equity Interest": 8500000.0,
        "Net Non Operating Interest Income Expense": -20800000.0,
        "Interest Expense Non Operating": 20900000.0,
        "Interest Income Non Operating": 100000.0,
        "Operating Income": 38100000.0,
        "Operating Expense": 84800000.0,
        "Other Taxes": 15100000.0,
        "Depreciation Amortization Depletion Income Statement": 69700000.0,
        "Depreciation And Amortization In Income Statement": 69700000.0,
        "Gross Profit": 122900000.0,
        "Cost Of Revenue": 241900000.0,
        "Total Revenue": 364800000.0,
        "Operating Revenue": 363600000.0
    }
}