{
    "2023-03-31": {
        "Tax Effect Of Unusual Items": NaN,
        "Tax Rate For Calcs": NaN,
        "Normalized EBITDA": NaN,
        "Net Income From Continuing Operation Net Minority Interest": NaN,
        "Reconciled Depreciation": NaN,
        "Reconciled Cost Of Revenue": NaN,
        "EBITDA": NaN,
        "EBIT": NaN,
        "Net Interest Income": NaN,
        "Interest Expense": NaN,
        "Interest Income": NaN,
        "Normalized Income": NaN,
        "Net Income From Continuing And Discontinued Operation": NaN,
        "Total Expenses": NaN,
        "Total Operating Income As Reported": NaN,
        "Diluted Average Shares": 11962000.0,
        "Basic Average Shares": 11899000.0,
        "Diluted EPS": 2.79,
        "Basic EPS": 2.8,
        "Diluted NI Availto Com Stockholders": NaN,
        "Net Income Common Stockholders": NaN,
        "Net Income": NaN,
        "Net Income Including Noncontrolling Interests": NaN,
        "Net Income Continuous Operations": NaN,
        "Tax Provision": NaN,
        "Pretax Income": NaN,
        "Other Income Expense": NaN,
        "Other Non Operating Income Expenses": NaN,
        "Net Non Operating Interest Income Expense": NaN,
        "Interest Expense Non Operating": NaN,
        "Interest Income Non Operating": NaN,
        "Operating Income": NaN,
        "Operating Expense": NaN,
        "Depreciation Amortization Depletion Income Statement": NaN,
        "Depreciation And Amortization In Income Statement": NaN,
        "Amortization": NaN,
        "Amortization Of Intangibles Income Statement": NaN,
        "Selling General And Administration": NaN,
        "Gross Profit": NaN,
        "Cost Of Revenue": NaN,
        "Total Revenue": NaN,
        "Operating Revenue": NaN
    },
    "2022-12-31": {
        "Tax Effect Of Unusual Items": NaN,
        "Tax Rate For Calcs": NaN,
        "Normalized EBITDA": NaN,
        "Net Income From Continuing Operation Net Minority Interest": NaN,
        "Reconciled Depreciation": NaN,
        "Reconciled Cost Of Revenue": NaN,
        "EBITDA": NaN,
        "EBIT": NaN,
        "Net Interest Income": NaN,
        "Interest Expense": NaN,
        "Interest Income": NaN,
        "Normalized Income": NaN,
        "Net Income From Continuing And Discontinued Operation": NaN,
        "Total Expenses": NaN,
        "Total Operating Income As Reported": NaN,
        "Diluted Average Shares": 11940000.0,
        "Basic Average Shares": 11884000.0,
        "Diluted EPS": 2.44,
        "Basic EPS": 2.45,
        "Diluted NI Availto Com Stockholders": NaN,
        "Net Income Common Stockholders": NaN,
        "Net Income": NaN,
        "Net Income Including Noncontrolling Interests": NaN,
        "Net Income Continuous Operations": NaN,
        "Tax Provision": NaN,
        "Pretax Income": NaN,
        "Other Income Expense": NaN,
        "Other Non Operating Income Expenses": NaN,
        "Net Non Operating Interest Income Expense": NaN,
        "Interest Expense Non Operating": NaN,
        "Interest Income Non Operating": NaN,
        "Operating Income": NaN,
        "Operating Expense": NaN,
        "Depreciation Amortization Depletion Income Statement": NaN,
        "Depreciation And Amortization In Income Statement": NaN,
        "Amortization": NaN,
        "Amortization Of Intangibles Income Statement": NaN,
        "Selling General And Administration": NaN,
        "Gross Profit": NaN,
        "Cost Of Revenue": NaN,
        "Total Revenue": NaN,
        "Operating Revenue": NaN
    },
    "2022-09-30": {
        "Tax Effect Of Unusual Items": 0.0,
        "Tax Rate For Calcs": 0.23,
        "Normalized EBITDA": 48707000.0,
        "Net Income From Continuing Operation Net Minority Interest": 25821000.0,
        "Reconciled Depreciation": 11361000.0,
        "Reconciled Cost Of Revenue": 268869000.0,
        "EBITDA": 48707000.0,
        "EBIT": 37346000.0,
        "Net Interest Income": -3641000.0,
        "Interest Expense": 3734000.0,
        "Interest Income": 93000.0,
        "Normalized Income": 25821000.0,
        "Net Income From Continuing And Discontinued Operation": 25821000.0,
        "Total Expenses": 332953000.0,
        "Total Operating Income As Reported": 35840000.0,
        "Diluted Average Shares": 11941000.0,
        "Basic Average Shares": 11883000.0,
        "Diluted EPS": 2.16,
        "Basic EPS": 2.18,
        "Diluted NI Availto Com Stockholders": 25821000.0,
        "Net Income Common Stockholders": 25821000.0,
        "Net Income": 25821000.0,
        "Net Income Including Noncontrolling Interests": 25821000.0,
        "Net Income Continuous Operations": 25821000.0,
        "Tax Provision": 7791000.0,
        "Pretax Income": 33612000.0,
        "Other Income Expense": 1413000.0,
        "Other Non Operating Income Expenses": 1413000.0,
        "Net Non Operating Interest Income Expense": -3641000.0,
        "Interest Expense Non Operating": 3734000.0,
        "Interest Income Non Operating": 93000.0,
        "Operating Income": 35840000.0,
        "Operating Expense": 56525000.0,
        "Depreciation Amortization Depletion Income Statement": 3802000.0,
        "Depreciation And Amortization In Income Statement": 3802000.0,
        "Amortization": 3802000.0,
        "Amortization Of Intangibles Income Statement": 3802000.0,
        "Selling General And Administration": 52723000.0,
        "Gross Profit": 92365000.0,
        "Cost Of Revenue": 276428000.0,
        "Total Revenue": 368793000.0,
        "Operating Revenue": 368793000.0
    },
    "2022-06-30": {
        "Tax Effect Of Unusual Items": 0.0,
        "Tax Rate For Calcs": 0.24,
        "Normalized EBITDA": 51918000.0,
        "Net Income From Continuing Operation Net Minority Interest": 28472000.0,
        "Reconciled Depreciation": 11079000.0,
        "Reconciled Cost Of Revenue": 289210000.0,
        "EBITDA": 51918000.0,
        "EBIT": 40839000.0,
        "Net Interest Income": -3132000.0,
        "Interest Expense": 3189000.0,
        "Interest Income": 57000.0,
        "Normalized Income": 28472000.0,
        "Net Income From Continuing And Discontinued Operation": 28472000.0,
        "Total Expenses": 355298000.0,
        "Total Operating Income As Reported": 40916000.0,
        "Diluted Average Shares": 11938000.0,
        "Basic Average Shares": 11880000.0,
        "Diluted EPS": 2.39,
        "Basic EPS": 2.39,
        "Diluted NI Availto Com Stockholders": 28472000.0,
        "Net Income Common Stockholders": 28472000.0,
        "Net Income": 28472000.0,
        "Net Income Including Noncontrolling Interests": 28472000.0,
        "Net Income Continuous Operations": 28472000.0,
        "Tax Provision": 9178000.0,
        "Pretax Income": 37650000.0,
        "Other Income Expense": -134000.0,
        "Other Non Operating Income Expenses": -134000.0,
        "Net Non Operating Interest Income Expense": -3132000.0,
        "Interest Expense Non Operating": 3189000.0,
        "Interest Income Non Operating": 57000.0,
        "Operating Income": 40916000.0,
        "Operating Expense": 58801000.0,
        "Depreciation Amortization Depletion Income Statement": 3792000.0,
        "Depreciation And Amortization In Income Statement": 3792000.0,
        "Amortization": 3792000.0,
        "Amortization Of Intangibles Income Statement": 3792000.0,
        "Selling General And Administration": 55009000.0,
        "Gross Profit": 99717000.0,
        "Cost Of Revenue": 296497000.0,
        "Total Revenue": 396214000.0,
        "Operating Revenue": 396214000.0
    },
    "2023-06-30": {
        "Tax Effect Of Unusual Items": NaN,
        "Tax Rate For Calcs": NaN,
        "Normalized EBITDA": NaN,
        "Net Income From Continuing Operation Net Minority Interest": NaN,
        "Reconciled Depreciation": NaN,
        "Reconciled Cost Of Revenue": NaN,
        "EBITDA": NaN,
        "EBIT": NaN,
        "Net Interest Income": NaN,
        "Interest Expense": NaN,
        "Interest Income": NaN,
        "Normalized Income": NaN,
        "Net Income From Continuing And Discontinued Operation": NaN,
        "Total Expenses": NaN,
        "Total Operating Income As Reported": NaN,
        "Diluted Average Shares": 11993000.0,
        "Basic Average Shares": 11921000.0,
        "Diluted EPS": 3.03,
        "Basic EPS": 3.05,
        "Diluted NI Availto Com Stockholders": NaN,
        "Net Income Common Stockholders": NaN,
        "Net Income": NaN,
        "Net Income Including Noncontrolling Interests": NaN,
        "Net Income Continuous Operations": NaN,
        "Tax Provision": NaN,
        "Pretax Income": NaN,
        "Other Income Expense": NaN,
        "Other Non Operating Income Expenses": NaN,
        "Net Non Operating Interest Income Expense": NaN,
        "Interest Expense Non Operating": NaN,
        "Interest Income Non Operating": NaN,
        "Operating Income": NaN,
        "Operating Expense": NaN,
        "Depreciation Amortization Depletion Income Statement": NaN,
        "Depreciation And Amortization In Income Statement": NaN,
        "Amortization": NaN,
        "Amortization Of Intangibles Income Statement": NaN,
        "Selling General And Administration": NaN,
        "Gross Profit": NaN,
        "Cost Of Revenue": NaN,
        "Total Revenue": NaN,
        "Operating Revenue": NaN
    },
    "2022-03-31": {
        "Diluted EPS": 1.55,
        "Total Revenue": 362,
        "Gross Profit": 87,
        "Operating Income": 29,
        "EBIT": 40,
        "Net Income": 18
    },
    "2021-12-31": {
        "Diluted EPS": 1.62,
        "Total Revenue": 337,
        "Gross Profit": 84,
        "Operating Income": 28,
        "EBIT": 39,
        "Net Income": 19
    },
    "2021-09-30": {
        "Diluted EPS": 1.47,
        "Total Revenue": 338,
        "Gross Profit": 86,
        "Operating Income": 30,
        "EBIT": 41,
        "Net Income": 18
    },
    "2021-06-30": {
        "Diluted EPS": 2.19,
        "Total Revenue": 348,
        "Gross Profit": 88,
        "Operating Income": 34,
        "EBIT": 45,
        "Net Income": 26
    },
    "2021-03-31": {
        "Diluted EPS": 1.47,
        "Total Revenue": 311,
        "Gross Profit": 76,
        "Operating Income": 25,
        "EBIT": 37,
        "Net Income": 17
    },
    "2020-12-31": {
        "Diluted EPS": 0.78,
        "Total Revenue": 289,
        "Gross Profit": 68,
        "Operating Income": 17,
        "EBIT": 28,
        "Net Income": 9
    },
    "2020-09-30": {
        "Diluted EPS": 1.69,
        "Total Revenue": 292,
        "Gross Profit": 79,
        "Operating Income": 31,
        "EBIT": 42,
        "Net Income": 20
    },
    "2020-06-30": {
        "Diluted EPS": 1.1,
        "Total Revenue": 269,
        "Gross Profit": 68,
        "Operating Income": 23,
        "EBIT": 34,
        "Net Income": 13
    },
    "2020-03-31": {
        "Diluted EPS": 1.31,
        "Total Revenue": 314,
        "Gross Profit": 79,
        "Operating Income": 24,
        "EBIT": 35,
        "Net Income": 16
    },
    "2019-12-31": {
        "Diluted EPS": 0.83,
        "Total Revenue": 300,
        "Gross Profit": 68,
        "Operating Income": 19,
        "EBIT": 28,
        "Net Income": 10
    },
    "2019-09-30": {
        "Diluted EPS": 1.47,
        "Total Revenue": 272,
        "Gross Profit": 69,
        "Operating Income": 24,
        "EBIT": 32,
        "Net Income": 17
    },
    "2019-06-30": {
        "Diluted EPS": 1.75,
        "Total Revenue": 285,
        "Gross Profit": 73,
        "Operating Income": 29,
        "EBIT": 36,
        "Net Income": 21
    },
    "2019-03-31": {
        "Diluted EPS": 1.3,
        "Total Revenue": 262,
        "Gross Profit": 63,
        "Operating Income": 23,
        "EBIT": 29,
        "Net Income": 15
    },
    "2018-12-31": {
        "Diluted EPS": 1.41,
        "Total Revenue": 256,
        "Gross Profit": 63,
        "Operating Income": 25,
        "EBIT": 31,
        "Net Income": 17
    },
    "2018-09-30": {
        "Diluted EPS": 2.0,
        "Total Revenue": 258,
        "Gross Profit": 67,
        "Operating Income": 28,
        "EBIT": 34,
        "Net Income": 24
    },
    "2018-06-30": {
        "Diluted EPS": 1.6,
        "Total Revenue": 257,
        "Gross Profit": 66,
        "Operating Income": 27,
        "EBIT": 32,
        "Net Income": 19
    },
    "2018-03-31": {
        "Diluted EPS": 1.24,
        "Total Revenue": 238,
        "Gross Profit": 60,
        "Operating Income": 21,
        "EBIT": 27,
        "Net Income": 15
    },
    "2017-12-31": {
        "Diluted EPS": 0.27,
        "Total Revenue": 243,
        "Gross Profit": 61,
        "Operating Income": 20,
        "EBIT": 26,
        "Net Income": 3
    },
    "2017-09-30": {
        "Diluted EPS": 1.42,
        "Total Revenue": 240,
        "Gross Profit": 65,
        "Operating Income": 28,
        "EBIT": 33,
        "Net Income": 17
    },
    "2017-06-30": {
        "Diluted EPS": 1.05,
        "Total Revenue": 213,
        "Gross Profit": 55,
        "Operating Income": 20,
        "EBIT": 25,
        "Net Income": 12
    },
    "2017-03-31": {
        "Diluted EPS": 1.05,
        "Total Revenue": 215,
        "Gross Profit": 54,
        "Operating Income": 20,
        "EBIT": 25,
        "Net Income": 12
    },
    "2016-12-31": {
        "Diluted EPS": 0.65,
        "Total Revenue": 206,
        "Gross Profit": 48,
        "Operating Income": 12,
        "EBIT": 17,
        "Net Income": 8
    },
    "2016-09-30": {
        "Diluted EPS": 1.14,
        "Total Revenue": 217,
        "Gross Profit": 55,
        "Operating Income": 21,
        "EBIT": 26,
        "Net Income": 13
    },
    "2016-06-30": {
        "Diluted EPS": 0.92,
        "Total Revenue": 211,
        "Gross Profit": 52,
        "Operating Income": 18,
        "EBIT": 23,
        "Net Income": 11
    },
    "2016-03-31": {
        "Diluted EPS": 0.75,
        "Total Revenue": 211,
        "Gross Profit": 50,
        "Operating Income": 16,
        "EBIT": 22,
        "Net Income": 9
    },
    "2015-12-31": {
        "Diluted EPS": 1.0,
        "Total Revenue": 224,
        "Gross Profit": 49,
        "Operating Income": 14,
        "EBIT": 20,
        "Net Income": 11
    },
    "2015-09-30": {
        "Diluted EPS": 1.28,
        "Total Revenue": 232,
        "Gross Profit": 58,
        "Operating Income": 24,
        "EBIT": 29,
        "Net Income": 15
    },
    "2015-06-30": {
        "Diluted EPS": 0.84,
        "Total Revenue": 216,
        "Gross Profit": 51,
        "Operating Income": 16,
        "EBIT": 24,
        "Net Income": 10
    },
    "2015-03-31": {
        "Diluted EPS": 0.64,
        "Total Revenue": 208,
        "Gross Profit": 46,
        "Operating Income": 12,
        "EBIT": 16,
        "Net Income": 7
    },
    "2014-12-31": {
        "Diluted EPS": 0.98,
        "Total Revenue": 224,
        "Gross Profit": 48,
        "Operating Income": 16,
        "EBIT": 20,
        "Net Income": 11
    },
    "2014-09-30": {
        "Diluted EPS": 1.1,
        "Total Revenue": 235,
        "Gross Profit": 55,
        "Operating Income": 22,
        "EBIT": 25,
        "Net Income": 13
    },
    "2014-06-30": {
        "Diluted EPS": 0.75,
        "Total Revenue": 208,
        "Gross Profit": 47,
        "Operating Income": 15,
        "EBIT": 17,
        "Net Income": 9
    },
    "2014-03-31": {
        "Diluted EPS": 0.59,
        "Total Revenue": 173,
        "Gross Profit": 38,
        "Operating Income": 11,
        "EBIT": 13,
        "Net Income": 7
    },
    "2013-12-31": {
        "Diluted EPS": 0.49,
        "Total Revenue": 171,
        "Gross Profit": 36,
        "Operating Income": 8,
        "EBIT": 10,
        "Net Income": 6
    },
    "2013-09-30": {
        "Diluted EPS": 0.93,
        "Total Revenue": 175,
        "Gross Profit": 43,
        "Operating Income": 15,
        "EBIT": 18,
        "Net Income": 11
    },
    "2013-06-30": {
        "Diluted EPS": 0.97,
        "Total Revenue": 178,
        "Gross Profit": 44,
        "Operating Income": 18,
        "EBIT": 20,
        "Net Income": 12
    },
    "2013-03-31": {
        "Diluted EPS": 0.57,
        "Total Revenue": 158,
        "Gross Profit": 35,
        "Operating Income": 10,
        "EBIT": 12,
        "Net Income": 7
    },
    "2012-12-31": {
        "Diluted EPS": 0.36,
        "Total Revenue": 154,
        "Gross Profit": 32,
        "Operating Income": 7,
        "EBIT": 10,
        "Net Income": 4
    },
    "2012-09-30": {
        "Diluted EPS": 0.71,
        "Total Revenue": 156,
        "Gross Profit": 37,
        "Operating Income": 13,
        "EBIT": 16,
        "Net Income": 9
    },
    "2012-06-30": {
        "Diluted EPS": 0.77,
        "Total Revenue": 167,
        "Gross Profit": 39,
        "Operating Income": 14,
        "EBIT": 17,
        "Net Income": 9
    },
    "2012-03-31": {
        "Diluted EPS": 0.56,
        "Total Revenue": 156,
        "Gross Profit": 35,
        "Operating Income": 11,
        "EBIT": 14,
        "Net Income": 7
    },
    "2011-12-31": {
        "Diluted EPS": 0.68,
        "Total Revenue": 147,
        "Gross Profit": 29,
        "Operating Income": 12,
        "EBIT": 16,
        "Net Income": 8
    },
    "2011-09-30": {
        "Diluted EPS": 0.84,
        "Total Revenue": 155,
        "Gross Profit": 37,
        "Operating Income": 14,
        "EBIT": 17,
        "Net Income": 10
    },
    "2011-06-30": {
        "Diluted EPS": 0.74,
        "Total Revenue": 161,
        "Gross Profit": 37,
        "Operating Income": 14,
        "EBIT": 16,
        "Net Income": 9
    },
    "2011-03-31": {
        "Diluted EPS": 0.47,
        "Total Revenue": 141,
        "Gross Profit": 32,
        "Operating Income": 9,
        "EBIT": 12,
        "Net Income": 6
    },
    "2010-12-31": {
        "Diluted EPS": 0.35,
        "Total Revenue": 133,
        "Gross Profit": 28,
        "Operating Income": 6,
        "EBIT": 9,
        "Net Income": 4
    },
    "2010-09-30": {
        "Diluted EPS": 0.68,
        "Total Revenue": 137,
        "Gross Profit": 32,
        "Operating Income": 11,
        "EBIT": 14,
        "Net Income": 8
    },
    "2010-06-30": {
        "Diluted EPS": 0.41,
        "Total Revenue": 138,
        "Gross Profit": 29,
        "Operating Income": 7,
        "EBIT": 10,
        "Net Income": 5
    },
    "2010-03-31": {
        "Diluted EPS": 0.34,
        "Total Revenue": 131,
        "Gross Profit": 28,
        "Operating Income": 6,
        "EBIT": 9,
        "Net Income": 4
    },
    "2009-12-31": {
        "Diluted EPS": 0.89,
        "Total Revenue": 121,
        "Gross Profit": 23,
        "Operating Income": 18,
        "EBIT": 35,
        "Net Income": 10
    },
    "2009-09-30": {
        "Diluted EPS": 0.46,
        "Total Revenue": 110,
        "Gross Profit": 26,
        "Operating Income": 8,
        "EBIT": 10,
        "Net Income": 5
    },
    "2009-06-30": {
        "Diluted EPS": 0.3,
        "Total Revenue": 113,
        "Gross Profit": 24,
        "Operating Income": 5,
        "EBIT": 7,
        "Net Income": 3
    },
    "2009-03-31": {
        "Diluted EPS": 0.15,
        "Total Revenue": 110,
        "Gross Profit": 22,
        "Operating Income": 3,
        "EBIT": 5,
        "Net Income": 2
    },
    "2023-09-30": {
        "Tax Effect Of Unusual Items": NaN,
        "Tax Rate For Calcs": NaN,
        "Normalized EBITDA": NaN,
        "Net Income From Continuing Operation Net Minority Interest": NaN,
        "Reconciled Depreciation": NaN,
        "Reconciled Cost Of Revenue": NaN,
        "EBITDA": NaN,
        "EBIT": NaN,
        "Net Interest Income": NaN,
        "Interest Expense": NaN,
        "Interest Income": NaN,
        "Normalized Income": NaN,
        "Net Income From Continuing And Discontinued Operation": NaN,
        "Total Expenses": NaN,
        "Total Operating Income As Reported": NaN,
        "Diluted Average Shares": 11996000.0,
        "Basic Average Shares": 11928000.0,
        "Diluted EPS": 2.91,
        "Basic EPS": 2.93,
        "Diluted NI Availto Com Stockholders": NaN,
        "Net Income Common Stockholders": NaN,
        "Net Income": NaN,
        "Net Income Including Noncontrolling Interests": NaN,
        "Net Income Continuous Operations": NaN,
        "Tax Provision": NaN,
        "Pretax Income": NaN,
        "Other Income Expense": NaN,
        "Other Non Operating Income Expenses": NaN,
        "Net Non Operating Interest Income Expense": NaN,
        "Interest Expense Non Operating": NaN,
        "Interest Income Non Operating": NaN,
        "Operating Income": NaN,
        "Operating Expense": NaN,
        "Depreciation Amortization Depletion Income Statement": NaN,
        "Depreciation And Amortization In Income Statement": NaN,
        "Amortization": NaN,
        "Amortization Of Intangibles Income Statement": NaN,
        "Selling General And Administration": NaN,
        "Gross Profit": NaN,
        "Cost Of Revenue": NaN,
        "Total Revenue": NaN,
        "Operating Revenue": NaN
    },
    "2023-12-31": {
        "Tax Effect Of Unusual Items": 0.0,
        "Tax Rate For Calcs": 0.216586,
        "Normalized EBITDA": 59659000.0,
        "Net Income From Continuing Operation Net Minority Interest": 31523000.0,
        "Reconciled Depreciation": 12834000.0,
        "Reconciled Cost Of Revenue": 299842000.0,
        "EBITDA": 59659000.0,
        "EBIT": 46825000.0,
        "Net Interest Income": -6227000.0,
        "Interest Expense": 6587000.0,
        "Interest Income": 360000.0,
        "Normalized Income": 31523000.0,
        "Net Income From Continuing And Discontinued Operation": 31523000.0,
        "Total Expenses": 372744000.0,
        "Total Operating Income As Reported": 44798000.0,
        "Diluted Average Shares": NaN,
        "Basic Average Shares": NaN,
        "Diluted EPS": NaN,
        "Basic EPS": NaN,
        "Diluted NI Availto Com Stockholders": 31523000.0,
        "Net Income Common Stockholders": 31523000.0,
        "Net Income": 31523000.0,
        "Net Income Including Noncontrolling Interests": 31523000.0,
        "Net Income Continuous Operations": 31523000.0,
        "Tax Provision": 8715000.0,
        "Pretax Income": 40238000.0,
        "Other Income Expense": 1667000.0,
        "Other Non Operating Income Expenses": 1667000.0,
        "Net Non Operating Interest Income Expense": -6227000.0,
        "Interest Expense Non Operating": 6587000.0,
        "Interest Income Non Operating": 360000.0,
        "Operating Income": 44798000.0,
        "Operating Expense": 64122000.0,
        "Depreciation Amortization Depletion Income Statement": 4054000.0,
        "Depreciation And Amortization In Income Statement": 4054000.0,
        "Amortization": 4054000.0,
        "Amortization Of Intangibles Income Statement": 4054000.0,
        "Selling General And Administration": 60068000.0,
        "Gross Profit": 108920000.0,
        "Cost Of Revenue": 308622000.0,
        "Total Revenue": 417542000.0,
        "Operating Revenue": 417542000.0
    },
    "2024-03-31": {
        "Tax Effect Of Unusual Items": 0.0,
        "Tax Rate For Calcs": 0.23134,
        "Normalized EBITDA": 60872000.0,
        "Net Income From Continuing Operation Net Minority Interest": 32120000.0,
        "Reconciled Depreciation": 12994000.0,
        "Reconciled Cost Of Revenue": 305019000.0,
        "EBITDA": 60872000.0,
        "EBIT": 47878000.0,
        "Net Interest Income": -5290000.0,
        "Interest Expense": 6091000.0,
        "Interest Income": 801000.0,
        "Normalized Income": 32120000.0,
        "Net Income From Continuing And Discontinued Operation": 32120000.0,
        "Total Expenses": 378607000.0,
        "Total Operating Income As Reported": 46979000.0,
        "Diluted Average Shares": 12020000.0,
        "Basic Average Shares": 11944000.0,
        "Diluted EPS": 2.67,
        "Basic EPS": 2.69,
        "Diluted NI Availto Com Stockholders": 32120000.0,
        "Net Income Common Stockholders": 32120000.0,
        "Net Income": 32120000.0,
        "Net Income Including Noncontrolling Interests": 32120000.0,
        "Net Income Continuous Operations": 32120000.0,
        "Tax Provision": 9667000.0,
        "Pretax Income": 41787000.0,
        "Other Income Expense": 98000.0,
        "Other Non Operating Income Expenses": 98000.0,
        "Net Non Operating Interest Income Expense": -5290000.0,
        "Interest Expense Non Operating": 6091000.0,
        "Interest Income Non Operating": 801000.0,
        "Operating Income": 46979000.0,
        "Operating Expense": 64653000.0,
        "Depreciation Amortization Depletion Income Statement": 4059000.0,
        "Depreciation And Amortization In Income Statement": 4059000.0,
        "Amortization": 4059000.0,
        "Amortization Of Intangibles Income Statement": 4059000.0,
        "Selling General And Administration": 60594000.0,
        "Gross Profit": 111632000.0,
        "Cost Of Revenue": 313954000.0,
        "Total Revenue": 425586000.0,
        "Operating Revenue": 425586000.0
    },
    "2024-06-30": {
        "Tax Effect Of Unusual Items": 0.0,
        "Tax Rate For Calcs": 0.247902,
        "Normalized EBITDA": 56971000.0,
        "Net Income From Continuing Operation Net Minority Interest": 28324000.0,
        "Reconciled Depreciation": 13213000.0,
        "Reconciled Cost Of Revenue": 298964000.0,
        "EBITDA": 56971000.0,
        "EBIT": 43758000.0,
        "Net Interest Income": -5584000.0,
        "Interest Expense": 6098000.0,
        "Interest Income": 514000.0,
        "Normalized Income": 28324000.0,
        "Net Income From Continuing And Discontinued Operation": 28324000.0,
        "Total Expenses": 372994000.0,
        "Total Operating Income As Reported": 43309000.0,
        "Diluted Average Shares": 12044000.0,
        "Basic Average Shares": 11974000.0,
        "Diluted EPS": 2.35,
        "Basic EPS": 2.36,
        "Diluted NI Availto Com Stockholders": 28324000.0,
        "Net Income Common Stockholders": 28324000.0,
        "Net Income": 28324000.0,
        "Net Income Including Noncontrolling Interests": 28324000.0,
        "Net Income Continuous Operations": 28324000.0,
        "Tax Provision": 9336000.0,
        "Pretax Income": 37660000.0,
        "Other Income Expense": -65000.0,
        "Other Non Operating Income Expenses": -65000.0,
        "Net Non Operating Interest Income Expense": -5584000.0,
        "Interest Expense Non Operating": 6098000.0,
        "Interest Income Non Operating": 514000.0,
        "Operating Income": 43309000.0,
        "Operating Expense": 64872000.0,
        "Depreciation Amortization Depletion Income Statement": 4055000.0,
        "Depreciation And Amortization In Income Statement": 4055000.0,
        "Amortization": 4055000.0,
        "Amortization Of Intangibles Income Statement": 4055000.0,
        "Selling General And Administration": 60817000.0,
        "Gross Profit": 108181000.0,
        "Cost Of Revenue": 308122000.0,
        "Total Revenue": 416303000.0,
        "Operating Revenue": 416303000.0
    },
    "2024-09-30": {
        "Tax Effect Of Unusual Items": 0.0,
        "Tax Rate For Calcs": 0.23,
        "Normalized EBITDA": 53861000.0,
        "Net Income From Continuing Operation Net Minority Interest": 27405000.0,
        "Reconciled Depreciation": 13252000.0,
        "Reconciled Cost Of Revenue": 291223000.0,
        "EBITDA": 53861000.0,
        "EBIT": 40609000.0,
        "Net Interest Income": -4324000.0,
        "Interest Expense": 4886000.0,
        "Interest Income": 562000.0,
        "Normalized Income": 27405000.0,
        "Net Income From Continuing And Discontinued Operation": 27405000.0,
        "Total Expenses": 361222000.0,
        "Total Operating Income As Reported": 40079000.0,
        "Diluted Average Shares": 12041000.0,
        "Basic Average Shares": 11977000.0,
        "Diluted EPS": 2.28,
        "Basic EPS": 2.29,
        "Diluted NI Availto Com Stockholders": 27405000.0,
        "Net Income Common Stockholders": 27405000.0,
        "Net Income": 27405000.0,
        "Net Income Including Noncontrolling Interests": 27405000.0,
        "Net Income Continuous Operations": 27405000.0,
        "Tax Provision": 8318000.0,
        "Pretax Income": 35723000.0,
        "Other Income Expense": -32000.0,
        "Other Non Operating Income Expenses": -32000.0,
        "Net Non Operating Interest Income Expense": -4324000.0,
        "Interest Expense Non Operating": 4886000.0,
        "Interest Income Non Operating": 562000.0,
        "Operating Income": 40079000.0,
        "Operating Expense": 60808000.0,
        "Depreciation Amortization Depletion Income Statement": 4061000.0,
        "Depreciation And Amortization In Income Statement": 4061000.0,
        "Amortization": 4061000.0,
        "Amortization Of Intangibles Income Statement": 4061000.0,
        "Selling General And Administration": 56747000.0,
        "Gross Profit": 100887000.0,
        "Cost Of Revenue": 300414000.0,
        "Total Revenue": 401301000.0,
        "Operating Revenue": 401301000.0
    },
    "2024-12-31": {
        "Tax Effect Of Unusual Items": 0.0,
        "Tax Rate For Calcs": 0.185066,
        "Normalized EBITDA": 51556000.0,
        "Net Income From Continuing Operation Net Minority Interest": 28081000.0,
        "Reconciled Depreciation": 13625000.0,
        "Reconciled Cost Of Revenue": 283962000.0,
        "EBITDA": 51556000.0,
        "EBIT": 37931000.0,
        "Net Interest Income": -2713000.0,
        "Interest Expense": 3473000.0,
        "Interest Income": 760000.0,
        "Normalized Income": 28081000.0,
        "Net Income From Continuing And Discontinued Operation": 28081000.0,
        "Total Expenses": 350882000.0,
        "Total Operating Income As Reported": 34441000.0,
        "Diluted Average Shares": 12043000.0,
        "Basic Average Shares": 11979000.0,
        "Diluted EPS": 2.33,
        "Basic EPS": 2.35,
        "Diluted NI Availto Com Stockholders": 28081000.0,
        "Net Income Common Stockholders": 28081000.0,
        "Net Income": 28081000.0,
        "Net Income Including Noncontrolling Interests": 28081000.0,
        "Net Income Continuous Operations": 28081000.0,
        "Tax Provision": 6377000.0,
        "Pretax Income": 34458000.0,
        "Other Income Expense": 2730000.0,
        "Other Non Operating Income Expenses": 2730000.0,
        "Net Non Operating Interest Income Expense": -2713000.0,
        "Interest Expense Non Operating": 3473000.0,
        "Interest Income Non Operating": 760000.0,
        "Operating Income": 34441000.0,
        "Operating Expense": 57347000.0,
        "Depreciation Amortization Depletion Income Statement": 4052000.0,
        "Depreciation And Amortization In Income Statement": 4052000.0,
        "Amortization": 4052000.0,
        "Amortization Of Intangibles Income Statement": 4052000.0,
        "Selling General And Administration": 53295000.0,
        "Gross Profit": 91788000.0,
        "Cost Of Revenue": 293535000.0,
        "Total Revenue": 385323000.0,
        "Operating Revenue": 385323000.0
    },
    "2025-03-31": {
        "Tax Effect Of Unusual Items": 0.0,
        "Tax Rate For Calcs": 0.24,
        "Normalized EBITDA": 58531000.0,
        "Net Income From Continuing Operation Net Minority Interest": 31800000.0,
        "Reconciled Depreciation": 13494000.0,
        "Reconciled Cost Of Revenue": 278664000.0,
        "EBITDA": 58531000.0,
        "EBIT": 45037000.0,
        "Net Interest Income": -1956000.0,
        "Interest Expense": 3194000.0,
        "Interest Income": 1238000.0,
        "Normalized Income": 31800000.0,
        "Net Income From Continuing And Discontinued Operation": 31800000.0,
        "Total Expenses": 346488000.0,
        "Total Operating Income As Reported": 44462000.0,
        "Diluted Average Shares": 12048000.0,
        "Basic Average Shares": 11990000.0,
        "Diluted EPS": 2.64,
        "Basic EPS": 2.65,
        "Diluted NI Availto Com Stockholders": 31800000.0,
        "Net Income Common Stockholders": 31800000.0,
        "Net Income": 31800000.0,
        "Net Income Including Noncontrolling Interests": 31800000.0,
        "Net Income Continuous Operations": 31800000.0,
        "Tax Provision": 10043000.0,
        "Pretax Income": 41843000.0,
        "Other Income Expense": -663000.0,
        "Other Non Operating Income Expenses": -663000.0,
        "Net Non Operating Interest Income Expense": -1956000.0,
        "Interest Expense Non Operating": 3194000.0,
        "Interest Income Non Operating": 1238000.0,
        "Operating Income": 44462000.0,
        "Operating Expense": 58379000.0,
        "Depreciation Amortization Depletion Income Statement": 4049000.0,
        "Depreciation And Amortization In Income Statement": 4049000.0,
        "Amortization": 4049000.0,
        "Amortization Of Intangibles Income Statement": 4049000.0,
        "Selling General And Administration": 54330000.0,
        "Gross Profit": 102841000.0,
        "Cost Of Revenue": 288109000.0,
        "Total Revenue": 390950000.0,
        "Operating Revenue": 390950000.0
    },
    "2025-06-30": {
        "Tax Effect Of Unusual Items": 0.0,
        "Tax Rate For Calcs": 0.248756,
        "Normalized EBITDA": 58940000.0,
        "Net Income From Continuing Operation Net Minority Interest": 31106000.0,
        "Reconciled Depreciation": 13850000.0,
        "Reconciled Cost Of Revenue": 301009000.0,
        "EBITDA": 58940000.0,
        "EBIT": 45090000.0,
        "Net Interest Income": -2489000.0,
        "Interest Expense": 3684000.0,
        "Interest Income": 1195000.0,
        "Normalized Income": 31106000.0,
        "Net Income From Continuing And Discontinued Operation": 31106000.0,
        "Total Expenses": 371995000.0,
        "Total Operating Income As Reported": 47078000.0,
        "Diluted Average Shares": 12083000.0,
        "Basic Average Shares": 12020000.0,
        "Diluted EPS": 2.57,
        "Basic EPS": 2.59,
        "Diluted NI Availto Com Stockholders": 31106000.0,
        "Net Income Common Stockholders": 31106000.0,
        "Net Income": 31106000.0,
        "Net Income Including Noncontrolling Interests": 31106000.0,
        "Net Income Continuous Operations": 31106000.0,
        "Tax Provision": 10300000.0,
        "Pretax Income": 41406000.0,
        "Other Income Expense": -3183000.0,
        "Other Non Operating Income Expenses": -3183000.0,
        "Net Non Operating Interest Income Expense": -2489000.0,
        "Interest Expense Non Operating": 3684000.0,
        "Interest Income Non Operating": 1195000.0,
        "Operating Income": 47078000.0,
        "Operating Expense": 61214000.0,
        "Depreciation Amortization Depletion Income Statement": 4078000.0,
        "Depreciation And Amortization In Income Statement": 4078000.0,
        "Amortization": 4078000.0,
        "Amortization Of Intangibles Income Statement": 4078000.0,
        "Selling General And Administration": 57136000.0,
        "Gross Profit": 108292000.0,
        "Cost Of Revenue": 310781000.0,
        "Total Revenue": 419073000.0,
        "Operating Revenue": 419073000.0
    }
}