{
    "2023-03-31": {
        "Tax Effect Of Unusual Items": NaN,
        "Tax Rate For Calcs": NaN,
        "Normalized EBITDA": NaN,
        "Total Unusual Items": 5954000.0,
        "Total Unusual Items Excluding Goodwill": 5954000.0,
        "Net Income From Continuing Operation Net Minority Interest": NaN,
        "Reconciled Depreciation": NaN,
        "Reconciled Cost Of Revenue": NaN,
        "EBITDA": NaN,
        "EBIT": NaN,
        "Net Interest Income": NaN,
        "Interest Expense": NaN,
        "Interest Income": NaN,
        "Normalized Income": NaN,
        "Net Income From Continuing And Discontinued Operation": NaN,
        "Total Expenses": NaN,
        "Total Operating Income As Reported": NaN,
        "Diluted Average Shares": NaN,
        "Basic Average Shares": NaN,
        "Diluted EPS": NaN,
        "Basic EPS": NaN,
        "Diluted NI Availto Com Stockholders": NaN,
        "Net Income Common Stockholders": NaN,
        "Net Income": NaN,
        "Minority Interests": NaN,
        "Net Income Including Noncontrolling Interests": NaN,
        "Net Income Continuous Operations": NaN,
        "Tax Provision": NaN,
        "Pretax Income": NaN,
        "Other Income Expense": NaN,
        "Other Non Operating Income Expenses": NaN,
        "Special Income Charges": 100000.0,
        "Restructuring And Mergern Acquisition": -100000.0,
        "Earnings From Equity Interest": -703000.0,
        "Gain On Sale Of Security": 5854000.0,
        "Net Non Operating Interest Income Expense": NaN,
        "Interest Expense Non Operating": NaN,
        "Interest Income Non Operating": NaN,
        "Operating Income": NaN,
        "Operating Expense": NaN,
        "Research And Development": NaN,
        "Selling General And Administration": NaN,
        "Gross Profit": NaN,
        "Cost Of Revenue": NaN,
        "Total Revenue": NaN,
        "Operating Revenue": NaN
    },
    "2022-12-31": {
        "Tax Effect Of Unusual Items": NaN,
        "Tax Rate For Calcs": NaN,
        "Normalized EBITDA": NaN,
        "Total Unusual Items": 407000.0,
        "Total Unusual Items Excluding Goodwill": 407000.0,
        "Net Income From Continuing Operation Net Minority Interest": NaN,
        "Reconciled Depreciation": NaN,
        "Reconciled Cost Of Revenue": NaN,
        "EBITDA": NaN,
        "EBIT": NaN,
        "Net Interest Income": NaN,
        "Interest Expense": NaN,
        "Interest Income": NaN,
        "Normalized Income": NaN,
        "Net Income From Continuing And Discontinued Operation": NaN,
        "Total Expenses": NaN,
        "Total Operating Income As Reported": NaN,
        "Diluted Average Shares": NaN,
        "Basic Average Shares": NaN,
        "Diluted EPS": NaN,
        "Basic EPS": NaN,
        "Diluted NI Availto Com Stockholders": NaN,
        "Net Income Common Stockholders": NaN,
        "Net Income": NaN,
        "Minority Interests": NaN,
        "Net Income Including Noncontrolling Interests": NaN,
        "Net Income Continuous Operations": NaN,
        "Tax Provision": NaN,
        "Pretax Income": NaN,
        "Other Income Expense": NaN,
        "Other Non Operating Income Expenses": NaN,
        "Special Income Charges": 0.0,
        "Restructuring And Mergern Acquisition": 0.0,
        "Earnings From Equity Interest": 2190000.0,
        "Gain On Sale Of Security": 407000.0,
        "Net Non Operating Interest Income Expense": NaN,
        "Interest Expense Non Operating": NaN,
        "Interest Income Non Operating": NaN,
        "Operating Income": NaN,
        "Operating Expense": NaN,
        "Research And Development": NaN,
        "Selling General And Administration": NaN,
        "Gross Profit": NaN,
        "Cost Of Revenue": NaN,
        "Total Revenue": NaN,
        "Operating Revenue": NaN
    },
    "2022-09-30": {
        "Tax Effect Of Unusual Items": NaN,
        "Tax Rate For Calcs": NaN,
        "Normalized EBITDA": NaN,
        "Total Unusual Items": 2766000.0,
        "Total Unusual Items Excluding Goodwill": 2766000.0,
        "Net Income From Continuing Operation Net Minority Interest": NaN,
        "Reconciled Depreciation": NaN,
        "Reconciled Cost Of Revenue": NaN,
        "EBITDA": NaN,
        "EBIT": NaN,
        "Net Interest Income": NaN,
        "Interest Expense": NaN,
        "Interest Income": NaN,
        "Normalized Income": NaN,
        "Net Income From Continuing And Discontinued Operation": NaN,
        "Total Expenses": NaN,
        "Total Operating Income As Reported": NaN,
        "Diluted Average Shares": NaN,
        "Basic Average Shares": NaN,
        "Diluted EPS": NaN,
        "Basic EPS": NaN,
        "Diluted NI Availto Com Stockholders": NaN,
        "Net Income Common Stockholders": NaN,
        "Net Income": NaN,
        "Minority Interests": NaN,
        "Net Income Including Noncontrolling Interests": NaN,
        "Net Income Continuous Operations": NaN,
        "Tax Provision": NaN,
        "Pretax Income": NaN,
        "Other Income Expense": NaN,
        "Other Non Operating Income Expenses": NaN,
        "Special Income Charges": 2500000.0,
        "Restructuring And Mergern Acquisition": -2500000.0,
        "Earnings From Equity Interest": -1029000.0,
        "Gain On Sale Of Security": 266000.0,
        "Net Non Operating Interest Income Expense": NaN,
        "Interest Expense Non Operating": NaN,
        "Interest Income Non Operating": NaN,
        "Operating Income": NaN,
        "Operating Expense": NaN,
        "Research And Development": NaN,
        "Selling General And Administration": NaN,
        "Gross Profit": NaN,
        "Cost Of Revenue": NaN,
        "Total Revenue": NaN,
        "Operating Revenue": NaN
    },
    "2022-06-30": {
        "Tax Effect Of Unusual Items": 339840.0,
        "Tax Rate For Calcs": 0.16,
        "Normalized EBITDA": 22162000.0,
        "Total Unusual Items": 2124000.0,
        "Total Unusual Items Excluding Goodwill": 2124000.0,
        "Net Income From Continuing Operation Net Minority Interest": 10247000.0,
        "Reconciled Depreciation": 11918000.0,
        "Reconciled Cost Of Revenue": 99379000.0,
        "EBITDA": 24286000.0,
        "EBIT": 12368000.0,
        "Net Interest Income": -120000.0,
        "Interest Expense": 120000.0,
        "Interest Income": NaN,
        "Normalized Income": 8462840.0,
        "Net Income From Continuing And Discontinued Operation": 10247000.0,
        "Total Expenses": 203216000.0,
        "Total Operating Income As Reported": 14737000.0,
        "Diluted Average Shares": 192406276.0,
        "Basic Average Shares": 190638135.0,
        "Diluted EPS": 0.053257,
        "Basic EPS": 0.053751,
        "Diluted NI Availto Com Stockholders": 10247000.0,
        "Net Income Common Stockholders": 10247000.0,
        "Net Income": 10247000.0,
        "Minority Interests": -36000.0,
        "Net Income Including Noncontrolling Interests": 10283000.0,
        "Net Income Continuous Operations": 10283000.0,
        "Tax Provision": 1965000.0,
        "Pretax Income": 12248000.0,
        "Other Income Expense": -2169000.0,
        "Other Non Operating Income Expenses": -3429000.0,
        "Special Income Charges": 200000.0,
        "Restructuring And Mergern Acquisition": -200000.0,
        "Earnings From Equity Interest": -864000.0,
        "Gain On Sale Of Security": 1924000.0,
        "Net Non Operating Interest Income Expense": -120000.0,
        "Total Other Finance Cost": NaN,
        "Interest Expense Non Operating": 120000.0,
        "Interest Income Non Operating": NaN,
        "Operating Income": 14537000.0,
        "Operating Expense": 103837000.0,
        "Research And Development": 33857000.0,
        "Selling General And Administration": 69980000.0,
        "Gross Profit": 118374000.0,
        "Cost Of Revenue": 99379000.0,
        "Total Revenue": 217753000.0,
        "Operating Revenue": 217753000.0
    },
    "2023-06-30": {
        "Tax Effect Of Unusual Items": 0.0,
        "Tax Rate For Calcs": 0.106,
        "Normalized EBITDA": 83146000.0,
        "Total Unusual Items": NaN,
        "Total Unusual Items Excluding Goodwill": NaN,
        "Net Income From Continuing Operation Net Minority Interest": 60850000.0,
        "Reconciled Depreciation": 14273000.0,
        "Reconciled Cost Of Revenue": 120343000.0,
        "EBITDA": 83146000.0,
        "EBIT": 68873000.0,
        "Net Interest Income": 74000.0,
        "Interest Expense": 769000.0,
        "Interest Income": 843000.0,
        "Normalized Income": 60850000.0,
        "Net Income From Continuing And Discontinued Operation": 60850000.0,
        "Total Expenses": 207547000.0,
        "Total Operating Income As Reported": 70746000.0,
        "Diluted Average Shares": 194991906.0,
        "Basic Average Shares": 191997330.0,
        "Diluted EPS": 0.31,
        "Basic EPS": 0.32,
        "Diluted NI Availto Com Stockholders": 60850000.0,
        "Net Income Common Stockholders": 60850000.0,
        "Net Income": 60850000.0,
        "Minority Interests": -39000.0,
        "Net Income Including Noncontrolling Interests": 60889000.0,
        "Net Income Continuous Operations": 60889000.0,
        "Tax Provision": 7215000.0,
        "Pretax Income": 68104000.0,
        "Other Income Expense": -2716000.0,
        "Other Non Operating Income Expenses": -2716000.0,
        "Special Income Charges": NaN,
        "Restructuring And Mergern Acquisition": NaN,
        "Earnings From Equity Interest": NaN,
        "Gain On Sale Of Security": NaN,
        "Net Non Operating Interest Income Expense": 74000.0,
        "Interest Expense Non Operating": 769000.0,
        "Interest Income Non Operating": 843000.0,
        "Operating Income": 70746000.0,
        "Operating Expense": 87204000.0,
        "Research And Development": 42975000.0,
        "Selling General And Administration": 44229000.0,
        "Gross Profit": 157950000.0,
        "Cost Of Revenue": 120343000.0,
        "Total Revenue": 278293000.0,
        "Operating Revenue": 278293000.0
    },
    "2022-03-31": {
        "Diluted EPS": 0.14,
        "Total Revenue": 200,
        "Gross Profit": 110,
        "Operating Income": 30,
        "EBIT": 42,
        "Net Income": 26
    },
    "2021-12-31": {
        "Diluted EPS": 0.17,
        "Total Revenue": 187,
        "Gross Profit": 101,
        "Operating Income": 36,
        "EBIT": 48,
        "Net Income": 33
    },
    "2021-09-30": {
        "Diluted EPS": 0.17,
        "Total Revenue": 194,
        "Gross Profit": 103,
        "Operating Income": 39,
        "EBIT": 51,
        "Net Income": 33
    },
    "2021-06-30": {
        "Diluted EPS": 0.14,
        "Total Revenue": 188,
        "Gross Profit": 94,
        "Operating Income": 32,
        "EBIT": 44,
        "Net Income": 28
    },
    "2021-03-31": {
        "Diluted EPS": -1.3,
        "Total Revenue": 175,
        "Gross Profit": 87,
        "Operating Income": 19,
        "EBIT": 32,
        "Net Income": 9
    },
    "2020-12-31": {
        "Diluted EPS": -0.04,
        "Total Revenue": 164,
        "Gross Profit": 74,
        "Operating Income": -24,
        "EBIT": -12,
        "Net Income": -5
    },
    "2020-09-30": {
        "Diluted EPS": 0.96,
        "Total Revenue": 137,
        "Gross Profit": 62,
        "Operating Income": 12,
        "EBIT": 25,
        "Net Income": 10
    },
    "2020-06-30": {
        "Diluted EPS": 0.48,
        "Total Revenue": 115,
        "Gross Profit": 56,
        "Operating Income": 5,
        "EBIT": 16,
        "Net Income": 5
    },
    "2020-03-31": {
        "Diluted EPS": 0.0,
        "Total Revenue": NaN,
        "Gross Profit": NaN,
        "Operating Income": NaN,
        "EBIT": NaN,
        "Net Income": NaN
    },
    "2019-12-31": {
        "Diluted EPS": 0.89,
        "Total Revenue": 160,
        "Gross Profit": 62,
        "Operating Income": 11,
        "EBIT": 27,
        "Net Income": 9
    },
    "2019-09-30": {
        "Diluted EPS": 1.16,
        "Total Revenue": 163,
        "Gross Profit": 69,
        "Operating Income": 15,
        "EBIT": 15,
        "Net Income": 12
    },
    "2023-09-30": {
        "Tax Effect Of Unusual Items": 0.0,
        "Tax Rate For Calcs": 0.101,
        "Normalized EBITDA": 88909000.0,
        "Total Unusual Items": NaN,
        "Total Unusual Items Excluding Goodwill": NaN,
        "Net Income From Continuing Operation Net Minority Interest": 65617000.0,
        "Reconciled Depreciation": 15080000.0,
        "Reconciled Cost Of Revenue": 116006000.0,
        "EBITDA": 88909000.0,
        "EBIT": 73829000.0,
        "Net Interest Income": 92000.0,
        "Interest Expense": 758000.0,
        "Interest Income": 850000.0,
        "Normalized Income": 65617000.0,
        "Net Income From Continuing And Discontinued Operation": 65617000.0,
        "Total Expenses": 202594000.0,
        "Total Operating Income As Reported": 72915000.0,
        "Diluted Average Shares": 195100855.0,
        "Basic Average Shares": 192431094.0,
        "Diluted EPS": 0.34,
        "Basic EPS": 0.34,
        "Diluted NI Availto Com Stockholders": 65617000.0,
        "Net Income Common Stockholders": 65617000.0,
        "Net Income": 65617000.0,
        "Minority Interests": -54000.0,
        "Net Income Including Noncontrolling Interests": 65671000.0,
        "Net Income Continuous Operations": 65671000.0,
        "Tax Provision": 7400000.0,
        "Pretax Income": 73071000.0,
        "Other Income Expense": 64000.0,
        "Other Non Operating Income Expenses": 64000.0,
        "Gain On Sale Of Security": NaN,
        "Net Non Operating Interest Income Expense": 92000.0,
        "Interest Expense Non Operating": 758000.0,
        "Interest Income Non Operating": 850000.0,
        "Operating Income": 72915000.0,
        "Operating Expense": 86588000.0,
        "Research And Development": 43428000.0,
        "Selling General And Administration": 43160000.0,
        "Gross Profit": 159503000.0,
        "Cost Of Revenue": 116006000.0,
        "Total Revenue": 275509000.0,
        "Operating Revenue": 275509000.0
    },
    "2023-12-31": {
        "Tax Effect Of Unusual Items": 0.0,
        "Tax Rate For Calcs": 0.082,
        "Normalized EBITDA": 60420000.0,
        "Total Unusual Items": NaN,
        "Total Unusual Items Excluding Goodwill": NaN,
        "Net Income From Continuing Operation Net Minority Interest": 33345000.0,
        "Reconciled Depreciation": 20195000.0,
        "Reconciled Cost Of Revenue": 121156000.0,
        "EBITDA": 60420000.0,
        "EBIT": 40225000.0,
        "Net Interest Income": -2997000.0,
        "Interest Expense": 3854000.0,
        "Interest Income": 857000.0,
        "Normalized Income": NaN,
        "Net Income From Continuing And Discontinued Operation": 33345000.0,
        "Total Expenses": 218298000.0,
        "Total Operating Income As Reported": 36686000.0,
        "Diluted Average Shares": 194570380.0,
        "Basic Average Shares": 192724541.0,
        "Diluted EPS": 0.17,
        "Basic EPS": 0.17,
        "Diluted NI Availto Com Stockholders": 33345000.0,
        "Net Income Common Stockholders": 33345000.0,
        "Net Income": 33345000.0,
        "Minority Interests": -57000.0,
        "Net Income Including Noncontrolling Interests": 33402000.0,
        "Net Income Continuous Operations": 33402000.0,
        "Tax Provision": 2969000.0,
        "Pretax Income": 36371000.0,
        "Other Income Expense": 2682000.0,
        "Other Non Operating Income Expenses": 2682000.0,
        "Gain On Sale Of Security": NaN,
        "Net Non Operating Interest Income Expense": -2997000.0,
        "Interest Expense Non Operating": 3854000.0,
        "Interest Income Non Operating": 857000.0,
        "Operating Income": 36686000.0,
        "Operating Expense": 97142000.0,
        "Research And Development": 44396000.0,
        "Selling General And Administration": 52746000.0,
        "Gross Profit": 133828000.0,
        "Cost Of Revenue": 121156000.0,
        "Total Revenue": 254984000.0,
        "Operating Revenue": 254984000.0
    },
    "2024-03-31": {
        "Tax Effect Of Unusual Items": 0.0,
        "Tax Rate For Calcs": 0.21,
        "Normalized EBITDA": 44467000.0,
        "Total Unusual Items": NaN,
        "Total Unusual Items Excluding Goodwill": NaN,
        "Net Income From Continuing Operation Net Minority Interest": -7115000.0,
        "Reconciled Depreciation": 21834000.0,
        "Reconciled Cost Of Revenue": 117333000.0,
        "EBITDA": 44467000.0,
        "EBIT": 22633000.0,
        "Net Interest Income": -4788000.0,
        "Interest Expense": 5382000.0,
        "Interest Income": 594000.0,
        "Normalized Income": -7115000.0,
        "Net Income From Continuing And Discontinued Operation": -7115000.0,
        "Total Expenses": 211466000.0,
        "Total Operating Income As Reported": 15897000.0,
        "Diluted Average Shares": 194487307.0,
        "Basic Average Shares": 193139519.0,
        "Diluted EPS": -0.04,
        "Basic EPS": -0.04,
        "Diluted NI Availto Com Stockholders": -7115000.0,
        "Net Income Common Stockholders": -7115000.0,
        "Net Income": -7115000.0,
        "Minority Interests": -41000.0,
        "Net Income Including Noncontrolling Interests": -7074000.0,
        "Net Income Continuous Operations": -7074000.0,
        "Tax Provision": 24325000.0,
        "Pretax Income": 17251000.0,
        "Other Income Expense": -7076000.0,
        "Other Non Operating Income Expenses": 1616000.0,
        "Gain On Sale Of Security": NaN,
        "Net Non Operating Interest Income Expense": -4788000.0,
        "Interest Expense Non Operating": 5382000.0,
        "Interest Income Non Operating": 594000.0,
        "Operating Income": 29115000.0,
        "Operating Expense": 94133000.0,
        "Research And Development": 45839000.0,
        "Selling General And Administration": 48294000.0,
        "Gross Profit": 123248000.0,
        "Cost Of Revenue": 117333000.0,
        "Total Revenue": 240581000.0,
        "Operating Revenue": 240581000.0
    },
    "2024-06-30": {
        "Tax Effect Of Unusual Items": 0.0,
        "Tax Rate For Calcs": 0.21,
        "Normalized EBITDA": 5262000.0,
        "Total Unusual Items": NaN,
        "Total Unusual Items Excluding Goodwill": NaN,
        "Net Income From Continuing Operation Net Minority Interest": -17675000.0,
        "Reconciled Depreciation": 16458000.0,
        "Reconciled Cost Of Revenue": 92148000.0,
        "EBITDA": 5262000.0,
        "EBIT": -11196000.0,
        "Net Interest Income": -4883000.0,
        "Interest Expense": 5377000.0,
        "Interest Income": 494000.0,
        "Normalized Income": -17675000.0,
        "Net Income From Continuing And Discontinued Operation": -17675000.0,
        "Total Expenses": 177549000.0,
        "Total Operating Income As Reported": -10630000.0,
        "Diluted Average Shares": 193465708.0,
        "Basic Average Shares": 193465708.0,
        "Diluted EPS": -0.09,
        "Basic EPS": -0.09,
        "Diluted NI Availto Com Stockholders": -17675000.0,
        "Net Income Common Stockholders": -17675000.0,
        "Net Income": -17675000.0,
        "Minority Interests": -62000.0,
        "Net Income Including Noncontrolling Interests": -17613000.0,
        "Net Income Continuous Operations": -17613000.0,
        "Tax Provision": 1040000.0,
        "Pretax Income": -16573000.0,
        "Other Income Expense": -1060000.0,
        "Other Non Operating Income Expenses": -1060000.0,
        "Gain On Sale Of Security": NaN,
        "Net Non Operating Interest Income Expense": -4883000.0,
        "Interest Expense Non Operating": 5377000.0,
        "Interest Income Non Operating": 494000.0,
        "Operating Income": -10630000.0,
        "Operating Expense": 85401000.0,
        "Research And Development": 45204000.0,
        "Selling General And Administration": 40197000.0,
        "Gross Profit": 74771000.0,
        "Cost Of Revenue": 92148000.0,
        "Total Revenue": 166919000.0,
        "Operating Revenue": 166919000.0
    },
    "2024-09-30": {
        "Tax Effect Of Unusual Items": -7645440.0,
        "Tax Rate For Calcs": 0.22,
        "Normalized EBITDA": 18019000.0,
        "Total Unusual Items": -34752000.0,
        "Total Unusual Items Excluding Goodwill": -34752000.0,
        "Net Income From Continuing Operation Net Minority Interest": -33675000.0,
        "Reconciled Depreciation": 15997000.0,
        "Reconciled Cost Of Revenue": 101729000.0,
        "EBITDA": -16733000.0,
        "EBIT": -32730000.0,
        "Net Interest Income": -9933000.0,
        "Interest Expense": 10353000.0,
        "Interest Income": 420000.0,
        "Normalized Income": -6568440.0,
        "Net Income From Continuing And Discontinued Operation": -33675000.0,
        "Total Expenses": 183324000.0,
        "Total Operating Income As Reported": 4067000.0,
        "Diluted Average Shares": 189182850.0,
        "Basic Average Shares": 189182850.0,
        "Diluted EPS": -0.18,
        "Basic EPS": -0.18,
        "Diluted NI Availto Com Stockholders": -33675000.0,
        "Net Income Common Stockholders": -33675000.0,
        "Net Income": -33675000.0,
        "Minority Interests": -62000.0,
        "Net Income Including Noncontrolling Interests": -33613000.0,
        "Net Income Continuous Operations": -33613000.0,
        "Tax Provision": -9470000.0,
        "Pretax Income": -43083000.0,
        "Other Income Expense": -37217000.0,
        "Other Non Operating Income Expenses": -2465000.0,
        "Gain On Sale Of Security": -34752000.0,
        "Net Non Operating Interest Income Expense": -9933000.0,
        "Interest Expense Non Operating": 10353000.0,
        "Interest Income Non Operating": 420000.0,
        "Operating Income": 4067000.0,
        "Operating Expense": 81595000.0,
        "Research And Development": 43510000.0,
        "Selling General And Administration": 38085000.0,
        "Gross Profit": 85662000.0,
        "Cost Of Revenue": 101729000.0,
        "Total Revenue": 187391000.0,
        "Operating Revenue": 187391000.0
    },
    "2024-12-31": {
        "Tax Effect Of Unusual Items": 0.0,
        "Tax Rate For Calcs": 0.106,
        "Normalized EBITDA": 16283000.0,
        "Total Unusual Items": NaN,
        "Total Unusual Items Excluding Goodwill": NaN,
        "Net Income From Continuing Operation Net Minority Interest": -6860000.0,
        "Reconciled Depreciation": 16123000.0,
        "Reconciled Cost Of Revenue": 96657000.0,
        "EBITDA": 16283000.0,
        "EBIT": 160000.0,
        "Net Interest Income": -7374000.0,
        "Interest Expense": 7762000.0,
        "Interest Income": 388000.0,
        "Normalized Income": -6860000.0,
        "Net Income From Continuing And Discontinued Operation": -6860000.0,
        "Total Expenses": 177913000.0,
        "Total Operating Income As Reported": -41000.0,
        "Diluted Average Shares": 184011189.0,
        "Basic Average Shares": 184011189.0,
        "Diluted EPS": -0.04,
        "Basic EPS": -0.04,
        "Diluted NI Availto Com Stockholders": -6860000.0,
        "Net Income Common Stockholders": -6860000.0,
        "Net Income": -6860000.0,
        "Minority Interests": -61000.0,
        "Net Income Including Noncontrolling Interests": -6799000.0,
        "Net Income Continuous Operations": -6799000.0,
        "Tax Provision": -803000.0,
        "Pretax Income": -7602000.0,
        "Other Income Expense": -187000.0,
        "Other Non Operating Income Expenses": -187000.0,
        "Gain On Sale Of Security": NaN,
        "Net Non Operating Interest Income Expense": -7374000.0,
        "Interest Expense Non Operating": 7762000.0,
        "Interest Income Non Operating": 388000.0,
        "Operating Income": -41000.0,
        "Operating Expense": 81256000.0,
        "Research And Development": 43317000.0,
        "Selling General And Administration": 37939000.0,
        "Gross Profit": 81215000.0,
        "Cost Of Revenue": 96657000.0,
        "Total Revenue": 177872000.0,
        "Operating Revenue": 177872000.0
    },
    "2025-03-31": {
        "Tax Effect Of Unusual Items": NaN,
        "Tax Rate For Calcs": NaN,
        "Normalized EBITDA": NaN,
        "Total Unusual Items": NaN,
        "Total Unusual Items Excluding Goodwill": NaN,
        "Net Income From Continuing Operation Net Minority Interest": NaN,
        "Reconciled Depreciation": NaN,
        "Reconciled Cost Of Revenue": NaN,
        "EBITDA": NaN,
        "EBIT": NaN,
        "Net Interest Income": NaN,
        "Interest Expense": NaN,
        "Interest Income": NaN,
        "Normalized Income": -13063860.722421,
        "Net Income From Continuing And Discontinued Operation": NaN,
        "Total Expenses": NaN,
        "Total Operating Income As Reported": NaN,
        "Diluted Average Shares": NaN,
        "Basic Average Shares": NaN,
        "Diluted EPS": NaN,
        "Basic EPS": NaN,
        "Diluted NI Availto Com Stockholders": NaN,
        "Net Income Common Stockholders": NaN,
        "Net Income": NaN,
        "Minority Interests": NaN,
        "Net Income Including Noncontrolling Interests": NaN,
        "Net Income Continuous Operations": NaN,
        "Tax Provision": NaN,
        "Pretax Income": NaN,
        "Other Income Expense": NaN,
        "Other Non Operating Income Expenses": NaN,
        "Gain On Sale Of Security": NaN,
        "Net Non Operating Interest Income Expense": NaN,
        "Interest Expense Non Operating": NaN,
        "Interest Income Non Operating": NaN,
        "Operating Income": NaN,
        "Operating Expense": NaN,
        "Research And Development": NaN,
        "Selling General And Administration": NaN,
        "Gross Profit": NaN,
        "Cost Of Revenue": NaN,
        "Total Revenue": NaN,
        "Operating Revenue": NaN
    }
}