{
    "2023-06-30": {
        "Tax Effect Of Unusual Items": NaN,
        "Tax Rate For Calcs": NaN,
        "Normalized EBITDA": NaN,
        "Total Unusual Items": 0.0,
        "Total Unusual Items Excluding Goodwill": 0.0,
        "Net Income From Continuing Operation Net Minority Interest": NaN,
        "Reconciled Depreciation": NaN,
        "Reconciled Cost Of Revenue": NaN,
        "EBITDA": NaN,
        "EBIT": NaN,
        "Net Interest Income": NaN,
        "Interest Income": NaN,
        "Normalized Income": NaN,
        "Net Income From Continuing And Discontinued Operation": NaN,
        "Total Expenses": NaN,
        "Total Operating Income As Reported": NaN,
        "Diluted Average Shares": NaN,
        "Basic Average Shares": NaN,
        "Diluted EPS": NaN,
        "Basic EPS": NaN,
        "Diluted NI Availto Com Stockholders": NaN,
        "Net Income Common Stockholders": NaN,
        "Net Income": NaN,
        "Net Income Including Noncontrolling Interests": NaN,
        "Net Income Continuous Operations": NaN,
        "Tax Provision": NaN,
        "Pretax Income": NaN,
        "Other Income Expense": NaN,
        "Other Non Operating Income Expenses": NaN,
        "Special Income Charges": 0.0,
        "Other Special Charges": NaN,
        "Net Non Operating Interest Income Expense": NaN,
        "Interest Income Non Operating": NaN,
        "Operating Income": NaN,
        "Operating Expense": NaN,
        "Research And Development": NaN,
        "Selling General And Administration": NaN,
        "Gross Profit": NaN,
        "Cost Of Revenue": NaN,
        "Total Revenue": NaN,
        "Operating Revenue": NaN
    },
    "2023-03-31": {
        "Tax Effect Of Unusual Items": 0.0,
        "Tax Rate For Calcs": 0.348,
        "Normalized EBITDA": 169336000.0,
        "Net Income From Continuing Operation Net Minority Interest": 87798000.0,
        "Reconciled Depreciation": 35820000.0,
        "Reconciled Cost Of Revenue": 282493000.0,
        "EBITDA": 169336000.0,
        "EBIT": 133516000.0,
        "Net Interest Income": 2337000.0,
        "Interest Income": 2337000.0,
        "Normalized Income": 87798000.0,
        "Net Income From Continuing And Discontinued Operation": 87798000.0,
        "Total Expenses": 809631000.0,
        "Total Operating Income As Reported": 133516000.0,
        "Diluted Average Shares": 77111000.0,
        "Basic Average Shares": 76921000.0,
        "Diluted EPS": 1.14,
        "Basic EPS": 1.14,
        "Diluted NI Availto Com Stockholders": 87798000.0,
        "Net Income Common Stockholders": 87798000.0,
        "Net Income": 87798000.0,
        "Net Income Including Noncontrolling Interests": 87798000.0,
        "Net Income Continuous Operations": 87798000.0,
        "Tax Provision": 46826000.0,
        "Pretax Income": 134624000.0,
        "Other Income Expense": -1229000.0,
        "Other Non Operating Income Expenses": -1229000.0,
        "Net Non Operating Interest Income Expense": 2337000.0,
        "Interest Income Non Operating": 2337000.0,
        "Operating Income": 133516000.0,
        "Operating Expense": 527138000.0,
        "Research And Development": 87447000.0,
        "Selling General And Administration": 439691000.0,
        "Gross Profit": 660654000.0,
        "Cost Of Revenue": 282493000.0,
        "Total Revenue": 943147000.0,
        "Operating Revenue": 943147000.0
    },
    "2022-12-31": {
        "Tax Effect Of Unusual Items": 0.0,
        "Tax Rate For Calcs": 0.21,
        "Normalized EBITDA": 157811000.0,
        "Net Income From Continuing Operation Net Minority Interest": 41775000.0,
        "Reconciled Depreciation": 33697000.0,
        "Reconciled Cost Of Revenue": 283814000.0,
        "EBITDA": 157811000.0,
        "EBIT": 124114000.0,
        "Net Interest Income": 2760000.0,
        "Interest Income": 2760000.0,
        "Normalized Income": 41775000.0,
        "Net Income From Continuing And Discontinued Operation": 41775000.0,
        "Total Expenses": 777401000.0,
        "Total Operating Income As Reported": 112661000.0,
        "Diluted Average Shares": 77683000.0,
        "Basic Average Shares": 77541000.0,
        "Diluted EPS": 0.54,
        "Basic EPS": 0.54,
        "Diluted NI Availto Com Stockholders": 41775000.0,
        "Net Income Common Stockholders": 41775000.0,
        "Net Income": 41775000.0,
        "Net Income Including Noncontrolling Interests": 41775000.0,
        "Net Income Continuous Operations": 41775000.0,
        "Tax Provision": 73546000.0,
        "Pretax Income": 115321000.0,
        "Other Income Expense": -11553000.0,
        "Other Non Operating Income Expenses": -100000.0,
        "Net Non Operating Interest Income Expense": 2760000.0,
        "Interest Income Non Operating": 2760000.0,
        "Operating Income": 124114000.0,
        "Operating Expense": 493587000.0,
        "Research And Development": 83520000.0,
        "Selling General And Administration": 410067000.0,
        "Gross Profit": 617701000.0,
        "Cost Of Revenue": 283814000.0,
        "Total Revenue": 901515000.0,
        "Operating Revenue": 901515000.0
    },
    "2022-09-30": {
        "Tax Effect Of Unusual Items": 0.0,
        "Tax Rate For Calcs": 0.21,
        "Normalized EBITDA": 143656000.0,
        "Total Unusual Items": NaN,
        "Total Unusual Items Excluding Goodwill": NaN,
        "Net Income From Continuing Operation Net Minority Interest": 72700000.0,
        "Reconciled Depreciation": 32189000.0,
        "Reconciled Cost Of Revenue": 271179000.0,
        "EBITDA": 143656000.0,
        "EBIT": 143656000.0,
        "Net Interest Income": 1685000.0,
        "Interest Income": 1685000.0,
        "Normalized Income": 72700000.0,
        "Net Income From Continuing And Discontinued Operation": 72700000.0,
        "Total Expenses": 746692000.0,
        "Total Operating Income As Reported": 143656000.0,
        "Diluted Average Shares": 78237000.0,
        "Basic Average Shares": 78093000.0,
        "Diluted EPS": 0.93,
        "Basic EPS": 0.93,
        "Diluted NI Availto Com Stockholders": 72700000.0,
        "Net Income Common Stockholders": 72700000.0,
        "Net Income": 72700000.0,
        "Net Income Including Noncontrolling Interests": 72700000.0,
        "Net Income Continuous Operations": 72700000.0,
        "Tax Provision": 49941000.0,
        "Pretax Income": 122641000.0,
        "Other Income Expense": -22700000.0,
        "Other Non Operating Income Expenses": -22700000.0,
        "Special Income Charges": NaN,
        "Restructuring And Mergern Acquisition": NaN,
        "Net Non Operating Interest Income Expense": 1685000.0,
        "Interest Income Non Operating": 1685000.0,
        "Operating Income": 143656000.0,
        "Operating Expense": 475513000.0,
        "Research And Development": 76966000.0,
        "Selling General And Administration": 398547000.0,
        "Gross Profit": 619169000.0,
        "Cost Of Revenue": 271179000.0,
        "Total Revenue": 890348000.0,
        "Operating Revenue": 890348000.0
    },
    "2022-06-30": {
        "Tax Effect Of Unusual Items": 0.0,
        "Tax Rate For Calcs": 0.35,
        "Normalized EBITDA": 188196000.0,
        "Total Unusual Items": NaN,
        "Total Unusual Items Excluding Goodwill": NaN,
        "Net Income From Continuing Operation Net Minority Interest": 112800000.0,
        "Reconciled Depreciation": 30281000.0,
        "Reconciled Cost Of Revenue": 281994000.0,
        "EBITDA": 188196000.0,
        "EBIT": 188196000.0,
        "Net Interest Income": 245000.0,
        "Interest Income": 245000.0,
        "Normalized Income": 112800000.0,
        "Net Income From Continuing And Discontinued Operation": 112800000.0,
        "Total Expenses": 781357000.0,
        "Total Operating Income As Reported": 188196000.0,
        "Diluted Average Shares": 78545000.0,
        "Basic Average Shares": 78395000.0,
        "Diluted EPS": 1.44,
        "Basic EPS": 1.44,
        "Diluted NI Availto Com Stockholders": 112800000.0,
        "Net Income Common Stockholders": 112800000.0,
        "Net Income": 112800000.0,
        "Net Income Including Noncontrolling Interests": 112800000.0,
        "Net Income Continuous Operations": 112800000.0,
        "Tax Provision": 60809000.0,
        "Pretax Income": 173609000.0,
        "Other Income Expense": -14832000.0,
        "Other Non Operating Income Expenses": -14832000.0,
        "Special Income Charges": NaN,
        "Restructuring And Mergern Acquisition": NaN,
        "Net Non Operating Interest Income Expense": 245000.0,
        "Interest Income Non Operating": 245000.0,
        "Operating Income": 188196000.0,
        "Operating Expense": 499363000.0,
        "Research And Development": 72965000.0,
        "Selling General And Administration": 426398000.0,
        "Gross Profit": 687559000.0,
        "Cost Of Revenue": 281994000.0,
        "Total Revenue": 969553000.0,
        "Operating Revenue": 969553000.0
    },
    "2022-03-31": {
        "Diluted EPS": 1.7,
        "Total Revenue": 973,
        "Gross Profit": 709,
        "Operating Income": 198,
        "EBIT": 228,
        "Net Income": 134
    },
    "2021-12-31": {
        "Diluted EPS": 2.39,
        "Total Revenue": NaN,
        "Gross Profit": 745,
        "Operating Income": 221,
        "EBIT": 250,
        "Net Income": 191
    },
    "2021-09-30": {
        "Diluted EPS": 2.28,
        "Total Revenue": NaN,
        "Gross Profit": 755,
        "Operating Income": 261,
        "EBIT": 289,
        "Net Income": 181
    },
    "2021-06-30": {
        "Diluted EPS": 2.51,
        "Total Revenue": NaN,
        "Gross Profit": 759,
        "Operating Income": 269,
        "EBIT": 295,
        "Net Income": 200
    },
    "2021-03-31": {
        "Diluted EPS": 2.51,
        "Total Revenue": 895,
        "Gross Profit": 677,
        "Operating Income": 225,
        "EBIT": 251,
        "Net Income": 200
    },
    "2020-12-31": {
        "Diluted EPS": 1.96,
        "Total Revenue": 835,
        "Gross Profit": 610,
        "Operating Income": 213,
        "EBIT": 238,
        "Net Income": 159
    },
    "2020-09-30": {
        "Diluted EPS": 1.76,
        "Total Revenue": 734,
        "Gross Profit": 534,
        "Operating Income": 177,
        "EBIT": 202,
        "Net Income": 139
    },
    "2020-06-30": {
        "Diluted EPS": -0.52,
        "Total Revenue": 352,
        "Gross Profit": 224,
        "Operating Income": -73,
        "EBIT": -49,
        "Net Income": -41
    },
    "2020-03-31": {
        "Diluted EPS": 19.21,
        "Total Revenue": 551,
        "Gross Profit": 394,
        "Operating Income": 70,
        "EBIT": 91,
        "Net Income": NaN
    },
    "2019-12-31": {
        "Diluted EPS": 1.53,
        "Total Revenue": 650,
        "Gross Profit": 472,
        "Operating Income": 151,
        "EBIT": 173,
        "Net Income": 121
    },
    "2019-09-30": {
        "Diluted EPS": 1.28,
        "Total Revenue": 607,
        "Gross Profit": 438,
        "Operating Income": 127,
        "EBIT": 147,
        "Net Income": 103
    },
    "2019-06-30": {
        "Diluted EPS": 1.83,
        "Total Revenue": 601,
        "Gross Profit": 432,
        "Operating Income": 176,
        "EBIT": 196,
        "Net Income": 147
    },
    "2019-03-31": {
        "Diluted EPS": 0.89,
        "Total Revenue": 549,
        "Gross Profit": 402,
        "Operating Income": 88,
        "EBIT": 106,
        "Net Income": 72
    },
    "2018-12-31": {
        "Diluted EPS": 1.21,
        "Total Revenue": 534,
        "Gross Profit": 383,
        "Operating Income": 120,
        "EBIT": 137,
        "Net Income": 97
    },
    "2018-09-30": {
        "Diluted EPS": 1.24,
        "Total Revenue": 505,
        "Gross Profit": 372,
        "Operating Income": 125,
        "EBIT": 139,
        "Net Income": 101
    },
    "2018-06-30": {
        "Diluted EPS": 1.3,
        "Total Revenue": 490,
        "Gross Profit": 366,
        "Operating Income": 123,
        "EBIT": 135,
        "Net Income": 106
    },
    "2018-03-31": {
        "Diluted EPS": 1.17,
        "Total Revenue": 437,
        "Gross Profit": 327,
        "Operating Income": 98,
        "EBIT": 110,
        "Net Income": 96
    },
    "2017-12-31": {
        "Diluted EPS": 0.12,
        "Total Revenue": 421,
        "Gross Profit": 318,
        "Operating Income": 110,
        "EBIT": 121,
        "Net Income": 10
    },
    "2017-09-30": {
        "Diluted EPS": 1.01,
        "Total Revenue": 385,
        "Gross Profit": 292,
        "Operating Income": 99,
        "EBIT": 109,
        "Net Income": 83
    },
    "2017-06-30": {
        "Diluted EPS": 0.85,
        "Total Revenue": 356,
        "Gross Profit": 271,
        "Operating Income": 84,
        "EBIT": 92,
        "Net Income": 69
    },
    "2017-03-31": {
        "Diluted EPS": 0.85,
        "Total Revenue": 310,
        "Gross Profit": 236,
        "Operating Income": 62,
        "EBIT": 70,
        "Net Income": 69
    },
    "2016-12-31": {
        "Diluted EPS": 0.58,
        "Total Revenue": 293,
        "Gross Profit": 220,
        "Operating Income": 68,
        "EBIT": 76,
        "Net Income": 48
    },
    "2016-09-30": {
        "Diluted EPS": 0.63,
        "Total Revenue": 279,
        "Gross Profit": 209,
        "Operating Income": 62,
        "EBIT": 69,
        "Net Income": 51
    },
    "2016-06-30": {
        "Diluted EPS": 0.62,
        "Total Revenue": 269,
        "Gross Profit": 205,
        "Operating Income": 65,
        "EBIT": 70,
        "Net Income": 50
    },
    "2016-03-31": {
        "Diluted EPS": 0.5,
        "Total Revenue": 239,
        "Gross Profit": 181,
        "Operating Income": 53,
        "EBIT": 58,
        "Net Income": 41
    },
    "2015-12-31": {
        "Diluted EPS": 0.6,
        "Total Revenue": 230,
        "Gross Profit": 173,
        "Operating Income": 59,
        "EBIT": 64,
        "Net Income": 49
    },
    "2015-09-30": {
        "Diluted EPS": 0.34,
        "Total Revenue": 208,
        "Gross Profit": 158,
        "Operating Income": 38,
        "EBIT": 43,
        "Net Income": 28
    },
    "2015-06-30": {
        "Diluted EPS": 0.39,
        "Total Revenue": 209,
        "Gross Profit": 159,
        "Operating Income": 42,
        "EBIT": 47,
        "Net Income": 31
    },
    "2015-03-31": {
        "Diluted EPS": 0.44,
        "Total Revenue": 198,
        "Gross Profit": 151,
        "Operating Income": 49,
        "EBIT": 53,
        "Net Income": 36
    },
    "2014-12-31": {
        "Diluted EPS": 0.48,
        "Total Revenue": 199,
        "Gross Profit": 151,
        "Operating Income": 51,
        "EBIT": 56,
        "Net Income": 40
    },
    "2014-09-30": {
        "Diluted EPS": 0.47,
        "Total Revenue": 190,
        "Gross Profit": 145,
        "Operating Income": 52,
        "EBIT": 56,
        "Net Income": 38
    },
    "2014-06-30": {
        "Diluted EPS": 0.43,
        "Total Revenue": 193,
        "Gross Profit": 145,
        "Operating Income": 49,
        "EBIT": 53,
        "Net Income": 36
    },
    "2014-03-31": {
        "Diluted EPS": 0.39,
        "Total Revenue": 181,
        "Gross Profit": 137,
        "Operating Income": 42,
        "EBIT": 47,
        "Net Income": 32
    },
    "2013-12-31": {
        "Diluted EPS": 0.52,
        "Total Revenue": 178,
        "Gross Profit": 136,
        "Operating Income": 53,
        "EBIT": 57,
        "Net Income": 42
    },
    "2013-09-30": {
        "Diluted EPS": 0.42,
        "Total Revenue": 165,
        "Gross Profit": 125,
        "Operating Income": 41,
        "EBIT": 45,
        "Net Income": 35
    },
    "2013-06-30": {
        "Diluted EPS": 0.36,
        "Total Revenue": 164,
        "Gross Profit": 124,
        "Operating Income": 38,
        "EBIT": 42,
        "Net Income": 29
    },
    "2013-03-31": {
        "Diluted EPS": -0.52,
        "Total Revenue": 154,
        "Gross Profit": 113,
        "Operating Income": -38,
        "EBIT": -33,
        "Net Income": -42
    },
    "2012-12-31": {
        "Diluted EPS": 0.11,
        "Total Revenue": 143,
        "Gross Profit": 106,
        "Operating Income": 17,
        "EBIT": 22,
        "Net Income": 10
    },
    "2012-09-30": {
        "Diluted EPS": 0.0,
        "Total Revenue": 136,
        "Gross Profit": 100,
        "Operating Income": 5,
        "EBIT": 9,
        "Net Income": 0
    },
    "2012-06-30": {
        "Diluted EPS": 0.34,
        "Total Revenue": 146,
        "Gross Profit": 109,
        "Operating Income": 36,
        "EBIT": 40,
        "Net Income": 28
    },
    "2012-03-31": {
        "Diluted EPS": 0.26,
        "Total Revenue": 135,
        "Gross Profit": 101,
        "Operating Income": 28,
        "EBIT": 32,
        "Net Income": 21
    },
    "2011-12-31": {
        "Diluted EPS": 0.25,
        "Total Revenue": 129,
        "Gross Profit": 96,
        "Operating Income": 26,
        "EBIT": 31,
        "Net Income": 20
    },
    "2011-09-30": {
        "Diluted EPS": 0.24,
        "Total Revenue": 126,
        "Gross Profit": 92,
        "Operating Income": 26,
        "EBIT": 31,
        "Net Income": 19
    },
    "2011-06-30": {
        "Diluted EPS": 0.14,
        "Total Revenue": 120,
        "Gross Profit": 91,
        "Operating Income": 17,
        "EBIT": 21,
        "Net Income": 11
    },
    "2011-03-31": {
        "Diluted EPS": 0.2,
        "Total Revenue": 105,
        "Gross Profit": 82,
        "Operating Income": 21,
        "EBIT": 25,
        "Net Income": 16
    },
    "2010-12-31": {
        "Diluted EPS": 0.12,
        "Total Revenue": 93,
        "Gross Profit": 72,
        "Operating Income": 15,
        "EBIT": 18,
        "Net Income": 10
    },
    "2010-09-30": {
        "Diluted EPS": 0.22,
        "Total Revenue": 96,
        "Gross Profit": 75,
        "Operating Income": 22,
        "EBIT": 25,
        "Net Income": 17
    },
    "2010-06-30": {
        "Diluted EPS": 0.42,
        "Total Revenue": 108,
        "Gross Profit": 87,
        "Operating Income": 45,
        "EBIT": 49,
        "Net Income": 33
    },
    "2010-03-31": {
        "Diluted EPS": 0.19,
        "Total Revenue": 90,
        "Gross Profit": 70,
        "Operating Income": 21,
        "EBIT": 25,
        "Net Income": 15
    },
    "2009-12-31": {
        "Diluted EPS": 0.16,
        "Total Revenue": 87,
        "Gross Profit": 64,
        "Operating Income": 15,
        "EBIT": 22,
        "Net Income": 11
    },
    "2009-09-30": {
        "Diluted EPS": -0.72,
        "Total Revenue": 79,
        "Gross Profit": 59,
        "Operating Income": -60,
        "EBIT": -55,
        "Net Income": -50
    },
    "2009-06-30": {
        "Diluted EPS": 0.07,
        "Total Revenue": 76,
        "Gross Profit": 58,
        "Operating Income": 6,
        "EBIT": 9,
        "Net Income": 5
    },
    "2009-03-31": {
        "Diluted EPS": 0.04,
        "Total Revenue": 70,
        "Gross Profit": 53,
        "Operating Income": 5,
        "EBIT": 8,
        "Net Income": 3
    },
    "2023-09-30": {
        "Tax Effect Of Unusual Items": NaN,
        "Tax Rate For Calcs": NaN,
        "Normalized EBITDA": NaN,
        "Total Unusual Items": 0.0,
        "Total Unusual Items Excluding Goodwill": 0.0,
        "Net Income From Continuing Operation Net Minority Interest": NaN,
        "Reconciled Depreciation": NaN,
        "Reconciled Cost Of Revenue": NaN,
        "EBITDA": NaN,
        "EBIT": NaN,
        "Net Interest Income": NaN,
        "Interest Income": NaN,
        "Normalized Income": NaN,
        "Net Income From Continuing And Discontinued Operation": NaN,
        "Total Expenses": NaN,
        "Total Operating Income As Reported": NaN,
        "Diluted Average Shares": NaN,
        "Basic Average Shares": NaN,
        "Diluted EPS": NaN,
        "Basic EPS": NaN,
        "Diluted NI Availto Com Stockholders": NaN,
        "Net Income Common Stockholders": NaN,
        "Net Income": NaN,
        "Net Income Including Noncontrolling Interests": NaN,
        "Net Income Continuous Operations": NaN,
        "Tax Provision": NaN,
        "Pretax Income": NaN,
        "Other Income Expense": NaN,
        "Other Non Operating Income Expenses": NaN,
        "Special Income Charges": 0.0,
        "Other Special Charges": NaN,
        "Net Non Operating Interest Income Expense": NaN,
        "Interest Income Non Operating": NaN,
        "Operating Income": NaN,
        "Operating Expense": NaN,
        "Research And Development": NaN,
        "Selling General And Administration": NaN,
        "Gross Profit": NaN,
        "Cost Of Revenue": NaN,
        "Total Revenue": NaN,
        "Operating Revenue": NaN
    },
    "2023-12-31": {
        "Tax Effect Of Unusual Items": 0.0,
        "Tax Rate For Calcs": 0.282658,
        "Normalized EBITDA": 218593000.0,
        "Total Unusual Items": NaN,
        "Total Unusual Items Excluding Goodwill": NaN,
        "Net Income From Continuing Operation Net Minority Interest": 124014000.0,
        "Reconciled Depreciation": 33732000.0,
        "Reconciled Cost Of Revenue": 287202000.0,
        "EBITDA": 218593000.0,
        "EBIT": 184861000.0,
        "Net Interest Income": 4978000.0,
        "Interest Income": 4978000.0,
        "Normalized Income": 124014000.0,
        "Net Income From Continuing And Discontinued Operation": 124014000.0,
        "Total Expenses": 771865000.0,
        "Total Operating Income As Reported": 171545000.0,
        "Diluted Average Shares": 75802000.0,
        "Basic Average Shares": 75703000.0,
        "Diluted EPS": 1.64,
        "Basic EPS": 1.64,
        "Diluted NI Availto Com Stockholders": 124014000.0,
        "Net Income Common Stockholders": 124014000.0,
        "Net Income": 124014000.0,
        "Net Income Including Noncontrolling Interests": 124014000.0,
        "Net Income Continuous Operations": 124014000.0,
        "Tax Provision": 48866000.0,
        "Pretax Income": 172880000.0,
        "Other Income Expense": -16959000.0,
        "Other Non Operating Income Expenses": -3643000.0,
        "Special Income Charges": NaN,
        "Other Special Charges": NaN,
        "Net Non Operating Interest Income Expense": 4978000.0,
        "Interest Income Non Operating": 4978000.0,
        "Operating Income": 184861000.0,
        "Operating Expense": 484663000.0,
        "Research And Development": 82160000.0,
        "Selling General And Administration": 402503000.0,
        "Gross Profit": 669524000.0,
        "Cost Of Revenue": 287202000.0,
        "Total Revenue": 956726000.0,
        "Operating Revenue": 956726000.0
    },
    "2024-03-31": {
        "Tax Effect Of Unusual Items": 0.0,
        "Tax Rate For Calcs": 0.336886,
        "Normalized EBITDA": 187081000.0,
        "Total Unusual Items": 0.0,
        "Total Unusual Items Excluding Goodwill": 0.0,
        "Net Income From Continuing Operation Net Minority Interest": 105028000.0,
        "Reconciled Depreciation": 32946000.0,
        "Reconciled Cost Of Revenue": 299615000.0,
        "EBITDA": 187081000.0,
        "EBIT": 154135000.0,
        "Net Interest Income": 4392000.0,
        "Interest Income": 4392000.0,
        "Normalized Income": 105028000.0,
        "Net Income From Continuing And Discontinued Operation": 105028000.0,
        "Total Expenses": 843296000.0,
        "Total Operating Income As Reported": 154135000.0,
        "Diluted Average Shares": 75322000.0,
        "Basic Average Shares": 75175000.0,
        "Diluted EPS": 1.39,
        "Basic EPS": 1.4,
        "Diluted NI Availto Com Stockholders": 105028000.0,
        "Net Income Common Stockholders": 105028000.0,
        "Net Income": 105028000.0,
        "Net Income Including Noncontrolling Interests": 105028000.0,
        "Net Income Continuous Operations": 105028000.0,
        "Tax Provision": 53358000.0,
        "Pretax Income": 158386000.0,
        "Other Income Expense": -141000.0,
        "Other Non Operating Income Expenses": -141000.0,
        "Special Income Charges": 0.0,
        "Other Special Charges": NaN,
        "Net Non Operating Interest Income Expense": 4392000.0,
        "Interest Income Non Operating": 4392000.0,
        "Operating Income": 154135000.0,
        "Operating Expense": 543681000.0,
        "Research And Development": 91859000.0,
        "Selling General And Administration": 451822000.0,
        "Gross Profit": 697816000.0,
        "Cost Of Revenue": 299615000.0,
        "Total Revenue": 997431000.0,
        "Operating Revenue": 997431000.0
    },
    "2024-06-30": {
        "Tax Effect Of Unusual Items": NaN,
        "Tax Rate For Calcs": NaN,
        "Normalized EBITDA": NaN,
        "Total Unusual Items": NaN,
        "Total Unusual Items Excluding Goodwill": NaN,
        "Net Income From Continuing Operation Net Minority Interest": NaN,
        "Reconciled Depreciation": NaN,
        "Reconciled Cost Of Revenue": NaN,
        "EBITDA": NaN,
        "EBIT": NaN,
        "Net Interest Income": NaN,
        "Interest Income": NaN,
        "Normalized Income": NaN,
        "Net Income From Continuing And Discontinued Operation": NaN,
        "Total Expenses": NaN,
        "Total Operating Income As Reported": NaN,
        "Diluted Average Shares": NaN,
        "Basic Average Shares": NaN,
        "Diluted EPS": NaN,
        "Basic EPS": NaN,
        "Diluted NI Availto Com Stockholders": NaN,
        "Net Income Common Stockholders": NaN,
        "Net Income": NaN,
        "Net Income Including Noncontrolling Interests": NaN,
        "Net Income Continuous Operations": NaN,
        "Tax Provision": NaN,
        "Pretax Income": NaN,
        "Other Income Expense": NaN,
        "Other Non Operating Income Expenses": NaN,
        "Special Income Charges": NaN,
        "Other Special Charges": 31127000.0,
        "Restructuring And Mergern Acquisition": NaN,
        "Net Non Operating Interest Income Expense": NaN,
        "Interest Income Non Operating": NaN,
        "Operating Income": NaN,
        "Operating Expense": NaN,
        "Research And Development": NaN,
        "Selling General And Administration": NaN,
        "Gross Profit": NaN,
        "Cost Of Revenue": NaN,
        "Total Revenue": NaN,
        "Operating Revenue": NaN
    },
    "2024-09-30": {
        "Tax Effect Of Unusual Items": -19874.778521,
        "Tax Rate For Calcs": 0.301133,
        "Normalized EBITDA": 200223000.0,
        "Total Unusual Items": -66000.0,
        "Total Unusual Items Excluding Goodwill": -66000.0,
        "Net Income From Continuing Operation Net Minority Interest": 115963000.0,
        "Reconciled Depreciation": 37793000.0,
        "Reconciled Cost Of Revenue": 296098000.0,
        "EBITDA": 200157000.0,
        "EBIT": 162364000.0,
        "Net Interest Income": 4003000.0,
        "Interest Income": 4003000.0,
        "Normalized Income": 116009125.221479,
        "Net Income From Continuing And Discontinued Operation": 115963000.0,
        "Total Expenses": 815508000.0,
        "Total Operating Income As Reported": 162298000.0,
        "Diluted Average Shares": NaN,
        "Basic Average Shares": NaN,
        "Diluted EPS": NaN,
        "Basic EPS": NaN,
        "Diluted NI Availto Com Stockholders": 115963000.0,
        "Net Income Common Stockholders": 115963000.0,
        "Net Income": 115963000.0,
        "Net Income Including Noncontrolling Interests": 115963000.0,
        "Net Income Continuous Operations": 115963000.0,
        "Tax Provision": 49967000.0,
        "Pretax Income": 165930000.0,
        "Other Income Expense": -437000.0,
        "Other Non Operating Income Expenses": -371000.0,
        "Special Income Charges": -66000.0,
        "Other Special Charges": 66000.0,
        "Restructuring And Mergern Acquisition": NaN,
        "Net Non Operating Interest Income Expense": 4003000.0,
        "Interest Income Non Operating": 4003000.0,
        "Operating Income": 162364000.0,
        "Operating Expense": 519410000.0,
        "Research And Development": 85272000.0,
        "Selling General And Administration": 434138000.0,
        "Gross Profit": 681774000.0,
        "Cost Of Revenue": 296098000.0,
        "Total Revenue": 977872000.0,
        "Operating Revenue": 977872000.0
    },
    "2024-12-31": {
        "Tax Effect Of Unusual Items": -8651290.409655,
        "Tax Rate For Calcs": 0.262614,
        "Normalized EBITDA": 248164000.0,
        "Total Unusual Items": -32943000.0,
        "Total Unusual Items Excluding Goodwill": -32943000.0,
        "Net Income From Continuing Operation Net Minority Interest": 103807000.0,
        "Reconciled Depreciation": 38129000.0,
        "Reconciled Cost Of Revenue": 298278000.0,
        "EBITDA": 215221000.0,
        "EBIT": 177092000.0,
        "Net Interest Income": 8522000.0,
        "Interest Income": 8522000.0,
        "Normalized Income": 128098709.590345,
        "Net Income From Continuing And Discontinued Operation": 103807000.0,
        "Total Expenses": 818127000.0,
        "Total Operating Income As Reported": 144149000.0,
        "Diluted Average Shares": 74465000.0,
        "Basic Average Shares": 74419000.0,
        "Diluted EPS": 1.39,
        "Basic EPS": 1.39,
        "Diluted NI Availto Com Stockholders": 103807000.0,
        "Net Income Common Stockholders": 103807000.0,
        "Net Income": 103807000.0,
        "Net Income Including Noncontrolling Interests": 103807000.0,
        "Net Income Continuous Operations": 103807000.0,
        "Tax Provision": 36970000.0,
        "Pretax Income": 140777000.0,
        "Other Income Expense": -44837000.0,
        "Other Non Operating Income Expenses": -11894000.0,
        "Special Income Charges": -32943000.0,
        "Other Special Charges": -225000.0,
        "Restructuring And Mergern Acquisition": NaN,
        "Net Non Operating Interest Income Expense": 8522000.0,
        "Interest Income Non Operating": 8522000.0,
        "Operating Income": 177092000.0,
        "Operating Expense": 519849000.0,
        "Research And Development": 94878000.0,
        "Selling General And Administration": 424971000.0,
        "Gross Profit": 696941000.0,
        "Cost Of Revenue": 298278000.0,
        "Total Revenue": 995219000.0,
        "Operating Revenue": 995219000.0
    },
    "2025-03-31": {
        "Tax Effect Of Unusual Items": -1403808.0,
        "Tax Rate For Calcs": 0.336,
        "Normalized EBITDA": 178604000.0,
        "Total Unusual Items": -4178000.0,
        "Total Unusual Items Excluding Goodwill": -4178000.0,
        "Net Income From Continuing Operation Net Minority Interest": 93230000.0,
        "Reconciled Depreciation": 39148000.0,
        "Reconciled Cost Of Revenue": 299154000.0,
        "EBITDA": 174426000.0,
        "EBIT": 135278000.0,
        "Net Interest Income": 5316000.0,
        "Interest Income": 5316000.0,
        "Normalized Income": 96004192.0,
        "Net Income From Continuing And Discontinued Operation": 93230000.0,
        "Total Expenses": 843984000.0,
        "Total Operating Income As Reported": 131100000.0,
        "Diluted Average Shares": 73615000.0,
        "Basic Average Shares": 73562000.0,
        "Diluted EPS": 1.27,
        "Basic EPS": 1.27,
        "Diluted NI Availto Com Stockholders": 93230000.0,
        "Net Income Common Stockholders": 93230000.0,
        "Net Income": 93230000.0,
        "Net Income Including Noncontrolling Interests": 93230000.0,
        "Net Income Continuous Operations": 93230000.0,
        "Tax Provision": 47212000.0,
        "Pretax Income": 140442000.0,
        "Other Income Expense": -152000.0,
        "Other Non Operating Income Expenses": 4026000.0,
        "Special Income Charges": -4178000.0,
        "Other Special Charges": 4178000.0,
        "Restructuring And Mergern Acquisition": NaN,
        "Net Non Operating Interest Income Expense": 5316000.0,
        "Interest Income Non Operating": 5316000.0,
        "Operating Income": 135278000.0,
        "Operating Expense": 544830000.0,
        "Research And Development": 97201000.0,
        "Selling General And Administration": 447629000.0,
        "Gross Profit": 680108000.0,
        "Cost Of Revenue": 299154000.0,
        "Total Revenue": 979262000.0,
        "Operating Revenue": 979262000.0
    },
    "2025-06-30": {
        "Tax Effect Of Unusual Items": 0.0,
        "Tax Rate For Calcs": 0.281864,
        "Normalized EBITDA": 203609000.0,
        "Total Unusual Items": 0.0,
        "Total Unusual Items Excluding Goodwill": 0.0,
        "Net Income From Continuing Operation Net Minority Interest": 124608000.0,
        "Reconciled Depreciation": 40576000.0,
        "Reconciled Cost Of Revenue": 304332000.0,
        "EBITDA": 203609000.0,
        "EBIT": 163033000.0,
        "Net Interest Income": 2859000.0,
        "Interest Income": 2859000.0,
        "Normalized Income": 124608000.0,
        "Net Income From Continuing And Discontinued Operation": 124608000.0,
        "Total Expenses": 849416000.0,
        "Total Operating Income As Reported": 163033000.0,
        "Diluted Average Shares": 72593000.0,
        "Basic Average Shares": 72565000.0,
        "Diluted EPS": 1.72,
        "Basic EPS": 1.72,
        "Diluted NI Availto Com Stockholders": 124608000.0,
        "Net Income Common Stockholders": 124608000.0,
        "Net Income": 124608000.0,
        "Net Income Including Noncontrolling Interests": 124608000.0,
        "Net Income Continuous Operations": 124608000.0,
        "Tax Provision": 48908000.0,
        "Pretax Income": 173516000.0,
        "Other Income Expense": 7624000.0,
        "Other Non Operating Income Expenses": 7624000.0,
        "Special Income Charges": 0.0,
        "Other Special Charges": NaN,
        "Restructuring And Mergern Acquisition": NaN,
        "Net Non Operating Interest Income Expense": 2859000.0,
        "Interest Income Non Operating": 2859000.0,
        "Operating Income": 163033000.0,
        "Operating Expense": 545084000.0,
        "Research And Development": 96398000.0,
        "Selling General And Administration": 448686000.0,
        "Gross Profit": 708117000.0,
        "Cost Of Revenue": 304332000.0,
        "Total Revenue": 1012449000.0,
        "Operating Revenue": 1012449000.0
    },
    "2025-09-30": {
        "Tax Effect Of Unusual Items": -12730800.0,
        "Tax Rate For Calcs": 0.4,
        "Normalized EBITDA": 215669000.0,
        "Total Unusual Items": -31827000.0,
        "Total Unusual Items Excluding Goodwill": -31827000.0,
        "Net Income From Continuing Operation Net Minority Interest": 56753000.0,
        "Reconciled Depreciation": 55717000.0,
        "Reconciled Cost Of Revenue": 356491000.0,
        "EBITDA": 183842000.0,
        "EBIT": 128125000.0,
        "Net Interest Income": 3249000.0,
        "Interest Income": 3249000.0,
        "Normalized Income": 75849200.0,
        "Net Income From Continuing And Discontinued Operation": 56753000.0,
        "Total Expenses": 867567000.0,
        "Total Operating Income As Reported": 96298000.0,
        "Diluted Average Shares": 72419000.0,
        "Basic Average Shares": 72377000.0,
        "Diluted EPS": 0.78,
        "Basic EPS": 0.78,
        "Diluted NI Availto Com Stockholders": 56753000.0,
        "Net Income Common Stockholders": 56753000.0,
        "Net Income": 56753000.0,
        "Net Income Including Noncontrolling Interests": 56753000.0,
        "Net Income Continuous Operations": 56753000.0,
        "Tax Provision": 37981000.0,
        "Pretax Income": 94734000.0,
        "Other Income Expense": -36640000.0,
        "Other Non Operating Income Expenses": -4813000.0,
        "Special Income Charges": -31827000.0,
        "Other Special Charges": NaN,
        "Restructuring And Mergern Acquisition": 31827000.0,
        "Net Non Operating Interest Income Expense": 3249000.0,
        "Interest Income Non Operating": 3249000.0,
        "Operating Income": 128125000.0,
        "Operating Expense": 511076000.0,
        "Research And Development": 93276000.0,
        "Selling General And Administration": 417800000.0,
        "Gross Profit": 639201000.0,
        "Cost Of Revenue": 356491000.0,
        "Total Revenue": 995692000.0,
        "Operating Revenue": 995692000.0
    },
    "2025-12-31": {
        "Tax Effect Of Unusual Items": NaN,
        "Tax Rate For Calcs": NaN,
        "Normalized EBITDA": NaN,
        "Total Unusual Items": NaN,
        "Total Unusual Items Excluding Goodwill": NaN,
        "Net Income From Continuing Operation Net Minority Interest": NaN,
        "Reconciled Depreciation": NaN,
        "Reconciled Cost Of Revenue": NaN,
        "EBITDA": NaN,
        "EBIT": NaN,
        "Net Interest Income": NaN,
        "Interest Income": NaN,
        "Normalized Income": NaN,
        "Net Income From Continuing And Discontinued Operation": NaN,
        "Total Expenses": NaN,
        "Total Operating Income As Reported": NaN,
        "Diluted Average Shares": 71757000.0,
        "Basic Average Shares": 71684000.0,
        "Diluted EPS": 1.89,
        "Basic EPS": 1.89,
        "Diluted NI Availto Com Stockholders": NaN,
        "Net Income Common Stockholders": NaN,
        "Net Income": NaN,
        "Net Income Including Noncontrolling Interests": NaN,
        "Net Income Continuous Operations": NaN,
        "Tax Provision": NaN,
        "Pretax Income": NaN,
        "Other Income Expense": NaN,
        "Other Non Operating Income Expenses": NaN,
        "Special Income Charges": NaN,
        "Other Special Charges": NaN,
        "Restructuring And Mergern Acquisition": NaN,
        "Net Non Operating Interest Income Expense": NaN,
        "Interest Income Non Operating": NaN,
        "Operating Income": NaN,
        "Operating Expense": NaN,
        "Research And Development": NaN,
        "Selling General And Administration": NaN,
        "Gross Profit": NaN,
        "Cost Of Revenue": NaN,
        "Total Revenue": NaN,
        "Operating Revenue": NaN
    }
}