{
    "2023-03-31": {
        "Tax Effect Of Unusual Items": 0.0,
        "Tax Rate For Calcs": 0.21,
        "Normalized EBITDA": -27369000.0,
        "Total Unusual Items": NaN,
        "Total Unusual Items Excluding Goodwill": NaN,
        "Net Income From Continuing Operation Net Minority Interest": -37284000.0,
        "Reconciled Depreciation": 4982000.0,
        "Reconciled Cost Of Revenue": 396254000.0,
        "EBITDA": -27369000.0,
        "EBIT": -32351000.0,
        "Net Interest Income": -5019000.0,
        "Interest Expense": 5019000.0,
        "Normalized Income": -37284000.0,
        "Net Income From Continuing And Discontinued Operation": -37284000.0,
        "Total Expenses": 471644000.0,
        "Total Operating Income As Reported": -32489000.0,
        "Diluted Average Shares": 183113945.0,
        "Basic Average Shares": 183113945.0,
        "Diluted EPS": -0.2,
        "Basic EPS": -0.2,
        "Diluted NI Availto Com Stockholders": -37284000.0,
        "Net Income Common Stockholders": -37284000.0,
        "Net Income": -37284000.0,
        "Minority Interests": 87000.0,
        "Net Income Including Noncontrolling Interests": -37371000.0,
        "Net Income Continuous Operations": -37371000.0,
        "Tax Provision": 1000.0,
        "Pretax Income": -37370000.0,
        "Other Income Expense": 138000.0,
        "Other Non Operating Income Expenses": 138000.0,
        "Special Income Charges": NaN,
        "Other Special Charges": NaN,
        "Net Non Operating Interest Income Expense": -5019000.0,
        "Interest Expense Non Operating": 5019000.0,
        "Operating Income": -32489000.0,
        "Operating Expense": 75329000.0,
        "Depreciation Amortization Depletion Income Statement": 4921000.0,
        "Depreciation And Amortization In Income Statement": 4921000.0,
        "Selling General And Administration": 70408000.0,
        "Gross Profit": 42840000.0,
        "Cost Of Revenue": 396315000.0,
        "Total Revenue": 439155000.0,
        "Operating Revenue": 434812000.0
    },
    "2022-12-31": {
        "Tax Effect Of Unusual Items": NaN,
        "Tax Rate For Calcs": NaN,
        "Normalized EBITDA": NaN,
        "Total Unusual Items": 0.0,
        "Total Unusual Items Excluding Goodwill": 0.0,
        "Net Income From Continuing Operation Net Minority Interest": NaN,
        "Reconciled Depreciation": NaN,
        "Reconciled Cost Of Revenue": NaN,
        "EBITDA": NaN,
        "EBIT": NaN,
        "Net Interest Income": NaN,
        "Interest Expense": NaN,
        "Normalized Income": NaN,
        "Net Income From Continuing And Discontinued Operation": NaN,
        "Total Expenses": NaN,
        "Total Operating Income As Reported": NaN,
        "Diluted Average Shares": NaN,
        "Basic Average Shares": NaN,
        "Diluted EPS": NaN,
        "Basic EPS": NaN,
        "Diluted NI Availto Com Stockholders": NaN,
        "Net Income Common Stockholders": NaN,
        "Net Income": NaN,
        "Minority Interests": NaN,
        "Net Income Including Noncontrolling Interests": NaN,
        "Net Income Continuous Operations": NaN,
        "Tax Provision": NaN,
        "Pretax Income": NaN,
        "Other Income Expense": NaN,
        "Other Non Operating Income Expenses": NaN,
        "Special Income Charges": 0.0,
        "Other Special Charges": 0.0,
        "Net Non Operating Interest Income Expense": NaN,
        "Interest Expense Non Operating": NaN,
        "Operating Income": NaN,
        "Operating Expense": NaN,
        "Depreciation Amortization Depletion Income Statement": NaN,
        "Depreciation And Amortization In Income Statement": NaN,
        "Selling General And Administration": NaN,
        "Gross Profit": NaN,
        "Cost Of Revenue": NaN,
        "Total Revenue": NaN,
        "Operating Revenue": NaN
    },
    "2022-09-30": {
        "Tax Effect Of Unusual Items": NaN,
        "Tax Rate For Calcs": NaN,
        "Normalized EBITDA": NaN,
        "Total Unusual Items": -2196000.0,
        "Total Unusual Items Excluding Goodwill": -2196000.0,
        "Net Income From Continuing Operation Net Minority Interest": NaN,
        "Reconciled Depreciation": NaN,
        "Reconciled Cost Of Revenue": NaN,
        "EBITDA": NaN,
        "EBIT": NaN,
        "Net Interest Income": NaN,
        "Interest Expense": NaN,
        "Normalized Income": NaN,
        "Net Income From Continuing And Discontinued Operation": NaN,
        "Total Expenses": NaN,
        "Total Operating Income As Reported": NaN,
        "Diluted Average Shares": NaN,
        "Basic Average Shares": NaN,
        "Diluted EPS": NaN,
        "Basic EPS": NaN,
        "Diluted NI Availto Com Stockholders": NaN,
        "Net Income Common Stockholders": NaN,
        "Net Income": NaN,
        "Minority Interests": NaN,
        "Net Income Including Noncontrolling Interests": NaN,
        "Net Income Continuous Operations": NaN,
        "Tax Provision": NaN,
        "Pretax Income": NaN,
        "Other Income Expense": NaN,
        "Other Non Operating Income Expenses": NaN,
        "Special Income Charges": -2196000.0,
        "Other Special Charges": 2196000.0,
        "Net Non Operating Interest Income Expense": NaN,
        "Interest Expense Non Operating": NaN,
        "Operating Income": NaN,
        "Operating Expense": NaN,
        "Depreciation Amortization Depletion Income Statement": NaN,
        "Depreciation And Amortization In Income Statement": NaN,
        "Selling General And Administration": NaN,
        "Gross Profit": NaN,
        "Cost Of Revenue": NaN,
        "Total Revenue": NaN,
        "Operating Revenue": NaN
    },
    "2022-06-30": {
        "Tax Effect Of Unusual Items": 0.0,
        "Tax Rate For Calcs": 0.0,
        "Normalized EBITDA": -2861000.0,
        "Total Unusual Items": NaN,
        "Total Unusual Items Excluding Goodwill": NaN,
        "Net Income From Continuing Operation Net Minority Interest": -11580000.0,
        "Reconciled Depreciation": 4229000.0,
        "Reconciled Cost Of Revenue": 307220000.0,
        "EBITDA": -2861000.0,
        "EBIT": -7090000.0,
        "Net Interest Income": -4490000.0,
        "Interest Expense": 4490000.0,
        "Normalized Income": -11580000.0,
        "Net Income From Continuing And Discontinued Operation": -11580000.0,
        "Total Expenses": 373122000.0,
        "Total Operating Income As Reported": -6648000.0,
        "Diluted Average Shares": 181262640.0,
        "Basic Average Shares": 181262640.0,
        "Diluted EPS": -0.06,
        "Basic EPS": -0.06,
        "Diluted NI Availto Com Stockholders": -11580000.0,
        "Net Income Common Stockholders": -11580000.0,
        "Net Income": -11580000.0,
        "Minority Interests": NaN,
        "Net Income Including Noncontrolling Interests": -11580000.0,
        "Net Income Continuous Operations": -11580000.0,
        "Tax Provision": 0.0,
        "Pretax Income": -11580000.0,
        "Other Income Expense": -442000.0,
        "Other Non Operating Income Expenses": -442000.0,
        "Special Income Charges": NaN,
        "Other Special Charges": NaN,
        "Net Non Operating Interest Income Expense": -4490000.0,
        "Interest Expense Non Operating": 4490000.0,
        "Operating Income": -6648000.0,
        "Operating Expense": 65853000.0,
        "Depreciation Amortization Depletion Income Statement": 4180000.0,
        "Depreciation And Amortization In Income Statement": 4180000.0,
        "Selling General And Administration": 61673000.0,
        "Gross Profit": 59205000.0,
        "Cost Of Revenue": 307269000.0,
        "Total Revenue": 366474000.0,
        "Operating Revenue": 366180000.0
    },
    "2022-03-31": {
        "Diluted EPS": -0.23,
        "Total Revenue": 346,
        "Gross Profit": 42,
        "Operating Income": -36,
        "EBIT": -32,
        "Net Income": -41
    },
    "2021-12-31": {
        "Diluted EPS": -0.26,
        "Total Revenue": 298,
        "Gross Profit": 39,
        "Operating Income": -43,
        "EBIT": -39,
        "Net Income": -48
    },
    "2021-09-30": {
        "Diluted EPS": -0.26,
        "Total Revenue": 293,
        "Gross Profit": 39,
        "Operating Income": -41,
        "EBIT": -37,
        "Net Income": -46
    },
    "2021-06-30": {
        "Diluted EPS": -0.25,
        "Total Revenue": 309,
        "Gross Profit": 35,
        "Operating Income": -40,
        "EBIT": -36,
        "Net Income": -45
    },
    "2021-03-31": {
        "Diluted EPS": -0.37,
        "Total Revenue": 267,
        "Gross Profit": 16,
        "Operating Income": -53,
        "EBIT": -48,
        "Net Income": -57
    },
    "2020-12-31": {
        "Diluted EPS": -0.2,
        "Total Revenue": 242,
        "Gross Profit": 27,
        "Operating Income": -28,
        "EBIT": -23,
        "Net Income": -32
    },
    "2020-09-30": {
        "Diluted EPS": 0.07,
        "Total Revenue": 248,
        "Gross Profit": 58,
        "Operating Income": 15,
        "EBIT": 20,
        "Net Income": 11
    },
    "2020-06-30": {
        "Diluted EPS": 0.05,
        "Total Revenue": 244,
        "Gross Profit": 50,
        "Operating Income": 13,
        "EBIT": 17,
        "Net Income": 8
    },
    "2020-03-31": {
        "Diluted EPS": -0.07,
        "Total Revenue": 225,
        "Gross Profit": 31,
        "Operating Income": -5,
        "EBIT": -1,
        "Net Income": -10
    },
    "2019-12-31": {
        "Diluted EPS": 0.0,
        "Total Revenue": NaN,
        "Gross Profit": NaN,
        "Operating Income": NaN,
        "EBIT": NaN,
        "Net Income": NaN
    },
    "2023-06-30": {
        "Tax Effect Of Unusual Items": 0.0,
        "Tax Rate For Calcs": 0.21,
        "Normalized EBITDA": -17967000.0,
        "Total Unusual Items": NaN,
        "Total Unusual Items Excluding Goodwill": NaN,
        "Net Income From Continuing Operation Net Minority Interest": -28477000.0,
        "Reconciled Depreciation": 5264000.0,
        "Reconciled Cost Of Revenue": 410575000.0,
        "EBITDA": -17967000.0,
        "EBIT": -23231000.0,
        "Net Interest Income": -5262000.0,
        "Interest Expense": 5262000.0,
        "Normalized Income": -28477000.0,
        "Net Income From Continuing And Discontinued Operation": -28477000.0,
        "Total Expenses": 486038000.0,
        "Total Operating Income As Reported": -23659000.0,
        "Diluted Average Shares": 185991460.0,
        "Basic Average Shares": 185991460.0,
        "Diluted EPS": -0.15,
        "Basic EPS": -0.15,
        "Diluted NI Availto Com Stockholders": -28477000.0,
        "Net Income Common Stockholders": -28477000.0,
        "Net Income": -28477000.0,
        "Minority Interests": 17000.0,
        "Net Income Including Noncontrolling Interests": -28494000.0,
        "Net Income Continuous Operations": -28494000.0,
        "Tax Provision": 1000.0,
        "Pretax Income": -28493000.0,
        "Other Income Expense": 428000.0,
        "Other Non Operating Income Expenses": 428000.0,
        "Special Income Charges": NaN,
        "Net Non Operating Interest Income Expense": -5262000.0,
        "Interest Expense Non Operating": 5262000.0,
        "Operating Income": -23659000.0,
        "Operating Expense": 75394000.0,
        "Depreciation Amortization Depletion Income Statement": 5195000.0,
        "Depreciation And Amortization In Income Statement": 5195000.0,
        "Selling General And Administration": 70199000.0,
        "Gross Profit": 51735000.0,
        "Cost Of Revenue": 410644000.0,
        "Total Revenue": 462379000.0,
        "Operating Revenue": 456877000.0
    },
    "2023-09-30": {
        "Tax Effect Of Unusual Items": NaN,
        "Tax Rate For Calcs": NaN,
        "Normalized EBITDA": NaN,
        "Total Unusual Items": 0.0,
        "Total Unusual Items Excluding Goodwill": 0.0,
        "Net Income From Continuing Operation Net Minority Interest": NaN,
        "Reconciled Depreciation": NaN,
        "Reconciled Cost Of Revenue": NaN,
        "EBITDA": NaN,
        "EBIT": NaN,
        "Net Interest Income": NaN,
        "Interest Expense": NaN,
        "Normalized Income": NaN,
        "Net Income From Continuing And Discontinued Operation": NaN,
        "Total Expenses": NaN,
        "Total Operating Income As Reported": NaN,
        "Diluted Average Shares": NaN,
        "Basic Average Shares": NaN,
        "Diluted EPS": NaN,
        "Basic EPS": NaN,
        "Diluted NI Availto Com Stockholders": NaN,
        "Net Income Common Stockholders": NaN,
        "Net Income": NaN,
        "Minority Interests": NaN,
        "Net Income Including Noncontrolling Interests": NaN,
        "Net Income Continuous Operations": NaN,
        "Tax Provision": NaN,
        "Pretax Income": NaN,
        "Other Income Expense": NaN,
        "Other Non Operating Income Expenses": NaN,
        "Special Income Charges": 0.0,
        "Net Non Operating Interest Income Expense": NaN,
        "Interest Expense Non Operating": NaN,
        "Operating Income": NaN,
        "Operating Expense": NaN,
        "Depreciation Amortization Depletion Income Statement": NaN,
        "Depreciation And Amortization In Income Statement": NaN,
        "Selling General And Administration": NaN,
        "Gross Profit": NaN,
        "Cost Of Revenue": NaN,
        "Total Revenue": NaN,
        "Operating Revenue": NaN
    },
    "2023-12-31": {
        "Tax Effect Of Unusual Items": NaN,
        "Tax Rate For Calcs": NaN,
        "Normalized EBITDA": NaN,
        "Total Unusual Items": 0.0,
        "Total Unusual Items Excluding Goodwill": 0.0,
        "Net Income From Continuing Operation Net Minority Interest": NaN,
        "Reconciled Depreciation": NaN,
        "Reconciled Cost Of Revenue": NaN,
        "EBITDA": NaN,
        "EBIT": NaN,
        "Net Interest Income": NaN,
        "Interest Expense": NaN,
        "Normalized Income": NaN,
        "Net Income From Continuing And Discontinued Operation": NaN,
        "Total Expenses": NaN,
        "Total Operating Income As Reported": NaN,
        "Diluted Average Shares": NaN,
        "Basic Average Shares": NaN,
        "Diluted EPS": NaN,
        "Basic EPS": NaN,
        "Diluted NI Availto Com Stockholders": NaN,
        "Net Income Common Stockholders": NaN,
        "Net Income": NaN,
        "Minority Interests": NaN,
        "Net Income Including Noncontrolling Interests": NaN,
        "Net Income Continuous Operations": NaN,
        "Tax Provision": NaN,
        "Pretax Income": NaN,
        "Other Income Expense": NaN,
        "Other Non Operating Income Expenses": NaN,
        "Special Income Charges": 0.0,
        "Net Non Operating Interest Income Expense": NaN,
        "Interest Expense Non Operating": NaN,
        "Operating Income": NaN,
        "Operating Expense": NaN,
        "Depreciation Amortization Depletion Income Statement": NaN,
        "Depreciation And Amortization In Income Statement": NaN,
        "Selling General And Administration": NaN,
        "Gross Profit": NaN,
        "Cost Of Revenue": NaN,
        "Total Revenue": NaN,
        "Operating Revenue": NaN
    },
    "2024-03-31": {
        "Tax Effect Of Unusual Items": 0.0,
        "Tax Rate For Calcs": 0.0,
        "Normalized EBITDA": -35119000.0,
        "Total Unusual Items": NaN,
        "Total Unusual Items Excluding Goodwill": NaN,
        "Net Income From Continuing Operation Net Minority Interest": -46521000.0,
        "Reconciled Depreciation": 6029000.0,
        "Reconciled Cost Of Revenue": 573166000.0,
        "EBITDA": -35119000.0,
        "EBIT": -41148000.0,
        "Net Interest Income": -5427000.0,
        "Interest Expense": 5427000.0,
        "Normalized Income": -46521000.0,
        "Net Income From Continuing And Discontinued Operation": -46521000.0,
        "Total Expenses": 669707000.0,
        "Total Operating Income As Reported": -41106000.0,
        "Diluted Average Shares": 189005394.0,
        "Basic Average Shares": 189005394.0,
        "Diluted EPS": -0.25,
        "Basic EPS": -0.25,
        "Diluted NI Availto Com Stockholders": -46521000.0,
        "Net Income Common Stockholders": -46521000.0,
        "Net Income": -46521000.0,
        "Minority Interests": 54000.0,
        "Net Income Including Noncontrolling Interests": -46575000.0,
        "Net Income Continuous Operations": -46575000.0,
        "Tax Provision": 0.0,
        "Pretax Income": -46575000.0,
        "Other Income Expense": -42000.0,
        "Other Non Operating Income Expenses": -42000.0,
        "Special Income Charges": NaN,
        "Net Non Operating Interest Income Expense": -5427000.0,
        "Interest Expense Non Operating": 5427000.0,
        "Operating Income": -41106000.0,
        "Operating Expense": 96489000.0,
        "Depreciation Amortization Depletion Income Statement": 5977000.0,
        "Depreciation And Amortization In Income Statement": 5977000.0,
        "Selling General And Administration": 90512000.0,
        "Gross Profit": 55383000.0,
        "Cost Of Revenue": 573218000.0,
        "Total Revenue": 628601000.0,
        "Operating Revenue": 621556000.0
    },
    "2024-06-30": {
        "Tax Effect Of Unusual Items": 0.0,
        "Tax Rate For Calcs": 0.21,
        "Normalized EBITDA": -11751000.0,
        "Total Unusual Items": NaN,
        "Total Unusual Items Excluding Goodwill": NaN,
        "Net Income From Continuing Operation Net Minority Interest": -24010000.0,
        "Reconciled Depreciation": 6539000.0,
        "Reconciled Cost Of Revenue": 605266000.0,
        "EBITDA": -11751000.0,
        "EBIT": -18290000.0,
        "Net Interest Income": -5691000.0,
        "Interest Expense": 5691000.0,
        "Normalized Income": -24010000.0,
        "Net Income From Continuing And Discontinued Operation": -24010000.0,
        "Total Expenses": 699668000.0,
        "Total Operating Income As Reported": -18382000.0,
        "Diluted Average Shares": 190891787.0,
        "Basic Average Shares": 190891787.0,
        "Diluted EPS": -0.13,
        "Basic EPS": -0.13,
        "Diluted NI Availto Com Stockholders": -24010000.0,
        "Net Income Common Stockholders": -24010000.0,
        "Net Income": -24010000.0,
        "Minority Interests": -7000.0,
        "Net Income Including Noncontrolling Interests": -24003000.0,
        "Net Income Continuous Operations": -24003000.0,
        "Tax Provision": 22000.0,
        "Pretax Income": -23981000.0,
        "Other Income Expense": 92000.0,
        "Other Non Operating Income Expenses": 92000.0,
        "Special Income Charges": NaN,
        "Net Non Operating Interest Income Expense": -5691000.0,
        "Interest Expense Non Operating": 5691000.0,
        "Operating Income": -18382000.0,
        "Operating Expense": 94356000.0,
        "Depreciation Amortization Depletion Income Statement": 6493000.0,
        "Depreciation And Amortization In Income Statement": 6493000.0,
        "Selling General And Administration": 87863000.0,
        "Gross Profit": 75974000.0,
        "Cost Of Revenue": 605312000.0,
        "Total Revenue": 681286000.0,
        "Operating Revenue": 674094000.0
    },
    "2024-09-30": {
        "Tax Effect Of Unusual Items": 0.0,
        "Tax Rate For Calcs": 0.000303,
        "Normalized EBITDA": -11814000.0,
        "Total Unusual Items": NaN,
        "Total Unusual Items Excluding Goodwill": NaN,
        "Net Income From Continuing Operation Net Minority Interest": -26413000.0,
        "Reconciled Depreciation": 7686000.0,
        "Reconciled Cost Of Revenue": 613398000.0,
        "EBITDA": -11814000.0,
        "EBIT": -19500000.0,
        "Net Interest Income": -6937000.0,
        "Interest Expense": 6937000.0,
        "Normalized Income": -26413000.0,
        "Net Income From Continuing And Discontinued Operation": -26413000.0,
        "Total Expenses": 711955000.0,
        "Total Operating Income As Reported": -19522000.0,
        "Diluted Average Shares": 191361283.0,
        "Basic Average Shares": 191361283.0,
        "Diluted EPS": -0.14,
        "Basic EPS": -0.14,
        "Diluted NI Availto Com Stockholders": -26413000.0,
        "Net Income Common Stockholders": -26413000.0,
        "Net Income": -26413000.0,
        "Minority Interests": 16000.0,
        "Net Income Including Noncontrolling Interests": -26429000.0,
        "Net Income Continuous Operations": -26429000.0,
        "Tax Provision": -8000.0,
        "Pretax Income": -26437000.0,
        "Other Income Expense": 22000.0,
        "Other Non Operating Income Expenses": 22000.0,
        "Special Income Charges": NaN,
        "Net Non Operating Interest Income Expense": -6937000.0,
        "Interest Expense Non Operating": 6937000.0,
        "Operating Income": -19522000.0,
        "Operating Expense": 98511000.0,
        "Depreciation Amortization Depletion Income Statement": 7640000.0,
        "Depreciation And Amortization In Income Statement": 7640000.0,
        "Selling General And Administration": 90871000.0,
        "Gross Profit": 78989000.0,
        "Cost Of Revenue": 613444000.0,
        "Total Revenue": 692433000.0,
        "Operating Revenue": 684496000.0
    },
    "2024-12-31": {
        "Tax Effect Of Unusual Items": 0.0,
        "Tax Rate For Calcs": 0.21,
        "Normalized EBITDA": -18757000.0,
        "Total Unusual Items": NaN,
        "Total Unusual Items Excluding Goodwill": NaN,
        "Net Income From Continuing Operation Net Minority Interest": -31091000.0,
        "Reconciled Depreciation": 6808000.0,
        "Reconciled Cost Of Revenue": 614850000.0,
        "EBITDA": -18757000.0,
        "EBIT": -25565000.0,
        "Net Interest Income": -5492000.0,
        "Interest Expense": 5492000.0,
        "Normalized Income": -31091000.0,
        "Net Income From Continuing And Discontinued Operation": -31091000.0,
        "Total Expenses": 723786000.0,
        "Total Operating Income As Reported": -22545000.0,
        "Diluted Average Shares": 191897164.0,
        "Basic Average Shares": 191897164.0,
        "Diluted EPS": -0.16,
        "Basic EPS": -0.16,
        "Diluted NI Availto Com Stockholders": -31091000.0,
        "Net Income Common Stockholders": -31091000.0,
        "Net Income": -31091000.0,
        "Minority Interests": -27000.0,
        "Net Income Including Noncontrolling Interests": -31064000.0,
        "Net Income Continuous Operations": -31064000.0,
        "Tax Provision": 7000.0,
        "Pretax Income": -31057000.0,
        "Other Income Expense": -3020000.0,
        "Other Non Operating Income Expenses": 0.0,
        "Special Income Charges": NaN,
        "Net Non Operating Interest Income Expense": -5492000.0,
        "Interest Expense Non Operating": 5492000.0,
        "Operating Income": -22545000.0,
        "Operating Expense": 108890000.0,
        "Depreciation Amortization Depletion Income Statement": 6762000.0,
        "Depreciation And Amortization In Income Statement": 6762000.0,
        "Selling General And Administration": 102128000.0,
        "Gross Profit": 86345000.0,
        "Cost Of Revenue": 614896000.0,
        "Total Revenue": 701241000.0,
        "Operating Revenue": 691785000.0
    },
    "2025-03-31": {
        "Tax Effect Of Unusual Items": 0.0,
        "Tax Rate For Calcs": 0.4,
        "Normalized EBITDA": 2244000.0,
        "Total Unusual Items": NaN,
        "Total Unusual Items Excluding Goodwill": NaN,
        "Net Income From Continuing Operation Net Minority Interest": -9114000.0,
        "Reconciled Depreciation": 7627000.0,
        "Reconciled Cost Of Revenue": 820867000.0,
        "EBITDA": 2244000.0,
        "EBIT": -5383000.0,
        "Net Interest Income": -3950000.0,
        "Interest Expense": 3950000.0,
        "Normalized Income": -9114000.0,
        "Net Income From Continuing And Discontinued Operation": -9114000.0,
        "Total Expenses": 932325000.0,
        "Total Operating Income As Reported": -5393000.0,
        "Diluted Average Shares": 193606438.0,
        "Basic Average Shares": 193606438.0,
        "Diluted EPS": -0.05,
        "Basic EPS": -0.05,
        "Diluted NI Availto Com Stockholders": -9114000.0,
        "Net Income Common Stockholders": -9114000.0,
        "Net Income": -9114000.0,
        "Minority Interests": 240000.0,
        "Net Income Including Noncontrolling Interests": -9354000.0,
        "Net Income Continuous Operations": -9354000.0,
        "Tax Provision": 21000.0,
        "Pretax Income": -9333000.0,
        "Other Income Expense": 10000.0,
        "Other Non Operating Income Expenses": 10000.0,
        "Special Income Charges": NaN,
        "Net Non Operating Interest Income Expense": -3950000.0,
        "Interest Expense Non Operating": 3950000.0,
        "Operating Income": -5393000.0,
        "Operating Expense": 111425000.0,
        "Depreciation Amortization Depletion Income Statement": 7594000.0,
        "Depreciation And Amortization In Income Statement": 7594000.0,
        "Selling General And Administration": 103831000.0,
        "Gross Profit": 106032000.0,
        "Cost Of Revenue": 820900000.0,
        "Total Revenue": 926932000.0,
        "Operating Revenue": 918043000.0
    }
}