{
    "2023-03-31": {
        "Tax Effect Of Unusual Items": NaN,
        "Tax Rate For Calcs": NaN,
        "Normalized EBITDA": NaN,
        "Total Unusual Items": NaN,
        "Total Unusual Items Excluding Goodwill": NaN,
        "Net Income From Continuing Operation Net Minority Interest": NaN,
        "Reconciled Depreciation": NaN,
        "Reconciled Cost Of Revenue": NaN,
        "EBITDA": NaN,
        "EBIT": NaN,
        "Net Interest Income": NaN,
        "Interest Expense": NaN,
        "Normalized Income": NaN,
        "Net Income From Continuing And Discontinued Operation": NaN,
        "Total Expenses": NaN,
        "Total Operating Income As Reported": NaN,
        "Diluted Average Shares": NaN,
        "Basic Average Shares": NaN,
        "Diluted EPS": NaN,
        "Basic EPS": NaN,
        "Diluted NI Availto Com Stockholders": NaN,
        "Net Income Common Stockholders": NaN,
        "Preferred Stock Dividends": 14000.0,
        "Net Income": NaN,
        "Net Income Including Noncontrolling Interests": NaN,
        "Net Income Continuous Operations": NaN,
        "Tax Provision": NaN,
        "Pretax Income": NaN,
        "Other Income Expense": NaN,
        "Special Income Charges": NaN,
        "Other Special Charges": NaN,
        "Gain On Sale Of Security": NaN,
        "Net Non Operating Interest Income Expense": NaN,
        "Interest Expense Non Operating": NaN,
        "Operating Income": NaN,
        "Operating Expense": NaN,
        "Depreciation Amortization Depletion Income Statement": NaN,
        "Depreciation And Amortization In Income Statement": NaN,
        "Research And Development": NaN,
        "Selling General And Administration": NaN,
        "Selling And Marketing Expense": NaN,
        "General And Administrative Expense": NaN,
        "Other Gand A": NaN,
        "Gross Profit": NaN,
        "Cost Of Revenue": NaN,
        "Total Revenue": NaN,
        "Operating Revenue": NaN
    },
    "2022-12-31": {
        "Tax Effect Of Unusual Items": NaN,
        "Tax Rate For Calcs": NaN,
        "Normalized EBITDA": NaN,
        "Total Unusual Items": NaN,
        "Total Unusual Items Excluding Goodwill": NaN,
        "Net Income From Continuing Operation Net Minority Interest": NaN,
        "Reconciled Depreciation": NaN,
        "Reconciled Cost Of Revenue": NaN,
        "EBITDA": NaN,
        "EBIT": NaN,
        "Net Interest Income": NaN,
        "Interest Expense": NaN,
        "Normalized Income": NaN,
        "Net Income From Continuing And Discontinued Operation": NaN,
        "Total Expenses": NaN,
        "Total Operating Income As Reported": NaN,
        "Diluted Average Shares": NaN,
        "Basic Average Shares": NaN,
        "Diluted EPS": NaN,
        "Basic EPS": NaN,
        "Diluted NI Availto Com Stockholders": NaN,
        "Net Income Common Stockholders": NaN,
        "Preferred Stock Dividends": NaN,
        "Net Income": NaN,
        "Net Income Including Noncontrolling Interests": NaN,
        "Net Income Continuous Operations": NaN,
        "Tax Provision": NaN,
        "Pretax Income": NaN,
        "Other Income Expense": NaN,
        "Special Income Charges": 0.0,
        "Other Special Charges": NaN,
        "Gain On Sale Of Security": NaN,
        "Net Non Operating Interest Income Expense": NaN,
        "Interest Expense Non Operating": NaN,
        "Operating Income": NaN,
        "Operating Expense": NaN,
        "Depreciation Amortization Depletion Income Statement": NaN,
        "Depreciation And Amortization In Income Statement": NaN,
        "Research And Development": NaN,
        "Selling General And Administration": NaN,
        "Selling And Marketing Expense": NaN,
        "General And Administrative Expense": NaN,
        "Other Gand A": NaN,
        "Gross Profit": NaN,
        "Cost Of Revenue": NaN,
        "Total Revenue": NaN,
        "Operating Revenue": NaN
    },
    "2022-09-30": {
        "Tax Effect Of Unusual Items": NaN,
        "Tax Rate For Calcs": NaN,
        "Normalized EBITDA": NaN,
        "Total Unusual Items": NaN,
        "Total Unusual Items Excluding Goodwill": NaN,
        "Net Income From Continuing Operation Net Minority Interest": NaN,
        "Reconciled Depreciation": NaN,
        "Reconciled Cost Of Revenue": NaN,
        "EBITDA": NaN,
        "EBIT": NaN,
        "Net Interest Income": NaN,
        "Interest Expense": NaN,
        "Normalized Income": NaN,
        "Net Income From Continuing And Discontinued Operation": NaN,
        "Total Expenses": NaN,
        "Total Operating Income As Reported": NaN,
        "Diluted Average Shares": NaN,
        "Basic Average Shares": NaN,
        "Diluted EPS": NaN,
        "Basic EPS": NaN,
        "Diluted NI Availto Com Stockholders": NaN,
        "Net Income Common Stockholders": NaN,
        "Preferred Stock Dividends": NaN,
        "Net Income": NaN,
        "Net Income Including Noncontrolling Interests": NaN,
        "Net Income Continuous Operations": NaN,
        "Tax Provision": NaN,
        "Pretax Income": NaN,
        "Other Income Expense": NaN,
        "Special Income Charges": 0.0,
        "Other Special Charges": NaN,
        "Gain On Sale Of Security": NaN,
        "Net Non Operating Interest Income Expense": NaN,
        "Interest Expense Non Operating": NaN,
        "Operating Income": NaN,
        "Operating Expense": NaN,
        "Depreciation Amortization Depletion Income Statement": NaN,
        "Depreciation And Amortization In Income Statement": NaN,
        "Research And Development": NaN,
        "Selling General And Administration": NaN,
        "Selling And Marketing Expense": NaN,
        "General And Administrative Expense": NaN,
        "Other Gand A": NaN,
        "Gross Profit": NaN,
        "Cost Of Revenue": NaN,
        "Total Revenue": NaN,
        "Operating Revenue": NaN
    },
    "2022-06-30": {
        "Tax Effect Of Unusual Items": 103600.0,
        "Tax Rate For Calcs": 0.4,
        "Normalized EBITDA": -1304000.0,
        "Total Unusual Items": 259000.0,
        "Total Unusual Items Excluding Goodwill": 259000.0,
        "Net Income From Continuing Operation Net Minority Interest": -3115000.0,
        "Reconciled Depreciation": 670000.0,
        "Reconciled Cost Of Revenue": 2166000.0,
        "EBITDA": -1045000.0,
        "EBIT": -1715000.0,
        "Net Interest Income": -1383000.0,
        "Interest Expense": 1383000.0,
        "Normalized Income": -3270400.0,
        "Net Income From Continuing And Discontinued Operation": -3115000.0,
        "Total Expenses": 16578000.0,
        "Total Operating Income As Reported": -1974000.0,
        "Diluted Average Shares": 6999707.0,
        "Basic Average Shares": 6999707.0,
        "Diluted EPS": -0.45,
        "Basic EPS": -0.45,
        "Diluted NI Availto Com Stockholders": -3115000.0,
        "Net Income Common Stockholders": -3115000.0,
        "Otherunder Preferred Stock Dividend": 0.0,
        "Preferred Stock Dividends": NaN,
        "Net Income": -3115000.0,
        "Net Income Including Noncontrolling Interests": -3115000.0,
        "Net Income Continuous Operations": -3115000.0,
        "Tax Provision": 17000.0,
        "Pretax Income": -3098000.0,
        "Other Income Expense": 259000.0,
        "Special Income Charges": 0.0,
        "Other Special Charges": NaN,
        "Gain On Sale Of Security": 259000.0,
        "Net Non Operating Interest Income Expense": -1383000.0,
        "Interest Expense Non Operating": 1383000.0,
        "Operating Income": -1974000.0,
        "Operating Expense": 14412000.0,
        "Depreciation Amortization Depletion Income Statement": 670000.0,
        "Depreciation And Amortization In Income Statement": 670000.0,
        "Research And Development": 3932000.0,
        "Selling General And Administration": 9810000.0,
        "Selling And Marketing Expense": 6865000.0,
        "General And Administrative Expense": 2945000.0,
        "Other Gand A": 2945000.0,
        "Gross Profit": 12438000.0,
        "Cost Of Revenue": 2166000.0,
        "Total Revenue": 14604000.0,
        "Operating Revenue": 14604000.0
    },
    "2022-03-31": {
        "Diluted EPS": -0.85,
        "Total Revenue": 12,
        "Gross Profit": 10,
        "Operating Income": -4,
        "EBIT": -3,
        "Net Income": -6
    },
    "2021-12-31": {
        "Diluted EPS": -0.46,
        "Total Revenue": 14,
        "Gross Profit": 12,
        "Operating Income": -3,
        "EBIT": -2,
        "Net Income": -4
    },
    "2021-09-30": {
        "Diluted EPS": -0.6,
        "Total Revenue": 12,
        "Gross Profit": 10,
        "Operating Income": -2,
        "EBIT": -1,
        "Net Income": -4
    },
    "2021-06-30": {
        "Diluted EPS": 1.03,
        "Total Revenue": 22,
        "Gross Profit": 20,
        "Operating Income": 7,
        "EBIT": 8,
        "Net Income": 8
    },
    "2021-03-31": {
        "Diluted EPS": -0.63,
        "Total Revenue": 11,
        "Gross Profit": 10,
        "Operating Income": -2,
        "EBIT": -2,
        "Net Income": -4
    },
    "2020-12-31": {
        "Diluted EPS": -0.17,
        "Total Revenue": 14,
        "Gross Profit": 12,
        "Operating Income": 0,
        "EBIT": 1,
        "Net Income": -1
    },
    "2020-09-30": {
        "Diluted EPS": -0.12,
        "Total Revenue": 12,
        "Gross Profit": 11,
        "Operating Income": 0,
        "EBIT": 1,
        "Net Income": -1
    },
    "2020-06-30": {
        "Diluted EPS": -0.51,
        "Total Revenue": 10,
        "Gross Profit": 9,
        "Operating Income": -1,
        "EBIT": 0,
        "Net Income": -3
    },
    "2020-03-31": {
        "Diluted EPS": -0.24,
        "Total Revenue": 15,
        "Gross Profit": 13,
        "Operating Income": 0,
        "EBIT": 1,
        "Net Income": -1
    },
    "2019-12-31": {
        "Diluted EPS": 0.12,
        "Total Revenue": 17,
        "Gross Profit": 15,
        "Operating Income": 1,
        "EBIT": 2,
        "Net Income": 0
    },
    "2019-09-30": {
        "Diluted EPS": -0.66,
        "Total Revenue": 13,
        "Gross Profit": 11,
        "Operating Income": -2,
        "EBIT": -1,
        "Net Income": -3
    },
    "2019-06-30": {
        "Diluted EPS": -1.06,
        "Total Revenue": 11,
        "Gross Profit": 10,
        "Operating Income": -4,
        "EBIT": -3,
        "Net Income": -5
    },
    "2019-03-31": {
        "Diluted EPS": -0.59,
        "Total Revenue": 13,
        "Gross Profit": 11,
        "Operating Income": -1,
        "EBIT": -1,
        "Net Income": -3
    },
    "2018-12-31": {
        "Diluted EPS": 0.41,
        "Total Revenue": 15,
        "Gross Profit": 14,
        "Operating Income": 0,
        "EBIT": 1,
        "Net Income": -1
    },
    "2018-09-30": {
        "Diluted EPS": 5.85,
        "Total Revenue": 11,
        "Gross Profit": 10,
        "Operating Income": -2,
        "EBIT": -1,
        "Net Income": 35
    },
    "2018-06-30": {
        "Diluted EPS": -0.9,
        "Total Revenue": 11,
        "Gross Profit": 10,
        "Operating Income": -3,
        "EBIT": -2,
        "Net Income": -4
    },
    "2018-03-31": {
        "Diluted EPS": -1.65,
        "Total Revenue": 10,
        "Gross Profit": 9,
        "Operating Income": -5,
        "EBIT": -4,
        "Net Income": -8
    },
    "2017-12-31": {
        "Diluted EPS": -1.65,
        "Total Revenue": 9,
        "Gross Profit": 8,
        "Operating Income": -6,
        "EBIT": -5,
        "Net Income": -7
    },
    "2017-09-30": {
        "Diluted EPS": -1.2,
        "Total Revenue": 10,
        "Gross Profit": 9,
        "Operating Income": -4,
        "EBIT": -3,
        "Net Income": -5
    },
    "2017-06-30": {
        "Diluted EPS": -0.6,
        "Total Revenue": 10,
        "Gross Profit": 10,
        "Operating Income": -1,
        "EBIT": 0,
        "Net Income": -3
    },
    "2017-03-31": {
        "Diluted EPS": -1.5,
        "Total Revenue": 7,
        "Gross Profit": 6,
        "Operating Income": -6,
        "EBIT": -5,
        "Net Income": -7
    },
    "2016-12-31": {
        "Diluted EPS": -1.05,
        "Total Revenue": 11,
        "Gross Profit": 10,
        "Operating Income": -5,
        "EBIT": -4,
        "Net Income": -6
    },
    "2016-09-30": {
        "Diluted EPS": -2.4,
        "Total Revenue": 8,
        "Gross Profit": 8,
        "Operating Income": -7,
        "EBIT": -6,
        "Net Income": -9
    },
    "2016-06-30": {
        "Diluted EPS": -2.25,
        "Total Revenue": 10,
        "Gross Profit": 9,
        "Operating Income": -6,
        "EBIT": -6,
        "Net Income": -7
    },
    "2016-03-31": {
        "Diluted EPS": -3.75,
        "Total Revenue": 6,
        "Gross Profit": 5,
        "Operating Income": -9,
        "EBIT": -8,
        "Net Income": -11
    },
    "2015-12-31": {
        "Diluted EPS": -3.75,
        "Total Revenue": 6,
        "Gross Profit": 5,
        "Operating Income": -10,
        "EBIT": -9,
        "Net Income": -11
    },
    "2015-09-30": {
        "Diluted EPS": -0.45,
        "Total Revenue": 7,
        "Gross Profit": 6,
        "Operating Income": -8,
        "EBIT": -8,
        "Net Income": -2
    },
    "2015-06-30": {
        "Diluted EPS": -2.85,
        "Total Revenue": 6,
        "Gross Profit": 5,
        "Operating Income": -10,
        "EBIT": -9,
        "Net Income": -9
    },
    "2015-03-31": {
        "Diluted EPS": -3.3,
        "Total Revenue": 4,
        "Gross Profit": 4,
        "Operating Income": -11,
        "EBIT": -10,
        "Net Income": -10
    },
    "2014-12-31": {
        "Diluted EPS": 0.0,
        "Total Revenue": 2,
        "Gross Profit": 2,
        "Operating Income": -11,
        "EBIT": -10,
        "Net Income": -10
    },
    "2014-09-30": {
        "Diluted EPS": -2.55,
        "Total Revenue": 2,
        "Gross Profit": 2,
        "Operating Income": -9,
        "EBIT": -8,
        "Net Income": -7
    },
    "2014-06-30": {
        "Diluted EPS": -2.4,
        "Total Revenue": 2,
        "Gross Profit": 2,
        "Operating Income": -6,
        "EBIT": -6,
        "Net Income": 1
    },
    "2014-03-31": {
        "Diluted EPS": -8.7,
        "Total Revenue": 2,
        "Gross Profit": 2,
        "Operating Income": -7,
        "EBIT": -7,
        "Net Income": -21
    },
    "2013-12-31": {
        "Diluted EPS": -7.05,
        "Total Revenue": 1,
        "Gross Profit": -1,
        "Operating Income": -9,
        "EBIT": -9,
        "Net Income": -15
    },
    "2013-09-30": {
        "Diluted EPS": -0.6,
        "Total Revenue": 1,
        "Gross Profit": 1,
        "Operating Income": -8,
        "EBIT": -8,
        "Net Income": -1
    },
    "2013-06-30": {
        "Diluted EPS": -10.05,
        "Total Revenue": 0,
        "Gross Profit": 0,
        "Operating Income": -9,
        "EBIT": -9,
        "Net Income": -21
    },
    "2013-03-31": {
        "Diluted EPS": -6.6,
        "Total Revenue": NaN,
        "Gross Profit": NaN,
        "Operating Income": -8,
        "EBIT": -8,
        "Net Income": -14
    },
    "2012-12-31": {
        "Diluted EPS": -2.55,
        "Total Revenue": NaN,
        "Gross Profit": NaN,
        "Operating Income": -8,
        "EBIT": -8,
        "Net Income": -5
    },
    "2012-09-30": {
        "Diluted EPS": -2.55,
        "Total Revenue": NaN,
        "Gross Profit": NaN,
        "Operating Income": -5,
        "EBIT": -5,
        "Net Income": -5
    },
    "2012-06-30": {
        "Diluted EPS": -2.25,
        "Total Revenue": NaN,
        "Gross Profit": NaN,
        "Operating Income": -4,
        "EBIT": -4,
        "Net Income": -5
    },
    "2012-03-31": {
        "Diluted EPS": -2.1,
        "Total Revenue": NaN,
        "Gross Profit": NaN,
        "Operating Income": -4,
        "EBIT": -4,
        "Net Income": -4
    },
    "2011-12-31": {
        "Diluted EPS": -2.85,
        "Total Revenue": NaN,
        "Gross Profit": NaN,
        "Operating Income": -6,
        "EBIT": -6,
        "Net Income": -6
    },
    "2011-09-30": {
        "Diluted EPS": -3.15,
        "Total Revenue": NaN,
        "Gross Profit": NaN,
        "Operating Income": -6,
        "EBIT": -6,
        "Net Income": -7
    },
    "2011-06-30": {
        "Diluted EPS": -2.55,
        "Total Revenue": NaN,
        "Gross Profit": NaN,
        "Operating Income": -5,
        "EBIT": -5,
        "Net Income": -5
    },
    "2011-03-31": {
        "Diluted EPS": -2.25,
        "Total Revenue": NaN,
        "Gross Profit": NaN,
        "Operating Income": -4,
        "EBIT": -4,
        "Net Income": -5
    },
    "2010-12-31": {
        "Diluted EPS": -7.35,
        "Total Revenue": NaN,
        "Gross Profit": NaN,
        "Operating Income": -6,
        "EBIT": -6,
        "Net Income": -6
    },
    "2010-09-30": {
        "Diluted EPS": -3.0,
        "Total Revenue": NaN,
        "Gross Profit": NaN,
        "Operating Income": -6,
        "EBIT": -6,
        "Net Income": -6
    },
    "2010-06-30": {
        "Diluted EPS": -3.0,
        "Total Revenue": NaN,
        "Gross Profit": NaN,
        "Operating Income": -6,
        "EBIT": -6,
        "Net Income": -5
    },
    "2010-03-31": {
        "Diluted EPS": 1.8,
        "Total Revenue": NaN,
        "Gross Profit": NaN,
        "Operating Income": -4,
        "EBIT": -4,
        "Net Income": 0
    },
    "2009-12-31": {
        "Diluted EPS": -241.83,
        "Total Revenue": NaN,
        "Gross Profit": NaN,
        "Operating Income": 11,
        "EBIT": 11,
        "Net Income": -23
    },
    "2009-09-30": {
        "Diluted EPS": -73.31,
        "Total Revenue": NaN,
        "Gross Profit": NaN,
        "Operating Income": -5,
        "EBIT": -4,
        "Net Income": -7
    },
    "2009-06-30": {
        "Diluted EPS": -81.86,
        "Total Revenue": NaN,
        "Gross Profit": NaN,
        "Operating Income": -5,
        "EBIT": -5,
        "Net Income": -8
    },
    "2009-03-31": {
        "Diluted EPS": -120.99,
        "Total Revenue": NaN,
        "Gross Profit": NaN,
        "Operating Income": -5,
        "EBIT": -5,
        "Net Income": -12
    },
    "2023-06-30": {
        "Tax Effect Of Unusual Items": -1491420.0,
        "Tax Rate For Calcs": 0.21,
        "Normalized EBITDA": 658000.0,
        "Total Unusual Items": -7102000.0,
        "Total Unusual Items Excluding Goodwill": -7102000.0,
        "Net Income From Continuing Operation Net Minority Interest": -10029000.0,
        "Reconciled Depreciation": 1866000.0,
        "Reconciled Cost Of Revenue": 2425000.0,
        "EBITDA": -6444000.0,
        "EBIT": -8310000.0,
        "Net Interest Income": -1694000.0,
        "Interest Expense": 1694000.0,
        "Normalized Income": -4418420.0,
        "Net Income From Continuing And Discontinued Operation": -10029000.0,
        "Total Expenses": 18746000.0,
        "Total Operating Income As Reported": -1208000.0,
        "Diluted Average Shares": 8093640.0,
        "Basic Average Shares": 8093640.0,
        "Diluted EPS": -1.32,
        "Basic EPS": -1.32,
        "Diluted NI Availto Com Stockholders": -10698000.0,
        "Net Income Common Stockholders": -10698000.0,
        "Preferred Stock Dividends": 669000.0,
        "Net Income": -10029000.0,
        "Net Income Including Noncontrolling Interests": -10029000.0,
        "Net Income Continuous Operations": -10029000.0,
        "Tax Provision": 25000.0,
        "Pretax Income": -10004000.0,
        "Other Income Expense": -7102000.0,
        "Special Income Charges": -1079000.0,
        "Other Special Charges": 1079000.0,
        "Gain On Sale Of Security": -6023000.0,
        "Net Non Operating Interest Income Expense": -1694000.0,
        "Interest Expense Non Operating": 1694000.0,
        "Operating Income": -1208000.0,
        "Operating Expense": 16321000.0,
        "Depreciation Amortization Depletion Income Statement": 1866000.0,
        "Depreciation And Amortization In Income Statement": 1866000.0,
        "Research And Development": 3648000.0,
        "Selling General And Administration": 10807000.0,
        "Selling And Marketing Expense": 6434000.0,
        "General And Administrative Expense": 4373000.0,
        "Other Gand A": 4373000.0,
        "Gross Profit": 15113000.0,
        "Cost Of Revenue": 2425000.0,
        "Total Revenue": 17538000.0,
        "Operating Revenue": 17538000.0
    },
    "2023-09-30": {
        "Tax Effect Of Unusual Items": -227850.0,
        "Tax Rate For Calcs": 0.21,
        "Normalized EBITDA": 5014000.0,
        "Total Unusual Items": -1085000.0,
        "Total Unusual Items Excluding Goodwill": -1085000.0,
        "Net Income From Continuing Operation Net Minority Interest": -1354000.0,
        "Reconciled Depreciation": 3160000.0,
        "Reconciled Cost Of Revenue": 2758000.0,
        "EBITDA": 3929000.0,
        "EBIT": 769000.0,
        "Net Interest Income": -2070000.0,
        "Interest Expense": 2070000.0,
        "Normalized Income": -496850.0,
        "Net Income From Continuing And Discontinued Operation": -1354000.0,
        "Total Expenses": 21510000.0,
        "Total Operating Income As Reported": 1854000.0,
        "Diluted Average Shares": 32106014.0,
        "Basic Average Shares": 32106014.0,
        "Diluted EPS": -0.06,
        "Basic EPS": -0.06,
        "Diluted NI Availto Com Stockholders": -1930000.0,
        "Net Income Common Stockholders": -1930000.0,
        "Preferred Stock Dividends": 576000.0,
        "Net Income": -1354000.0,
        "Net Income Including Noncontrolling Interests": -1354000.0,
        "Net Income Continuous Operations": -1354000.0,
        "Tax Provision": 53000.0,
        "Pretax Income": -1301000.0,
        "Other Income Expense": -1085000.0,
        "Special Income Charges": 0.0,
        "Other Special Charges": NaN,
        "Gain On Sale Of Security": -1085000.0,
        "Net Non Operating Interest Income Expense": -2070000.0,
        "Interest Expense Non Operating": 2070000.0,
        "Operating Income": 1854000.0,
        "Operating Expense": 18752000.0,
        "Depreciation Amortization Depletion Income Statement": 3160000.0,
        "Depreciation And Amortization In Income Statement": 3160000.0,
        "Research And Development": 4045000.0,
        "Selling General And Administration": 11547000.0,
        "Selling And Marketing Expense": 7940000.0,
        "General And Administrative Expense": 3607000.0,
        "Other Gand A": 3607000.0,
        "Gross Profit": 20606000.0,
        "Cost Of Revenue": 2758000.0,
        "Total Revenue": 23364000.0,
        "Operating Revenue": 23364000.0
    },
    "2023-12-31": {
        "Tax Effect Of Unusual Items": 53760.0,
        "Tax Rate For Calcs": 0.21,
        "Normalized EBITDA": 3764000.0,
        "Total Unusual Items": 256000.0,
        "Total Unusual Items Excluding Goodwill": 256000.0,
        "Net Income From Continuing Operation Net Minority Interest": -3781000.0,
        "Reconciled Depreciation": 3040000.0,
        "Reconciled Cost Of Revenue": 3626000.0,
        "EBITDA": 4020000.0,
        "EBIT": 980000.0,
        "Net Interest Income": -4754000.0,
        "Interest Expense": 4754000.0,
        "Normalized Income": -3983240.0,
        "Net Income From Continuing And Discontinued Operation": -3781000.0,
        "Total Expenses": 25582000.0,
        "Total Operating Income As Reported": 724000.0,
        "Diluted Average Shares": 54422965.0,
        "Basic Average Shares": 54422965.0,
        "Diluted EPS": -0.07,
        "Basic EPS": -0.07,
        "Diluted NI Availto Com Stockholders": -3781000.0,
        "Net Income Common Stockholders": -3781000.0,
        "Preferred Stock Dividends": 0.0,
        "Net Income": -3781000.0,
        "Net Income Including Noncontrolling Interests": -3781000.0,
        "Net Income Continuous Operations": -3781000.0,
        "Tax Provision": 7000.0,
        "Pretax Income": -3774000.0,
        "Other Income Expense": 256000.0,
        "Special Income Charges": 0.0,
        "Other Special Charges": 0.0,
        "Gain On Sale Of Security": 256000.0,
        "Net Non Operating Interest Income Expense": -4754000.0,
        "Interest Expense Non Operating": 4754000.0,
        "Operating Income": 724000.0,
        "Operating Expense": 21956000.0,
        "Depreciation Amortization Depletion Income Statement": 3040000.0,
        "Depreciation And Amortization In Income Statement": 3040000.0,
        "Research And Development": 4769000.0,
        "Selling General And Administration": 14147000.0,
        "Selling And Marketing Expense": 7768000.0,
        "General And Administrative Expense": 6379000.0,
        "Other Gand A": 6379000.0,
        "Gross Profit": 22680000.0,
        "Cost Of Revenue": 3626000.0,
        "Total Revenue": 26306000.0,
        "Operating Revenue": 26306000.0
    },
    "2024-03-31": {
        "Tax Effect Of Unusual Items": -1232.53223,
        "Tax Rate For Calcs": 0.005093,
        "Normalized EBITDA": 783000.0,
        "Total Unusual Items": -242000.0,
        "Total Unusual Items Excluding Goodwill": -242000.0,
        "Net Income From Continuing Operation Net Minority Interest": -6251000.0,
        "Reconciled Depreciation": 3085000.0,
        "Reconciled Cost Of Revenue": 3353000.0,
        "EBITDA": 541000.0,
        "EBIT": -2544000.0,
        "Net Interest Income": -3739000.0,
        "Interest Expense": 3739000.0,
        "Normalized Income": -6010232.53223,
        "Net Income From Continuing And Discontinued Operation": -6251000.0,
        "Total Expenses": 25313000.0,
        "Total Operating Income As Reported": -2302000.0,
        "Diluted Average Shares": 54356828.0,
        "Basic Average Shares": 54356828.0,
        "Diluted EPS": -0.12,
        "Basic EPS": -0.12,
        "Diluted NI Availto Com Stockholders": -6251000.0,
        "Net Income Common Stockholders": -6251000.0,
        "Preferred Stock Dividends": NaN,
        "Net Income": -6251000.0,
        "Net Income Including Noncontrolling Interests": -6251000.0,
        "Net Income Continuous Operations": -6251000.0,
        "Tax Provision": -32000.0,
        "Pretax Income": -6283000.0,
        "Other Income Expense": -242000.0,
        "Special Income Charges": NaN,
        "Other Special Charges": NaN,
        "Gain On Sale Of Security": -242000.0,
        "Net Non Operating Interest Income Expense": -3739000.0,
        "Interest Expense Non Operating": 3739000.0,
        "Operating Income": -2302000.0,
        "Operating Expense": 21960000.0,
        "Depreciation Amortization Depletion Income Statement": 3085000.0,
        "Depreciation And Amortization In Income Statement": 3085000.0,
        "Research And Development": 4361000.0,
        "Selling General And Administration": 14514000.0,
        "Selling And Marketing Expense": 9082000.0,
        "General And Administrative Expense": 5432000.0,
        "Other Gand A": 5432000.0,
        "Gross Profit": 19658000.0,
        "Cost Of Revenue": 3353000.0,
        "Total Revenue": 23011000.0,
        "Operating Revenue": 23011000.0
    },
    "2024-06-30": {
        "Tax Effect Of Unusual Items": -1589.74359,
        "Tax Rate For Calcs": 0.012821,
        "Normalized EBITDA": 3016000.0,
        "Total Unusual Items": -124000.0,
        "Total Unusual Items Excluding Goodwill": -124000.0,
        "Net Income From Continuing Operation Net Minority Interest": -3311000.0,
        "Reconciled Depreciation": 3093000.0,
        "Reconciled Cost Of Revenue": 3831000.0,
        "EBITDA": 2892000.0,
        "EBIT": -201000.0,
        "Net Interest Income": -3153000.0,
        "Interest Expense": 3153000.0,
        "Normalized Income": -3188589.74359,
        "Net Income From Continuing And Discontinued Operation": -3311000.0,
        "Total Expenses": 27077000.0,
        "Total Operating Income As Reported": -77000.0,
        "Diluted Average Shares": 54383604.0,
        "Basic Average Shares": 54383604.0,
        "Diluted EPS": -0.06,
        "Basic EPS": -0.06,
        "Diluted NI Availto Com Stockholders": -3311000.0,
        "Net Income Common Stockholders": -3311000.0,
        "Preferred Stock Dividends": NaN,
        "Net Income": -3311000.0,
        "Net Income Including Noncontrolling Interests": -3311000.0,
        "Net Income Continuous Operations": -3311000.0,
        "Tax Provision": -43000.0,
        "Pretax Income": -3354000.0,
        "Other Income Expense": -124000.0,
        "Special Income Charges": 0.0,
        "Other Special Charges": NaN,
        "Gain On Sale Of Security": -124000.0,
        "Net Non Operating Interest Income Expense": -3153000.0,
        "Interest Expense Non Operating": 3153000.0,
        "Operating Income": -77000.0,
        "Operating Expense": 23246000.0,
        "Depreciation Amortization Depletion Income Statement": 3093000.0,
        "Depreciation And Amortization In Income Statement": 3093000.0,
        "Research And Development": 4263000.0,
        "Selling General And Administration": 15890000.0,
        "Selling And Marketing Expense": 8511000.0,
        "General And Administrative Expense": 7379000.0,
        "Other Gand A": 7379000.0,
        "Gross Profit": 23169000.0,
        "Cost Of Revenue": 3831000.0,
        "Total Revenue": 27000000.0,
        "Operating Revenue": 27000000.0
    }
}