{
    "2023-03-31": {
        "Tax Effect Of Unusual Items": NaN,
        "Tax Rate For Calcs": NaN,
        "Normalized EBITDA": NaN,
        "Total Unusual Items": -25000000.0,
        "Total Unusual Items Excluding Goodwill": -25000000.0,
        "Net Income From Continuing Operation Net Minority Interest": NaN,
        "Reconciled Depreciation": NaN,
        "Reconciled Cost Of Revenue": NaN,
        "EBITDA": NaN,
        "EBIT": NaN,
        "Net Interest Income": NaN,
        "Interest Expense": NaN,
        "Normalized Income": NaN,
        "Net Income From Continuing And Discontinued Operation": NaN,
        "Total Expenses": NaN,
        "Total Operating Income As Reported": NaN,
        "Diluted Average Shares": NaN,
        "Basic Average Shares": NaN,
        "Diluted EPS": NaN,
        "Basic EPS": NaN,
        "Diluted NI Availto Com Stockholders": NaN,
        "Average Dilution Earnings": 0.0,
        "Net Income Common Stockholders": NaN,
        "Net Income": NaN,
        "Minority Interests": NaN,
        "Net Income Including Noncontrolling Interests": NaN,
        "Net Income Discontinuous Operations": 10000000.0,
        "Net Income Continuous Operations": NaN,
        "Tax Provision": NaN,
        "Pretax Income": NaN,
        "Other Income Expense": NaN,
        "Other Non Operating Income Expenses": NaN,
        "Gain On Sale Of Security": -25000000.0,
        "Net Non Operating Interest Income Expense": NaN,
        "Interest Expense Non Operating": NaN,
        "Operating Income": NaN,
        "Operating Expense": NaN,
        "Depreciation Amortization Depletion Income Statement": NaN,
        "Depreciation And Amortization In Income Statement": NaN,
        "Selling General And Administration": NaN,
        "Gross Profit": NaN,
        "Cost Of Revenue": NaN,
        "Total Revenue": NaN,
        "Operating Revenue": NaN
    },
    "2022-12-31": {
        "Tax Effect Of Unusual Items": NaN,
        "Tax Rate For Calcs": NaN,
        "Normalized EBITDA": NaN,
        "Total Unusual Items": -15000000.0,
        "Total Unusual Items Excluding Goodwill": -15000000.0,
        "Net Income From Continuing Operation Net Minority Interest": NaN,
        "Reconciled Depreciation": NaN,
        "Reconciled Cost Of Revenue": NaN,
        "EBITDA": NaN,
        "EBIT": NaN,
        "Net Interest Income": NaN,
        "Interest Expense": NaN,
        "Normalized Income": NaN,
        "Net Income From Continuing And Discontinued Operation": NaN,
        "Total Expenses": NaN,
        "Total Operating Income As Reported": NaN,
        "Diluted Average Shares": NaN,
        "Basic Average Shares": NaN,
        "Diluted EPS": NaN,
        "Basic EPS": NaN,
        "Diluted NI Availto Com Stockholders": NaN,
        "Average Dilution Earnings": NaN,
        "Net Income Common Stockholders": NaN,
        "Net Income": NaN,
        "Minority Interests": NaN,
        "Net Income Including Noncontrolling Interests": NaN,
        "Net Income Discontinuous Operations": NaN,
        "Net Income Continuous Operations": NaN,
        "Tax Provision": NaN,
        "Pretax Income": NaN,
        "Other Income Expense": NaN,
        "Other Non Operating Income Expenses": NaN,
        "Gain On Sale Of Security": -15000000.0,
        "Net Non Operating Interest Income Expense": NaN,
        "Interest Expense Non Operating": NaN,
        "Operating Income": NaN,
        "Operating Expense": NaN,
        "Depreciation Amortization Depletion Income Statement": NaN,
        "Depreciation And Amortization In Income Statement": NaN,
        "Selling General And Administration": NaN,
        "Gross Profit": NaN,
        "Cost Of Revenue": NaN,
        "Total Revenue": NaN,
        "Operating Revenue": NaN
    },
    "2022-09-30": {
        "Tax Effect Of Unusual Items": NaN,
        "Tax Rate For Calcs": NaN,
        "Normalized EBITDA": NaN,
        "Total Unusual Items": NaN,
        "Total Unusual Items Excluding Goodwill": NaN,
        "Net Income From Continuing Operation Net Minority Interest": NaN,
        "Reconciled Depreciation": NaN,
        "Reconciled Cost Of Revenue": NaN,
        "EBITDA": NaN,
        "EBIT": NaN,
        "Net Interest Income": NaN,
        "Interest Expense": NaN,
        "Normalized Income": NaN,
        "Net Income From Continuing And Discontinued Operation": NaN,
        "Total Expenses": NaN,
        "Total Operating Income As Reported": NaN,
        "Diluted Average Shares": NaN,
        "Basic Average Shares": NaN,
        "Diluted EPS": NaN,
        "Basic EPS": NaN,
        "Diluted NI Availto Com Stockholders": NaN,
        "Average Dilution Earnings": 0.0,
        "Net Income Common Stockholders": NaN,
        "Net Income": NaN,
        "Minority Interests": NaN,
        "Net Income Including Noncontrolling Interests": NaN,
        "Net Income Discontinuous Operations": NaN,
        "Net Income Continuous Operations": NaN,
        "Tax Provision": NaN,
        "Pretax Income": NaN,
        "Other Income Expense": NaN,
        "Other Non Operating Income Expenses": NaN,
        "Gain On Sale Of Security": NaN,
        "Net Non Operating Interest Income Expense": NaN,
        "Interest Expense Non Operating": NaN,
        "Operating Income": NaN,
        "Operating Expense": NaN,
        "Depreciation Amortization Depletion Income Statement": NaN,
        "Depreciation And Amortization In Income Statement": NaN,
        "Selling General And Administration": NaN,
        "Gross Profit": NaN,
        "Cost Of Revenue": NaN,
        "Total Revenue": NaN,
        "Operating Revenue": NaN
    },
    "2022-06-30": {
        "Tax Effect Of Unusual Items": 20000000.0,
        "Tax Rate For Calcs": 0.4,
        "Normalized EBITDA": 120000000.0,
        "Total Unusual Items": 50000000.0,
        "Total Unusual Items Excluding Goodwill": 50000000.0,
        "Net Income From Continuing Operation Net Minority Interest": 51000000.0,
        "Reconciled Depreciation": 98000000.0,
        "Reconciled Cost Of Revenue": 483000000.0,
        "EBITDA": 170000000.0,
        "EBIT": 72000000.0,
        "Net Interest Income": -29000000.0,
        "Interest Expense": 29000000.0,
        "Normalized Income": 21000000.0,
        "Net Income From Continuing And Discontinued Operation": 51000000.0,
        "Total Expenses": 738000000.0,
        "Total Operating Income As Reported": -23000000.0,
        "Diluted Average Shares": 533738064.0,
        "Basic Average Shares": 457851348.0,
        "Diluted EPS": 0.1,
        "Basic EPS": 0.11,
        "Diluted NI Availto Com Stockholders": 51000000.0,
        "Average Dilution Earnings": NaN,
        "Net Income Common Stockholders": 51000000.0,
        "Net Income": 51000000.0,
        "Minority Interests": -1000000.0,
        "Net Income Including Noncontrolling Interests": 52000000.0,
        "Net Income Continuous Operations": 52000000.0,
        "Tax Provision": -9000000.0,
        "Pretax Income": 43000000.0,
        "Other Income Expense": 95000000.0,
        "Other Non Operating Income Expenses": 45000000.0,
        "Gain On Sale Of Security": 50000000.0,
        "Net Non Operating Interest Income Expense": -29000000.0,
        "Interest Expense Non Operating": 29000000.0,
        "Operating Income": -23000000.0,
        "Operating Expense": 242000000.0,
        "Depreciation Amortization Depletion Income Statement": 85000000.0,
        "Depreciation And Amortization In Income Statement": 85000000.0,
        "Selling General And Administration": 157000000.0,
        "Gross Profit": 219000000.0,
        "Cost Of Revenue": 496000000.0,
        "Total Revenue": 715000000.0,
        "Operating Revenue": 715000000.0
    },
    "2023-06-30": {
        "Tax Effect Of Unusual Items": NaN,
        "Tax Rate For Calcs": NaN,
        "Normalized EBITDA": NaN,
        "Total Unusual Items": NaN,
        "Total Unusual Items Excluding Goodwill": NaN,
        "Net Income From Continuing Operation Net Minority Interest": NaN,
        "Reconciled Depreciation": NaN,
        "Reconciled Cost Of Revenue": NaN,
        "EBITDA": NaN,
        "EBIT": NaN,
        "Net Interest Income": NaN,
        "Interest Expense": NaN,
        "Normalized Income": NaN,
        "Net Income From Continuing And Discontinued Operation": NaN,
        "Total Expenses": NaN,
        "Total Operating Income As Reported": NaN,
        "Diluted Average Shares": NaN,
        "Basic Average Shares": NaN,
        "Diluted EPS": NaN,
        "Basic EPS": NaN,
        "Diluted NI Availto Com Stockholders": NaN,
        "Average Dilution Earnings": 0.0,
        "Net Income Common Stockholders": NaN,
        "Net Income": NaN,
        "Minority Interests": NaN,
        "Net Income Including Noncontrolling Interests": NaN,
        "Net Income Discontinuous Operations": NaN,
        "Net Income Continuous Operations": NaN,
        "Tax Provision": NaN,
        "Pretax Income": NaN,
        "Other Income Expense": NaN,
        "Other Non Operating Income Expenses": NaN,
        "Gain On Sale Of Security": NaN,
        "Net Non Operating Interest Income Expense": NaN,
        "Interest Expense Non Operating": NaN,
        "Operating Income": NaN,
        "Operating Expense": NaN,
        "Depreciation Amortization Depletion Income Statement": NaN,
        "Depreciation And Amortization In Income Statement": NaN,
        "Selling General And Administration": NaN,
        "Gross Profit": NaN,
        "Cost Of Revenue": NaN,
        "Total Revenue": NaN,
        "Operating Revenue": NaN
    },
    "2022-03-31": {
        "Diluted EPS": -0.02,
        "Total Revenue": 725,
        "Gross Profit": 223,
        "Operating Income": -2,
        "EBIT": 93,
        "Net Income": -11
    },
    "2021-12-31": {
        "Diluted EPS": 0.16,
        "Total Revenue": 864,
        "Gross Profit": 294,
        "Operating Income": 40,
        "EBIT": 135,
        "Net Income": 72
    },
    "2021-09-30": {
        "Diluted EPS": -0.24,
        "Total Revenue": 690,
        "Gross Profit": 238,
        "Operating Income": 25,
        "EBIT": 112,
        "Net Income": -107
    },
    "2021-06-30": {
        "Diluted EPS": 0.0,
        "Total Revenue": 672,
        "Gross Profit": 217,
        "Operating Income": 56,
        "EBIT": 135,
        "Net Income": -4
    },
    "2021-03-31": {
        "Diluted EPS": 0.0,
        "Total Revenue": 689,
        "Gross Profit": 218,
        "Operating Income": 46,
        "EBIT": 125,
        "Net Income": -21
    },
    "2020-12-31": {
        "Diluted EPS": 0.0,
        "Total Revenue": NaN,
        "Gross Profit": NaN,
        "Operating Income": NaN,
        "EBIT": NaN,
        "Net Income": NaN
    },
    "2020-09-30": {
        "Diluted EPS": 0.0,
        "Total Revenue": 668,
        "Gross Profit": 227,
        "Operating Income": 42,
        "EBIT": 274,
        "Net Income": -39
    },
    "2020-06-30": {
        "Diluted EPS": -1.2,
        "Total Revenue": NaN,
        "Gross Profit": NaN,
        "Operating Income": 0,
        "EBIT": 0,
        "Net Income": -31
    },
    "2019-12-31": {
        "Diluted EPS": 0.0,
        "Total Revenue": NaN,
        "Gross Profit": NaN,
        "Operating Income": NaN,
        "EBIT": NaN,
        "Net Income": NaN
    },
    "2023-09-30": {
        "Tax Effect Of Unusual Items": NaN,
        "Tax Rate For Calcs": NaN,
        "Normalized EBITDA": NaN,
        "Total Unusual Items": NaN,
        "Total Unusual Items Excluding Goodwill": NaN,
        "Net Income From Continuing Operation Net Minority Interest": NaN,
        "Reconciled Depreciation": NaN,
        "Reconciled Cost Of Revenue": NaN,
        "EBITDA": NaN,
        "EBIT": NaN,
        "Net Interest Income": NaN,
        "Interest Expense": NaN,
        "Normalized Income": NaN,
        "Net Income From Continuing And Discontinued Operation": NaN,
        "Total Expenses": NaN,
        "Total Operating Income As Reported": NaN,
        "Diluted Average Shares": NaN,
        "Basic Average Shares": NaN,
        "Diluted EPS": NaN,
        "Basic EPS": NaN,
        "Diluted NI Availto Com Stockholders": NaN,
        "Average Dilution Earnings": 0.0,
        "Net Income Common Stockholders": NaN,
        "Net Income": NaN,
        "Minority Interests": NaN,
        "Net Income Including Noncontrolling Interests": NaN,
        "Net Income Discontinuous Operations": NaN,
        "Net Income Continuous Operations": NaN,
        "Tax Provision": NaN,
        "Pretax Income": NaN,
        "Other Income Expense": NaN,
        "Other Non Operating Income Expenses": NaN,
        "Gain On Sale Of Security": NaN,
        "Net Non Operating Interest Income Expense": NaN,
        "Interest Expense Non Operating": NaN,
        "Operating Income": NaN,
        "Operating Expense": NaN,
        "Depreciation Amortization Depletion Income Statement": NaN,
        "Depreciation And Amortization In Income Statement": NaN,
        "Selling General And Administration": NaN,
        "Gross Profit": NaN,
        "Cost Of Revenue": NaN,
        "Total Revenue": NaN,
        "Operating Revenue": NaN
    },
    "2023-12-31": {
        "Tax Effect Of Unusual Items": -25350000.0,
        "Tax Rate For Calcs": 0.15,
        "Normalized EBITDA": 106000000.0,
        "Total Unusual Items": -169000000.0,
        "Total Unusual Items Excluding Goodwill": -169000000.0,
        "Net Income From Continuing Operation Net Minority Interest": -162000000.0,
        "Reconciled Depreciation": 106000000.0,
        "Reconciled Cost Of Revenue": 570000000.0,
        "EBITDA": -63000000.0,
        "EBIT": -169000000.0,
        "Net Interest Income": -31000000.0,
        "Interest Expense": 31000000.0,
        "Normalized Income": -18350000.0,
        "Net Income From Continuing And Discontinued Operation": -162000000.0,
        "Total Expenses": 875000000.0,
        "Total Operating Income As Reported": -63000000.0,
        "Diluted Average Shares": 543303379.0,
        "Basic Average Shares": 497702644.0,
        "Diluted EPS": -0.17,
        "Basic EPS": -0.17,
        "Diluted NI Availto Com Stockholders": -162000000.0,
        "Average Dilution Earnings": NaN,
        "Net Income Common Stockholders": -162000000.0,
        "Net Income": -162000000.0,
        "Minority Interests": 8000000.0,
        "Net Income Including Noncontrolling Interests": -170000000.0,
        "Net Income Discontinuous Operations": NaN,
        "Net Income Continuous Operations": -170000000.0,
        "Tax Provision": -30000000.0,
        "Pretax Income": -200000000.0,
        "Other Income Expense": -254000000.0,
        "Other Non Operating Income Expenses": -85000000.0,
        "Gain On Sale Of Security": -21000000.0,
        "Net Non Operating Interest Income Expense": -31000000.0,
        "Interest Expense Non Operating": 31000000.0,
        "Operating Income": 85000000.0,
        "Operating Expense": 284000000.0,
        "Depreciation Amortization Depletion Income Statement": 85000000.0,
        "Depreciation And Amortization In Income Statement": 85000000.0,
        "Selling General And Administration": 199000000.0,
        "Gross Profit": 369000000.0,
        "Cost Of Revenue": 591000000.0,
        "Total Revenue": 960000000.0,
        "Operating Revenue": 960000000.0
    },
    "2024-03-31": {
        "Tax Effect Of Unusual Items": NaN,
        "Tax Rate For Calcs": NaN,
        "Normalized EBITDA": NaN,
        "Total Unusual Items": NaN,
        "Total Unusual Items Excluding Goodwill": NaN,
        "Net Income From Continuing Operation Net Minority Interest": NaN,
        "Reconciled Depreciation": NaN,
        "Reconciled Cost Of Revenue": NaN,
        "EBITDA": NaN,
        "EBIT": NaN,
        "Net Interest Income": NaN,
        "Interest Expense": NaN,
        "Normalized Income": NaN,
        "Net Income From Continuing And Discontinued Operation": NaN,
        "Total Expenses": NaN,
        "Total Operating Income As Reported": NaN,
        "Diluted Average Shares": NaN,
        "Basic Average Shares": NaN,
        "Diluted EPS": NaN,
        "Basic EPS": NaN,
        "Diluted NI Availto Com Stockholders": NaN,
        "Average Dilution Earnings": -1000000.0,
        "Net Income Common Stockholders": NaN,
        "Net Income": NaN,
        "Minority Interests": NaN,
        "Net Income Including Noncontrolling Interests": NaN,
        "Net Income Discontinuous Operations": NaN,
        "Net Income Continuous Operations": NaN,
        "Tax Provision": NaN,
        "Pretax Income": NaN,
        "Other Income Expense": NaN,
        "Other Non Operating Income Expenses": NaN,
        "Special Income Charges": NaN,
        "Impairment Of Capital Assets": NaN,
        "Gain On Sale Of Security": NaN,
        "Net Non Operating Interest Income Expense": NaN,
        "Interest Expense Non Operating": NaN,
        "Operating Income": NaN,
        "Operating Expense": NaN,
        "Depreciation Amortization Depletion Income Statement": NaN,
        "Depreciation And Amortization In Income Statement": NaN,
        "Selling General And Administration": NaN,
        "Gross Profit": NaN,
        "Cost Of Revenue": NaN,
        "Total Revenue": NaN,
        "Operating Revenue": NaN
    },
    "2024-06-30": {
        "Tax Effect Of Unusual Items": NaN,
        "Tax Rate For Calcs": NaN,
        "Normalized EBITDA": NaN,
        "Total Unusual Items": NaN,
        "Total Unusual Items Excluding Goodwill": NaN,
        "Net Income From Continuing Operation Net Minority Interest": NaN,
        "Reconciled Depreciation": NaN,
        "Reconciled Cost Of Revenue": NaN,
        "EBITDA": NaN,
        "EBIT": NaN,
        "Net Interest Income": NaN,
        "Interest Expense": NaN,
        "Normalized Income": NaN,
        "Net Income From Continuing And Discontinued Operation": NaN,
        "Total Expenses": NaN,
        "Total Operating Income As Reported": NaN,
        "Diluted Average Shares": NaN,
        "Basic Average Shares": NaN,
        "Diluted EPS": NaN,
        "Basic EPS": NaN,
        "Diluted NI Availto Com Stockholders": NaN,
        "Average Dilution Earnings": 0.0,
        "Net Income Common Stockholders": NaN,
        "Net Income": NaN,
        "Minority Interests": NaN,
        "Net Income Including Noncontrolling Interests": NaN,
        "Net Income Discontinuous Operations": NaN,
        "Net Income Continuous Operations": NaN,
        "Tax Provision": NaN,
        "Pretax Income": NaN,
        "Other Income Expense": NaN,
        "Other Non Operating Income Expenses": NaN,
        "Special Income Charges": 0.0,
        "Impairment Of Capital Assets": 0.0,
        "Gain On Sale Of Security": NaN,
        "Net Non Operating Interest Income Expense": NaN,
        "Interest Expense Non Operating": NaN,
        "Operating Income": NaN,
        "Operating Expense": NaN,
        "Depreciation Amortization Depletion Income Statement": NaN,
        "Depreciation And Amortization In Income Statement": NaN,
        "Selling General And Administration": NaN,
        "Gross Profit": NaN,
        "Cost Of Revenue": NaN,
        "Total Revenue": NaN,
        "Operating Revenue": NaN
    },
    "2024-09-30": {
        "Tax Effect Of Unusual Items": 3910000.0,
        "Tax Rate For Calcs": 0.17,
        "Normalized EBITDA": 40000000.0,
        "Total Unusual Items": 23000000.0,
        "Total Unusual Items Excluding Goodwill": 23000000.0,
        "Net Income From Continuing Operation Net Minority Interest": -44000000.0,
        "Reconciled Depreciation": 97000000.0,
        "Reconciled Cost Of Revenue": 358000000.0,
        "EBITDA": 63000000.0,
        "EBIT": -34000000.0,
        "Net Interest Income": -19000000.0,
        "Interest Expense": 19000000.0,
        "Normalized Income": -63090000.0,
        "Net Income From Continuing And Discontinued Operation": -74000000.0,
        "Total Expenses": 597000000.0,
        "Total Operating Income As Reported": -42000000.0,
        "Diluted Average Shares": 535828896.0,
        "Basic Average Shares": 535828896.0,
        "Diluted EPS": -0.14,
        "Basic EPS": -0.14,
        "Diluted NI Availto Com Stockholders": -74000000.0,
        "Average Dilution Earnings": 0.0,
        "Net Income Common Stockholders": -74000000.0,
        "Net Income": -74000000.0,
        "Minority Interests": 0.0,
        "Net Income Including Noncontrolling Interests": -74000000.0,
        "Net Income Discontinuous Operations": -30000000.0,
        "Net Income Continuous Operations": -44000000.0,
        "Tax Provision": -9000000.0,
        "Pretax Income": -53000000.0,
        "Other Income Expense": 8000000.0,
        "Other Non Operating Income Expenses": -15000000.0,
        "Special Income Charges": NaN,
        "Impairment Of Capital Assets": NaN,
        "Gain On Sale Of Security": 23000000.0,
        "Net Non Operating Interest Income Expense": -19000000.0,
        "Interest Expense Non Operating": 19000000.0,
        "Operating Income": -42000000.0,
        "Operating Expense": 216000000.0,
        "Depreciation Amortization Depletion Income Statement": 74000000.0,
        "Depreciation And Amortization In Income Statement": 74000000.0,
        "Selling General And Administration": 142000000.0,
        "Gross Profit": 174000000.0,
        "Cost Of Revenue": 381000000.0,
        "Total Revenue": 555000000.0,
        "Operating Revenue": 555000000.0
    },
    "2024-12-31": {
        "Tax Effect Of Unusual Items": 630000.0,
        "Tax Rate For Calcs": 0.21,
        "Normalized EBITDA": 174000000.0,
        "Total Unusual Items": 3000000.0,
        "Total Unusual Items Excluding Goodwill": 3000000.0,
        "Net Income From Continuing Operation Net Minority Interest": 29000000.0,
        "Reconciled Depreciation": 102000000.0,
        "Reconciled Cost Of Revenue": 383000000.0,
        "EBITDA": 177000000.0,
        "EBIT": 75000000.0,
        "Net Interest Income": -20000000.0,
        "Interest Expense": 20000000.0,
        "Normalized Income": 26630000.0,
        "Net Income From Continuing And Discontinued Operation": 8000000.0,
        "Total Expenses": 636000000.0,
        "Total Operating Income As Reported": 44000000.0,
        "Diluted Average Shares": 534080703.0,
        "Basic Average Shares": 532282913.0,
        "Diluted EPS": 0.01,
        "Basic EPS": 0.01,
        "Diluted NI Availto Com Stockholders": 9000000.0,
        "Average Dilution Earnings": NaN,
        "Net Income Common Stockholders": 8000000.0,
        "Net Income": 8000000.0,
        "Minority Interests": 0.0,
        "Net Income Including Noncontrolling Interests": 8000000.0,
        "Net Income Discontinuous Operations": -21000000.0,
        "Net Income Continuous Operations": 29000000.0,
        "Tax Provision": 26000000.0,
        "Pretax Income": 55000000.0,
        "Other Income Expense": 31000000.0,
        "Other Non Operating Income Expenses": 28000000.0,
        "Special Income Charges": NaN,
        "Impairment Of Capital Assets": NaN,
        "Gain On Sale Of Security": 3000000.0,
        "Net Non Operating Interest Income Expense": -20000000.0,
        "Interest Expense Non Operating": 20000000.0,
        "Operating Income": 44000000.0,
        "Operating Expense": 227000000.0,
        "Depreciation Amortization Depletion Income Statement": 76000000.0,
        "Depreciation And Amortization In Income Statement": 76000000.0,
        "Selling General And Administration": 151000000.0,
        "Gross Profit": 271000000.0,
        "Cost Of Revenue": 409000000.0,
        "Total Revenue": 680000000.0,
        "Operating Revenue": 680000000.0
    },
    "2025-03-31": {
        "Tax Effect Of Unusual Items": 1200000.0,
        "Tax Rate For Calcs": 0.15,
        "Normalized EBITDA": 95000000.0,
        "Total Unusual Items": 8000000.0,
        "Total Unusual Items Excluding Goodwill": 8000000.0,
        "Net Income From Continuing Operation Net Minority Interest": -17000000.0,
        "Reconciled Depreciation": 101000000.0,
        "Reconciled Cost Of Revenue": 351000000.0,
        "EBITDA": 103000000.0,
        "EBIT": 2000000.0,
        "Net Interest Income": -22000000.0,
        "Interest Expense": 22000000.0,
        "Normalized Income": -23800000.0,
        "Net Income From Continuing And Discontinued Operation": -25000000.0,
        "Total Expenses": 556000000.0,
        "Total Operating Income As Reported": -8000000.0,
        "Diluted Average Shares": 532297681.0,
        "Basic Average Shares": 532297681.0,
        "Diluted EPS": -0.05,
        "Basic EPS": -0.05,
        "Diluted NI Availto Com Stockholders": -25000000.0,
        "Average Dilution Earnings": 0.0,
        "Net Income Common Stockholders": -25000000.0,
        "Net Income": -25000000.0,
        "Minority Interests": 0.0,
        "Net Income Including Noncontrolling Interests": -25000000.0,
        "Net Income Discontinuous Operations": -8000000.0,
        "Net Income Continuous Operations": -17000000.0,
        "Tax Provision": -3000000.0,
        "Pretax Income": -20000000.0,
        "Other Income Expense": 10000000.0,
        "Other Non Operating Income Expenses": 2000000.0,
        "Special Income Charges": NaN,
        "Impairment Of Capital Assets": NaN,
        "Gain On Sale Of Security": 8000000.0,
        "Net Non Operating Interest Income Expense": -22000000.0,
        "Interest Expense Non Operating": 22000000.0,
        "Operating Income": -8000000.0,
        "Operating Expense": 179000000.0,
        "Depreciation Amortization Depletion Income Statement": 75000000.0,
        "Depreciation And Amortization In Income Statement": 75000000.0,
        "Selling General And Administration": 104000000.0,
        "Gross Profit": 171000000.0,
        "Cost Of Revenue": 377000000.0,
        "Total Revenue": 548000000.0,
        "Operating Revenue": 548000000.0
    },
    "2025-06-30": {
        "Tax Effect Of Unusual Items": 0.0,
        "Tax Rate For Calcs": 0.0,
        "Normalized EBITDA": 57000000.0,
        "Total Unusual Items": -1011000000.0,
        "Total Unusual Items Excluding Goodwill": -1011000000.0,
        "Net Income From Continuing Operation Net Minority Interest": -1072000000.0,
        "Reconciled Depreciation": 100000000.0,
        "Reconciled Cost Of Revenue": 325000000.0,
        "EBITDA": -954000000.0,
        "EBIT": -1054000000.0,
        "Net Interest Income": -22000000.0,
        "Interest Expense": 22000000.0,
        "Normalized Income": -61000000.0,
        "Net Income From Continuing And Discontinued Operation": -1073000000.0,
        "Total Expenses": 555000000.0,
        "Total Operating Income As Reported": -1010000000.0,
        "Diluted Average Shares": 528469912.0,
        "Basic Average Shares": 528469912.0,
        "Diluted EPS": -2.03,
        "Basic EPS": -2.03,
        "Diluted NI Availto Com Stockholders": -1073000000.0,
        "Average Dilution Earnings": 0.0,
        "Net Income Common Stockholders": -1073000000.0,
        "Net Income": -1073000000.0,
        "Minority Interests": 1000000.0,
        "Net Income Including Noncontrolling Interests": -1074000000.0,
        "Net Income Discontinuous Operations": -1000000.0,
        "Net Income Continuous Operations": -1073000000.0,
        "Tax Provision": -3000000.0,
        "Pretax Income": -1076000000.0,
        "Other Income Expense": -1027000000.0,
        "Other Non Operating Income Expenses": -16000000.0,
        "Special Income Charges": -983000000.0,
        "Impairment Of Capital Assets": 983000000.0,
        "Gain On Sale Of Security": -28000000.0,
        "Net Non Operating Interest Income Expense": -22000000.0,
        "Interest Expense Non Operating": 22000000.0,
        "Operating Income": -27000000.0,
        "Operating Expense": 203000000.0,
        "Depreciation Amortization Depletion Income Statement": 73000000.0,
        "Depreciation And Amortization In Income Statement": 73000000.0,
        "Selling General And Administration": 130000000.0,
        "Gross Profit": 176000000.0,
        "Cost Of Revenue": 352000000.0,
        "Total Revenue": 528000000.0,
        "Operating Revenue": 528000000.0
    },
    "2025-09-30": {
        "Tax Effect Of Unusual Items": -211040000.0,
        "Tax Rate For Calcs": 0.16,
        "Normalized EBITDA": 193000000.0,
        "Total Unusual Items": -1319000000.0,
        "Total Unusual Items Excluding Goodwill": -1319000000.0,
        "Net Income From Continuing Operation Net Minority Interest": -1054000000.0,
        "Reconciled Depreciation": 103000000.0,
        "Reconciled Cost Of Revenue": 327000000.0,
        "EBITDA": -1126000000.0,
        "EBIT": -1229000000.0,
        "Net Interest Income": -24000000.0,
        "Interest Expense": 24000000.0,
        "Normalized Income": 53960000.0,
        "Net Income From Continuing And Discontinued Operation": -1067000000.0,
        "Total Expenses": 517000000.0,
        "Total Operating Income As Reported": -1322000000.0,
        "Diluted Average Shares": 526576757.0,
        "Basic Average Shares": 526576757.0,
        "Diluted EPS": -2.02,
        "Basic EPS": -2.02,
        "Diluted NI Availto Com Stockholders": -1067000000.0,
        "Average Dilution Earnings": 0.0,
        "Net Income Common Stockholders": -1067000000.0,
        "Net Income": -1067000000.0,
        "Minority Interests": 1000000.0,
        "Net Income Including Noncontrolling Interests": -1068000000.0,
        "Net Income Discontinuous Operations": -13000000.0,
        "Net Income Continuous Operations": -1055000000.0,
        "Tax Provision": -198000000.0,
        "Pretax Income": -1253000000.0,
        "Other Income Expense": -1245000000.0,
        "Other Non Operating Income Expenses": 74000000.0,
        "Special Income Charges": -1338000000.0,
        "Impairment Of Capital Assets": 1338000000.0,
        "Gain On Sale Of Security": 19000000.0,
        "Net Non Operating Interest Income Expense": -24000000.0,
        "Interest Expense Non Operating": 24000000.0,
        "Operating Income": 16000000.0,
        "Operating Expense": 162000000.0,
        "Depreciation Amortization Depletion Income Statement": 75000000.0,
        "Depreciation And Amortization In Income Statement": 75000000.0,
        "Selling General And Administration": 87000000.0,
        "Gross Profit": 178000000.0,
        "Cost Of Revenue": 355000000.0,
        "Total Revenue": 533000000.0,
        "Operating Revenue": 533000000.0
    }
}