{
    "2023-03-31": {
        "Tax Effect Of Unusual Items": 5040.0,
        "Tax Rate For Calcs": 0.21,
        "Normalized EBITDA": -12448000.0,
        "Total Unusual Items": 24000.0,
        "Total Unusual Items Excluding Goodwill": 24000.0,
        "Net Income From Continuing Operation Net Minority Interest": -16963000.0,
        "Reconciled Depreciation": 2586000.0,
        "Reconciled Cost Of Revenue": 25632000.0,
        "EBITDA": -12424000.0,
        "EBIT": -15010000.0,
        "Net Interest Income": -31000.0,
        "Interest Expense": 1757000.0,
        "Interest Income": 1726000.0,
        "Normalized Income": -16981960.0,
        "Net Income From Continuing And Discontinued Operation": -16963000.0,
        "Total Expenses": 76756000.0,
        "Total Operating Income As Reported": -16946000.0,
        "Diluted Average Shares": 92397341.0,
        "Basic Average Shares": 92397341.0,
        "Diluted EPS": -0.18,
        "Basic EPS": -0.18,
        "Diluted NI Availto Com Stockholders": -16963000.0,
        "Net Income Common Stockholders": -16963000.0,
        "Net Income": -16963000.0,
        "Net Income Including Noncontrolling Interests": -16963000.0,
        "Net Income Continuous Operations": -16963000.0,
        "Tax Provision": 196000.0,
        "Pretax Income": -16767000.0,
        "Other Income Expense": 24000.0,
        "Special Income Charges": -186000.0,
        "Restructuring And Mergern Acquisition": 186000.0,
        "Gain On Sale Of Security": 210000.0,
        "Net Non Operating Interest Income Expense": -31000.0,
        "Interest Expense Non Operating": 1757000.0,
        "Interest Income Non Operating": 1726000.0,
        "Operating Income": -16760000.0,
        "Operating Expense": 48898000.0,
        "Depreciation Amortization Depletion Income Statement": 360000.0,
        "Depreciation And Amortization In Income Statement": 360000.0,
        "Amortization": 360000.0,
        "Amortization Of Intangibles Income Statement": 360000.0,
        "Research And Development": 20549000.0,
        "Selling General And Administration": 27989000.0,
        "Selling And Marketing Expense": 10878000.0,
        "General And Administrative Expense": 17111000.0,
        "Other Gand A": 17111000.0,
        "Gross Profit": 32138000.0,
        "Cost Of Revenue": 27858000.0,
        "Total Revenue": 59996000.0,
        "Operating Revenue": 59189000.0
    },
    "2022-12-31": {
        "Tax Effect Of Unusual Items": 1282803.961122,
        "Tax Rate For Calcs": 0.099211,
        "Normalized EBITDA": -14288000.0,
        "Total Unusual Items": 12930000.0,
        "Total Unusual Items Excluding Goodwill": 12930000.0,
        "Net Income From Continuing Operation Net Minority Interest": -4912000.0,
        "Reconciled Depreciation": 2563000.0,
        "Reconciled Cost Of Revenue": 24661000.0,
        "EBITDA": -1358000.0,
        "EBIT": -3921000.0,
        "Net Interest Income": -219000.0,
        "Interest Expense": 1532000.0,
        "Interest Income": 1313000.0,
        "Normalized Income": -16559196.038878,
        "Net Income From Continuing And Discontinued Operation": -4912000.0,
        "Total Expenses": 73702000.0,
        "Total Operating Income As Reported": -5480000.0,
        "Diluted Average Shares": 91708635.0,
        "Basic Average Shares": 91708635.0,
        "Diluted EPS": -0.05,
        "Basic EPS": -0.05,
        "Diluted NI Availto Com Stockholders": -4912000.0,
        "Net Income Common Stockholders": -4912000.0,
        "Net Income": -4912000.0,
        "Net Income Including Noncontrolling Interests": -4912000.0,
        "Net Income Continuous Operations": -4912000.0,
        "Tax Provision": -541000.0,
        "Pretax Income": -5453000.0,
        "Other Income Expense": 12930000.0,
        "Special Income Charges": 12684000.0,
        "Restructuring And Mergern Acquisition": -12684000.0,
        "Gain On Sale Of Security": 246000.0,
        "Net Non Operating Interest Income Expense": -219000.0,
        "Interest Expense Non Operating": 1532000.0,
        "Interest Income Non Operating": 1313000.0,
        "Operating Income": -18164000.0,
        "Operating Expense": 46837000.0,
        "Depreciation Amortization Depletion Income Statement": 359000.0,
        "Depreciation And Amortization In Income Statement": 359000.0,
        "Amortization": 359000.0,
        "Amortization Of Intangibles Income Statement": 359000.0,
        "Research And Development": 20356000.0,
        "Selling General And Administration": 26122000.0,
        "Selling And Marketing Expense": 8989000.0,
        "General And Administrative Expense": 17133000.0,
        "Other Gand A": 17133000.0,
        "Gross Profit": 28673000.0,
        "Cost Of Revenue": 26865000.0,
        "Total Revenue": 55538000.0,
        "Operating Revenue": 54538000.0
    },
    "2022-09-30": {
        "Tax Effect Of Unusual Items": -6419.354839,
        "Tax Rate For Calcs": 0.008065,
        "Normalized EBITDA": -15681000.0,
        "Total Unusual Items": -796000.0,
        "Total Unusual Items Excluding Goodwill": -796000.0,
        "Net Income From Continuing Operation Net Minority Interest": -20049000.0,
        "Reconciled Depreciation": 2550000.0,
        "Reconciled Cost Of Revenue": 23664000.0,
        "EBITDA": -16477000.0,
        "EBIT": -19027000.0,
        "Net Interest Income": -334000.0,
        "Interest Expense": 1185000.0,
        "Interest Income": 851000.0,
        "Normalized Income": -19259419.354839,
        "Net Income From Continuing And Discontinued Operation": -20049000.0,
        "Total Expenses": 72494000.0,
        "Total Operating Income As Reported": -19819000.0,
        "Diluted Average Shares": 91182235.0,
        "Basic Average Shares": 91182235.0,
        "Diluted EPS": -0.22,
        "Basic EPS": -0.22,
        "Diluted NI Availto Com Stockholders": -20049000.0,
        "Net Income Common Stockholders": -20049000.0,
        "Net Income": -20049000.0,
        "Net Income Including Noncontrolling Interests": -20049000.0,
        "Net Income Continuous Operations": -20049000.0,
        "Tax Provision": -163000.0,
        "Pretax Income": -20212000.0,
        "Other Income Expense": -796000.0,
        "Special Income Charges": -737000.0,
        "Restructuring And Mergern Acquisition": 737000.0,
        "Gain On Sale Of Security": -59000.0,
        "Net Non Operating Interest Income Expense": -334000.0,
        "Interest Expense Non Operating": 1185000.0,
        "Interest Income Non Operating": 851000.0,
        "Operating Income": -19082000.0,
        "Operating Expense": 46650000.0,
        "Depreciation Amortization Depletion Income Statement": 370000.0,
        "Depreciation And Amortization In Income Statement": 370000.0,
        "Amortization": 370000.0,
        "Amortization Of Intangibles Income Statement": 370000.0,
        "Research And Development": 18222000.0,
        "Selling General And Administration": 28058000.0,
        "Selling And Marketing Expense": 9721000.0,
        "General And Administrative Expense": 18337000.0,
        "Other Gand A": 18337000.0,
        "Gross Profit": 27568000.0,
        "Cost Of Revenue": 25844000.0,
        "Total Revenue": 53412000.0,
        "Operating Revenue": 53412000.0
    },
    "2022-06-30": {
        "Tax Effect Of Unusual Items": -450400.0,
        "Tax Rate For Calcs": 0.4,
        "Normalized EBITDA": -17833000.0,
        "Total Unusual Items": -1126000.0,
        "Total Unusual Items Excluding Goodwill": -1126000.0,
        "Net Income From Continuing Operation Net Minority Interest": -20233000.0,
        "Reconciled Depreciation": 331000.0,
        "Reconciled Cost Of Revenue": 23257000.0,
        "EBITDA": -18959000.0,
        "EBIT": -19290000.0,
        "Net Interest Income": -363000.0,
        "Interest Expense": 787000.0,
        "Interest Income": 424000.0,
        "Normalized Income": -19557400.0,
        "Net Income From Continuing And Discontinued Operation": -20233000.0,
        "Total Expenses": 69118000.0,
        "Total Operating Income As Reported": -19384000.0,
        "Diluted Average Shares": 90707381.0,
        "Basic Average Shares": 90707381.0,
        "Diluted EPS": -0.22,
        "Basic EPS": -0.22,
        "Diluted NI Availto Com Stockholders": -20233000.0,
        "Net Income Common Stockholders": -20233000.0,
        "Net Income": -20233000.0,
        "Net Income Including Noncontrolling Interests": -20233000.0,
        "Net Income Continuous Operations": -20233000.0,
        "Tax Provision": 156000.0,
        "Pretax Income": -20077000.0,
        "Other Income Expense": -1126000.0,
        "Special Income Charges": -872000.0,
        "Other Special Charges": 76000.0,
        "Restructuring And Mergern Acquisition": 796000.0,
        "Gain On Sale Of Security": -254000.0,
        "Net Non Operating Interest Income Expense": -363000.0,
        "Interest Expense Non Operating": 787000.0,
        "Interest Income Non Operating": 424000.0,
        "Operating Income": -18588000.0,
        "Operating Expense": 45861000.0,
        "Depreciation Amortization Depletion Income Statement": 331000.0,
        "Depreciation And Amortization In Income Statement": 331000.0,
        "Amortization": 331000.0,
        "Amortization Of Intangibles Income Statement": 331000.0,
        "Research And Development": 16595000.0,
        "Selling General And Administration": 28935000.0,
        "Selling And Marketing Expense": 10204000.0,
        "General And Administrative Expense": 18731000.0,
        "Other Gand A": 18731000.0,
        "Gross Profit": 27273000.0,
        "Cost Of Revenue": 23257000.0,
        "Total Revenue": 50530000.0,
        "Operating Revenue": 50530000.0
    },
    "2023-06-30": {
        "Tax Effect Of Unusual Items": NaN,
        "Tax Rate For Calcs": NaN,
        "Normalized EBITDA": NaN,
        "Total Unusual Items": NaN,
        "Total Unusual Items Excluding Goodwill": NaN,
        "Net Income From Continuing Operation Net Minority Interest": NaN,
        "Reconciled Depreciation": NaN,
        "Reconciled Cost Of Revenue": NaN,
        "EBITDA": NaN,
        "EBIT": NaN,
        "Net Interest Income": NaN,
        "Interest Expense": NaN,
        "Interest Income": NaN,
        "Normalized Income": NaN,
        "Net Income From Continuing And Discontinued Operation": NaN,
        "Total Expenses": NaN,
        "Total Operating Income As Reported": NaN,
        "Diluted Average Shares": NaN,
        "Basic Average Shares": NaN,
        "Diluted EPS": NaN,
        "Basic EPS": NaN,
        "Diluted NI Availto Com Stockholders": NaN,
        "Net Income Common Stockholders": NaN,
        "Net Income": NaN,
        "Net Income Including Noncontrolling Interests": NaN,
        "Net Income Continuous Operations": NaN,
        "Tax Provision": NaN,
        "Pretax Income": NaN,
        "Other Income Expense": NaN,
        "Special Income Charges": NaN,
        "Restructuring And Mergern Acquisition": NaN,
        "Gain On Sale Of Security": 10000.0,
        "Net Non Operating Interest Income Expense": NaN,
        "Interest Expense Non Operating": NaN,
        "Interest Income Non Operating": NaN,
        "Operating Income": NaN,
        "Operating Expense": NaN,
        "Depreciation Amortization Depletion Income Statement": NaN,
        "Depreciation And Amortization In Income Statement": NaN,
        "Amortization": NaN,
        "Amortization Of Intangibles Income Statement": NaN,
        "Research And Development": NaN,
        "Selling General And Administration": NaN,
        "Selling And Marketing Expense": NaN,
        "General And Administrative Expense": NaN,
        "Other Gand A": NaN,
        "Gross Profit": NaN,
        "Cost Of Revenue": NaN,
        "Total Revenue": NaN,
        "Operating Revenue": NaN
    },
    "2022-03-31": {
        "Diluted EPS": -0.15,
        "Total Revenue": 45,
        "Gross Profit": 25,
        "Operating Income": -13,
        "EBIT": -12,
        "Net Income": -13
    },
    "2021-12-31": {
        "Diluted EPS": 1.55,
        "Total Revenue": 42,
        "Gross Profit": 23,
        "Operating Income": -13,
        "EBIT": -12,
        "Net Income": -13
    },
    "2021-09-30": {
        "Diluted EPS": -0.13,
        "Total Revenue": 40,
        "Gross Profit": 22,
        "Operating Income": -11,
        "EBIT": -10,
        "Net Income": -11
    },
    "2021-06-30": {
        "Diluted EPS": -0.15,
        "Total Revenue": 37,
        "Gross Profit": 21,
        "Operating Income": -10,
        "EBIT": -9,
        "Net Income": -11
    },
    "2021-03-31": {
        "Diluted EPS": -2.0,
        "Total Revenue": 33,
        "Gross Profit": 18,
        "Operating Income": -9,
        "EBIT": -8,
        "Net Income": -11
    },
    "2020-12-31": {
        "Diluted EPS": -2.5,
        "Total Revenue": 33,
        "Gross Profit": 19,
        "Operating Income": -11,
        "EBIT": -10,
        "Net Income": -12
    },
    "2020-09-30": {
        "Diluted EPS": -5.34,
        "Total Revenue": 29,
        "Gross Profit": 15,
        "Operating Income": -7,
        "EBIT": -6,
        "Net Income": -26
    },
    "2020-06-30": {
        "Diluted EPS": -1.63,
        "Total Revenue": 27,
        "Gross Profit": 13,
        "Operating Income": -7,
        "EBIT": -6,
        "Net Income": -8
    },
    "2020-03-31": {
        "Diluted EPS": -2.31,
        "Total Revenue": 23,
        "Gross Profit": 11,
        "Operating Income": -10,
        "EBIT": -10,
        "Net Income": -11
    },
    "2019-12-31": {
        "Diluted EPS": 0.0,
        "Total Revenue": NaN,
        "Gross Profit": NaN,
        "Operating Income": NaN,
        "EBIT": NaN,
        "Net Income": NaN
    },
    "2023-09-30": {
        "Tax Effect Of Unusual Items": NaN,
        "Tax Rate For Calcs": NaN,
        "Normalized EBITDA": NaN,
        "Total Unusual Items": NaN,
        "Total Unusual Items Excluding Goodwill": NaN,
        "Net Income From Continuing Operation Net Minority Interest": NaN,
        "Reconciled Depreciation": NaN,
        "Reconciled Cost Of Revenue": NaN,
        "EBITDA": NaN,
        "EBIT": NaN,
        "Net Interest Income": NaN,
        "Interest Expense": NaN,
        "Interest Income": NaN,
        "Normalized Income": NaN,
        "Net Income From Continuing And Discontinued Operation": NaN,
        "Total Expenses": NaN,
        "Total Operating Income As Reported": NaN,
        "Diluted Average Shares": NaN,
        "Basic Average Shares": NaN,
        "Diluted EPS": NaN,
        "Basic EPS": NaN,
        "Diluted NI Availto Com Stockholders": NaN,
        "Net Income Common Stockholders": NaN,
        "Net Income": NaN,
        "Net Income Including Noncontrolling Interests": NaN,
        "Net Income Continuous Operations": NaN,
        "Tax Provision": NaN,
        "Pretax Income": NaN,
        "Other Income Expense": NaN,
        "Special Income Charges": NaN,
        "Impairment Of Capital Assets": NaN,
        "Restructuring And Mergern Acquisition": NaN,
        "Gain On Sale Of Security": 201000.0,
        "Net Non Operating Interest Income Expense": NaN,
        "Interest Expense Non Operating": NaN,
        "Interest Income Non Operating": NaN,
        "Operating Income": NaN,
        "Operating Expense": NaN,
        "Depreciation Amortization Depletion Income Statement": NaN,
        "Depreciation And Amortization In Income Statement": NaN,
        "Amortization": NaN,
        "Amortization Of Intangibles Income Statement": NaN,
        "Research And Development": NaN,
        "Selling General And Administration": NaN,
        "Selling And Marketing Expense": NaN,
        "General And Administrative Expense": NaN,
        "Other Gand A": NaN,
        "Gross Profit": NaN,
        "Cost Of Revenue": NaN,
        "Total Revenue": NaN,
        "Operating Revenue": NaN
    },
    "2023-12-31": {
        "Tax Effect Of Unusual Items": NaN,
        "Tax Rate For Calcs": NaN,
        "Normalized EBITDA": NaN,
        "Total Unusual Items": NaN,
        "Total Unusual Items Excluding Goodwill": NaN,
        "Net Income From Continuing Operation Net Minority Interest": NaN,
        "Reconciled Depreciation": NaN,
        "Reconciled Cost Of Revenue": NaN,
        "EBITDA": NaN,
        "EBIT": NaN,
        "Net Interest Income": NaN,
        "Interest Expense": NaN,
        "Interest Income": NaN,
        "Normalized Income": NaN,
        "Net Income From Continuing And Discontinued Operation": NaN,
        "Total Expenses": NaN,
        "Total Operating Income As Reported": NaN,
        "Diluted Average Shares": NaN,
        "Basic Average Shares": NaN,
        "Diluted EPS": NaN,
        "Basic EPS": NaN,
        "Diluted NI Availto Com Stockholders": NaN,
        "Net Income Common Stockholders": NaN,
        "Net Income": NaN,
        "Net Income Including Noncontrolling Interests": NaN,
        "Net Income Continuous Operations": NaN,
        "Tax Provision": NaN,
        "Pretax Income": NaN,
        "Other Income Expense": NaN,
        "Special Income Charges": NaN,
        "Impairment Of Capital Assets": NaN,
        "Restructuring And Mergern Acquisition": NaN,
        "Gain On Sale Of Security": 113000.0,
        "Net Non Operating Interest Income Expense": NaN,
        "Interest Expense Non Operating": NaN,
        "Interest Income Non Operating": NaN,
        "Operating Income": NaN,
        "Operating Expense": NaN,
        "Depreciation Amortization Depletion Income Statement": NaN,
        "Depreciation And Amortization In Income Statement": NaN,
        "Amortization": NaN,
        "Amortization Of Intangibles Income Statement": NaN,
        "Research And Development": NaN,
        "Selling General And Administration": NaN,
        "Selling And Marketing Expense": NaN,
        "General And Administrative Expense": NaN,
        "Other Gand A": NaN,
        "Gross Profit": NaN,
        "Cost Of Revenue": NaN,
        "Total Revenue": NaN,
        "Operating Revenue": NaN
    },
    "2024-03-31": {
        "Tax Effect Of Unusual Items": NaN,
        "Tax Rate For Calcs": NaN,
        "Normalized EBITDA": NaN,
        "Total Unusual Items": NaN,
        "Total Unusual Items Excluding Goodwill": NaN,
        "Net Income From Continuing Operation Net Minority Interest": NaN,
        "Reconciled Depreciation": NaN,
        "Reconciled Cost Of Revenue": NaN,
        "EBITDA": NaN,
        "EBIT": NaN,
        "Net Interest Income": NaN,
        "Interest Expense": NaN,
        "Interest Income": NaN,
        "Normalized Income": NaN,
        "Net Income From Continuing And Discontinued Operation": NaN,
        "Total Expenses": NaN,
        "Total Operating Income As Reported": NaN,
        "Diluted Average Shares": NaN,
        "Basic Average Shares": NaN,
        "Diluted EPS": NaN,
        "Basic EPS": NaN,
        "Diluted NI Availto Com Stockholders": NaN,
        "Net Income Common Stockholders": NaN,
        "Net Income": NaN,
        "Net Income Including Noncontrolling Interests": NaN,
        "Net Income Continuous Operations": NaN,
        "Tax Provision": NaN,
        "Pretax Income": NaN,
        "Other Income Expense": 52000.0,
        "Special Income Charges": NaN,
        "Impairment Of Capital Assets": 0.0,
        "Restructuring And Mergern Acquisition": NaN,
        "Gain On Sale Of Security": 112000.0,
        "Net Non Operating Interest Income Expense": NaN,
        "Interest Expense Non Operating": NaN,
        "Interest Income Non Operating": NaN,
        "Operating Income": NaN,
        "Operating Expense": NaN,
        "Depreciation Amortization Depletion Income Statement": NaN,
        "Depreciation And Amortization In Income Statement": NaN,
        "Amortization": NaN,
        "Amortization Of Intangibles Income Statement": NaN,
        "Research And Development": NaN,
        "Selling General And Administration": NaN,
        "Selling And Marketing Expense": NaN,
        "General And Administrative Expense": NaN,
        "Other Gand A": NaN,
        "Gross Profit": NaN,
        "Cost Of Revenue": NaN,
        "Total Revenue": NaN,
        "Operating Revenue": NaN
    },
    "2024-06-30": {
        "Tax Effect Of Unusual Items": -51870.0,
        "Tax Rate For Calcs": 0.21,
        "Normalized EBITDA": -9198000.0,
        "Total Unusual Items": -247000.0,
        "Total Unusual Items Excluding Goodwill": -247000.0,
        "Net Income From Continuing Operation Net Minority Interest": -12317000.0,
        "Reconciled Depreciation": 2613000.0,
        "Reconciled Cost Of Revenue": 31134000.0,
        "EBITDA": -9445000.0,
        "EBIT": -12058000.0,
        "Net Interest Income": 1187000.0,
        "Interest Expense": 74000.0,
        "Interest Income": 1261000.0,
        "Normalized Income": -12121870.0,
        "Net Income From Continuing And Discontinued Operation": -12317000.0,
        "Total Expenses": 95232000.0,
        "Total Operating Income As Reported": -13207000.0,
        "Diluted Average Shares": 98103527.0,
        "Basic Average Shares": 98103527.0,
        "Diluted EPS": -0.13,
        "Basic EPS": -0.13,
        "Diluted NI Availto Com Stockholders": -12317000.0,
        "Net Income Common Stockholders": -12317000.0,
        "Net Income": -12317000.0,
        "Net Income Including Noncontrolling Interests": -12317000.0,
        "Net Income Continuous Operations": -12317000.0,
        "Tax Provision": 185000.0,
        "Pretax Income": -12132000.0,
        "Other Income Expense": -247000.0,
        "Special Income Charges": -135000.0,
        "Impairment Of Capital Assets": NaN,
        "Restructuring And Mergern Acquisition": 135000.0,
        "Gain On Sale Of Security": -112000.0,
        "Net Non Operating Interest Income Expense": 1187000.0,
        "Interest Expense Non Operating": 74000.0,
        "Interest Income Non Operating": 1261000.0,
        "Operating Income": -13072000.0,
        "Operating Expense": 61843000.0,
        "Depreciation Amortization Depletion Income Statement": 358000.0,
        "Depreciation And Amortization In Income Statement": 358000.0,
        "Amortization": 358000.0,
        "Amortization Of Intangibles Income Statement": 358000.0,
        "Research And Development": 23909000.0,
        "Selling General And Administration": 37576000.0,
        "Selling And Marketing Expense": 16964000.0,
        "General And Administrative Expense": 20612000.0,
        "Other Gand A": 20612000.0,
        "Gross Profit": 48771000.0,
        "Cost Of Revenue": 33389000.0,
        "Total Revenue": 82160000.0,
        "Operating Revenue": 80481000.0
    },
    "2024-09-30": {
        "Tax Effect Of Unusual Items": 0.0,
        "Tax Rate For Calcs": 0.002,
        "Normalized EBITDA": -6602000.0,
        "Total Unusual Items": 0.0,
        "Total Unusual Items Excluding Goodwill": 0.0,
        "Net Income From Continuing Operation Net Minority Interest": -9442000.0,
        "Reconciled Depreciation": 2679000.0,
        "Reconciled Cost Of Revenue": 32969000.0,
        "EBITDA": -6602000.0,
        "EBIT": -9281000.0,
        "Net Interest Income": 967000.0,
        "Interest Expense": 180000.0,
        "Interest Income": 1147000.0,
        "Normalized Income": -9442000.0,
        "Net Income From Continuing And Discontinued Operation": -9442000.0,
        "Total Expenses": 96334000.0,
        "Total Operating Income As Reported": -10428000.0,
        "Diluted Average Shares": 99435002.0,
        "Basic Average Shares": 99435002.0,
        "Diluted EPS": -0.09,
        "Basic EPS": -0.09,
        "Diluted NI Availto Com Stockholders": -9442000.0,
        "Net Income Common Stockholders": -9442000.0,
        "Net Income": -9442000.0,
        "Net Income Including Noncontrolling Interests": -9442000.0,
        "Net Income Continuous Operations": -9442000.0,
        "Tax Provision": -19000.0,
        "Pretax Income": -9461000.0,
        "Other Income Expense": NaN,
        "Special Income Charges": 0.0,
        "Impairment Of Capital Assets": NaN,
        "Restructuring And Mergern Acquisition": 0.0,
        "Gain On Sale Of Security": NaN,
        "Net Non Operating Interest Income Expense": 967000.0,
        "Interest Expense Non Operating": 180000.0,
        "Interest Income Non Operating": 1147000.0,
        "Operating Income": -10428000.0,
        "Operating Expense": 61045000.0,
        "Depreciation Amortization Depletion Income Statement": 359000.0,
        "Depreciation And Amortization In Income Statement": 359000.0,
        "Amortization": 359000.0,
        "Amortization Of Intangibles Income Statement": 359000.0,
        "Research And Development": 24133000.0,
        "Selling General And Administration": 36553000.0,
        "Selling And Marketing Expense": 14406000.0,
        "General And Administrative Expense": 22147000.0,
        "Other Gand A": 22147000.0,
        "Gross Profit": 50617000.0,
        "Cost Of Revenue": 35289000.0,
        "Total Revenue": 85906000.0,
        "Operating Revenue": 83886000.0
    },
    "2024-12-31": {
        "Tax Effect Of Unusual Items": 0.0,
        "Tax Rate For Calcs": 0.006112,
        "Normalized EBITDA": -4902000.0,
        "Total Unusual Items": 0.0,
        "Total Unusual Items Excluding Goodwill": 0.0,
        "Net Income From Continuing Operation Net Minority Interest": -7643000.0,
        "Reconciled Depreciation": 2654000.0,
        "Reconciled Cost Of Revenue": 34151000.0,
        "EBITDA": -4902000.0,
        "EBIT": -7556000.0,
        "Net Interest Income": 936000.0,
        "Interest Expense": 134000.0,
        "Interest Income": 1070000.0,
        "Normalized Income": -7643000.0,
        "Net Income From Continuing And Discontinued Operation": -7643000.0,
        "Total Expenses": 98282000.0,
        "Total Operating Income As Reported": -8626000.0,
        "Diluted Average Shares": 101057260.0,
        "Basic Average Shares": 101057260.0,
        "Diluted EPS": -0.08,
        "Basic EPS": -0.08,
        "Diluted NI Availto Com Stockholders": -7643000.0,
        "Net Income Common Stockholders": -7643000.0,
        "Net Income": -7643000.0,
        "Net Income Including Noncontrolling Interests": -7643000.0,
        "Net Income Continuous Operations": -7643000.0,
        "Tax Provision": -47000.0,
        "Pretax Income": -7690000.0,
        "Other Income Expense": 0.0,
        "Special Income Charges": 0.0,
        "Impairment Of Capital Assets": NaN,
        "Restructuring And Mergern Acquisition": 0.0,
        "Gain On Sale Of Security": NaN,
        "Net Non Operating Interest Income Expense": 936000.0,
        "Interest Expense Non Operating": 134000.0,
        "Interest Income Non Operating": 1070000.0,
        "Operating Income": -8626000.0,
        "Operating Expense": 61836000.0,
        "Depreciation Amortization Depletion Income Statement": 359000.0,
        "Depreciation And Amortization In Income Statement": 359000.0,
        "Amortization": 359000.0,
        "Amortization Of Intangibles Income Statement": 359000.0,
        "Research And Development": 25349000.0,
        "Selling General And Administration": 36128000.0,
        "Selling And Marketing Expense": 14552000.0,
        "General And Administrative Expense": 21576000.0,
        "Other Gand A": 21576000.0,
        "Gross Profit": 53210000.0,
        "Cost Of Revenue": 36446000.0,
        "Total Revenue": 89656000.0,
        "Operating Revenue": 87620000.0
    },
    "2025-03-31": {
        "Tax Effect Of Unusual Items": -846930.0,
        "Tax Rate For Calcs": 0.21,
        "Normalized EBITDA": -6837000.0,
        "Total Unusual Items": -4033000.0,
        "Total Unusual Items Excluding Goodwill": -4033000.0,
        "Net Income From Continuing Operation Net Minority Interest": -7816000.0,
        "Reconciled Depreciation": 3430000.0,
        "Reconciled Cost Of Revenue": 37213000.0,
        "EBITDA": -10870000.0,
        "EBIT": -14300000.0,
        "Net Interest Income": 295000.0,
        "Interest Expense": 801000.0,
        "Interest Income": 1096000.0,
        "Normalized Income": -4629930.0,
        "Net Income From Continuing And Discontinued Operation": -7816000.0,
        "Total Expenses": 109198000.0,
        "Total Operating Income As Reported": -15396000.0,
        "Diluted Average Shares": 102430673.0,
        "Basic Average Shares": 102430673.0,
        "Diluted EPS": -0.08,
        "Basic EPS": -0.08,
        "Diluted NI Availto Com Stockholders": -7816000.0,
        "Net Income Common Stockholders": -7816000.0,
        "Net Income": -7816000.0,
        "Net Income Including Noncontrolling Interests": -7816000.0,
        "Net Income Continuous Operations": -7816000.0,
        "Tax Provision": -7285000.0,
        "Pretax Income": -15101000.0,
        "Other Income Expense": -4033000.0,
        "Special Income Charges": -4033000.0,
        "Impairment Of Capital Assets": 1655000.0,
        "Restructuring And Mergern Acquisition": 2378000.0,
        "Gain On Sale Of Security": NaN,
        "Net Non Operating Interest Income Expense": 295000.0,
        "Interest Expense Non Operating": 801000.0,
        "Interest Income Non Operating": 1096000.0,
        "Operating Income": -11363000.0,
        "Operating Expense": 69123000.0,
        "Depreciation Amortization Depletion Income Statement": 568000.0,
        "Depreciation And Amortization In Income Statement": 568000.0,
        "Amortization": 568000.0,
        "Amortization Of Intangibles Income Statement": 568000.0,
        "Research And Development": 26885000.0,
        "Selling General And Administration": 41670000.0,
        "Selling And Marketing Expense": 17899000.0,
        "General And Administrative Expense": 23771000.0,
        "Other Gand A": 23771000.0,
        "Gross Profit": 57760000.0,
        "Cost Of Revenue": 40075000.0,
        "Total Revenue": 97835000.0,
        "Operating Revenue": 95080000.0
    },
    "2025-06-30": {
        "Tax Effect Of Unusual Items": -123209.481747,
        "Tax Rate For Calcs": 0.240174,
        "Normalized EBITDA": -6430000.0,
        "Total Unusual Items": -513000.0,
        "Total Unusual Items Excluding Goodwill": -513000.0,
        "Net Income From Continuing Operation Net Minority Interest": -13591000.0,
        "Reconciled Depreciation": 7756000.0,
        "Reconciled Cost Of Revenue": 40392000.0,
        "EBITDA": -6943000.0,
        "EBIT": -14699000.0,
        "Net Interest Income": -2024000.0,
        "Interest Expense": 3188000.0,
        "Interest Income": 1164000.0,
        "Normalized Income": -13201209.481747,
        "Net Income From Continuing And Discontinued Operation": -13591000.0,
        "Total Expenses": 127409000.0,
        "Total Operating Income As Reported": -15863000.0,
        "Diluted Average Shares": 103389459.0,
        "Basic Average Shares": 103389459.0,
        "Diluted EPS": -0.13,
        "Basic EPS": -0.13,
        "Diluted NI Availto Com Stockholders": -13591000.0,
        "Net Income Common Stockholders": -13591000.0,
        "Net Income": -13591000.0,
        "Net Income Including Noncontrolling Interests": -13591000.0,
        "Net Income Continuous Operations": -13591000.0,
        "Tax Provision": -4296000.0,
        "Pretax Income": -17887000.0,
        "Other Income Expense": -513000.0,
        "Special Income Charges": -513000.0,
        "Impairment Of Capital Assets": 0.0,
        "Restructuring And Mergern Acquisition": 513000.0,
        "Gain On Sale Of Security": NaN,
        "Net Non Operating Interest Income Expense": -2024000.0,
        "Interest Expense Non Operating": 3188000.0,
        "Interest Income Non Operating": 1164000.0,
        "Operating Income": -15350000.0,
        "Operating Expense": 80968000.0,
        "Depreciation Amortization Depletion Income Statement": 1707000.0,
        "Depreciation And Amortization In Income Statement": 1707000.0,
        "Amortization": 1707000.0,
        "Amortization Of Intangibles Income Statement": 1707000.0,
        "Research And Development": 30231000.0,
        "Selling General And Administration": 49030000.0,
        "Selling And Marketing Expense": 22991000.0,
        "General And Administrative Expense": 26039000.0,
        "Other Gand A": 26039000.0,
        "Gross Profit": 65618000.0,
        "Cost Of Revenue": 46441000.0,
        "Total Revenue": 112059000.0,
        "Operating Revenue": 109103000.0
    }
}