{
    "2023-06-30": {
        "Tax Effect Of Unusual Items": NaN,
        "Tax Rate For Calcs": NaN,
        "Normalized EBITDA": NaN,
        "Total Unusual Items": NaN,
        "Total Unusual Items Excluding Goodwill": NaN,
        "Net Income From Continuing Operation Net Minority Interest": NaN,
        "Reconciled Depreciation": NaN,
        "Reconciled Cost Of Revenue": NaN,
        "EBITDA": NaN,
        "EBIT": NaN,
        "Net Interest Income": NaN,
        "Interest Expense": NaN,
        "Interest Income": NaN,
        "Normalized Income": NaN,
        "Net Income From Continuing And Discontinued Operation": NaN,
        "Total Expenses": NaN,
        "Total Operating Income As Reported": NaN,
        "Diluted Average Shares": 88300000.0,
        "Basic Average Shares": 87900000.0,
        "Diluted EPS": 1.61,
        "Basic EPS": 1.62,
        "Diluted NI Availto Com Stockholders": NaN,
        "Net Income Common Stockholders": NaN,
        "Net Income": NaN,
        "Minority Interests": NaN,
        "Net Income Including Noncontrolling Interests": NaN,
        "Net Income Continuous Operations": NaN,
        "Tax Provision": NaN,
        "Pretax Income": NaN,
        "Other Income Expense": NaN,
        "Other Non Operating Income Expenses": NaN,
        "Special Income Charges": NaN,
        "Gain On Sale Of Business": NaN,
        "Gain On Sale Of Security": NaN,
        "Net Non Operating Interest Income Expense": NaN,
        "Interest Expense Non Operating": NaN,
        "Interest Income Non Operating": NaN,
        "Operating Income": NaN,
        "Operating Expense": NaN,
        "Selling General And Administration": NaN,
        "Gross Profit": NaN,
        "Cost Of Revenue": NaN,
        "Total Revenue": NaN,
        "Operating Revenue": NaN
    },
    "2023-03-31": {
        "Tax Effect Of Unusual Items": NaN,
        "Tax Rate For Calcs": NaN,
        "Normalized EBITDA": NaN,
        "Total Unusual Items": NaN,
        "Total Unusual Items Excluding Goodwill": NaN,
        "Net Income From Continuing Operation Net Minority Interest": NaN,
        "Reconciled Depreciation": NaN,
        "Reconciled Cost Of Revenue": NaN,
        "EBITDA": NaN,
        "EBIT": NaN,
        "Net Interest Income": NaN,
        "Interest Expense": NaN,
        "Interest Income": NaN,
        "Normalized Income": NaN,
        "Net Income From Continuing And Discontinued Operation": NaN,
        "Total Expenses": NaN,
        "Total Operating Income As Reported": NaN,
        "Diluted Average Shares": 88400000.0,
        "Basic Average Shares": 88000000.0,
        "Diluted EPS": 1.4,
        "Basic EPS": 1.4,
        "Diluted NI Availto Com Stockholders": NaN,
        "Net Income Common Stockholders": NaN,
        "Net Income": NaN,
        "Minority Interests": NaN,
        "Net Income Including Noncontrolling Interests": NaN,
        "Net Income Continuous Operations": NaN,
        "Tax Provision": NaN,
        "Pretax Income": NaN,
        "Other Income Expense": NaN,
        "Other Non Operating Income Expenses": NaN,
        "Special Income Charges": NaN,
        "Gain On Sale Of Business": NaN,
        "Gain On Sale Of Security": NaN,
        "Net Non Operating Interest Income Expense": NaN,
        "Interest Expense Non Operating": NaN,
        "Interest Income Non Operating": NaN,
        "Operating Income": NaN,
        "Operating Expense": NaN,
        "Selling General And Administration": NaN,
        "Gross Profit": NaN,
        "Cost Of Revenue": NaN,
        "Total Revenue": NaN,
        "Operating Revenue": NaN
    },
    "2022-12-31": {
        "Tax Effect Of Unusual Items": NaN,
        "Tax Rate For Calcs": NaN,
        "Normalized EBITDA": NaN,
        "Total Unusual Items": NaN,
        "Total Unusual Items Excluding Goodwill": NaN,
        "Net Income From Continuing Operation Net Minority Interest": NaN,
        "Reconciled Depreciation": NaN,
        "Reconciled Cost Of Revenue": NaN,
        "EBITDA": NaN,
        "EBIT": NaN,
        "Net Interest Income": NaN,
        "Interest Expense": NaN,
        "Interest Income": NaN,
        "Normalized Income": NaN,
        "Net Income From Continuing And Discontinued Operation": NaN,
        "Total Expenses": NaN,
        "Total Operating Income As Reported": NaN,
        "Diluted Average Shares": NaN,
        "Basic Average Shares": NaN,
        "Diluted EPS": NaN,
        "Basic EPS": NaN,
        "Diluted NI Availto Com Stockholders": NaN,
        "Net Income Common Stockholders": NaN,
        "Net Income": NaN,
        "Minority Interests": NaN,
        "Net Income Including Noncontrolling Interests": NaN,
        "Net Income Continuous Operations": NaN,
        "Tax Provision": NaN,
        "Pretax Income": NaN,
        "Other Income Expense": NaN,
        "Other Non Operating Income Expenses": NaN,
        "Special Income Charges": 0.0,
        "Gain On Sale Of Business": 0.0,
        "Earnings From Equity Interest": 200000.0,
        "Gain On Sale Of Security": NaN,
        "Net Non Operating Interest Income Expense": NaN,
        "Interest Expense Non Operating": NaN,
        "Interest Income Non Operating": NaN,
        "Operating Income": NaN,
        "Operating Expense": NaN,
        "Selling General And Administration": NaN,
        "Gross Profit": NaN,
        "Cost Of Revenue": NaN,
        "Total Revenue": NaN,
        "Operating Revenue": NaN
    },
    "2022-09-30": {
        "Tax Effect Of Unusual Items": NaN,
        "Tax Rate For Calcs": NaN,
        "Normalized EBITDA": NaN,
        "Total Unusual Items": NaN,
        "Total Unusual Items Excluding Goodwill": NaN,
        "Net Income From Continuing Operation Net Minority Interest": NaN,
        "Reconciled Depreciation": NaN,
        "Reconciled Cost Of Revenue": NaN,
        "EBITDA": NaN,
        "EBIT": NaN,
        "Net Interest Income": NaN,
        "Interest Expense": NaN,
        "Interest Income": NaN,
        "Normalized Income": NaN,
        "Net Income From Continuing And Discontinued Operation": NaN,
        "Total Expenses": NaN,
        "Total Operating Income As Reported": NaN,
        "Diluted Average Shares": NaN,
        "Basic Average Shares": NaN,
        "Diluted EPS": NaN,
        "Basic EPS": NaN,
        "Diluted NI Availto Com Stockholders": NaN,
        "Net Income Common Stockholders": NaN,
        "Net Income": NaN,
        "Minority Interests": NaN,
        "Net Income Including Noncontrolling Interests": NaN,
        "Net Income Continuous Operations": NaN,
        "Tax Provision": NaN,
        "Pretax Income": NaN,
        "Other Income Expense": NaN,
        "Other Non Operating Income Expenses": NaN,
        "Special Income Charges": -7600000.0,
        "Gain On Sale Of Business": -7600000.0,
        "Earnings From Equity Interest": 0.0,
        "Gain On Sale Of Security": NaN,
        "Net Non Operating Interest Income Expense": NaN,
        "Interest Expense Non Operating": NaN,
        "Interest Income Non Operating": NaN,
        "Operating Income": NaN,
        "Operating Expense": NaN,
        "Selling General And Administration": NaN,
        "Gross Profit": NaN,
        "Cost Of Revenue": NaN,
        "Total Revenue": NaN,
        "Operating Revenue": NaN
    },
    "2022-06-30": {
        "Tax Effect Of Unusual Items": -122400.0,
        "Tax Rate For Calcs": 0.136,
        "Normalized EBITDA": 171100000.0,
        "Total Unusual Items": -900000.0,
        "Total Unusual Items Excluding Goodwill": -900000.0,
        "Net Income From Continuing Operation Net Minority Interest": 115100000.0,
        "Reconciled Depreciation": 19700000.0,
        "Reconciled Cost Of Revenue": 458100000.0,
        "EBITDA": 170200000.0,
        "EBIT": 150500000.0,
        "Net Interest Income": -17100000.0,
        "Interest Expense": 17200000.0,
        "Interest Income": 100000.0,
        "Normalized Income": 115877600.0,
        "Net Income From Continuing And Discontinued Operation": 115100000.0,
        "Total Expenses": 626000000.0,
        "Total Operating Income As Reported": 147100000.0,
        "Diluted Average Shares": 88200000.0,
        "Basic Average Shares": 87900000.0,
        "Diluted EPS": 1.3,
        "Basic EPS": 1.31,
        "Diluted NI Availto Com Stockholders": 115100000.0,
        "Net Income Common Stockholders": 115100000.0,
        "Net Income": 115100000.0,
        "Minority Interests": -100000.0,
        "Net Income Including Noncontrolling Interests": 115200000.0,
        "Net Income Continuous Operations": 115200000.0,
        "Tax Provision": 18100000.0,
        "Pretax Income": 133300000.0,
        "Other Income Expense": 3300000.0,
        "Other Non Operating Income Expenses": 3700000.0,
        "Special Income Charges": NaN,
        "Gain On Sale Of Business": NaN,
        "Earnings From Equity Interest": 500000.0,
        "Gain On Sale Of Security": -900000.0,
        "Net Non Operating Interest Income Expense": -17100000.0,
        "Interest Expense Non Operating": 17200000.0,
        "Interest Income Non Operating": 100000.0,
        "Operating Income": 147100000.0,
        "Operating Expense": 167900000.0,
        "Selling General And Administration": 167900000.0,
        "Gross Profit": 315000000.0,
        "Cost Of Revenue": 458100000.0,
        "Total Revenue": 773100000.0,
        "Operating Revenue": 773100000.0
    },
    "2022-03-31": {
        "Diluted EPS": 1.05,
        "Total Revenue": 724,
        "Gross Profit": 289,
        "Operating Income": 117,
        "EBIT": 137,
        "Net Income": 93
    },
    "2021-12-31": {
        "Diluted EPS": 1.26,
        "Total Revenue": 709,
        "Gross Profit": 287,
        "Operating Income": 115,
        "EBIT": 136,
        "Net Income": 113
    },
    "2021-09-30": {
        "Diluted EPS": 1.59,
        "Total Revenue": 717,
        "Gross Profit": 301,
        "Operating Income": 138,
        "EBIT": 159,
        "Net Income": 144
    },
    "2021-06-30": {
        "Diluted EPS": 1.31,
        "Total Revenue": 747,
        "Gross Profit": 321,
        "Operating Income": 145,
        "EBIT": 166,
        "Net Income": 119
    },
    "2021-03-31": {
        "Diluted EPS": 1.18,
        "Total Revenue": 694,
        "Gross Profit": 297,
        "Operating Income": 131,
        "EBIT": 153,
        "Net Income": 108
    },
    "2020-12-31": {
        "Diluted EPS": 1.01,
        "Total Revenue": 727,
        "Gross Profit": 320,
        "Operating Income": 118,
        "EBIT": 141,
        "Net Income": 93
    },
    "2020-09-30": {
        "Diluted EPS": 1.58,
        "Total Revenue": 728,
        "Gross Profit": 319,
        "Operating Income": 160,
        "EBIT": 184,
        "Net Income": 147
    },
    "2020-06-30": {
        "Diluted EPS": 0.8,
        "Total Revenue": 590,
        "Gross Profit": 247,
        "Operating Income": 97,
        "EBIT": 116,
        "Net Income": 74
    },
    "2020-03-31": {
        "Diluted EPS": 0.0,
        "Total Revenue": 675,
        "Gross Profit": 293,
        "Operating Income": 29,
        "EBIT": 145,
        "Net Income": 0
    },
    "2019-12-31": {
        "Diluted EPS": 0.86,
        "Total Revenue": 720,
        "Gross Profit": 319,
        "Operating Income": 143,
        "EBIT": 170,
        "Net Income": 81
    },
    "2019-09-30": {
        "Diluted EPS": 1.4,
        "Total Revenue": 748,
        "Gross Profit": 336,
        "Operating Income": 168,
        "EBIT": 189,
        "Net Income": 132
    },
    "2019-06-30": {
        "Diluted EPS": 1.16,
        "Total Revenue": 731,
        "Gross Profit": 321,
        "Operating Income": 146,
        "EBIT": 166,
        "Net Income": 109
    },
    "2019-03-31": {
        "Diluted EPS": 0.84,
        "Total Revenue": 655,
        "Gross Profit": 277,
        "Operating Income": 108,
        "EBIT": 129,
        "Net Income": 80
    },
    "2018-12-31": {
        "Diluted EPS": 1.39,
        "Total Revenue": 702,
        "Gross Profit": 301,
        "Operating Income": 141,
        "EBIT": 162,
        "Net Income": 133
    },
    "2018-09-30": {
        "Diluted EPS": 1.21,
        "Total Revenue": 712,
        "Gross Profit": 309,
        "Operating Income": 142,
        "EBIT": 163,
        "Net Income": 116
    },
    "2018-06-30": {
        "Diluted EPS": 1.19,
        "Total Revenue": 705,
        "Gross Profit": 306,
        "Operating Income": 143,
        "EBIT": 166,
        "Net Income": 114
    },
    "2018-03-31": {
        "Diluted EPS": 0.75,
        "Total Revenue": 613,
        "Gross Profit": 258,
        "Operating Income": 99,
        "EBIT": 121,
        "Net Income": 72
    },
    "2017-12-31": {
        "Diluted EPS": 0.1,
        "Total Revenue": 623,
        "Gross Profit": 276,
        "Operating Income": 131,
        "EBIT": 148,
        "Net Income": 10
    },
    "2017-09-30": {
        "Diluted EPS": 0.94,
        "Total Revenue": 609,
        "Gross Profit": 274,
        "Operating Income": 127,
        "EBIT": 144,
        "Net Income": 90
    },
    "2017-06-30": {
        "Diluted EPS": 1.1,
        "Total Revenue": 627,
        "Gross Profit": 281,
        "Operating Income": 135,
        "EBIT": 151,
        "Net Income": 106
    },
    "2017-03-31": {
        "Diluted EPS": 0.71,
        "Total Revenue": 549,
        "Gross Profit": 241,
        "Operating Income": 100,
        "EBIT": 116,
        "Net Income": 68
    },
    "2016-12-31": {
        "Diluted EPS": 0.76,
        "Total Revenue": 570,
        "Gross Profit": 243,
        "Operating Income": 106,
        "EBIT": 122,
        "Net Income": 75
    },
    "2016-09-30": {
        "Diluted EPS": 0.02,
        "Total Revenue": 581,
        "Gross Profit": 264,
        "Operating Income": 122,
        "EBIT": 139,
        "Net Income": 2
    },
    "2016-06-30": {
        "Diluted EPS": 0.98,
        "Total Revenue": 585,
        "Gross Profit": 267,
        "Operating Income": 124,
        "EBIT": 141,
        "Net Income": 95
    },
    "2016-03-31": {
        "Diluted EPS": 0.6,
        "Total Revenue": 502,
        "Gross Profit": 216,
        "Operating Income": 83,
        "EBIT": 99,
        "Net Income": 58
    },
    "2015-12-31": {
        "Diluted EPS": 0.74,
        "Total Revenue": 545,
        "Gross Profit": 220,
        "Operating Income": 82,
        "EBIT": 97,
        "Net Income": 72
    },
    "2015-09-30": {
        "Diluted EPS": -0.28,
        "Total Revenue": 545,
        "Gross Profit": 240,
        "Operating Income": 110,
        "EBIT": 123,
        "Net Income": -27
    },
    "2015-06-30": {
        "Diluted EPS": 0.66,
        "Total Revenue": 520,
        "Gross Profit": 222,
        "Operating Income": 96,
        "EBIT": 108,
        "Net Income": 64
    },
    "2015-03-31": {
        "Diluted EPS": 0.47,
        "Total Revenue": 459,
        "Gross Profit": 187,
        "Operating Income": 71,
        "EBIT": 83,
        "Net Income": 45
    },
    "2014-12-31": {
        "Diluted EPS": 0.36,
        "Total Revenue": 574,
        "Gross Profit": 199,
        "Operating Income": 63,
        "EBIT": 75,
        "Net Income": 35
    },
    "2014-09-30": {
        "Diluted EPS": 0.63,
        "Total Revenue": 547,
        "Gross Profit": 237,
        "Operating Income": 106,
        "EBIT": 118,
        "Net Income": 61
    },
    "2014-06-30": {
        "Diluted EPS": 0.44,
        "Total Revenue": 532,
        "Gross Profit": 226,
        "Operating Income": 89,
        "EBIT": 102,
        "Net Income": 43
    },
    "2014-03-31": {
        "Diluted EPS": 0.37,
        "Total Revenue": 467,
        "Gross Profit": 192,
        "Operating Income": 68,
        "EBIT": 80,
        "Net Income": 36
    },
    "2013-12-31": {
        "Diluted EPS": 0.1,
        "Total Revenue": 551,
        "Gross Profit": 231,
        "Operating Income": 105,
        "EBIT": 117,
        "Net Income": 10
    },
    "2013-09-30": {
        "Diluted EPS": -0.81,
        "Total Revenue": 529,
        "Gross Profit": 238,
        "Operating Income": -21,
        "EBIT": 128,
        "Net Income": -78
    },
    "2013-06-30": {
        "Diluted EPS": 0.63,
        "Total Revenue": 529,
        "Gross Profit": 219,
        "Operating Income": 100,
        "EBIT": 111,
        "Net Income": 60
    },
    "2013-03-31": {
        "Diluted EPS": 0.41,
        "Total Revenue": 473,
        "Gross Profit": 186,
        "Operating Income": 69,
        "EBIT": 81,
        "Net Income": 39
    },
    "2012-12-31": {
        "Diluted EPS": 0.0,
        "Total Revenue": NaN,
        "Gross Profit": NaN,
        "Operating Income": NaN,
        "EBIT": NaN,
        "Net Income": NaN
    },
    "2012-09-30": {
        "Diluted EPS": 0.0,
        "Total Revenue": NaN,
        "Gross Profit": NaN,
        "Operating Income": NaN,
        "EBIT": NaN,
        "Net Income": NaN
    },
    "2011-12-31": {
        "Diluted EPS": 0.0,
        "Total Revenue": NaN,
        "Gross Profit": NaN,
        "Operating Income": NaN,
        "EBIT": NaN,
        "Net Income": NaN
    },
    "2010-12-31": {
        "Diluted EPS": 0.0,
        "Total Revenue": NaN,
        "Gross Profit": NaN,
        "Operating Income": NaN,
        "EBIT": NaN,
        "Net Income": NaN
    },
    "2023-09-30": {
        "Tax Effect Of Unusual Items": NaN,
        "Tax Rate For Calcs": NaN,
        "Normalized EBITDA": NaN,
        "Total Unusual Items": NaN,
        "Total Unusual Items Excluding Goodwill": NaN,
        "Net Income From Continuing Operation Net Minority Interest": NaN,
        "Reconciled Depreciation": NaN,
        "Reconciled Cost Of Revenue": NaN,
        "EBITDA": NaN,
        "EBIT": NaN,
        "Net Interest Income": NaN,
        "Interest Expense": NaN,
        "Interest Income": NaN,
        "Normalized Income": NaN,
        "Net Income From Continuing And Discontinued Operation": NaN,
        "Total Expenses": NaN,
        "Total Operating Income As Reported": NaN,
        "Diluted Average Shares": NaN,
        "Basic Average Shares": NaN,
        "Diluted EPS": NaN,
        "Basic EPS": NaN,
        "Diluted NI Availto Com Stockholders": NaN,
        "Net Income Common Stockholders": NaN,
        "Net Income": NaN,
        "Minority Interests": NaN,
        "Net Income Including Noncontrolling Interests": NaN,
        "Net Income Continuous Operations": NaN,
        "Tax Provision": NaN,
        "Pretax Income": NaN,
        "Other Income Expense": NaN,
        "Other Non Operating Income Expenses": NaN,
        "Special Income Charges": 0.0,
        "Gain On Sale Of Business": 0.0,
        "Gain On Sale Of Security": NaN,
        "Net Non Operating Interest Income Expense": NaN,
        "Interest Expense Non Operating": NaN,
        "Interest Income Non Operating": NaN,
        "Operating Income": NaN,
        "Operating Expense": NaN,
        "Selling General And Administration": NaN,
        "Gross Profit": NaN,
        "Cost Of Revenue": NaN,
        "Total Revenue": NaN,
        "Operating Revenue": NaN
    },
    "2023-12-31": {
        "Tax Effect Of Unusual Items": NaN,
        "Tax Rate For Calcs": NaN,
        "Normalized EBITDA": NaN,
        "Total Unusual Items": NaN,
        "Total Unusual Items Excluding Goodwill": NaN,
        "Net Income From Continuing Operation Net Minority Interest": NaN,
        "Reconciled Depreciation": NaN,
        "Reconciled Cost Of Revenue": NaN,
        "EBITDA": NaN,
        "EBIT": NaN,
        "Net Interest Income": NaN,
        "Interest Expense": NaN,
        "Interest Income": NaN,
        "Normalized Income": NaN,
        "Net Income From Continuing And Discontinued Operation": NaN,
        "Total Expenses": NaN,
        "Total Operating Income As Reported": NaN,
        "Diluted Average Shares": NaN,
        "Basic Average Shares": NaN,
        "Diluted EPS": NaN,
        "Basic EPS": NaN,
        "Diluted NI Availto Com Stockholders": NaN,
        "Net Income Common Stockholders": NaN,
        "Net Income": NaN,
        "Minority Interests": 0.0,
        "Net Income Including Noncontrolling Interests": NaN,
        "Net Income Continuous Operations": NaN,
        "Tax Provision": NaN,
        "Pretax Income": NaN,
        "Other Income Expense": NaN,
        "Other Non Operating Income Expenses": NaN,
        "Special Income Charges": -7500000.0,
        "Gain On Sale Of Business": 0.0,
        "Gain On Sale Of Security": NaN,
        "Net Non Operating Interest Income Expense": NaN,
        "Interest Expense Non Operating": NaN,
        "Interest Income Non Operating": NaN,
        "Operating Income": NaN,
        "Operating Expense": NaN,
        "Selling General And Administration": NaN,
        "Gross Profit": NaN,
        "Cost Of Revenue": NaN,
        "Total Revenue": NaN,
        "Operating Revenue": NaN
    },
    "2024-03-31": {
        "Tax Effect Of Unusual Items": NaN,
        "Tax Rate For Calcs": NaN,
        "Normalized EBITDA": NaN,
        "Total Unusual Items": NaN,
        "Total Unusual Items Excluding Goodwill": NaN,
        "Net Income From Continuing Operation Net Minority Interest": NaN,
        "Reconciled Depreciation": NaN,
        "Reconciled Cost Of Revenue": NaN,
        "EBITDA": NaN,
        "EBIT": NaN,
        "Net Interest Income": NaN,
        "Interest Expense": NaN,
        "Interest Income": NaN,
        "Normalized Income": NaN,
        "Net Income From Continuing And Discontinued Operation": NaN,
        "Total Expenses": NaN,
        "Total Operating Income As Reported": NaN,
        "Diluted Average Shares": NaN,
        "Basic Average Shares": NaN,
        "Diluted EPS": NaN,
        "Basic EPS": NaN,
        "Diluted NI Availto Com Stockholders": NaN,
        "Net Income Common Stockholders": NaN,
        "Net Income": NaN,
        "Minority Interests": 0.0,
        "Net Income Including Noncontrolling Interests": NaN,
        "Net Income Continuous Operations": NaN,
        "Tax Provision": NaN,
        "Pretax Income": NaN,
        "Other Income Expense": NaN,
        "Other Non Operating Income Expenses": NaN,
        "Special Income Charges": NaN,
        "Gain On Sale Of Business": NaN,
        "Gain On Sale Of Security": NaN,
        "Net Non Operating Interest Income Expense": NaN,
        "Interest Expense Non Operating": NaN,
        "Interest Income Non Operating": NaN,
        "Operating Income": NaN,
        "Operating Expense": NaN,
        "Selling General And Administration": NaN,
        "Gross Profit": NaN,
        "Cost Of Revenue": NaN,
        "Total Revenue": NaN,
        "Operating Revenue": NaN
    },
    "2024-06-30": {
        "Tax Effect Of Unusual Items": 71200.0,
        "Tax Rate For Calcs": 0.178,
        "Normalized EBITDA": 244400000.0,
        "Total Unusual Items": 400000.0,
        "Total Unusual Items Excluding Goodwill": 400000.0,
        "Net Income From Continuing Operation Net Minority Interest": 155400000.0,
        "Reconciled Depreciation": 30700000.0,
        "Reconciled Cost Of Revenue": 537300000.0,
        "EBITDA": 244800000.0,
        "EBIT": 214100000.0,
        "Net Interest Income": -20100000.0,
        "Interest Expense": 25100000.0,
        "Interest Income": 5000000.0,
        "Normalized Income": 155071200.0,
        "Net Income From Continuing And Discontinued Operation": 155400000.0,
        "Total Expenses": 756600000.0,
        "Total Operating Income As Reported": 209000000.0,
        "Diluted Average Shares": 87700000.0,
        "Basic Average Shares": 87300000.0,
        "Diluted EPS": 1.77,
        "Basic EPS": 1.78,
        "Diluted NI Availto Com Stockholders": 155400000.0,
        "Net Income Common Stockholders": 155400000.0,
        "Net Income": 155400000.0,
        "Minority Interests": 0.0,
        "Net Income Including Noncontrolling Interests": 155400000.0,
        "Net Income Continuous Operations": 155400000.0,
        "Tax Provision": 33600000.0,
        "Pretax Income": 189000000.0,
        "Other Income Expense": 100000.0,
        "Other Non Operating Income Expenses": -300000.0,
        "Special Income Charges": NaN,
        "Gain On Sale Of Business": NaN,
        "Gain On Sale Of Security": 400000.0,
        "Net Non Operating Interest Income Expense": -20100000.0,
        "Interest Expense Non Operating": 25100000.0,
        "Interest Income Non Operating": 5000000.0,
        "Operating Income": 209000000.0,
        "Operating Expense": 219300000.0,
        "Selling General And Administration": 219300000.0,
        "Gross Profit": 428300000.0,
        "Cost Of Revenue": 537300000.0,
        "Total Revenue": 965600000.0,
        "Operating Revenue": 965600000.0
    },
    "2024-09-30": {
        "Tax Effect Of Unusual Items": 52500.0,
        "Tax Rate For Calcs": 0.105,
        "Normalized EBITDA": 252700000.0,
        "Total Unusual Items": 500000.0,
        "Total Unusual Items Excluding Goodwill": 500000.0,
        "Net Income From Continuing Operation Net Minority Interest": 174200000.0,
        "Reconciled Depreciation": 29800000.0,
        "Reconciled Cost Of Revenue": 535000000.0,
        "EBITDA": 253200000.0,
        "EBIT": 223400000.0,
        "Net Interest Income": -20500000.0,
        "Interest Expense": 28800000.0,
        "Interest Income": 8300000.0,
        "Normalized Income": 173752500.0,
        "Net Income From Continuing And Discontinued Operation": 174200000.0,
        "Total Expenses": 752100000.0,
        "Total Operating Income As Reported": 215000000.0,
        "Diluted Average Shares": 87600000.0,
        "Basic Average Shares": 87100000.0,
        "Diluted EPS": 1.99,
        "Basic EPS": 2.0,
        "Diluted NI Availto Com Stockholders": 174200000.0,
        "Net Income Common Stockholders": 174200000.0,
        "Net Income": 174200000.0,
        "Minority Interests": 0.0,
        "Net Income Including Noncontrolling Interests": 174200000.0,
        "Net Income Continuous Operations": 174200000.0,
        "Tax Provision": 20400000.0,
        "Pretax Income": 194600000.0,
        "Other Income Expense": 100000.0,
        "Other Non Operating Income Expenses": -400000.0,
        "Special Income Charges": NaN,
        "Gain On Sale Of Business": NaN,
        "Gain On Sale Of Security": 500000.0,
        "Net Non Operating Interest Income Expense": -20500000.0,
        "Interest Expense Non Operating": 28800000.0,
        "Interest Income Non Operating": 8300000.0,
        "Operating Income": 215000000.0,
        "Operating Expense": 217100000.0,
        "Selling General And Administration": 217100000.0,
        "Gross Profit": 432100000.0,
        "Cost Of Revenue": 535000000.0,
        "Total Revenue": 967100000.0,
        "Operating Revenue": 967100000.0
    },
    "2024-12-31": {
        "Tax Effect Of Unusual Items": -213062.230437,
        "Tax Rate For Calcs": 0.112138,
        "Normalized EBITDA": 219100000.0,
        "Total Unusual Items": -1900000.0,
        "Total Unusual Items Excluding Goodwill": -1900000.0,
        "Net Income From Continuing Operation Net Minority Interest": 144100000.0,
        "Reconciled Depreciation": 29700000.0,
        "Reconciled Cost Of Revenue": 528900000.0,
        "EBITDA": 217200000.0,
        "EBIT": 187500000.0,
        "Net Interest Income": -21600000.0,
        "Interest Expense": 25200000.0,
        "Interest Income": 3600000.0,
        "Normalized Income": 145786937.769563,
        "Net Income From Continuing And Discontinued Operation": 144100000.0,
        "Total Expenses": 761000000.0,
        "Total Operating Income As Reported": 184600000.0,
        "Diluted Average Shares": 87200000.0,
        "Basic Average Shares": 86700000.0,
        "Diluted EPS": 1.65,
        "Basic EPS": 1.66,
        "Diluted NI Availto Com Stockholders": 144100000.0,
        "Net Income Common Stockholders": 144100000.0,
        "Net Income": 144100000.0,
        "Minority Interests": 0.0,
        "Net Income Including Noncontrolling Interests": 144100000.0,
        "Net Income Continuous Operations": 144100000.0,
        "Tax Provision": 18200000.0,
        "Pretax Income": 162300000.0,
        "Other Income Expense": -700000.0,
        "Other Non Operating Income Expenses": 100000.0,
        "Special Income Charges": NaN,
        "Gain On Sale Of Business": NaN,
        "Gain On Sale Of Security": -1900000.0,
        "Net Non Operating Interest Income Expense": -21600000.0,
        "Interest Expense Non Operating": 25200000.0,
        "Interest Income Non Operating": 3600000.0,
        "Operating Income": 184600000.0,
        "Operating Expense": 232100000.0,
        "Selling General And Administration": 232100000.0,
        "Gross Profit": 416700000.0,
        "Cost Of Revenue": 528900000.0,
        "Total Revenue": 945600000.0,
        "Operating Revenue": 945600000.0
    },
    "2025-03-31": {
        "Tax Effect Of Unusual Items": -154000.0,
        "Tax Rate For Calcs": 0.154,
        "Normalized EBITDA": 230900000.0,
        "Total Unusual Items": -1000000.0,
        "Total Unusual Items Excluding Goodwill": -1000000.0,
        "Net Income From Continuing Operation Net Minority Interest": 148200000.0,
        "Reconciled Depreciation": 30000000.0,
        "Reconciled Cost Of Revenue": 519400000.0,
        "EBITDA": 229900000.0,
        "EBIT": 199900000.0,
        "Net Interest Income": -20700000.0,
        "Interest Expense": 24700000.0,
        "Interest Income": 4000000.0,
        "Normalized Income": 149046000.0,
        "Net Income From Continuing And Discontinued Operation": 148200000.0,
        "Total Expenses": 745500000.0,
        "Total Operating Income As Reported": 196400000.0,
        "Diluted Average Shares": 86700000.0,
        "Basic Average Shares": 86300000.0,
        "Diluted EPS": 1.71,
        "Basic EPS": 1.72,
        "Diluted NI Availto Com Stockholders": 148200000.0,
        "Net Income Common Stockholders": 148200000.0,
        "Net Income": 148200000.0,
        "Minority Interests": NaN,
        "Net Income Including Noncontrolling Interests": 148200000.0,
        "Net Income Continuous Operations": 148200000.0,
        "Tax Provision": 27000000.0,
        "Pretax Income": 175200000.0,
        "Other Income Expense": -500000.0,
        "Other Non Operating Income Expenses": 500000.0,
        "Special Income Charges": NaN,
        "Gain On Sale Of Business": NaN,
        "Gain On Sale Of Security": -1000000.0,
        "Net Non Operating Interest Income Expense": -20700000.0,
        "Interest Expense Non Operating": 24700000.0,
        "Interest Income Non Operating": 4000000.0,
        "Operating Income": 196400000.0,
        "Operating Expense": 226100000.0,
        "Selling General And Administration": 226100000.0,
        "Gross Profit": 422500000.0,
        "Cost Of Revenue": 519400000.0,
        "Total Revenue": 941900000.0,
        "Operating Revenue": 941900000.0
    },
    "2025-06-30": {
        "Tax Effect Of Unusual Items": -101500.0,
        "Tax Rate For Calcs": 0.203,
        "Normalized EBITDA": 257400000.0,
        "Total Unusual Items": -500000.0,
        "Total Unusual Items Excluding Goodwill": -500000.0,
        "Net Income From Continuing Operation Net Minority Interest": 159700000.0,
        "Reconciled Depreciation": 31900000.0,
        "Reconciled Cost Of Revenue": 555500000.0,
        "EBITDA": 256900000.0,
        "EBIT": 225000000.0,
        "Net Interest Income": -20800000.0,
        "Interest Expense": 24600000.0,
        "Interest Income": 3800000.0,
        "Normalized Income": 160098500.0,
        "Net Income From Continuing And Discontinued Operation": 159700000.0,
        "Total Expenses": 802300000.0,
        "Total Operating Income As Reported": 219700000.0,
        "Diluted Average Shares": 86400000.0,
        "Basic Average Shares": 86000000.0,
        "Diluted EPS": 1.85,
        "Basic EPS": 1.86,
        "Diluted NI Availto Com Stockholders": 159700000.0,
        "Net Income Common Stockholders": 159700000.0,
        "Net Income": 159700000.0,
        "Minority Interests": NaN,
        "Net Income Including Noncontrolling Interests": 159700000.0,
        "Net Income Continuous Operations": 159700000.0,
        "Tax Provision": 40700000.0,
        "Pretax Income": 200400000.0,
        "Other Income Expense": 1500000.0,
        "Other Non Operating Income Expenses": 2000000.0,
        "Special Income Charges": NaN,
        "Gain On Sale Of Business": NaN,
        "Gain On Sale Of Security": -500000.0,
        "Net Non Operating Interest Income Expense": -20800000.0,
        "Interest Expense Non Operating": 24600000.0,
        "Interest Income Non Operating": 3800000.0,
        "Operating Income": 219700000.0,
        "Operating Expense": 246800000.0,
        "Selling General And Administration": 246800000.0,
        "Gross Profit": 466500000.0,
        "Cost Of Revenue": 555500000.0,
        "Total Revenue": 1022000000.0,
        "Operating Revenue": 1022000000.0
    }
}