{
    "2023-03-31": {
        "Tax Effect Of Unusual Items": NaN,
        "Tax Rate For Calcs": NaN,
        "Normalized EBITDA": NaN,
        "Total Unusual Items": -8738000.0,
        "Total Unusual Items Excluding Goodwill": -8738000.0,
        "Net Income From Continuing Operation Net Minority Interest": NaN,
        "Reconciled Depreciation": NaN,
        "Reconciled Cost Of Revenue": NaN,
        "EBITDA": NaN,
        "EBIT": NaN,
        "Net Interest Income": NaN,
        "Interest Expense": NaN,
        "Interest Income": NaN,
        "Normalized Income": NaN,
        "Net Income From Continuing And Discontinued Operation": NaN,
        "Total Expenses": NaN,
        "Rent Expense Supplemental": NaN,
        "Total Operating Income As Reported": NaN,
        "Diluted Average Shares": NaN,
        "Basic Average Shares": NaN,
        "Diluted EPS": NaN,
        "Basic EPS": NaN,
        "Diluted NI Availto Com Stockholders": NaN,
        "Net Income Common Stockholders": NaN,
        "Net Income": NaN,
        "Net Income Including Noncontrolling Interests": NaN,
        "Net Income Continuous Operations": NaN,
        "Tax Provision": NaN,
        "Pretax Income": NaN,
        "Other Income Expense": NaN,
        "Other Non Operating Income Expenses": NaN,
        "Special Income Charges": NaN,
        "Gain On Sale Of Security": -8738000.0,
        "Net Non Operating Interest Income Expense": NaN,
        "Interest Expense Non Operating": NaN,
        "Interest Income Non Operating": NaN,
        "Operating Income": NaN,
        "Operating Expense": NaN,
        "Research And Development": NaN,
        "Selling General And Administration": NaN,
        "General And Administrative Expense": NaN,
        "Other Gand A": NaN,
        "Rent And Landing Fees": NaN,
        "Salaries And Wages": NaN,
        "Gross Profit": NaN,
        "Cost Of Revenue": NaN,
        "Total Revenue": NaN,
        "Operating Revenue": NaN
    },
    "2022-12-31": {
        "Tax Effect Of Unusual Items": NaN,
        "Tax Rate For Calcs": NaN,
        "Normalized EBITDA": NaN,
        "Total Unusual Items": NaN,
        "Total Unusual Items Excluding Goodwill": NaN,
        "Net Income From Continuing Operation Net Minority Interest": NaN,
        "Reconciled Depreciation": NaN,
        "Reconciled Cost Of Revenue": NaN,
        "EBITDA": NaN,
        "EBIT": NaN,
        "Net Interest Income": NaN,
        "Interest Expense": NaN,
        "Interest Income": NaN,
        "Normalized Income": NaN,
        "Net Income From Continuing And Discontinued Operation": NaN,
        "Total Expenses": NaN,
        "Rent Expense Supplemental": NaN,
        "Total Operating Income As Reported": NaN,
        "Diluted Average Shares": NaN,
        "Basic Average Shares": NaN,
        "Diluted EPS": NaN,
        "Basic EPS": NaN,
        "Diluted NI Availto Com Stockholders": NaN,
        "Net Income Common Stockholders": NaN,
        "Net Income": NaN,
        "Net Income Including Noncontrolling Interests": NaN,
        "Net Income Continuous Operations": NaN,
        "Tax Provision": NaN,
        "Pretax Income": NaN,
        "Other Income Expense": NaN,
        "Other Non Operating Income Expenses": NaN,
        "Special Income Charges": 0.0,
        "Other Special Charges": 0.0,
        "Gain On Sale Of Security": NaN,
        "Net Non Operating Interest Income Expense": NaN,
        "Interest Expense Non Operating": NaN,
        "Interest Income Non Operating": NaN,
        "Operating Income": NaN,
        "Operating Expense": NaN,
        "Research And Development": NaN,
        "Selling General And Administration": NaN,
        "General And Administrative Expense": NaN,
        "Other Gand A": NaN,
        "Rent And Landing Fees": NaN,
        "Salaries And Wages": NaN,
        "Gross Profit": NaN,
        "Cost Of Revenue": NaN,
        "Total Revenue": NaN,
        "Operating Revenue": NaN
    },
    "2022-09-30": {
        "Tax Effect Of Unusual Items": NaN,
        "Tax Rate For Calcs": NaN,
        "Normalized EBITDA": NaN,
        "Total Unusual Items": NaN,
        "Total Unusual Items Excluding Goodwill": NaN,
        "Net Income From Continuing Operation Net Minority Interest": NaN,
        "Reconciled Depreciation": NaN,
        "Reconciled Cost Of Revenue": NaN,
        "EBITDA": NaN,
        "EBIT": NaN,
        "Net Interest Income": NaN,
        "Interest Expense": NaN,
        "Interest Income": NaN,
        "Normalized Income": NaN,
        "Net Income From Continuing And Discontinued Operation": NaN,
        "Total Expenses": NaN,
        "Rent Expense Supplemental": NaN,
        "Total Operating Income As Reported": NaN,
        "Diluted Average Shares": NaN,
        "Basic Average Shares": NaN,
        "Diluted EPS": NaN,
        "Basic EPS": NaN,
        "Diluted NI Availto Com Stockholders": NaN,
        "Net Income Common Stockholders": NaN,
        "Net Income": NaN,
        "Net Income Including Noncontrolling Interests": NaN,
        "Net Income Continuous Operations": NaN,
        "Tax Provision": NaN,
        "Pretax Income": NaN,
        "Other Income Expense": NaN,
        "Other Non Operating Income Expenses": NaN,
        "Special Income Charges": -76586000.0,
        "Other Special Charges": 76586000.0,
        "Gain On Sale Of Security": NaN,
        "Net Non Operating Interest Income Expense": NaN,
        "Interest Expense Non Operating": NaN,
        "Interest Income Non Operating": NaN,
        "Operating Income": NaN,
        "Operating Expense": NaN,
        "Research And Development": NaN,
        "Selling General And Administration": NaN,
        "General And Administrative Expense": NaN,
        "Other Gand A": NaN,
        "Rent And Landing Fees": NaN,
        "Salaries And Wages": NaN,
        "Gross Profit": NaN,
        "Cost Of Revenue": NaN,
        "Total Revenue": NaN,
        "Operating Revenue": NaN
    },
    "2022-06-30": {
        "Tax Effect Of Unusual Items": -13202800.0,
        "Tax Rate For Calcs": 0.4,
        "Normalized EBITDA": -168502000.0,
        "Total Unusual Items": -33007000.0,
        "Total Unusual Items Excluding Goodwill": -33007000.0,
        "Net Income From Continuing Operation Net Minority Interest": -277402000.0,
        "Reconciled Depreciation": 30555000.0,
        "Reconciled Cost Of Revenue": 40808000.0,
        "EBITDA": -201509000.0,
        "EBIT": -232064000.0,
        "Net Interest Income": -40710000.0,
        "Interest Expense": 42609000.0,
        "Interest Income": 1899000.0,
        "Normalized Income": -257597800.0,
        "Net Income From Continuing And Discontinued Operation": -277402000.0,
        "Total Expenses": 416504000.0,
        "Rent Expense Supplemental": 32329000.0,
        "Total Operating Income As Reported": -191686000.0,
        "Diluted Average Shares": 120896000.0,
        "Basic Average Shares": 120896000.0,
        "Diluted EPS": -2.29,
        "Basic EPS": -2.29,
        "Diluted NI Availto Com Stockholders": -277402000.0,
        "Net Income Common Stockholders": -277402000.0,
        "Net Income": -277402000.0,
        "Net Income Including Noncontrolling Interests": -277402000.0,
        "Net Income Continuous Operations": -277402000.0,
        "Tax Provision": 2729000.0,
        "Pretax Income": -274673000.0,
        "Other Income Expense": -42277000.0,
        "Other Non Operating Income Expenses": -9270000.0,
        "Special Income Charges": NaN,
        "Other Special Charges": NaN,
        "Gain On Sale Of Security": -33007000.0,
        "Net Non Operating Interest Income Expense": -40710000.0,
        "Interest Expense Non Operating": 42609000.0,
        "Interest Income Non Operating": 1899000.0,
        "Operating Income": -191686000.0,
        "Operating Expense": 375696000.0,
        "Research And Development": 205712000.0,
        "Selling General And Administration": 169984000.0,
        "General And Administrative Expense": 169984000.0,
        "Other Gand A": 51120000.0,
        "Rent And Landing Fees": 32329000.0,
        "Salaries And Wages": 86535000.0,
        "Gross Profit": 184010000.0,
        "Cost Of Revenue": 40808000.0,
        "Total Revenue": 224818000.0,
        "Operating Revenue": 224818000.0
    },
    "2023-06-30": {
        "Tax Effect Of Unusual Items": 0.0,
        "Tax Rate For Calcs": 0.21,
        "Normalized EBITDA": -220727000.0,
        "Total Unusual Items": NaN,
        "Total Unusual Items Excluding Goodwill": NaN,
        "Net Income From Continuing Operation Net Minority Interest": -276024000.0,
        "Reconciled Depreciation": 23447000.0,
        "Reconciled Cost Of Revenue": 85370000.0,
        "EBITDA": -220727000.0,
        "EBIT": -244174000.0,
        "Net Interest Income": -8960000.0,
        "Interest Expense": 30035000.0,
        "Interest Income": 21075000.0,
        "Normalized Income": -276024000.0,
        "Net Income From Continuing And Discontinued Operation": -276024000.0,
        "Total Expenses": 548585000.0,
        "Rent Expense Supplemental": 38333000.0,
        "Total Operating Income As Reported": -229831000.0,
        "Diluted Average Shares": 124659000.0,
        "Basic Average Shares": 124659000.0,
        "Diluted EPS": -2.21,
        "Basic EPS": -2.21,
        "Diluted NI Availto Com Stockholders": -276024000.0,
        "Net Income Common Stockholders": -276024000.0,
        "Net Income": -276024000.0,
        "Net Income Including Noncontrolling Interests": -276024000.0,
        "Net Income Continuous Operations": -276024000.0,
        "Tax Provision": 1815000.0,
        "Pretax Income": -274209000.0,
        "Other Income Expense": -35418000.0,
        "Other Non Operating Income Expenses": -35418000.0,
        "Special Income Charges": NaN,
        "Gain On Sale Of Security": NaN,
        "Net Non Operating Interest Income Expense": -8960000.0,
        "Interest Expense Non Operating": 30035000.0,
        "Interest Income Non Operating": 21075000.0,
        "Operating Income": -229831000.0,
        "Operating Expense": 463215000.0,
        "Research And Development": 248526000.0,
        "Selling General And Administration": 214689000.0,
        "General And Administrative Expense": 214689000.0,
        "Other Gand A": 57848000.0,
        "Rent And Landing Fees": 38333000.0,
        "Salaries And Wages": 118508000.0,
        "Gross Profit": 233384000.0,
        "Cost Of Revenue": 85370000.0,
        "Total Revenue": 318754000.0,
        "Operating Revenue": 318754000.0
    },
    "2022-03-31": {
        "Diluted EPS": -2.0,
        "Total Revenue": 213,
        "Gross Profit": 178,
        "Operating Income": -147,
        "EBIT": -127,
        "Net Income": -240
    },
    "2021-12-31": {
        "Diluted EPS": -2.16,
        "Total Revenue": 259,
        "Gross Profit": 221,
        "Operating Income": -195,
        "EBIT": -173,
        "Net Income": -258
    },
    "2021-09-30": {
        "Diluted EPS": -1.72,
        "Total Revenue": 188,
        "Gross Profit": 155,
        "Operating Income": -182,
        "EBIT": -158,
        "Net Income": -205
    },
    "2021-06-30": {
        "Diluted EPS": -1.61,
        "Total Revenue": 221,
        "Gross Profit": 182,
        "Operating Income": -146,
        "EBIT": -124,
        "Net Income": -190
    },
    "2021-03-31": {
        "Diluted EPS": -1.71,
        "Total Revenue": 178,
        "Gross Profit": 147,
        "Operating Income": -186,
        "EBIT": -163,
        "Net Income": -200
    },
    "2020-12-31": {
        "Diluted EPS": -2.1,
        "Total Revenue": 164,
        "Gross Profit": 141,
        "Operating Income": -194,
        "EBIT": -173,
        "Net Income": -244
    },
    "2020-09-30": {
        "Diluted EPS": -2.18,
        "Total Revenue": 126,
        "Gross Profit": 104,
        "Operating Income": -225,
        "EBIT": -206,
        "Net Income": -253
    },
    "2020-06-30": {
        "Diluted EPS": -1.56,
        "Total Revenue": 104,
        "Gross Profit": 84,
        "Operating Income": -199,
        "EBIT": -181,
        "Net Income": -179
    },
    "2020-03-31": {
        "Diluted EPS": -1.62,
        "Total Revenue": 99,
        "Gross Profit": 86,
        "Operating Income": -210,
        "EBIT": -193,
        "Net Income": -182
    },
    "2019-12-31": {
        "Diluted EPS": -2.44,
        "Total Revenue": 72,
        "Gross Profit": 60,
        "Operating Income": -298,
        "EBIT": -283,
        "Net Income": -276
    },
    "2019-09-30": {
        "Diluted EPS": -1.92,
        "Total Revenue": 70,
        "Gross Profit": 65,
        "Operating Income": -216,
        "EBIT": -203,
        "Net Income": -209
    },
    "2019-06-30": {
        "Diluted EPS": -2.02,
        "Total Revenue": 45,
        "Gross Profit": 40,
        "Operating Income": -236,
        "EBIT": -224,
        "Net Income": -219
    },
    "2019-03-31": {
        "Diluted EPS": -1.73,
        "Total Revenue": 33,
        "Gross Profit": 30,
        "Operating Income": -189,
        "EBIT": -175,
        "Net Income": -182
    },
    "2018-12-31": {
        "Diluted EPS": -2.1,
        "Total Revenue": 21,
        "Gross Profit": 19,
        "Operating Income": -220,
        "EBIT": -211,
        "Net Income": -211
    },
    "2018-09-30": {
        "Diluted EPS": -2.43,
        "Total Revenue": 2,
        "Gross Profit": 2,
        "Operating Income": -255,
        "EBIT": -254,
        "Net Income": -245
    },
    "2018-06-30": {
        "Diluted EPS": -1.63,
        "Total Revenue": 30,
        "Gross Profit": 30,
        "Operating Income": -192,
        "EBIT": -190,
        "Net Income": -164
    },
    "2018-03-31": {
        "Diluted EPS": -1.41,
        "Total Revenue": 22,
        "Gross Profit": 22,
        "Operating Income": -147,
        "EBIT": -144,
        "Net Income": -141
    },
    "2017-12-31": {
        "Diluted EPS": -1.49,
        "Total Revenue": 38,
        "Gross Profit": 38,
        "Operating Income": -147,
        "EBIT": -145,
        "Net Income": -142
    },
    "2017-09-30": {
        "Diluted EPS": -1.34,
        "Total Revenue": 17,
        "Gross Profit": 17,
        "Operating Income": -126,
        "EBIT": -122,
        "Net Income": -123
    },
    "2017-06-30": {
        "Diluted EPS": -1.34,
        "Total Revenue": 16,
        "Gross Profit": 16,
        "Operating Income": -120,
        "EBIT": -117,
        "Net Income": -118
    },
    "2017-03-31": {
        "Diluted EPS": -1.25,
        "Total Revenue": 19,
        "Gross Profit": 19,
        "Operating Income": -107,
        "EBIT": -104,
        "Net Income": -107
    },
    "2016-12-31": {
        "Diluted EPS": -1.32,
        "Total Revenue": 17,
        "Gross Profit": 17,
        "Operating Income": -115,
        "EBIT": -112,
        "Net Income": -113
    },
    "2016-09-30": {
        "Diluted EPS": -1.21,
        "Total Revenue": 14,
        "Gross Profit": 14,
        "Operating Income": -107,
        "EBIT": -103,
        "Net Income": -104
    },
    "2016-06-30": {
        "Diluted EPS": -1.05,
        "Total Revenue": 9,
        "Gross Profit": 9,
        "Operating Income": -92,
        "EBIT": -88,
        "Net Income": -90
    },
    "2016-03-31": {
        "Diluted EPS": -1.21,
        "Total Revenue": 7,
        "Gross Profit": 7,
        "Operating Income": -110,
        "EBIT": -105,
        "Net Income": -103
    },
    "2015-12-31": {
        "Diluted EPS": -1.07,
        "Total Revenue": 8,
        "Gross Profit": 8,
        "Operating Income": -93,
        "EBIT": -87,
        "Net Income": -91
    },
    "2015-09-30": {
        "Diluted EPS": -0.91,
        "Total Revenue": 6,
        "Gross Profit": 6,
        "Operating Income": -78,
        "EBIT": -73,
        "Net Income": -77
    },
    "2015-06-30": {
        "Diluted EPS": -0.85,
        "Total Revenue": 9,
        "Gross Profit": 9,
        "Operating Income": -73,
        "EBIT": -68,
        "Net Income": -72
    },
    "2015-03-31": {
        "Diluted EPS": -0.62,
        "Total Revenue": 19,
        "Gross Profit": 19,
        "Operating Income": -52,
        "EBIT": -49,
        "Net Income": -51
    },
    "2014-12-31": {
        "Diluted EPS": 0.01,
        "Total Revenue": 24,
        "Gross Profit": 24,
        "Operating Income": -46,
        "EBIT": -42,
        "Net Income": -21
    },
    "2014-09-30": {
        "Diluted EPS": -0.58,
        "Total Revenue": 11,
        "Gross Profit": 11,
        "Operating Income": -45,
        "EBIT": -42,
        "Net Income": -44
    },
    "2014-06-30": {
        "Diluted EPS": -0.58,
        "Total Revenue": 7,
        "Gross Profit": 7,
        "Operating Income": -45,
        "EBIT": -42,
        "Net Income": -44
    },
    "2014-03-31": {
        "Diluted EPS": -3.7,
        "Total Revenue": 8,
        "Gross Profit": 8,
        "Operating Income": -269,
        "EBIT": -266,
        "Net Income": -251
    },
    "2013-12-31": {
        "Diluted EPS": -0.53,
        "Total Revenue": 11,
        "Gross Profit": 11,
        "Operating Income": -30,
        "EBIT": -27,
        "Net Income": -32
    },
    "2013-09-30": {
        "Diluted EPS": -0.48,
        "Total Revenue": 9,
        "Gross Profit": 9,
        "Operating Income": -32,
        "EBIT": -29,
        "Net Income": -30
    },
    "2013-06-30": {
        "Diluted EPS": -0.29,
        "Total Revenue": 9,
        "Gross Profit": 9,
        "Operating Income": -21,
        "EBIT": -19,
        "Net Income": -18
    },
    "2013-03-31": {
        "Diluted EPS": -0.15,
        "Total Revenue": 19,
        "Gross Profit": 19,
        "Operating Income": -10,
        "EBIT": -8,
        "Net Income": -9
    },
    "2012-12-31": {
        "Diluted EPS": -1.23,
        "Total Revenue": 8,
        "Gross Profit": 8,
        "Operating Income": -88,
        "EBIT": -86,
        "Net Income": -62
    },
    "2012-09-30": {
        "Diluted EPS": -0.38,
        "Total Revenue": 17,
        "Gross Profit": 17,
        "Operating Income": -18,
        "EBIT": -16,
        "Net Income": -20
    },
    "2012-06-30": {
        "Diluted EPS": -0.25,
        "Total Revenue": 21,
        "Gross Profit": 21,
        "Operating Income": -12,
        "EBIT": -9,
        "Net Income": -13
    },
    "2012-03-31": {
        "Diluted EPS": -0.25,
        "Total Revenue": 21,
        "Gross Profit": 21,
        "Operating Income": -11,
        "EBIT": -9,
        "Net Income": -11
    },
    "2011-12-31": {
        "Diluted EPS": -0.34,
        "Total Revenue": 20,
        "Gross Profit": 20,
        "Operating Income": -14,
        "EBIT": -12,
        "Net Income": -14
    },
    "2011-09-30": {
        "Diluted EPS": -0.31,
        "Total Revenue": 21,
        "Gross Profit": 21,
        "Operating Income": -12,
        "EBIT": -11,
        "Net Income": -13
    },
    "2011-06-30": {
        "Diluted EPS": -0.33,
        "Total Revenue": 21,
        "Gross Profit": 21,
        "Operating Income": -13,
        "EBIT": -12,
        "Net Income": -14
    },
    "2011-03-31": {
        "Diluted EPS": -0.38,
        "Total Revenue": 21,
        "Gross Profit": 21,
        "Operating Income": -16,
        "EBIT": -14,
        "Net Income": -16
    },
    "2010-12-31": {
        "Diluted EPS": -0.17,
        "Total Revenue": 21,
        "Gross Profit": 21,
        "Operating Income": -12,
        "EBIT": -11,
        "Net Income": -7
    },
    "2010-09-30": {
        "Diluted EPS": -0.23,
        "Total Revenue": 28,
        "Gross Profit": 28,
        "Operating Income": -9,
        "EBIT": -7,
        "Net Income": -10
    },
    "2010-06-30": {
        "Diluted EPS": -0.35,
        "Total Revenue": 27,
        "Gross Profit": 27,
        "Operating Income": -12,
        "EBIT": -10,
        "Net Income": -15
    },
    "2010-03-31": {
        "Diluted EPS": -0.29,
        "Total Revenue": 25,
        "Gross Profit": 25,
        "Operating Income": -11,
        "EBIT": -10,
        "Net Income": -12
    },
    "2009-12-31": {
        "Diluted EPS": -0.18,
        "Total Revenue": 27,
        "Gross Profit": 27,
        "Operating Income": -8,
        "EBIT": -7,
        "Net Income": -8
    },
    "2009-09-30": {
        "Diluted EPS": -0.22,
        "Total Revenue": 24,
        "Gross Profit": 24,
        "Operating Income": -10,
        "EBIT": -9,
        "Net Income": -9
    },
    "2009-06-30": {
        "Diluted EPS": -0.55,
        "Total Revenue": 25,
        "Gross Profit": 25,
        "Operating Income": -22,
        "EBIT": -20,
        "Net Income": -23
    },
    "2009-03-31": {
        "Diluted EPS": -0.19,
        "Total Revenue": 25,
        "Gross Profit": 25,
        "Operating Income": -8,
        "EBIT": -6,
        "Net Income": -8
    },
    "2023-09-30": {
        "Tax Effect Of Unusual Items": NaN,
        "Tax Rate For Calcs": NaN,
        "Normalized EBITDA": NaN,
        "Total Unusual Items": NaN,
        "Total Unusual Items Excluding Goodwill": NaN,
        "Net Income From Continuing Operation Net Minority Interest": NaN,
        "Reconciled Depreciation": NaN,
        "Reconciled Cost Of Revenue": NaN,
        "EBITDA": NaN,
        "EBIT": NaN,
        "Net Interest Income": NaN,
        "Interest Expense": NaN,
        "Interest Income": NaN,
        "Normalized Income": NaN,
        "Net Income From Continuing And Discontinued Operation": NaN,
        "Total Expenses": NaN,
        "Rent Expense Supplemental": NaN,
        "Total Operating Income As Reported": NaN,
        "Diluted Average Shares": NaN,
        "Basic Average Shares": NaN,
        "Diluted EPS": NaN,
        "Basic EPS": NaN,
        "Diluted NI Availto Com Stockholders": NaN,
        "Net Income Common Stockholders": NaN,
        "Net Income": NaN,
        "Net Income Including Noncontrolling Interests": NaN,
        "Net Income Continuous Operations": NaN,
        "Tax Provision": NaN,
        "Pretax Income": NaN,
        "Other Income Expense": NaN,
        "Other Non Operating Income Expenses": NaN,
        "Special Income Charges": 0.0,
        "Gain On Sale Of Security": NaN,
        "Net Non Operating Interest Income Expense": NaN,
        "Interest Expense Non Operating": NaN,
        "Interest Income Non Operating": NaN,
        "Operating Income": NaN,
        "Operating Expense": NaN,
        "Research And Development": NaN,
        "Selling General And Administration": NaN,
        "General And Administrative Expense": NaN,
        "Other Gand A": NaN,
        "Rent And Landing Fees": NaN,
        "Salaries And Wages": NaN,
        "Gross Profit": NaN,
        "Cost Of Revenue": NaN,
        "Total Revenue": NaN,
        "Operating Revenue": NaN
    },
    "2023-12-31": {
        "Tax Effect Of Unusual Items": NaN,
        "Tax Rate For Calcs": NaN,
        "Normalized EBITDA": NaN,
        "Total Unusual Items": NaN,
        "Total Unusual Items Excluding Goodwill": NaN,
        "Net Income From Continuing Operation Net Minority Interest": NaN,
        "Reconciled Depreciation": NaN,
        "Reconciled Cost Of Revenue": NaN,
        "EBITDA": NaN,
        "EBIT": NaN,
        "Net Interest Income": NaN,
        "Interest Expense": NaN,
        "Interest Income": NaN,
        "Normalized Income": NaN,
        "Net Income From Continuing And Discontinued Operation": NaN,
        "Total Expenses": NaN,
        "Rent Expense Supplemental": NaN,
        "Total Operating Income As Reported": NaN,
        "Diluted Average Shares": 125613000.0,
        "Basic Average Shares": 125613000.0,
        "Diluted EPS": -1.1,
        "Basic EPS": -1.1,
        "Diluted NI Availto Com Stockholders": NaN,
        "Net Income Common Stockholders": NaN,
        "Net Income": NaN,
        "Net Income Including Noncontrolling Interests": NaN,
        "Net Income Continuous Operations": NaN,
        "Tax Provision": NaN,
        "Pretax Income": NaN,
        "Other Income Expense": NaN,
        "Other Non Operating Income Expenses": NaN,
        "Special Income Charges": 0.0,
        "Gain On Sale Of Security": NaN,
        "Net Non Operating Interest Income Expense": NaN,
        "Interest Expense Non Operating": NaN,
        "Interest Income Non Operating": NaN,
        "Operating Income": NaN,
        "Operating Expense": NaN,
        "Research And Development": NaN,
        "Selling General And Administration": NaN,
        "General And Administrative Expense": NaN,
        "Other Gand A": NaN,
        "Rent And Landing Fees": NaN,
        "Salaries And Wages": NaN,
        "Gross Profit": NaN,
        "Cost Of Revenue": NaN,
        "Total Revenue": NaN,
        "Operating Revenue": NaN
    },
    "2024-03-31": {
        "Tax Effect Of Unusual Items": NaN,
        "Tax Rate For Calcs": NaN,
        "Normalized EBITDA": NaN,
        "Total Unusual Items": NaN,
        "Total Unusual Items Excluding Goodwill": NaN,
        "Net Income From Continuing Operation Net Minority Interest": NaN,
        "Reconciled Depreciation": NaN,
        "Reconciled Cost Of Revenue": NaN,
        "EBITDA": NaN,
        "EBIT": NaN,
        "Net Interest Income": NaN,
        "Interest Expense": NaN,
        "Interest Income": NaN,
        "Normalized Income": NaN,
        "Net Income From Continuing And Discontinued Operation": NaN,
        "Total Expenses": NaN,
        "Rent Expense Supplemental": NaN,
        "Total Operating Income As Reported": NaN,
        "Diluted Average Shares": 126138000.0,
        "Basic Average Shares": 126138000.0,
        "Diluted EPS": -0.52,
        "Basic EPS": -0.52,
        "Diluted NI Availto Com Stockholders": NaN,
        "Net Income Common Stockholders": NaN,
        "Net Income": NaN,
        "Net Income Including Noncontrolling Interests": NaN,
        "Net Income Continuous Operations": NaN,
        "Tax Provision": NaN,
        "Pretax Income": NaN,
        "Other Income Expense": NaN,
        "Other Non Operating Income Expenses": NaN,
        "Special Income Charges": NaN,
        "Gain On Sale Of Security": NaN,
        "Net Non Operating Interest Income Expense": NaN,
        "Interest Expense Non Operating": NaN,
        "Interest Income Non Operating": NaN,
        "Operating Income": NaN,
        "Operating Expense": NaN,
        "Research And Development": NaN,
        "Selling General And Administration": NaN,
        "General And Administrative Expense": NaN,
        "Other Gand A": NaN,
        "Rent And Landing Fees": NaN,
        "Salaries And Wages": NaN,
        "Gross Profit": NaN,
        "Cost Of Revenue": NaN,
        "Total Revenue": NaN,
        "Operating Revenue": NaN
    },
    "2024-06-30": {
        "Tax Effect Of Unusual Items": -11971890.0,
        "Tax Rate For Calcs": 0.21,
        "Normalized EBITDA": 115761000.0,
        "Total Unusual Items": -57009000.0,
        "Total Unusual Items Excluding Goodwill": -57009000.0,
        "Net Income From Continuing Operation Net Minority Interest": -16889000.0,
        "Reconciled Depreciation": 36661000.0,
        "Reconciled Cost Of Revenue": 68672000.0,
        "EBITDA": 58752000.0,
        "EBIT": 22091000.0,
        "Net Interest Income": -4076000.0,
        "Interest Expense": 33258000.0,
        "Interest Income": 29182000.0,
        "Normalized Income": 28148110.0,
        "Net Income From Continuing And Discontinued Operation": -16889000.0,
        "Total Expenses": 611211000.0,
        "Rent Expense Supplemental": 43955000.0,
        "Total Operating Income As Reported": 48614000.0,
        "Diluted Average Shares": 126733000.0,
        "Basic Average Shares": 126733000.0,
        "Diluted EPS": -0.13,
        "Basic EPS": -0.13,
        "Diluted NI Availto Com Stockholders": -16889000.0,
        "Net Income Common Stockholders": -16889000.0,
        "Net Income": -16889000.0,
        "Net Income Including Noncontrolling Interests": -16889000.0,
        "Net Income Continuous Operations": -16889000.0,
        "Tax Provision": 5722000.0,
        "Pretax Income": -11167000.0,
        "Other Income Expense": -55705000.0,
        "Other Non Operating Income Expenses": 1304000.0,
        "Special Income Charges": NaN,
        "Gain On Sale Of Security": -57009000.0,
        "Net Non Operating Interest Income Expense": -4076000.0,
        "Interest Expense Non Operating": 33258000.0,
        "Interest Income Non Operating": 29182000.0,
        "Operating Income": 48614000.0,
        "Operating Expense": 542539000.0,
        "Research And Development": 294142000.0,
        "Selling General And Administration": 248397000.0,
        "General And Administrative Expense": 248397000.0,
        "Other Gand A": 66731000.0,
        "Rent And Landing Fees": 43955000.0,
        "Salaries And Wages": 137711000.0,
        "Gross Profit": 591153000.0,
        "Cost Of Revenue": 68672000.0,
        "Total Revenue": 659825000.0,
        "Operating Revenue": 659825000.0
    },
    "2024-09-30": {
        "Tax Effect Of Unusual Items": -7945980.0,
        "Tax Rate For Calcs": 0.21,
        "Normalized EBITDA": -9411000.0,
        "Total Unusual Items": -37838000.0,
        "Total Unusual Items Excluding Goodwill": -37838000.0,
        "Net Income From Continuing Operation Net Minority Interest": -111570000.0,
        "Reconciled Depreciation": 27038000.0,
        "Reconciled Cost Of Revenue": 85905000.0,
        "EBITDA": -47249000.0,
        "EBIT": -74287000.0,
        "Net Interest Income": -2230000.0,
        "Interest Expense": 34376000.0,
        "Interest Income": 32146000.0,
        "Normalized Income": -81677980.0,
        "Net Income From Continuing And Discontinued Operation": -111570000.0,
        "Total Expenses": 577824000.0,
        "Rent Expense Supplemental": 36981000.0,
        "Total Operating Income As Reported": -76905000.0,
        "Diluted Average Shares": 128590000.0,
        "Basic Average Shares": 128590000.0,
        "Diluted EPS": -0.87,
        "Basic EPS": -0.87,
        "Diluted NI Availto Com Stockholders": -111570000.0,
        "Net Income Common Stockholders": -111570000.0,
        "Net Income": -111570000.0,
        "Net Income Including Noncontrolling Interests": -111570000.0,
        "Net Income Continuous Operations": -111570000.0,
        "Tax Provision": 2907000.0,
        "Pretax Income": -108663000.0,
        "Other Income Expense": -29528000.0,
        "Other Non Operating Income Expenses": 8310000.0,
        "Special Income Charges": NaN,
        "Gain On Sale Of Security": -37838000.0,
        "Net Non Operating Interest Income Expense": -2230000.0,
        "Interest Expense Non Operating": 34376000.0,
        "Interest Income Non Operating": 32146000.0,
        "Operating Income": -76905000.0,
        "Operating Expense": 491919000.0,
        "Research And Development": 270926000.0,
        "Selling General And Administration": 220993000.0,
        "General And Administrative Expense": 220993000.0,
        "Other Gand A": 68329000.0,
        "Rent And Landing Fees": 36981000.0,
        "Salaries And Wages": 115683000.0,
        "Gross Profit": 415014000.0,
        "Cost Of Revenue": 85905000.0,
        "Total Revenue": 500919000.0,
        "Operating Revenue": 500919000.0
    },
    "2024-12-31": {
        "Tax Effect Of Unusual Items": -14791770.0,
        "Tax Rate For Calcs": 0.21,
        "Normalized EBITDA": -84550000.0,
        "Total Unusual Items": -70437000.0,
        "Total Unusual Items Excluding Goodwill": -70437000.0,
        "Net Income From Continuing Operation Net Minority Interest": -83763000.0,
        "Reconciled Depreciation": -20546000.0,
        "Reconciled Cost Of Revenue": 102817000.0,
        "EBITDA": -154987000.0,
        "EBIT": -154987000.0,
        "Net Interest Income": -7952000.0,
        "Interest Expense": 38971000.0,
        "Interest Income": 31019000.0,
        "Normalized Income": -28117770.0,
        "Net Income From Continuing And Discontinued Operation": -83763000.0,
        "Total Expenses": 698325000.0,
        "Rent Expense Supplemental": 52276000.0,
        "Total Operating Income As Reported": -105159000.0,
        "Diluted Average Shares": NaN,
        "Basic Average Shares": NaN,
        "Diluted EPS": NaN,
        "Basic EPS": NaN,
        "Diluted NI Availto Com Stockholders": -83763000.0,
        "Net Income Common Stockholders": -83763000.0,
        "Net Income": -83763000.0,
        "Net Income Including Noncontrolling Interests": -83763000.0,
        "Net Income Continuous Operations": -83763000.0,
        "Tax Provision": -110195000.0,
        "Pretax Income": -193958000.0,
        "Other Income Expense": -80847000.0,
        "Other Non Operating Income Expenses": -10410000.0,
        "Special Income Charges": NaN,
        "Gain On Sale Of Security": -70437000.0,
        "Net Non Operating Interest Income Expense": -7952000.0,
        "Interest Expense Non Operating": 38971000.0,
        "Interest Income Non Operating": 31019000.0,
        "Operating Income": -105159000.0,
        "Operating Expense": 595508000.0,
        "Research And Development": 300169000.0,
        "Selling General And Administration": 295339000.0,
        "General And Administrative Expense": 295339000.0,
        "Other Gand A": 82720000.0,
        "Rent And Landing Fees": 52276000.0,
        "Salaries And Wages": 160343000.0,
        "Gross Profit": 490349000.0,
        "Cost Of Revenue": 102817000.0,
        "Total Revenue": 593166000.0,
        "Operating Revenue": 593166000.0
    },
    "2025-03-31": {
        "Tax Effect Of Unusual Items": -12567870.0,
        "Tax Rate For Calcs": 0.21,
        "Normalized EBITDA": 71302000.0,
        "Total Unusual Items": -59847000.0,
        "Total Unusual Items Excluding Goodwill": -59847000.0,
        "Net Income From Continuing Operation Net Minority Interest": -57479000.0,
        "Reconciled Depreciation": 14405000.0,
        "Reconciled Cost Of Revenue": 71041000.0,
        "EBITDA": 11455000.0,
        "EBIT": -2950000.0,
        "Net Interest Income": -9973000.0,
        "Interest Expense": 38646000.0,
        "Interest Income": 28673000.0,
        "Normalized Income": -10199870.0,
        "Net Income From Continuing And Discontinued Operation": -57479000.0,
        "Total Expenses": 576112000.0,
        "Rent Expense Supplemental": 43825000.0,
        "Total Operating Income As Reported": 18077000.0,
        "Diluted Average Shares": 129676000.0,
        "Basic Average Shares": 129676000.0,
        "Diluted EPS": -0.44,
        "Basic EPS": -0.44,
        "Diluted NI Availto Com Stockholders": -57479000.0,
        "Net Income Common Stockholders": -57479000.0,
        "Net Income": -57479000.0,
        "Net Income Including Noncontrolling Interests": -57479000.0,
        "Net Income Continuous Operations": -57479000.0,
        "Tax Provision": 15883000.0,
        "Pretax Income": -41596000.0,
        "Other Income Expense": -49700000.0,
        "Other Non Operating Income Expenses": 10147000.0,
        "Special Income Charges": NaN,
        "Gain On Sale Of Security": -59847000.0,
        "Net Non Operating Interest Income Expense": -9973000.0,
        "Interest Expense Non Operating": 38646000.0,
        "Interest Income Non Operating": 28673000.0,
        "Operating Income": 18077000.0,
        "Operating Expense": 505071000.0,
        "Research And Development": 265122000.0,
        "Selling General And Administration": 239949000.0,
        "General And Administrative Expense": 239949000.0,
        "Other Gand A": 64687000.0,
        "Rent And Landing Fees": 43825000.0,
        "Salaries And Wages": 131437000.0,
        "Gross Profit": 523148000.0,
        "Cost Of Revenue": 71041000.0,
        "Total Revenue": 594189000.0,
        "Operating Revenue": 594189000.0
    },
    "2025-06-30": {
        "Tax Effect Of Unusual Items": -3487890.0,
        "Tax Rate For Calcs": 0.21,
        "Normalized EBITDA": 35441000.0,
        "Total Unusual Items": -16609000.0,
        "Total Unusual Items Excluding Goodwill": -16609000.0,
        "Net Income From Continuing Operation Net Minority Interest": -66277000.0,
        "Reconciled Depreciation": 13944000.0,
        "Reconciled Cost Of Revenue": 142953000.0,
        "EBITDA": 18832000.0,
        "EBIT": 4888000.0,
        "Net Interest Income": -12760000.0,
        "Interest Expense": 40246000.0,
        "Interest Income": 27486000.0,
        "Normalized Income": -53155890.0,
        "Net Income From Continuing And Discontinued Operation": -66277000.0,
        "Total Expenses": 789888000.0,
        "Rent Expense Supplemental": 49444000.0,
        "Total Operating Income As Reported": -16199000.0,
        "Diluted Average Shares": NaN,
        "Basic Average Shares": NaN,
        "Diluted EPS": NaN,
        "Basic EPS": NaN,
        "Diluted NI Availto Com Stockholders": -66277000.0,
        "Net Income Common Stockholders": -66277000.0,
        "Net Income": -66277000.0,
        "Net Income Including Noncontrolling Interests": -66277000.0,
        "Net Income Continuous Operations": -66277000.0,
        "Tax Provision": 30919000.0,
        "Pretax Income": -35358000.0,
        "Other Income Expense": -6399000.0,
        "Other Non Operating Income Expenses": 10210000.0,
        "Special Income Charges": NaN,
        "Gain On Sale Of Security": -16609000.0,
        "Net Non Operating Interest Income Expense": -12760000.0,
        "Interest Expense Non Operating": 40246000.0,
        "Interest Income Non Operating": 27486000.0,
        "Operating Income": -16199000.0,
        "Operating Expense": 646935000.0,
        "Research And Development": 323621000.0,
        "Selling General And Administration": 323314000.0,
        "General And Administrative Expense": 323314000.0,
        "Other Gand A": 82637000.0,
        "Rent And Landing Fees": 49444000.0,
        "Salaries And Wages": 191233000.0,
        "Gross Profit": 630736000.0,
        "Cost Of Revenue": 142953000.0,
        "Total Revenue": 773689000.0,
        "Operating Revenue": 773689000.0
    }
}