{
    "2023-04-30": {
        "Tax Effect Of Unusual Items": 32364.0,
        "Tax Rate For Calcs": 0.174,
        "Normalized EBITDA": 2511000.0,
        "Total Unusual Items": 186000.0,
        "Total Unusual Items Excluding Goodwill": 186000.0,
        "Net Income From Continuing Operation Net Minority Interest": 848000.0,
        "Reconciled Depreciation": 1055000.0,
        "Reconciled Cost Of Revenue": 23034000.0,
        "EBITDA": 2697000.0,
        "EBIT": 1642000.0,
        "Net Interest Income": -615000.0,
        "Interest Expense": 615000.0,
        "Normalized Income": 694364.0,
        "Net Income From Continuing And Discontinued Operation": 848000.0,
        "Total Expenses": 33958000.0,
        "Total Operating Income As Reported": 1461000.0,
        "Diluted Average Shares": 7450000.0,
        "Basic Average Shares": 7370000.0,
        "Diluted EPS": 0.11,
        "Basic EPS": 0.12,
        "Diluted NI Availto Com Stockholders": 848000.0,
        "Net Income Common Stockholders": 848000.0,
        "Net Income": 848000.0,
        "Net Income Including Noncontrolling Interests": 848000.0,
        "Net Income Continuous Operations": 848000.0,
        "Tax Provision": 179000.0,
        "Pretax Income": 1027000.0,
        "Other Income Expense": 181000.0,
        "Other Non Operating Income Expenses": -5000.0,
        "Special Income Charges": NaN,
        "Gain On Sale Of Ppe": NaN,
        "Gain On Sale Of Security": 186000.0,
        "Net Non Operating Interest Income Expense": -615000.0,
        "Interest Expense Non Operating": 615000.0,
        "Operating Income": 1461000.0,
        "Operating Expense": 10924000.0,
        "Research And Development": 1788000.0,
        "Selling General And Administration": 9136000.0,
        "Selling And Marketing Expense": 6010000.0,
        "General And Administrative Expense": 3126000.0,
        "Other Gand A": 3126000.0,
        "Gross Profit": 12385000.0,
        "Cost Of Revenue": 23034000.0,
        "Total Revenue": 35419000.0,
        "Operating Revenue": 35419000.0
    },
    "2023-01-31": {
        "Tax Effect Of Unusual Items": NaN,
        "Tax Rate For Calcs": NaN,
        "Normalized EBITDA": NaN,
        "Total Unusual Items": NaN,
        "Total Unusual Items Excluding Goodwill": NaN,
        "Net Income From Continuing Operation Net Minority Interest": NaN,
        "Reconciled Depreciation": NaN,
        "Reconciled Cost Of Revenue": NaN,
        "EBITDA": NaN,
        "EBIT": NaN,
        "Net Interest Income": NaN,
        "Interest Expense": NaN,
        "Normalized Income": NaN,
        "Net Income From Continuing And Discontinued Operation": NaN,
        "Total Expenses": NaN,
        "Total Operating Income As Reported": NaN,
        "Diluted Average Shares": NaN,
        "Basic Average Shares": NaN,
        "Diluted EPS": NaN,
        "Basic EPS": NaN,
        "Diluted NI Availto Com Stockholders": NaN,
        "Net Income Common Stockholders": NaN,
        "Net Income": NaN,
        "Net Income Including Noncontrolling Interests": NaN,
        "Net Income Continuous Operations": NaN,
        "Tax Provision": NaN,
        "Pretax Income": NaN,
        "Other Income Expense": NaN,
        "Other Non Operating Income Expenses": NaN,
        "Special Income Charges": 0.0,
        "Gain On Sale Of Ppe": 0.0,
        "Gain On Sale Of Security": NaN,
        "Net Non Operating Interest Income Expense": NaN,
        "Interest Expense Non Operating": NaN,
        "Operating Income": NaN,
        "Operating Expense": NaN,
        "Research And Development": NaN,
        "Selling General And Administration": NaN,
        "Selling And Marketing Expense": NaN,
        "General And Administrative Expense": NaN,
        "Other Gand A": NaN,
        "Gross Profit": NaN,
        "Cost Of Revenue": NaN,
        "Total Revenue": NaN,
        "Operating Revenue": NaN
    },
    "2022-10-31": {
        "Tax Effect Of Unusual Items": NaN,
        "Tax Rate For Calcs": NaN,
        "Normalized EBITDA": NaN,
        "Total Unusual Items": NaN,
        "Total Unusual Items Excluding Goodwill": NaN,
        "Net Income From Continuing Operation Net Minority Interest": NaN,
        "Reconciled Depreciation": NaN,
        "Reconciled Cost Of Revenue": NaN,
        "EBITDA": NaN,
        "EBIT": NaN,
        "Net Interest Income": NaN,
        "Interest Expense": NaN,
        "Normalized Income": NaN,
        "Net Income From Continuing And Discontinued Operation": NaN,
        "Total Expenses": NaN,
        "Total Operating Income As Reported": NaN,
        "Diluted Average Shares": NaN,
        "Basic Average Shares": NaN,
        "Diluted EPS": NaN,
        "Basic EPS": NaN,
        "Diluted NI Availto Com Stockholders": NaN,
        "Net Income Common Stockholders": NaN,
        "Net Income": NaN,
        "Net Income Including Noncontrolling Interests": NaN,
        "Net Income Continuous Operations": NaN,
        "Tax Provision": NaN,
        "Pretax Income": NaN,
        "Other Income Expense": NaN,
        "Other Non Operating Income Expenses": NaN,
        "Special Income Charges": 0.0,
        "Gain On Sale Of Ppe": 0.0,
        "Gain On Sale Of Security": NaN,
        "Net Non Operating Interest Income Expense": NaN,
        "Interest Expense Non Operating": NaN,
        "Operating Income": NaN,
        "Operating Expense": NaN,
        "Research And Development": NaN,
        "Selling General And Administration": NaN,
        "Selling And Marketing Expense": NaN,
        "General And Administrative Expense": NaN,
        "Other Gand A": NaN,
        "Gross Profit": NaN,
        "Cost Of Revenue": NaN,
        "Total Revenue": NaN,
        "Operating Revenue": NaN
    },
    "2022-07-31": {
        "Tax Effect Of Unusual Items": -65945.273632,
        "Tax Rate For Calcs": 0.273632,
        "Normalized EBITDA": 1255000.0,
        "Total Unusual Items": -241000.0,
        "Total Unusual Items Excluding Goodwill": -241000.0,
        "Net Income From Continuing Operation Net Minority Interest": 584000.0,
        "Reconciled Depreciation": 908000.0,
        "Reconciled Cost Of Revenue": 20877000.0,
        "EBITDA": 1014000.0,
        "EBIT": 1014000.0,
        "Net Interest Income": -210000.0,
        "Interest Expense": 210000.0,
        "Normalized Income": 759054.726368,
        "Net Income From Continuing And Discontinued Operation": 584000.0,
        "Total Expenses": 31024000.0,
        "Total Operating Income As Reported": 1235000.0,
        "Diluted Average Shares": 7347946.0,
        "Basic Average Shares": 7309716.0,
        "Diluted EPS": 0.08,
        "Basic EPS": 0.08,
        "Diluted NI Availto Com Stockholders": 584000.0,
        "Net Income Common Stockholders": 584000.0,
        "Net Income": 584000.0,
        "Net Income Including Noncontrolling Interests": 584000.0,
        "Net Income Continuous Operations": 584000.0,
        "Tax Provision": 220000.0,
        "Pretax Income": 804000.0,
        "Other Income Expense": -221000.0,
        "Other Non Operating Income Expenses": 20000.0,
        "Special Income Charges": 0.0,
        "Gain On Sale Of Ppe": NaN,
        "Gain On Sale Of Security": -241000.0,
        "Net Non Operating Interest Income Expense": -210000.0,
        "Interest Expense Non Operating": 210000.0,
        "Operating Income": 1235000.0,
        "Operating Expense": 10147000.0,
        "Research And Development": 1595000.0,
        "Selling General And Administration": 8552000.0,
        "Selling And Marketing Expense": 5981000.0,
        "General And Administrative Expense": 2571000.0,
        "Other Gand A": 2571000.0,
        "Gross Profit": 11382000.0,
        "Cost Of Revenue": 20877000.0,
        "Total Revenue": 32259000.0,
        "Operating Revenue": 32259000.0
    },
    "2022-04-30": {
        "Diluted EPS": 0.06,
        "Total Revenue": 31,
        "Gross Profit": 11,
        "Operating Income": 1,
        "EBIT": 2,
        "Net Income": 0
    },
    "2022-01-31": {
        "Diluted EPS": -0.1,
        "Total Revenue": 30,
        "Gross Profit": 10,
        "Operating Income": 0,
        "EBIT": 1,
        "Net Income": -1
    },
    "2021-10-31": {
        "Diluted EPS": -0.06,
        "Total Revenue": 29,
        "Gross Profit": 10,
        "Operating Income": 0,
        "EBIT": 1,
        "Net Income": 0
    },
    "2021-07-31": {
        "Diluted EPS": 0.96,
        "Total Revenue": 30,
        "Gross Profit": 13,
        "Operating Income": 3,
        "EBIT": 4,
        "Net Income": 7
    },
    "2021-04-30": {
        "Diluted EPS": 0.08,
        "Total Revenue": 29,
        "Gross Profit": 11,
        "Operating Income": 1,
        "EBIT": 2,
        "Net Income": 1
    },
    "2021-01-31": {
        "Diluted EPS": 0.12,
        "Total Revenue": 29,
        "Gross Profit": 11,
        "Operating Income": 1,
        "EBIT": 3,
        "Net Income": 1
    },
    "2020-10-31": {
        "Diluted EPS": 0.0,
        "Total Revenue": 28,
        "Gross Profit": 10,
        "Operating Income": 0,
        "EBIT": 2,
        "Net Income": 0
    },
    "2020-07-31": {
        "Diluted EPS": 0.0,
        "Total Revenue": 28,
        "Gross Profit": 10,
        "Operating Income": 0,
        "EBIT": 2,
        "Net Income": 0
    },
    "2020-04-30": {
        "Diluted EPS": 0.06,
        "Total Revenue": 31,
        "Gross Profit": 11,
        "Operating Income": 1,
        "EBIT": 2,
        "Net Income": 0
    },
    "2020-01-31": {
        "Diluted EPS": -0.18,
        "Total Revenue": 30,
        "Gross Profit": 10,
        "Operating Income": -2,
        "EBIT": 0,
        "Net Income": -1
    },
    "2019-10-31": {
        "Diluted EPS": 0.06,
        "Total Revenue": 33,
        "Gross Profit": 12,
        "Operating Income": 0,
        "EBIT": 2,
        "Net Income": 0
    },
    "2019-07-31": {
        "Diluted EPS": 0.13,
        "Total Revenue": 33,
        "Gross Profit": 12,
        "Operating Income": 1,
        "EBIT": 3,
        "Net Income": 1
    },
    "2019-04-30": {
        "Diluted EPS": 0.23,
        "Total Revenue": 36,
        "Gross Profit": 14,
        "Operating Income": 2,
        "EBIT": 4,
        "Net Income": 2
    },
    "2019-01-31": {
        "Diluted EPS": 0.32,
        "Total Revenue": 37,
        "Gross Profit": 15,
        "Operating Income": 3,
        "EBIT": 4,
        "Net Income": 2
    },
    "2018-10-31": {
        "Diluted EPS": 0.2,
        "Total Revenue": 34,
        "Gross Profit": 14,
        "Operating Income": 2,
        "EBIT": 4,
        "Net Income": 1
    },
    "2018-07-31": {
        "Diluted EPS": 0.17,
        "Total Revenue": 34,
        "Gross Profit": 13,
        "Operating Income": 2,
        "EBIT": 4,
        "Net Income": 1
    },
    "2018-04-30": {
        "Diluted EPS": 0.12,
        "Total Revenue": 31,
        "Gross Profit": 12,
        "Operating Income": 1,
        "EBIT": 3,
        "Net Income": 1
    },
    "2018-01-31": {
        "Diluted EPS": 0.08,
        "Total Revenue": 33,
        "Gross Profit": 13,
        "Operating Income": 2,
        "EBIT": 4,
        "Net Income": 1
    },
    "2017-10-31": {
        "Diluted EPS": 0.21,
        "Total Revenue": 29,
        "Gross Profit": 12,
        "Operating Income": 2,
        "EBIT": 3,
        "Net Income": 1
    },
    "2017-07-31": {
        "Diluted EPS": 0.11,
        "Total Revenue": 27,
        "Gross Profit": 10,
        "Operating Income": 1,
        "EBIT": 2,
        "Net Income": 1
    },
    "2017-04-30": {
        "Diluted EPS": 0.07,
        "Total Revenue": 24,
        "Gross Profit": 9,
        "Operating Income": 1,
        "EBIT": 1,
        "Net Income": 1
    },
    "2017-01-31": {
        "Diluted EPS": 0.1,
        "Total Revenue": 26,
        "Gross Profit": 10,
        "Operating Income": 1,
        "EBIT": 2,
        "Net Income": 1
    },
    "2016-10-31": {
        "Diluted EPS": 0.15,
        "Total Revenue": 23,
        "Gross Profit": 10,
        "Operating Income": 2,
        "EBIT": 2,
        "Net Income": 1
    },
    "2016-07-31": {
        "Diluted EPS": 0.17,
        "Total Revenue": 25,
        "Gross Profit": 10,
        "Operating Income": 2,
        "EBIT": 2,
        "Net Income": 1
    },
    "2016-04-30": {
        "Diluted EPS": 0.14,
        "Total Revenue": 24,
        "Gross Profit": 9,
        "Operating Income": 2,
        "EBIT": 2,
        "Net Income": 1
    },
    "2016-01-31": {
        "Diluted EPS": 0.11,
        "Total Revenue": 24,
        "Gross Profit": 9,
        "Operating Income": 1,
        "EBIT": 1,
        "Net Income": 1
    },
    "2015-10-31": {
        "Diluted EPS": 0.18,
        "Total Revenue": 25,
        "Gross Profit": 10,
        "Operating Income": 2,
        "EBIT": 2,
        "Net Income": 1
    },
    "2015-07-31": {
        "Diluted EPS": 0.16,
        "Total Revenue": 24,
        "Gross Profit": 10,
        "Operating Income": 2,
        "EBIT": 2,
        "Net Income": 1
    },
    "2015-04-30": {
        "Diluted EPS": 0.16,
        "Total Revenue": 22,
        "Gross Profit": 9,
        "Operating Income": 1,
        "EBIT": 2,
        "Net Income": 1
    },
    "2015-01-31": {
        "Diluted EPS": 0.08,
        "Total Revenue": 22,
        "Gross Profit": 9,
        "Operating Income": 1,
        "EBIT": 1,
        "Net Income": 1
    },
    "2014-10-31": {
        "Diluted EPS": 0.2,
        "Total Revenue": 23,
        "Gross Profit": 10,
        "Operating Income": 3,
        "EBIT": 3,
        "Net Income": 2
    },
    "2014-07-31": {
        "Diluted EPS": 0.18,
        "Total Revenue": 22,
        "Gross Profit": 10,
        "Operating Income": 2,
        "EBIT": 3,
        "Net Income": 1
    },
    "2014-04-30": {
        "Diluted EPS": 0.14,
        "Total Revenue": 21,
        "Gross Profit": 9,
        "Operating Income": 2,
        "EBIT": 2,
        "Net Income": 1
    },
    "2014-01-31": {
        "Diluted EPS": 0.25,
        "Total Revenue": 18,
        "Gross Profit": 8,
        "Operating Income": 0,
        "EBIT": 1,
        "Net Income": 2
    },
    "2013-10-31": {
        "Diluted EPS": 0.14,
        "Total Revenue": 18,
        "Gross Profit": 7,
        "Operating Income": 1,
        "EBIT": 1,
        "Net Income": 1
    },
    "2013-07-31": {
        "Diluted EPS": 0.09,
        "Total Revenue": 17,
        "Gross Profit": 7,
        "Operating Income": 1,
        "EBIT": 1,
        "Net Income": 1
    },
    "2013-04-30": {
        "Diluted EPS": -0.06,
        "Total Revenue": 15,
        "Gross Profit": 5,
        "Operating Income": -1,
        "EBIT": 0,
        "Net Income": 0
    },
    "2013-01-31": {
        "Diluted EPS": 1.02,
        "Total Revenue": 16,
        "Gross Profit": 6,
        "Operating Income": 1,
        "EBIT": 1,
        "Net Income": 8
    },
    "2012-10-31": {
        "Diluted EPS": 0.18,
        "Total Revenue": 16,
        "Gross Profit": 6,
        "Operating Income": 1,
        "EBIT": 2,
        "Net Income": 1
    },
    "2012-07-31": {
        "Diluted EPS": 0.13,
        "Total Revenue": 15,
        "Gross Profit": 6,
        "Operating Income": 1,
        "EBIT": 1,
        "Net Income": 1
    },
    "2012-04-30": {
        "Diluted EPS": 0.11,
        "Total Revenue": 14,
        "Gross Profit": 5,
        "Operating Income": 0,
        "EBIT": 1,
        "Net Income": 1
    },
    "2012-01-31": {
        "Diluted EPS": 0.11,
        "Total Revenue": 6,
        "Gross Profit": 6,
        "Operating Income": 0,
        "EBIT": 0,
        "Net Income": 1
    },
    "2011-10-31": {
        "Diluted EPS": 0.11,
        "Total Revenue": 20,
        "Gross Profit": 8,
        "Operating Income": 1,
        "EBIT": 2,
        "Net Income": 1
    },
    "2011-07-31": {
        "Diluted EPS": 0.14,
        "Total Revenue": 20,
        "Gross Profit": 8,
        "Operating Income": 1,
        "EBIT": 2,
        "Net Income": 1
    },
    "2011-04-30": {
        "Diluted EPS": 0.06,
        "Total Revenue": 19,
        "Gross Profit": 8,
        "Operating Income": 1,
        "EBIT": 1,
        "Net Income": 0
    },
    "2011-01-31": {
        "Diluted EPS": 0.07,
        "Total Revenue": 18,
        "Gross Profit": 7,
        "Operating Income": 1,
        "EBIT": 1,
        "Net Income": 1
    },
    "2010-10-31": {
        "Diluted EPS": 0.11,
        "Total Revenue": 18,
        "Gross Profit": 7,
        "Operating Income": 1,
        "EBIT": 1,
        "Net Income": 1
    },
    "2010-07-31": {
        "Diluted EPS": 0.04,
        "Total Revenue": 18,
        "Gross Profit": 7,
        "Operating Income": 1,
        "EBIT": 1,
        "Net Income": 0
    },
    "2010-04-30": {
        "Diluted EPS": 0.06,
        "Total Revenue": 17,
        "Gross Profit": 7,
        "Operating Income": 1,
        "EBIT": 1,
        "Net Income": 0
    },
    "2010-01-31": {
        "Diluted EPS": 0.24,
        "Total Revenue": 16,
        "Gross Profit": 7,
        "Operating Income": 2,
        "EBIT": 2,
        "Net Income": 2
    },
    "2009-10-31": {
        "Diluted EPS": 0.09,
        "Total Revenue": 17,
        "Gross Profit": 7,
        "Operating Income": 1,
        "EBIT": 1,
        "Net Income": 1
    },
    "2009-07-31": {
        "Diluted EPS": 0.08,
        "Total Revenue": 16,
        "Gross Profit": 7,
        "Operating Income": 1,
        "EBIT": 1,
        "Net Income": 1
    },
    "2009-04-30": {
        "Diluted EPS": -0.03,
        "Total Revenue": 15,
        "Gross Profit": 6,
        "Operating Income": 0,
        "EBIT": 0,
        "Net Income": 0
    },
    "2009-01-31": {
        "Diluted EPS": 0.04,
        "Total Revenue": 16,
        "Gross Profit": 7,
        "Operating Income": 0,
        "EBIT": 1,
        "Net Income": 0
    },
    "2023-07-31": {
        "Tax Effect Of Unusual Items": NaN,
        "Tax Rate For Calcs": NaN,
        "Normalized EBITDA": NaN,
        "Total Unusual Items": -197000.0,
        "Total Unusual Items Excluding Goodwill": -197000.0,
        "Net Income From Continuing Operation Net Minority Interest": NaN,
        "Reconciled Depreciation": NaN,
        "Reconciled Cost Of Revenue": NaN,
        "EBITDA": NaN,
        "EBIT": NaN,
        "Net Interest Income": NaN,
        "Interest Expense": NaN,
        "Normalized Income": NaN,
        "Net Income From Continuing And Discontinued Operation": NaN,
        "Total Expenses": NaN,
        "Total Operating Income As Reported": NaN,
        "Diluted Average Shares": NaN,
        "Basic Average Shares": NaN,
        "Diluted EPS": NaN,
        "Basic EPS": NaN,
        "Diluted NI Availto Com Stockholders": NaN,
        "Net Income Common Stockholders": NaN,
        "Net Income": NaN,
        "Net Income Including Noncontrolling Interests": NaN,
        "Net Income Continuous Operations": NaN,
        "Tax Provision": NaN,
        "Pretax Income": NaN,
        "Other Income Expense": NaN,
        "Other Non Operating Income Expenses": NaN,
        "Gain On Sale Of Security": -197000.0,
        "Net Non Operating Interest Income Expense": NaN,
        "Interest Expense Non Operating": NaN,
        "Operating Income": NaN,
        "Operating Expense": NaN,
        "Research And Development": NaN,
        "Selling General And Administration": NaN,
        "Selling And Marketing Expense": NaN,
        "General And Administrative Expense": NaN,
        "Other Gand A": NaN,
        "Gross Profit": NaN,
        "Cost Of Revenue": NaN,
        "Total Revenue": NaN,
        "Operating Revenue": NaN
    },
    "2023-10-31": {
        "Tax Effect Of Unusual Items": NaN,
        "Tax Rate For Calcs": NaN,
        "Normalized EBITDA": NaN,
        "Total Unusual Items": -279000.0,
        "Total Unusual Items Excluding Goodwill": -279000.0,
        "Net Income From Continuing Operation Net Minority Interest": NaN,
        "Reconciled Depreciation": NaN,
        "Reconciled Cost Of Revenue": NaN,
        "EBITDA": NaN,
        "EBIT": NaN,
        "Net Interest Income": NaN,
        "Interest Expense": NaN,
        "Normalized Income": NaN,
        "Net Income From Continuing And Discontinued Operation": NaN,
        "Total Expenses": NaN,
        "Total Operating Income As Reported": NaN,
        "Diluted Average Shares": NaN,
        "Basic Average Shares": NaN,
        "Diluted EPS": NaN,
        "Basic EPS": NaN,
        "Diluted NI Availto Com Stockholders": NaN,
        "Net Income Common Stockholders": NaN,
        "Net Income": NaN,
        "Net Income Including Noncontrolling Interests": NaN,
        "Net Income Continuous Operations": NaN,
        "Tax Provision": NaN,
        "Pretax Income": NaN,
        "Other Income Expense": NaN,
        "Other Non Operating Income Expenses": NaN,
        "Gain On Sale Of Security": -279000.0,
        "Net Non Operating Interest Income Expense": NaN,
        "Interest Expense Non Operating": NaN,
        "Operating Income": NaN,
        "Operating Expense": NaN,
        "Research And Development": NaN,
        "Selling General And Administration": NaN,
        "Selling And Marketing Expense": NaN,
        "General And Administrative Expense": NaN,
        "Other Gand A": NaN,
        "Gross Profit": NaN,
        "Cost Of Revenue": NaN,
        "Total Revenue": NaN,
        "Operating Revenue": NaN
    },
    "2024-01-31": {
        "Tax Effect Of Unusual Items": NaN,
        "Tax Rate For Calcs": NaN,
        "Normalized EBITDA": NaN,
        "Total Unusual Items": 208000.0,
        "Total Unusual Items Excluding Goodwill": 208000.0,
        "Net Income From Continuing Operation Net Minority Interest": NaN,
        "Reconciled Depreciation": NaN,
        "Reconciled Cost Of Revenue": NaN,
        "EBITDA": NaN,
        "EBIT": NaN,
        "Net Interest Income": NaN,
        "Interest Expense": NaN,
        "Normalized Income": NaN,
        "Net Income From Continuing And Discontinued Operation": NaN,
        "Total Expenses": NaN,
        "Total Operating Income As Reported": NaN,
        "Diluted Average Shares": NaN,
        "Basic Average Shares": NaN,
        "Diluted EPS": NaN,
        "Basic EPS": NaN,
        "Diluted NI Availto Com Stockholders": NaN,
        "Net Income Common Stockholders": NaN,
        "Net Income": NaN,
        "Net Income Including Noncontrolling Interests": NaN,
        "Net Income Continuous Operations": NaN,
        "Tax Provision": NaN,
        "Pretax Income": NaN,
        "Other Income Expense": NaN,
        "Other Non Operating Income Expenses": NaN,
        "Gain On Sale Of Security": 208000.0,
        "Net Non Operating Interest Income Expense": NaN,
        "Interest Expense Non Operating": NaN,
        "Operating Income": NaN,
        "Operating Expense": NaN,
        "Research And Development": NaN,
        "Selling General And Administration": NaN,
        "Selling And Marketing Expense": NaN,
        "General And Administrative Expense": NaN,
        "Other Gand A": NaN,
        "Gross Profit": NaN,
        "Cost Of Revenue": NaN,
        "Total Revenue": NaN,
        "Operating Revenue": NaN
    },
    "2024-04-30": {
        "Tax Effect Of Unusual Items": 0.0,
        "Tax Rate For Calcs": 0.21,
        "Normalized EBITDA": 2140000.0,
        "Total Unusual Items": -143000.0,
        "Total Unusual Items Excluding Goodwill": -143000.0,
        "Net Income From Continuing Operation Net Minority Interest": 1181000.0,
        "Reconciled Depreciation": 911000.0,
        "Reconciled Cost Of Revenue": 20989000.0,
        "EBITDA": 2140000.0,
        "EBIT": 1229000.0,
        "Net Interest Income": -482000.0,
        "Interest Expense": 482000.0,
        "Normalized Income": 1181000.0,
        "Net Income From Continuing And Discontinued Operation": 1181000.0,
        "Total Expenses": 31615000.0,
        "Total Operating Income As Reported": 1346000.0,
        "Diluted Average Shares": NaN,
        "Basic Average Shares": NaN,
        "Diluted EPS": NaN,
        "Basic EPS": NaN,
        "Diluted NI Availto Com Stockholders": 1181000.0,
        "Net Income Common Stockholders": 1181000.0,
        "Net Income": 1181000.0,
        "Net Income Including Noncontrolling Interests": 1181000.0,
        "Net Income Continuous Operations": 1181000.0,
        "Tax Provision": -434000.0,
        "Pretax Income": 747000.0,
        "Other Income Expense": -117000.0,
        "Other Non Operating Income Expenses": -117000.0,
        "Gain On Sale Of Security": -143000.0,
        "Net Non Operating Interest Income Expense": -482000.0,
        "Interest Expense Non Operating": 482000.0,
        "Operating Income": 1346000.0,
        "Operating Expense": 10626000.0,
        "Research And Development": 1603000.0,
        "Selling General And Administration": 9023000.0,
        "Selling And Marketing Expense": 5656000.0,
        "General And Administrative Expense": 3367000.0,
        "Other Gand A": 3367000.0,
        "Gross Profit": 11972000.0,
        "Cost Of Revenue": 20989000.0,
        "Total Revenue": 32961000.0,
        "Operating Revenue": 32961000.0
    },
    "2024-07-31": {
        "Tax Effect Of Unusual Items": -38010.0,
        "Tax Rate For Calcs": 0.21,
        "Normalized EBITDA": 2374000.0,
        "Total Unusual Items": -181000.0,
        "Total Unusual Items Excluding Goodwill": -181000.0,
        "Net Income From Continuing Operation Net Minority Interest": -311000.0,
        "Reconciled Depreciation": 1305000.0,
        "Reconciled Cost Of Revenue": 26213000.0,
        "EBITDA": 2193000.0,
        "EBIT": 888000.0,
        "Net Interest Income": -938000.0,
        "Interest Expense": 938000.0,
        "Normalized Income": -168010.0,
        "Net Income From Continuing And Discontinued Operation": -311000.0,
        "Total Expenses": 39478000.0,
        "Total Operating Income As Reported": 1061000.0,
        "Diluted Average Shares": 7516000.0,
        "Basic Average Shares": 7516000.0,
        "Diluted EPS": -0.04,
        "Basic EPS": -0.04,
        "Diluted NI Availto Com Stockholders": -311000.0,
        "Net Income Common Stockholders": -311000.0,
        "Net Income": -311000.0,
        "Net Income Including Noncontrolling Interests": -311000.0,
        "Net Income Continuous Operations": -311000.0,
        "Tax Provision": 261000.0,
        "Pretax Income": -50000.0,
        "Other Income Expense": -173000.0,
        "Other Non Operating Income Expenses": 8000.0,
        "Gain On Sale Of Security": -181000.0,
        "Net Non Operating Interest Income Expense": -938000.0,
        "Interest Expense Non Operating": 938000.0,
        "Operating Income": 1061000.0,
        "Operating Expense": 13265000.0,
        "Research And Development": 1412000.0,
        "Selling General And Administration": 11853000.0,
        "Selling And Marketing Expense": 6732000.0,
        "General And Administrative Expense": 5121000.0,
        "Other Gand A": 5121000.0,
        "Gross Profit": 14326000.0,
        "Cost Of Revenue": 26213000.0,
        "Total Revenue": 40539000.0,
        "Operating Revenue": 40539000.0
    },
    "2024-10-31": {
        "Tax Effect Of Unusual Items": 0.0,
        "Tax Rate For Calcs": 0.124,
        "Normalized EBITDA": 2516000.0,
        "Total Unusual Items": NaN,
        "Total Unusual Items Excluding Goodwill": NaN,
        "Net Income From Continuing Operation Net Minority Interest": 240000.0,
        "Reconciled Depreciation": 1298000.0,
        "Reconciled Cost Of Revenue": 26708000.0,
        "EBITDA": 2516000.0,
        "EBIT": 1218000.0,
        "Net Interest Income": -944000.0,
        "Interest Expense": 944000.0,
        "Normalized Income": 240000.0,
        "Net Income From Continuing And Discontinued Operation": 240000.0,
        "Total Expenses": 39158000.0,
        "Total Operating Income As Reported": 1264000.0,
        "Diluted Average Shares": 7580000.0,
        "Basic Average Shares": 7524000.0,
        "Diluted EPS": 0.03,
        "Basic EPS": 0.03,
        "Diluted NI Availto Com Stockholders": 240000.0,
        "Net Income Common Stockholders": 240000.0,
        "Net Income": 240000.0,
        "Net Income Including Noncontrolling Interests": 240000.0,
        "Net Income Continuous Operations": 240000.0,
        "Tax Provision": 34000.0,
        "Pretax Income": 274000.0,
        "Other Income Expense": -46000.0,
        "Other Non Operating Income Expenses": -46000.0,
        "Gain On Sale Of Security": NaN,
        "Net Non Operating Interest Income Expense": -944000.0,
        "Interest Expense Non Operating": 944000.0,
        "Operating Income": 1264000.0,
        "Operating Expense": 12450000.0,
        "Research And Development": 1843000.0,
        "Selling General And Administration": 10607000.0,
        "Selling And Marketing Expense": 6752000.0,
        "General And Administrative Expense": 3855000.0,
        "Other Gand A": 3855000.0,
        "Gross Profit": 13714000.0,
        "Cost Of Revenue": 26708000.0,
        "Total Revenue": 40422000.0,
        "Operating Revenue": 40422000.0
    },
    "2025-01-31": {
        "Tax Effect Of Unusual Items": 0.0,
        "Tax Rate For Calcs": 0.21,
        "Normalized EBITDA": -11145000.0,
        "Total Unusual Items": NaN,
        "Total Unusual Items Excluding Goodwill": NaN,
        "Net Income From Continuing Operation Net Minority Interest": -15599000.0,
        "Reconciled Depreciation": 1266000.0,
        "Reconciled Cost Of Revenue": 24625000.0,
        "EBITDA": -11145000.0,
        "EBIT": -12411000.0,
        "Net Interest Income": -847000.0,
        "Interest Expense": 847000.0,
        "Normalized Income": -15599000.0,
        "Net Income From Continuing And Discontinued Operation": -15599000.0,
        "Total Expenses": 36269000.0,
        "Total Operating Income As Reported": -12311000.0,
        "Diluted Average Shares": 7534000.0,
        "Basic Average Shares": 7534000.0,
        "Diluted EPS": -2.07,
        "Basic EPS": -2.07,
        "Diluted NI Availto Com Stockholders": -15599000.0,
        "Net Income Common Stockholders": -15599000.0,
        "Net Income": -15599000.0,
        "Net Income Including Noncontrolling Interests": -15599000.0,
        "Net Income Continuous Operations": -15599000.0,
        "Tax Provision": 2341000.0,
        "Pretax Income": -13258000.0,
        "Other Income Expense": -13503000.0,
        "Other Non Operating Income Expenses": -435000.0,
        "Gain On Sale Of Security": NaN,
        "Net Non Operating Interest Income Expense": -847000.0,
        "Interest Expense Non Operating": 847000.0,
        "Operating Income": 1092000.0,
        "Operating Expense": 11644000.0,
        "Research And Development": 1751000.0,
        "Selling General And Administration": 9893000.0,
        "Selling And Marketing Expense": 6420000.0,
        "General And Administrative Expense": 3473000.0,
        "Other Gand A": 3473000.0,
        "Gross Profit": 12736000.0,
        "Cost Of Revenue": 24625000.0,
        "Total Revenue": 37361000.0,
        "Operating Revenue": 37361000.0
    },
    "2025-04-30": {
        "Tax Effect Of Unusual Items": 0.0,
        "Tax Rate For Calcs": 0.21,
        "Normalized EBITDA": 1886000.0,
        "Total Unusual Items": NaN,
        "Total Unusual Items Excluding Goodwill": NaN,
        "Net Income From Continuing Operation Net Minority Interest": -376000.0,
        "Reconciled Depreciation": 1290000.0,
        "Reconciled Cost Of Revenue": 25056000.0,
        "EBITDA": 1886000.0,
        "EBIT": 596000.0,
        "Net Interest Income": -897000.0,
        "Interest Expense": 897000.0,
        "Normalized Income": -376000.0,
        "Net Income From Continuing And Discontinued Operation": -376000.0,
        "Total Expenses": 37137000.0,
        "Total Operating Income As Reported": 571000.0,
        "Diluted Average Shares": 7560000.0,
        "Basic Average Shares": 7560000.0,
        "Diluted EPS": -0.05,
        "Basic EPS": -0.05,
        "Diluted NI Availto Com Stockholders": -376000.0,
        "Net Income Common Stockholders": -376000.0,
        "Net Income": -376000.0,
        "Net Income Including Noncontrolling Interests": -376000.0,
        "Net Income Continuous Operations": -376000.0,
        "Tax Provision": 75000.0,
        "Pretax Income": -301000.0,
        "Other Income Expense": 25000.0,
        "Other Non Operating Income Expenses": 25000.0,
        "Gain On Sale Of Security": NaN,
        "Net Non Operating Interest Income Expense": -897000.0,
        "Interest Expense Non Operating": 897000.0,
        "Operating Income": 571000.0,
        "Operating Expense": 12081000.0,
        "Research And Development": 1543000.0,
        "Selling General And Administration": 10538000.0,
        "Selling And Marketing Expense": 5554000.0,
        "General And Administrative Expense": 4984000.0,
        "Other Gand A": 4984000.0,
        "Gross Profit": 12652000.0,
        "Cost Of Revenue": 25056000.0,
        "Total Revenue": 37708000.0,
        "Operating Revenue": 37708000.0
    },
    "2025-07-31": {
        "Tax Effect Of Unusual Items": NaN,
        "Tax Rate For Calcs": NaN,
        "Normalized EBITDA": NaN,
        "Total Unusual Items": NaN,
        "Total Unusual Items Excluding Goodwill": NaN,
        "Net Income From Continuing Operation Net Minority Interest": NaN,
        "Reconciled Depreciation": NaN,
        "Reconciled Cost Of Revenue": NaN,
        "EBITDA": NaN,
        "EBIT": NaN,
        "Net Interest Income": NaN,
        "Interest Expense": NaN,
        "Normalized Income": NaN,
        "Net Income From Continuing And Discontinued Operation": NaN,
        "Total Expenses": NaN,
        "Total Operating Income As Reported": NaN,
        "Diluted Average Shares": 7610000.0,
        "Basic Average Shares": 7610000.0,
        "Diluted EPS": -0.16,
        "Basic EPS": -0.16,
        "Diluted NI Availto Com Stockholders": NaN,
        "Net Income Common Stockholders": NaN,
        "Net Income": NaN,
        "Net Income Including Noncontrolling Interests": NaN,
        "Net Income Continuous Operations": NaN,
        "Tax Provision": NaN,
        "Pretax Income": NaN,
        "Other Income Expense": NaN,
        "Other Non Operating Income Expenses": NaN,
        "Gain On Sale Of Security": NaN,
        "Net Non Operating Interest Income Expense": NaN,
        "Interest Expense Non Operating": NaN,
        "Operating Income": NaN,
        "Operating Expense": NaN,
        "Research And Development": NaN,
        "Selling General And Administration": NaN,
        "Selling And Marketing Expense": NaN,
        "General And Administrative Expense": NaN,
        "Other Gand A": NaN,
        "Gross Profit": NaN,
        "Cost Of Revenue": NaN,
        "Total Revenue": NaN,
        "Operating Revenue": NaN
    }
}