{
    "2023-03-31": {
        "Tax Effect Of Unusual Items": NaN,
        "Tax Rate For Calcs": NaN,
        "Normalized EBITDA": NaN,
        "Net Income From Continuing Operation Net Minority Interest": NaN,
        "Reconciled Depreciation": NaN,
        "Reconciled Cost Of Revenue": NaN,
        "EBITDA": NaN,
        "EBIT": NaN,
        "Net Interest Income": NaN,
        "Interest Expense": NaN,
        "Interest Income": NaN,
        "Normalized Income": NaN,
        "Net Income From Continuing And Discontinued Operation": NaN,
        "Total Expenses": NaN,
        "Total Operating Income As Reported": NaN,
        "Diluted Average Shares": 54296321.0,
        "Basic Average Shares": 49584890.0,
        "Diluted EPS": 0.28,
        "Basic EPS": 0.29,
        "Diluted NI Availto Com Stockholders": NaN,
        "Average Dilution Earnings": 590000.0,
        "Net Income Common Stockholders": NaN,
        "Net Income": NaN,
        "Minority Interests": NaN,
        "Net Income Including Noncontrolling Interests": NaN,
        "Net Income Continuous Operations": NaN,
        "Tax Provision": NaN,
        "Pretax Income": NaN,
        "Other Income Expense": NaN,
        "Other Non Operating Income Expenses": NaN,
        "Net Non Operating Interest Income Expense": NaN,
        "Interest Expense Non Operating": NaN,
        "Interest Income Non Operating": NaN,
        "Operating Income": NaN,
        "Operating Expense": NaN,
        "Depreciation Amortization Depletion Income Statement": NaN,
        "Depreciation And Amortization In Income Statement": NaN,
        "Research And Development": NaN,
        "Selling General And Administration": NaN,
        "Selling And Marketing Expense": NaN,
        "General And Administrative Expense": NaN,
        "Other Gand A": NaN,
        "Salaries And Wages": NaN,
        "Gross Profit": NaN,
        "Cost Of Revenue": NaN,
        "Total Revenue": NaN,
        "Operating Revenue": NaN
    },
    "2022-12-31": {
        "Tax Effect Of Unusual Items": NaN,
        "Tax Rate For Calcs": NaN,
        "Normalized EBITDA": NaN,
        "Net Income From Continuing Operation Net Minority Interest": NaN,
        "Reconciled Depreciation": NaN,
        "Reconciled Cost Of Revenue": NaN,
        "EBITDA": NaN,
        "EBIT": NaN,
        "Net Interest Income": NaN,
        "Interest Expense": NaN,
        "Interest Income": NaN,
        "Normalized Income": NaN,
        "Net Income From Continuing And Discontinued Operation": NaN,
        "Total Expenses": NaN,
        "Total Operating Income As Reported": NaN,
        "Diluted Average Shares": 54534956.0,
        "Basic Average Shares": 49781756.0,
        "Diluted EPS": 0.34,
        "Basic EPS": 0.36,
        "Diluted NI Availto Com Stockholders": NaN,
        "Average Dilution Earnings": NaN,
        "Net Income Common Stockholders": NaN,
        "Net Income": NaN,
        "Minority Interests": NaN,
        "Net Income Including Noncontrolling Interests": NaN,
        "Net Income Continuous Operations": NaN,
        "Tax Provision": NaN,
        "Pretax Income": NaN,
        "Other Income Expense": NaN,
        "Other Non Operating Income Expenses": NaN,
        "Net Non Operating Interest Income Expense": NaN,
        "Interest Expense Non Operating": NaN,
        "Interest Income Non Operating": NaN,
        "Operating Income": NaN,
        "Operating Expense": NaN,
        "Depreciation Amortization Depletion Income Statement": NaN,
        "Depreciation And Amortization In Income Statement": NaN,
        "Research And Development": NaN,
        "Selling General And Administration": NaN,
        "Selling And Marketing Expense": NaN,
        "General And Administrative Expense": NaN,
        "Other Gand A": NaN,
        "Salaries And Wages": NaN,
        "Gross Profit": NaN,
        "Cost Of Revenue": NaN,
        "Total Revenue": NaN,
        "Operating Revenue": NaN
    },
    "2022-09-30": {
        "Tax Effect Of Unusual Items": NaN,
        "Tax Rate For Calcs": NaN,
        "Normalized EBITDA": NaN,
        "Net Income From Continuing Operation Net Minority Interest": NaN,
        "Reconciled Depreciation": NaN,
        "Reconciled Cost Of Revenue": NaN,
        "EBITDA": NaN,
        "EBIT": NaN,
        "Net Interest Income": NaN,
        "Interest Expense": NaN,
        "Interest Income": NaN,
        "Normalized Income": NaN,
        "Net Income From Continuing And Discontinued Operation": NaN,
        "Total Expenses": NaN,
        "Total Operating Income As Reported": NaN,
        "Diluted Average Shares": NaN,
        "Basic Average Shares": NaN,
        "Diluted EPS": NaN,
        "Basic EPS": NaN,
        "Diluted NI Availto Com Stockholders": NaN,
        "Average Dilution Earnings": 588000.0,
        "Net Income Common Stockholders": NaN,
        "Net Income": NaN,
        "Minority Interests": NaN,
        "Net Income Including Noncontrolling Interests": NaN,
        "Net Income Continuous Operations": NaN,
        "Tax Provision": NaN,
        "Pretax Income": NaN,
        "Other Income Expense": NaN,
        "Other Non Operating Income Expenses": NaN,
        "Net Non Operating Interest Income Expense": NaN,
        "Interest Expense Non Operating": NaN,
        "Interest Income Non Operating": NaN,
        "Operating Income": NaN,
        "Operating Expense": NaN,
        "Depreciation Amortization Depletion Income Statement": NaN,
        "Depreciation And Amortization In Income Statement": NaN,
        "Research And Development": NaN,
        "Selling General And Administration": NaN,
        "Selling And Marketing Expense": NaN,
        "General And Administrative Expense": NaN,
        "Other Gand A": NaN,
        "Salaries And Wages": NaN,
        "Gross Profit": NaN,
        "Cost Of Revenue": NaN,
        "Total Revenue": NaN,
        "Operating Revenue": NaN
    },
    "2022-06-30": {
        "Tax Effect Of Unusual Items": 0.0,
        "Tax Rate For Calcs": 0.072,
        "Normalized EBITDA": 20580000.0,
        "Net Income From Continuing Operation Net Minority Interest": 10842000.0,
        "Reconciled Depreciation": 8123000.0,
        "Reconciled Cost Of Revenue": 86988000.0,
        "EBITDA": 20580000.0,
        "EBIT": 12457000.0,
        "Net Interest Income": 231000.0,
        "Interest Expense": 785000.0,
        "Interest Income": 1016000.0,
        "Normalized Income": 10842000.0,
        "Net Income From Continuing And Discontinued Operation": 10842000.0,
        "Total Expenses": 201509000.0,
        "Total Operating Income As Reported": 11336000.0,
        "Diluted Average Shares": 54757020.0,
        "Basic Average Shares": 49931689.0,
        "Diluted EPS": 0.21,
        "Basic EPS": 0.22,
        "Diluted NI Availto Com Stockholders": 11429000.0,
        "Average Dilution Earnings": 587000.0,
        "Net Income Common Stockholders": 10842000.0,
        "Net Income": 10842000.0,
        "Minority Interests": 14000.0,
        "Net Income Including Noncontrolling Interests": 10828000.0,
        "Net Income Continuous Operations": 10828000.0,
        "Tax Provision": 844000.0,
        "Pretax Income": 11672000.0,
        "Other Income Expense": 105000.0,
        "Other Non Operating Income Expenses": 105000.0,
        "Net Non Operating Interest Income Expense": 231000.0,
        "Interest Expense Non Operating": 785000.0,
        "Interest Income Non Operating": 1016000.0,
        "Operating Income": 11336000.0,
        "Operating Expense": 114173000.0,
        "Depreciation Amortization Depletion Income Statement": 7775000.0,
        "Depreciation And Amortization In Income Statement": 7775000.0,
        "Research And Development": 54156000.0,
        "Selling General And Administration": 52242000.0,
        "Selling And Marketing Expense": 22933000.0,
        "General And Administrative Expense": 29309000.0,
        "Other Gand A": 29309000.0,
        "Salaries And Wages": NaN,
        "Gross Profit": 125509000.0,
        "Cost Of Revenue": 87336000.0,
        "Total Revenue": 212845000.0,
        "Operating Revenue": 212845000.0
    },
    "2022-03-31": {
        "Diluted EPS": 0.18,
        "Total Revenue": 205,
        "Gross Profit": 115,
        "Operating Income": 9,
        "EBIT": 20,
        "Net Income": 9
    },
    "2021-12-31": {
        "Diluted EPS": 0.18,
        "Total Revenue": 195,
        "Gross Profit": 113,
        "Operating Income": 11,
        "EBIT": 25,
        "Net Income": 9
    },
    "2021-09-30": {
        "Diluted EPS": 0.26,
        "Total Revenue": 192,
        "Gross Profit": 112,
        "Operating Income": 19,
        "EBIT": 34,
        "Net Income": 14
    },
    "2021-06-30": {
        "Diluted EPS": 0.28,
        "Total Revenue": 189,
        "Gross Profit": 111,
        "Operating Income": 17,
        "EBIT": 31,
        "Net Income": 15
    },
    "2021-03-31": {
        "Diluted EPS": 0.29,
        "Total Revenue": 172,
        "Gross Profit": 107,
        "Operating Income": 15,
        "EBIT": 28,
        "Net Income": 15
    },
    "2020-12-31": {
        "Diluted EPS": 0.3,
        "Total Revenue": 166,
        "Gross Profit": 106,
        "Operating Income": 13,
        "EBIT": 24,
        "Net Income": 16
    },
    "2020-09-30": {
        "Diluted EPS": 0.71,
        "Total Revenue": 159,
        "Gross Profit": 98,
        "Operating Income": 18,
        "EBIT": 27,
        "Net Income": 36
    },
    "2020-06-30": {
        "Diluted EPS": 0.34,
        "Total Revenue": 142,
        "Gross Profit": 93,
        "Operating Income": 15,
        "EBIT": 24,
        "Net Income": 17
    },
    "2020-03-31": {
        "Diluted EPS": 0.18,
        "Total Revenue": 152,
        "Gross Profit": 94,
        "Operating Income": 10,
        "EBIT": 19,
        "Net Income": 9
    },
    "2019-12-31": {
        "Diluted EPS": 0.26,
        "Total Revenue": 140,
        "Gross Profit": 88,
        "Operating Income": 15,
        "EBIT": 24,
        "Net Income": 13
    },
    "2019-09-30": {
        "Diluted EPS": 0.35,
        "Total Revenue": 128,
        "Gross Profit": 80,
        "Operating Income": 12,
        "EBIT": 20,
        "Net Income": 18
    },
    "2019-06-30": {
        "Diluted EPS": 0.27,
        "Total Revenue": 122,
        "Gross Profit": 77,
        "Operating Income": 14,
        "EBIT": 21,
        "Net Income": 14
    },
    "2019-03-31": {
        "Diluted EPS": 0.18,
        "Total Revenue": 112,
        "Gross Profit": 73,
        "Operating Income": 9,
        "EBIT": 16,
        "Net Income": 9
    },
    "2018-12-31": {
        "Diluted EPS": 0.16,
        "Total Revenue": 111,
        "Gross Profit": 73,
        "Operating Income": 8,
        "EBIT": 14,
        "Net Income": 8
    },
    "2018-09-30": {
        "Diluted EPS": -0.16,
        "Total Revenue": 112,
        "Gross Profit": 70,
        "Operating Income": -17,
        "EBIT": -11,
        "Net Income": -8
    },
    "2018-06-30": {
        "Diluted EPS": 0.22,
        "Total Revenue": 104,
        "Gross Profit": 68,
        "Operating Income": 9,
        "EBIT": 14,
        "Net Income": 11
    },
    "2018-03-31": {
        "Diluted EPS": 0.21,
        "Total Revenue": 93,
        "Gross Profit": 64,
        "Operating Income": 12,
        "EBIT": 17,
        "Net Income": 11
    },
    "2017-12-31": {
        "Diluted EPS": 0.0,
        "Total Revenue": 89,
        "Gross Profit": 61,
        "Operating Income": 13,
        "EBIT": 18,
        "Net Income": 0
    },
    "2017-09-30": {
        "Diluted EPS": 0.31,
        "Total Revenue": 90,
        "Gross Profit": 58,
        "Operating Income": 10,
        "EBIT": 16,
        "Net Income": 15
    },
    "2017-06-30": {
        "Diluted EPS": 0.2,
        "Total Revenue": 86,
        "Gross Profit": 56,
        "Operating Income": 6,
        "EBIT": 11,
        "Net Income": 10
    },
    "2017-03-31": {
        "Diluted EPS": 0.08,
        "Total Revenue": 74,
        "Gross Profit": 48,
        "Operating Income": 4,
        "EBIT": 8,
        "Net Income": 4
    },
    "2016-12-31": {
        "Diluted EPS": 0.06,
        "Total Revenue": 70,
        "Gross Profit": 43,
        "Operating Income": 4,
        "EBIT": 6,
        "Net Income": 3
    },
    "2016-09-30": {
        "Diluted EPS": 0.05,
        "Total Revenue": 68,
        "Gross Profit": 41,
        "Operating Income": 3,
        "EBIT": 5,
        "Net Income": 3
    },
    "2016-06-30": {
        "Diluted EPS": 0.04,
        "Total Revenue": 64,
        "Gross Profit": 39,
        "Operating Income": 3,
        "EBIT": 5,
        "Net Income": 2
    },
    "2016-03-31": {
        "Diluted EPS": 0.06,
        "Total Revenue": 59,
        "Gross Profit": 38,
        "Operating Income": 4,
        "EBIT": 6,
        "Net Income": 3
    },
    "2015-12-31": {
        "Diluted EPS": 5.69,
        "Total Revenue": 57,
        "Gross Profit": 37,
        "Operating Income": 5,
        "EBIT": 6,
        "Net Income": 6
    },
    "2015-09-30": {
        "Diluted EPS": 0.06,
        "Total Revenue": 54,
        "Gross Profit": 34,
        "Operating Income": 4,
        "EBIT": 6,
        "Net Income": 3
    },
    "2015-06-30": {
        "Diluted EPS": -6.09,
        "Total Revenue": 52,
        "Gross Profit": 31,
        "Operating Income": 4,
        "EBIT": 6,
        "Net Income": -16
    },
    "2015-03-31": {
        "Diluted EPS": 0.04,
        "Total Revenue": 46,
        "Gross Profit": 29,
        "Operating Income": 5,
        "EBIT": 7,
        "Net Income": 0
    },
    "2014-12-31": {
        "Diluted EPS": 0.05,
        "Total Revenue": 46,
        "Gross Profit": 28,
        "Operating Income": 7,
        "EBIT": 8,
        "Net Income": 4
    },
    "2014-09-30": {
        "Diluted EPS": 0.03,
        "Total Revenue": 43,
        "Gross Profit": 25,
        "Operating Income": 3,
        "EBIT": 4,
        "Net Income": 0
    },
    "2014-06-30": {
        "Diluted EPS": 0.02,
        "Total Revenue": 42,
        "Gross Profit": 24,
        "Operating Income": 4,
        "EBIT": 4,
        "Net Income": 0
    },
    "2014-03-31": {
        "Diluted EPS": 0.04,
        "Total Revenue": 37,
        "Gross Profit": 23,
        "Operating Income": 7,
        "EBIT": 8,
        "Net Income": 0
    },
    "2013-12-31": {
        "Diluted EPS": 0.0,
        "Total Revenue": NaN,
        "Gross Profit": NaN,
        "Operating Income": NaN,
        "EBIT": NaN,
        "Net Income": NaN
    },
    "2012-12-31": {
        "Diluted EPS": 0.0,
        "Total Revenue": NaN,
        "Gross Profit": NaN,
        "Operating Income": NaN,
        "EBIT": NaN,
        "Net Income": NaN
    },
    "2023-06-30": {
        "Tax Effect Of Unusual Items": NaN,
        "Tax Rate For Calcs": NaN,
        "Normalized EBITDA": NaN,
        "Net Income From Continuing Operation Net Minority Interest": NaN,
        "Reconciled Depreciation": NaN,
        "Reconciled Cost Of Revenue": NaN,
        "EBITDA": NaN,
        "EBIT": NaN,
        "Net Interest Income": NaN,
        "Interest Expense": NaN,
        "Interest Income": NaN,
        "Normalized Income": NaN,
        "Net Income From Continuing And Discontinued Operation": NaN,
        "Total Expenses": NaN,
        "Total Operating Income As Reported": NaN,
        "Diluted Average Shares": NaN,
        "Basic Average Shares": NaN,
        "Diluted EPS": NaN,
        "Basic EPS": NaN,
        "Diluted NI Availto Com Stockholders": NaN,
        "Average Dilution Earnings": NaN,
        "Net Income Common Stockholders": NaN,
        "Net Income": NaN,
        "Minority Interests": NaN,
        "Net Income Including Noncontrolling Interests": NaN,
        "Net Income Continuous Operations": NaN,
        "Tax Provision": NaN,
        "Pretax Income": NaN,
        "Other Income Expense": NaN,
        "Other Non Operating Income Expenses": NaN,
        "Net Non Operating Interest Income Expense": NaN,
        "Interest Expense Non Operating": NaN,
        "Interest Income Non Operating": NaN,
        "Operating Income": NaN,
        "Operating Expense": NaN,
        "Depreciation Amortization Depletion Income Statement": NaN,
        "Depreciation And Amortization In Income Statement": NaN,
        "Research And Development": NaN,
        "Selling General And Administration": NaN,
        "Selling And Marketing Expense": NaN,
        "General And Administrative Expense": NaN,
        "Other Gand A": NaN,
        "Salaries And Wages": 4360000.0,
        "Gross Profit": NaN,
        "Cost Of Revenue": NaN,
        "Total Revenue": NaN,
        "Operating Revenue": NaN
    },
    "2023-09-30": {
        "Tax Effect Of Unusual Items": NaN,
        "Tax Rate For Calcs": NaN,
        "Normalized EBITDA": NaN,
        "Net Income From Continuing Operation Net Minority Interest": NaN,
        "Reconciled Depreciation": NaN,
        "Reconciled Cost Of Revenue": NaN,
        "EBITDA": NaN,
        "EBIT": NaN,
        "Net Interest Income": NaN,
        "Interest Expense": NaN,
        "Interest Income": NaN,
        "Normalized Income": NaN,
        "Net Income From Continuing And Discontinued Operation": NaN,
        "Total Expenses": NaN,
        "Total Operating Income As Reported": NaN,
        "Diluted Average Shares": 54778793.0,
        "Basic Average Shares": 49917533.0,
        "Diluted EPS": 0.37,
        "Basic EPS": 0.39,
        "Diluted NI Availto Com Stockholders": NaN,
        "Average Dilution Earnings": 593000.0,
        "Net Income Common Stockholders": NaN,
        "Net Income": NaN,
        "Minority Interests": NaN,
        "Net Income Including Noncontrolling Interests": NaN,
        "Net Income Continuous Operations": NaN,
        "Tax Provision": NaN,
        "Pretax Income": NaN,
        "Other Income Expense": NaN,
        "Other Non Operating Income Expenses": NaN,
        "Net Non Operating Interest Income Expense": NaN,
        "Interest Expense Non Operating": NaN,
        "Interest Income Non Operating": NaN,
        "Operating Income": NaN,
        "Operating Expense": NaN,
        "Depreciation Amortization Depletion Income Statement": NaN,
        "Depreciation And Amortization In Income Statement": NaN,
        "Research And Development": NaN,
        "Selling General And Administration": NaN,
        "Selling And Marketing Expense": NaN,
        "General And Administrative Expense": NaN,
        "Other Gand A": NaN,
        "Salaries And Wages": NaN,
        "Gross Profit": NaN,
        "Cost Of Revenue": NaN,
        "Total Revenue": NaN,
        "Operating Revenue": NaN
    },
    "2023-12-31": {
        "Tax Effect Of Unusual Items": 0.0,
        "Tax Rate For Calcs": 0.208838,
        "Normalized EBITDA": 51362000.0,
        "Net Income From Continuing Operation Net Minority Interest": 31304000.0,
        "Reconciled Depreciation": 11135000.0,
        "Reconciled Cost Of Revenue": 78023000.0,
        "EBITDA": 51362000.0,
        "EBIT": 40227000.0,
        "Net Interest Income": 7881000.0,
        "Interest Expense": 828000.0,
        "Interest Income": 8709000.0,
        "Normalized Income": 31304000.0,
        "Net Income From Continuing And Discontinued Operation": 31304000.0,
        "Total Expenses": 200557000.0,
        "Total Operating Income As Reported": 25680000.0,
        "Diluted Average Shares": NaN,
        "Basic Average Shares": NaN,
        "Diluted EPS": NaN,
        "Basic EPS": NaN,
        "Diluted NI Availto Com Stockholders": 29530000.0,
        "Average Dilution Earnings": NaN,
        "Net Income Common Stockholders": 31304000.0,
        "Net Income": 31304000.0,
        "Minority Interests": 133000.0,
        "Net Income Including Noncontrolling Interests": 31171000.0,
        "Net Income Continuous Operations": 31171000.0,
        "Tax Provision": 8228000.0,
        "Pretax Income": 39399000.0,
        "Other Income Expense": 5838000.0,
        "Other Non Operating Income Expenses": 5838000.0,
        "Net Non Operating Interest Income Expense": 7881000.0,
        "Interest Expense Non Operating": 828000.0,
        "Interest Income Non Operating": 8709000.0,
        "Operating Income": 25680000.0,
        "Operating Expense": 119342000.0,
        "Depreciation Amortization Depletion Income Statement": 7943000.0,
        "Depreciation And Amortization In Income Statement": 7943000.0,
        "Research And Development": 61274000.0,
        "Selling General And Administration": 50125000.0,
        "Selling And Marketing Expense": 25948000.0,
        "General And Administrative Expense": 24177000.0,
        "Other Gand A": 24177000.0,
        "Salaries And Wages": NaN,
        "Gross Profit": 145022000.0,
        "Cost Of Revenue": 81215000.0,
        "Total Revenue": 226237000.0,
        "Operating Revenue": 226237000.0
    },
    "2024-03-31": {
        "Tax Effect Of Unusual Items": 0.0,
        "Tax Rate For Calcs": 0.105,
        "Normalized EBITDA": 37480000.0,
        "Net Income From Continuing Operation Net Minority Interest": 23595000.0,
        "Reconciled Depreciation": 10533000.0,
        "Reconciled Cost Of Revenue": 73319000.0,
        "EBITDA": 37480000.0,
        "EBIT": 26947000.0,
        "Net Interest Income": 7744000.0,
        "Interest Expense": 796000.0,
        "Interest Income": 8540000.0,
        "Normalized Income": 23595000.0,
        "Net Income From Continuing And Discontinued Operation": 23595000.0,
        "Total Expenses": 204558000.0,
        "Total Operating Income As Reported": 18725000.0,
        "Diluted Average Shares": 55047087.0,
        "Basic Average Shares": 49963265.0,
        "Diluted EPS": 0.44,
        "Basic EPS": 0.47,
        "Diluted NI Availto Com Stockholders": 24189000.0,
        "Average Dilution Earnings": 594000.0,
        "Net Income Common Stockholders": 23595000.0,
        "Net Income": 23595000.0,
        "Minority Interests": 191000.0,
        "Net Income Including Noncontrolling Interests": 23404000.0,
        "Net Income Continuous Operations": 23404000.0,
        "Tax Provision": 2747000.0,
        "Pretax Income": 26151000.0,
        "Other Income Expense": -318000.0,
        "Other Non Operating Income Expenses": -318000.0,
        "Net Non Operating Interest Income Expense": 7744000.0,
        "Interest Expense Non Operating": 796000.0,
        "Interest Income Non Operating": 8540000.0,
        "Operating Income": 18725000.0,
        "Operating Expense": 128043000.0,
        "Depreciation Amortization Depletion Income Statement": 7337000.0,
        "Depreciation And Amortization In Income Statement": 7337000.0,
        "Research And Development": 65956000.0,
        "Selling General And Administration": 54750000.0,
        "Selling And Marketing Expense": 25454000.0,
        "General And Administrative Expense": 29296000.0,
        "Other Gand A": 29296000.0,
        "Salaries And Wages": NaN,
        "Gross Profit": 146768000.0,
        "Cost Of Revenue": 76515000.0,
        "Total Revenue": 223283000.0,
        "Operating Revenue": 223283000.0
    },
    "2024-06-30": {
        "Tax Effect Of Unusual Items": 0.0,
        "Tax Rate For Calcs": 0.026,
        "Normalized EBITDA": 45626000.0,
        "Net Income From Continuing Operation Net Minority Interest": 33511000.0,
        "Reconciled Depreciation": 10254000.0,
        "Reconciled Cost Of Revenue": 78108000.0,
        "EBITDA": 45626000.0,
        "EBIT": 35372000.0,
        "Net Interest Income": 8888000.0,
        "Interest Expense": 1968000.0,
        "Interest Income": 10856000.0,
        "Normalized Income": 33511000.0,
        "Net Income From Continuing And Discontinued Operation": 33511000.0,
        "Total Expenses": 208033000.0,
        "Total Operating Income As Reported": 25774000.0,
        "Diluted Average Shares": 56680355.0,
        "Basic Average Shares": 49832503.0,
        "Diluted EPS": 0.62,
        "Basic EPS": 0.67,
        "Diluted NI Availto Com Stockholders": 34984000.0,
        "Average Dilution Earnings": 1473000.0,
        "Net Income Common Stockholders": 33511000.0,
        "Net Income": 33511000.0,
        "Minority Interests": 991000.0,
        "Net Income Including Noncontrolling Interests": 32520000.0,
        "Net Income Continuous Operations": 32520000.0,
        "Tax Provision": 884000.0,
        "Pretax Income": 33404000.0,
        "Other Income Expense": -1258000.0,
        "Other Non Operating Income Expenses": -1258000.0,
        "Net Non Operating Interest Income Expense": 8888000.0,
        "Interest Expense Non Operating": 1968000.0,
        "Interest Income Non Operating": 10856000.0,
        "Operating Income": 25774000.0,
        "Operating Expense": 126751000.0,
        "Depreciation Amortization Depletion Income Statement": 7080000.0,
        "Depreciation And Amortization In Income Statement": 7080000.0,
        "Research And Development": 65730000.0,
        "Selling General And Administration": 53941000.0,
        "Selling And Marketing Expense": 27837000.0,
        "General And Administrative Expense": 26104000.0,
        "Other Gand A": 26104000.0,
        "Salaries And Wages": NaN,
        "Gross Profit": 152525000.0,
        "Cost Of Revenue": 81282000.0,
        "Total Revenue": 233807000.0,
        "Operating Revenue": 233807000.0
    },
    "2024-09-30": {
        "Tax Effect Of Unusual Items": 0.0,
        "Tax Rate For Calcs": 0.156,
        "Normalized EBITDA": 58813000.0,
        "Net Income From Continuing Operation Net Minority Interest": 36682000.0,
        "Reconciled Depreciation": 11324000.0,
        "Reconciled Cost Of Revenue": 81036000.0,
        "EBITDA": 58813000.0,
        "EBIT": 47489000.0,
        "Net Interest Income": 10069000.0,
        "Interest Expense": 4315000.0,
        "Interest Income": 14384000.0,
        "Normalized Income": 36682000.0,
        "Net Income From Continuing And Discontinued Operation": 36682000.0,
        "Total Expenses": 207303000.0,
        "Total Operating Income As Reported": 33194000.0,
        "Diluted Average Shares": 59780908.0,
        "Basic Average Shares": 49282514.0,
        "Diluted EPS": 0.67,
        "Basic EPS": 0.74,
        "Diluted NI Availto Com Stockholders": 39916000.0,
        "Average Dilution Earnings": 3234000.0,
        "Net Income Common Stockholders": 36682000.0,
        "Net Income": 36682000.0,
        "Minority Interests": 226000.0,
        "Net Income Including Noncontrolling Interests": 36456000.0,
        "Net Income Continuous Operations": 36456000.0,
        "Tax Provision": 6718000.0,
        "Pretax Income": 43174000.0,
        "Other Income Expense": -89000.0,
        "Other Non Operating Income Expenses": -89000.0,
        "Net Non Operating Interest Income Expense": 10069000.0,
        "Interest Expense Non Operating": 4315000.0,
        "Interest Income Non Operating": 14384000.0,
        "Operating Income": 33194000.0,
        "Operating Expense": 122555000.0,
        "Depreciation Amortization Depletion Income Statement": 7612000.0,
        "Depreciation And Amortization In Income Statement": 7612000.0,
        "Research And Development": 62221000.0,
        "Selling General And Administration": 52722000.0,
        "Selling And Marketing Expense": 27010000.0,
        "General And Administrative Expense": 25712000.0,
        "Other Gand A": 25712000.0,
        "Salaries And Wages": NaN,
        "Gross Profit": 155749000.0,
        "Cost Of Revenue": 84748000.0,
        "Total Revenue": 240497000.0,
        "Operating Revenue": 240497000.0
    },
    "2024-12-31": {
        "Tax Effect Of Unusual Items": 0.0,
        "Tax Rate For Calcs": 0.228901,
        "Normalized EBITDA": 54376000.0,
        "Net Income From Continuing Operation Net Minority Interest": 30328000.0,
        "Reconciled Depreciation": 10951000.0,
        "Reconciled Cost Of Revenue": 79755000.0,
        "EBITDA": 54376000.0,
        "EBIT": 43425000.0,
        "Net Interest Income": 9232000.0,
        "Interest Expense": 4347000.0,
        "Interest Income": 13579000.0,
        "Normalized Income": 30328000.0,
        "Net Income From Continuing And Discontinued Operation": 30328000.0,
        "Total Expenses": 211385000.0,
        "Total Operating Income As Reported": 30855000.0,
        "Diluted Average Shares": 59961161.0,
        "Basic Average Shares": 49494338.0,
        "Diluted EPS": 0.56,
        "Basic EPS": 0.61,
        "Diluted NI Availto Com Stockholders": 33600000.0,
        "Average Dilution Earnings": 3272000.0,
        "Net Income Common Stockholders": 30328000.0,
        "Net Income": 30328000.0,
        "Minority Interests": 195000.0,
        "Net Income Including Noncontrolling Interests": 30133000.0,
        "Net Income Continuous Operations": 30133000.0,
        "Tax Provision": 8945000.0,
        "Pretax Income": 39078000.0,
        "Other Income Expense": -1009000.0,
        "Other Non Operating Income Expenses": -1009000.0,
        "Net Non Operating Interest Income Expense": 9232000.0,
        "Interest Expense Non Operating": 4347000.0,
        "Interest Income Non Operating": 13579000.0,
        "Operating Income": 30855000.0,
        "Operating Expense": 127781000.0,
        "Depreciation Amortization Depletion Income Statement": 7102000.0,
        "Depreciation And Amortization In Income Statement": 7102000.0,
        "Research And Development": 61971000.0,
        "Selling General And Administration": 58708000.0,
        "Selling And Marketing Expense": 30941000.0,
        "General And Administrative Expense": 27767000.0,
        "Other Gand A": 27767000.0,
        "Salaries And Wages": NaN,
        "Gross Profit": 158636000.0,
        "Cost Of Revenue": 83604000.0,
        "Total Revenue": 242240000.0,
        "Operating Revenue": 242240000.0
    }
}