{
    "2023-06-30": {
        "Tax Effect Of Unusual Items": 0.0,
        "Tax Rate For Calcs": 0.218,
        "Net Income From Continuing Operation Net Minority Interest": 9104000.0,
        "Reconciled Depreciation": 3723000.0,
        "Net Interest Income": 22234000.0,
        "Interest Expense": 18106000.0,
        "Interest Income": 40340000.0,
        "Normalized Income": 9104000.0,
        "Net Income From Continuing And Discontinued Operation": 9104000.0,
        "Diluted Average Shares": 20241000.0,
        "Basic Average Shares": 20033000.0,
        "Diluted EPS": 0.45,
        "Basic EPS": 0.45,
        "Diluted NI Availto Com Stockholders": 9042000.0,
        "Net Income Common Stockholders": 9042000.0,
        "Otherunder Preferred Stock Dividend": 62000.0,
        "Net Income": 9104000.0,
        "Net Income Including Noncontrolling Interests": 9104000.0,
        "Net Income Continuous Operations": 9104000.0,
        "Tax Provision": 2535000.0,
        "Pretax Income": 11639000.0,
        "Depreciation Amortization Depletion Income Statement": 1324000.0,
        "Depreciation And Amortization In Income Statement": 1324000.0,
        "Amortization": 1324000.0,
        "Amortization Of Intangibles Income Statement": 1324000.0,
        "Selling General And Administration": 19512000.0,
        "Selling And Marketing Expense": 665000.0,
        "General And Administrative Expense": 18847000.0,
        "Salaries And Wages": 18847000.0,
        "Total Revenue": 47797000.0,
        "Operating Revenue": 47797000.0,
        "Occupancy And Equipment": 1837000.0,
        "Professional Expense And Contract Services Expense": 1530000.0,
        "Other Non Interest Expense": 11955000.0
    },
    "2023-03-31": {
        "Tax Effect Of Unusual Items": 0.0,
        "Tax Rate For Calcs": 0.22,
        "Net Income From Continuing Operation Net Minority Interest": 8186000.0,
        "Reconciled Depreciation": 2087000.0,
        "Net Interest Income": 23658000.0,
        "Interest Expense": 14151000.0,
        "Interest Income": 37809000.0,
        "Normalized Income": 8186000.0,
        "Net Income From Continuing And Discontinued Operation": 8186000.0,
        "Diluted Average Shares": 20246000.0,
        "Basic Average Shares": 20028000.0,
        "Diluted EPS": 0.4,
        "Basic EPS": 0.41,
        "Diluted NI Availto Com Stockholders": 8129000.0,
        "Net Income Common Stockholders": 8129000.0,
        "Otherunder Preferred Stock Dividend": 57000.0,
        "Net Income": 8186000.0,
        "Net Income Including Noncontrolling Interests": 8186000.0,
        "Net Income Continuous Operations": 8186000.0,
        "Tax Provision": 2306000.0,
        "Pretax Income": 10492000.0,
        "Gain On Sale Of Security": NaN,
        "Depreciation Amortization Depletion Income Statement": 1324000.0,
        "Depreciation And Amortization In Income Statement": 1324000.0,
        "Amortization": 1324000.0,
        "Amortization Of Intangibles Income Statement": 1324000.0,
        "Selling General And Administration": 19844000.0,
        "Selling And Marketing Expense": 686000.0,
        "General And Administrative Expense": 19158000.0,
        "Salaries And Wages": 19158000.0,
        "Total Revenue": 48414000.0,
        "Operating Revenue": 48414000.0,
        "Occupancy And Equipment": 1899000.0,
        "Professional Expense And Contract Services Expense": 1152000.0,
        "Other Non Interest Expense": 13153000.0
    },
    "2022-12-31": {
        "Tax Effect Of Unusual Items": NaN,
        "Tax Rate For Calcs": NaN,
        "Net Income From Continuing Operation Net Minority Interest": NaN,
        "Reconciled Depreciation": NaN,
        "Net Interest Income": NaN,
        "Interest Expense": NaN,
        "Interest Income": NaN,
        "Normalized Income": NaN,
        "Net Income From Continuing And Discontinued Operation": NaN,
        "Diluted Average Shares": NaN,
        "Basic Average Shares": NaN,
        "Diluted EPS": NaN,
        "Basic EPS": NaN,
        "Diluted NI Availto Com Stockholders": NaN,
        "Net Income Common Stockholders": NaN,
        "Otherunder Preferred Stock Dividend": NaN,
        "Net Income": NaN,
        "Net Income Including Noncontrolling Interests": NaN,
        "Net Income Continuous Operations": NaN,
        "Tax Provision": NaN,
        "Pretax Income": NaN,
        "Gain On Sale Of Security": 0.0,
        "Depreciation Amortization Depletion Income Statement": NaN,
        "Depreciation And Amortization In Income Statement": NaN,
        "Amortization": NaN,
        "Amortization Of Intangibles Income Statement": NaN,
        "Selling General And Administration": NaN,
        "Selling And Marketing Expense": NaN,
        "General And Administrative Expense": NaN,
        "Salaries And Wages": NaN,
        "Total Revenue": NaN,
        "Operating Revenue": NaN,
        "Occupancy And Equipment": NaN,
        "Professional Expense And Contract Services Expense": NaN,
        "Other Non Interest Expense": NaN
    },
    "2022-09-30": {
        "Tax Effect Of Unusual Items": NaN,
        "Tax Rate For Calcs": NaN,
        "Net Income From Continuing Operation Net Minority Interest": NaN,
        "Reconciled Depreciation": NaN,
        "Net Interest Income": NaN,
        "Interest Expense": NaN,
        "Interest Income": NaN,
        "Normalized Income": NaN,
        "Net Income From Continuing And Discontinued Operation": NaN,
        "Diluted Average Shares": NaN,
        "Basic Average Shares": NaN,
        "Diluted EPS": NaN,
        "Basic EPS": NaN,
        "Diluted NI Availto Com Stockholders": NaN,
        "Net Income Common Stockholders": NaN,
        "Otherunder Preferred Stock Dividend": NaN,
        "Net Income": NaN,
        "Net Income Including Noncontrolling Interests": NaN,
        "Net Income Continuous Operations": NaN,
        "Tax Provision": NaN,
        "Pretax Income": NaN,
        "Gain On Sale Of Security": 0.0,
        "Depreciation Amortization Depletion Income Statement": NaN,
        "Depreciation And Amortization In Income Statement": NaN,
        "Amortization": NaN,
        "Amortization Of Intangibles Income Statement": NaN,
        "Selling General And Administration": NaN,
        "Selling And Marketing Expense": NaN,
        "General And Administrative Expense": NaN,
        "Salaries And Wages": NaN,
        "Total Revenue": NaN,
        "Operating Revenue": NaN
    },
    "2022-06-30": {
        "Tax Effect Of Unusual Items": 0.0,
        "Tax Rate For Calcs": 0.226743,
        "Net Income From Continuing Operation Net Minority Interest": 9293000.0,
        "Reconciled Depreciation": 1053000.0,
        "Net Interest Income": 22776000.0,
        "Interest Expense": 1650000.0,
        "Interest Income": 24426000.0,
        "Normalized Income": 9293000.0,
        "Net Income From Continuing And Discontinued Operation": 9293000.0,
        "Diluted Average Shares": 17532000.0,
        "Basic Average Shares": 17297000.0,
        "Diluted EPS": 0.52,
        "Basic EPS": 0.53,
        "Diluted NI Availto Com Stockholders": 9293000.0,
        "Net Income Common Stockholders": 9293000.0,
        "Otherunder Preferred Stock Dividend": 101000.0,
        "Net Income": 9293000.0,
        "Net Income Including Noncontrolling Interests": 9293000.0,
        "Net Income Continuous Operations": 9293000.0,
        "Tax Provision": 2725000.0,
        "Pretax Income": 12018000.0,
        "Gain On Sale Of Security": 0.0,
        "Depreciation Amortization Depletion Income Statement": 1053000.0,
        "Depreciation And Amortization In Income Statement": 1053000.0,
        "Amortization": 1053000.0,
        "Amortization Of Intangibles Income Statement": 1053000.0,
        "Selling General And Administration": 22062000.0,
        "Selling And Marketing Expense": 814000.0,
        "General And Administrative Expense": 21248000.0,
        "Other Gand A": 5713000.0,
        "Salaries And Wages": 21248000.0,
        "Total Revenue": 51520000.0,
        "Operating Revenue": 51520000.0
    },
    "2022-03-31": {
        "Diluted EPS": 0.57,
        "Total Revenue": 53,
        "Gross Profit": 51,
        "Operating Income": 13,
        "EBIT": NaN,
        "Net Income": 10
    },
    "2021-12-31": {
        "Diluted EPS": 0.71,
        "Total Revenue": 58,
        "Gross Profit": 57,
        "Operating Income": 17,
        "EBIT": NaN,
        "Net Income": 13
    },
    "2021-09-30": {
        "Diluted EPS": 0.74,
        "Total Revenue": 59,
        "Gross Profit": 57,
        "Operating Income": 17,
        "EBIT": NaN,
        "Net Income": 13
    },
    "2021-06-30": {
        "Diluted EPS": 0.66,
        "Total Revenue": 59,
        "Gross Profit": 58,
        "Operating Income": 15,
        "EBIT": NaN,
        "Net Income": 12
    },
    "2021-03-31": {
        "Diluted EPS": 0.86,
        "Total Revenue": 64,
        "Gross Profit": 63,
        "Operating Income": 20,
        "EBIT": NaN,
        "Net Income": 15
    },
    "2020-12-31": {
        "Diluted EPS": 0.58,
        "Total Revenue": 64,
        "Gross Profit": 62,
        "Operating Income": 13,
        "EBIT": NaN,
        "Net Income": 9
    },
    "2020-09-30": {
        "Diluted EPS": 0.99,
        "Total Revenue": 70,
        "Gross Profit": 67,
        "Operating Income": 23,
        "EBIT": NaN,
        "Net Income": 18
    },
    "2020-06-30": {
        "Diluted EPS": 0.65,
        "Total Revenue": 62,
        "Gross Profit": 58,
        "Operating Income": 15,
        "EBIT": NaN,
        "Net Income": 11
    },
    "2020-03-31": {
        "Diluted EPS": 0.3,
        "Total Revenue": 50,
        "Gross Profit": 46,
        "Operating Income": 7,
        "EBIT": NaN,
        "Net Income": 5
    },
    "2019-12-31": {
        "Diluted EPS": 0.38,
        "Total Revenue": 52,
        "Gross Profit": 48,
        "Operating Income": 10,
        "EBIT": NaN,
        "Net Income": 7
    },
    "2019-09-30": {
        "Diluted EPS": 0.48,
        "Total Revenue": 53,
        "Gross Profit": 48,
        "Operating Income": 9,
        "EBIT": NaN,
        "Net Income": 7
    },
    "2019-06-30": {
        "Diluted EPS": 0.59,
        "Total Revenue": 53,
        "Gross Profit": 48,
        "Operating Income": 11,
        "EBIT": NaN,
        "Net Income": 8
    },
    "2019-03-31": {
        "Diluted EPS": 0.46,
        "Total Revenue": 48,
        "Gross Profit": 44,
        "Operating Income": 8,
        "EBIT": NaN,
        "Net Income": 6
    },
    "2018-12-31": {
        "Diluted EPS": 0.0,
        "Total Revenue": NaN,
        "Gross Profit": NaN,
        "Operating Income": NaN,
        "EBIT": NaN,
        "Net Income": NaN
    },
    "2018-09-30": {
        "Diluted EPS": 0.52,
        "Total Revenue": 48,
        "Gross Profit": 45,
        "Operating Income": 9,
        "EBIT": NaN,
        "Net Income": 7
    },
    "2017-12-31": {
        "Diluted EPS": 0.0,
        "Total Revenue": NaN,
        "Gross Profit": NaN,
        "Operating Income": NaN,
        "EBIT": NaN,
        "Net Income": NaN
    },
    "2023-09-30": {
        "Tax Effect Of Unusual Items": 0.0,
        "Tax Rate For Calcs": 0.206,
        "Net Income From Continuing Operation Net Minority Interest": 9161000.0,
        "Reconciled Depreciation": 2324000.0,
        "Net Interest Income": 20395000.0,
        "Interest Expense": 21643000.0,
        "Interest Income": 42038000.0,
        "Normalized Income": 9161000.0,
        "Net Income From Continuing And Discontinued Operation": 9161000.0,
        "Diluted Average Shares": 20095000.0,
        "Basic Average Shares": 19872000.0,
        "Diluted EPS": 0.45,
        "Basic EPS": 0.46,
        "Diluted NI Availto Com Stockholders": 9094000.0,
        "Net Income Common Stockholders": 9094000.0,
        "Otherunder Preferred Stock Dividend": 67000.0,
        "Net Income": 9161000.0,
        "Net Income Including Noncontrolling Interests": 9161000.0,
        "Net Income Continuous Operations": 9161000.0,
        "Tax Provision": 2381000.0,
        "Pretax Income": 11542000.0,
        "Depreciation Amortization Depletion Income Statement": 1324000.0,
        "Depreciation And Amortization In Income Statement": 1324000.0,
        "Amortization": 1324000.0,
        "Amortization Of Intangibles Income Statement": 1324000.0,
        "Selling General And Administration": 19763000.0,
        "Selling And Marketing Expense": 692000.0,
        "General And Administrative Expense": 19071000.0,
        "Salaries And Wages": 19071000.0,
        "Total Revenue": 48113000.0,
        "Operating Revenue": 48113000.0,
        "Occupancy And Equipment": 1883000.0,
        "Professional Expense And Contract Services Expense": 1716000.0,
        "Other Non Interest Expense": 11885000.0
    },
    "2023-12-31": {
        "Tax Effect Of Unusual Items": 0.0,
        "Tax Rate For Calcs": 0.171951,
        "Net Income From Continuing Operation Net Minority Interest": -14755000.0,
        "Reconciled Depreciation": 376000.0,
        "Net Interest Income": 21552000.0,
        "Interest Expense": 23143000.0,
        "Interest Income": 44695000.0,
        "Normalized Income": -14755000.0,
        "Net Income From Continuing And Discontinued Operation": -14755000.0,
        "Diluted Average Shares": 19996000.0,
        "Basic Average Shares": 19761000.0,
        "Diluted EPS": -0.74,
        "Basic EPS": -0.74,
        "Diluted NI Availto Com Stockholders": -14564000.0,
        "Net Income Common Stockholders": -14564000.0,
        "Otherunder Preferred Stock Dividend": -191000.0,
        "Net Income": -14755000.0,
        "Net Income Including Noncontrolling Interests": -14755000.0,
        "Net Income Continuous Operations": -14755000.0,
        "Tax Provision": -3064000.0,
        "Pretax Income": -17819000.0,
        "Depreciation Amortization Depletion Income Statement": 1324000.0,
        "Depreciation And Amortization In Income Statement": 1324000.0,
        "Amortization": 1324000.0,
        "Amortization Of Intangibles Income Statement": 1324000.0,
        "Selling General And Administration": 20215000.0,
        "Selling And Marketing Expense": 1001000.0,
        "General And Administrative Expense": 19214000.0,
        "Salaries And Wages": 19214000.0,
        "Total Revenue": 21841000.0,
        "Operating Revenue": 21841000.0,
        "Occupancy And Equipment": 1858000.0,
        "Professional Expense And Contract Services Expense": 2346000.0,
        "Other Non Interest Expense": 12410000.0
    },
    "2024-03-31": {
        "Tax Effect Of Unusual Items": 0.0,
        "Tax Rate For Calcs": 0.245,
        "Net Income From Continuing Operation Net Minority Interest": 6432000.0,
        "Reconciled Depreciation": 2092000.0,
        "Net Interest Income": 22219000.0,
        "Interest Expense": 26819000.0,
        "Interest Income": 49038000.0,
        "Normalized Income": 6432000.0,
        "Net Income From Continuing And Discontinued Operation": 6432000.0,
        "Diluted Average Shares": 19986000.0,
        "Basic Average Shares": 19739000.0,
        "Diluted EPS": 0.32,
        "Basic EPS": 0.32,
        "Diluted NI Availto Com Stockholders": 6392000.0,
        "Net Income Common Stockholders": 6392000.0,
        "Otherunder Preferred Stock Dividend": 40000.0,
        "Net Income": 6432000.0,
        "Net Income Including Noncontrolling Interests": 6432000.0,
        "Net Income Continuous Operations": 6432000.0,
        "Tax Provision": 2091000.0,
        "Pretax Income": 8523000.0,
        "Depreciation Amortization Depletion Income Statement": 1324000.0,
        "Depreciation And Amortization In Income Statement": 1324000.0,
        "Amortization": 1324000.0,
        "Amortization Of Intangibles Income Statement": 1324000.0,
        "Selling General And Administration": 20017000.0,
        "Selling And Marketing Expense": 685000.0,
        "General And Administrative Expense": 19332000.0,
        "Salaries And Wages": 19332000.0,
        "Total Revenue": 47101000.0,
        "Operating Revenue": 47101000.0,
        "Occupancy And Equipment": 1906000.0,
        "Professional Expense And Contract Services Expense": 1993000.0,
        "Other Non Interest Expense": 13338000.0
    },
    "2024-06-30": {
        "Tax Effect Of Unusual Items": 0.0,
        "Tax Rate For Calcs": 0.237,
        "Net Income From Continuing Operation Net Minority Interest": 6208000.0,
        "Reconciled Depreciation": 2190000.0,
        "Net Interest Income": 24001000.0,
        "Interest Expense": 29021000.0,
        "Interest Income": 53022000.0,
        "Normalized Income": 6208000.0,
        "Net Income From Continuing And Discontinued Operation": 6208000.0,
        "Diluted Average Shares": 20050000.0,
        "Basic Average Shares": 19777000.0,
        "Diluted EPS": 0.31,
        "Basic EPS": 0.31,
        "Diluted NI Availto Com Stockholders": 6170000.0,
        "Net Income Common Stockholders": 6170000.0,
        "Otherunder Preferred Stock Dividend": 38000.0,
        "Net Income": 6208000.0,
        "Net Income Including Noncontrolling Interests": 6208000.0,
        "Net Income Continuous Operations": 6208000.0,
        "Tax Provision": 1923000.0,
        "Pretax Income": 8131000.0,
        "Depreciation Amortization Depletion Income Statement": 1324000.0,
        "Depreciation And Amortization In Income Statement": 1324000.0,
        "Amortization": 1324000.0,
        "Amortization Of Intangibles Income Statement": 1324000.0,
        "Selling General And Administration": 20916000.0,
        "Selling And Marketing Expense": 651000.0,
        "General And Administrative Expense": 20265000.0,
        "Salaries And Wages": 20265000.0,
        "Total Revenue": 50905000.0,
        "Operating Revenue": 50905000.0,
        "Occupancy And Equipment": 1815000.0,
        "Professional Expense And Contract Services Expense": 2373000.0,
        "Other Non Interest Expense": 11857000.0
    },
    "2024-09-30": {
        "Tax Effect Of Unusual Items": 0.0,
        "Tax Rate For Calcs": 0.233927,
        "Net Income From Continuing Operation Net Minority Interest": 5207000.0,
        "Reconciled Depreciation": 2234000.0,
        "Net Interest Income": 22542000.0,
        "Interest Expense": 29670000.0,
        "Interest Income": 52212000.0,
        "Normalized Income": 5207000.0,
        "Net Income From Continuing And Discontinued Operation": 5207000.0,
        "Diluted Average Shares": 20075000.0,
        "Basic Average Shares": 19788000.0,
        "Diluted EPS": 0.26,
        "Basic EPS": 0.26,
        "Diluted NI Availto Com Stockholders": 5183000.0,
        "Net Income Common Stockholders": 5183000.0,
        "Otherunder Preferred Stock Dividend": 24000.0,
        "Net Income": 5207000.0,
        "Net Income Including Noncontrolling Interests": 5207000.0,
        "Net Income Continuous Operations": 5207000.0,
        "Tax Provision": 1590000.0,
        "Pretax Income": 6797000.0,
        "Depreciation Amortization Depletion Income Statement": 1324000.0,
        "Depreciation And Amortization In Income Statement": 1324000.0,
        "Amortization": 1324000.0,
        "Amortization Of Intangibles Income Statement": 1324000.0,
        "Selling General And Administration": 21822000.0,
        "Selling And Marketing Expense": 764000.0,
        "General And Administrative Expense": 21058000.0,
        "Salaries And Wages": 21058000.0,
        "Total Revenue": 50221000.0,
        "Operating Revenue": 50221000.0,
        "Occupancy And Equipment": 2082000.0,
        "Professional Expense And Contract Services Expense": 4267000.0,
        "Other Non Interest Expense": 12268000.0
    }
}