{
    "2023-06-30": {
        "Tax Effect Of Unusual Items": 0.0,
        "Tax Rate For Calcs": 0.19,
        "Normalized EBITDA": 282000000.0,
        "Net Income From Continuing Operation Net Minority Interest": 175000000.0,
        "Reconciled Depreciation": 38000000.0,
        "Reconciled Cost Of Revenue": 402000000.0,
        "EBITDA": 282000000.0,
        "EBIT": 244000000.0,
        "Net Interest Income": -28000000.0,
        "Interest Expense": 28000000.0,
        "Normalized Income": 175000000.0,
        "Net Income From Continuing And Discontinued Operation": 175000000.0,
        "Total Expenses": 541000000.0,
        "Total Operating Income As Reported": 242000000.0,
        "Diluted Average Shares": NaN,
        "Basic Average Shares": NaN,
        "Diluted EPS": NaN,
        "Basic EPS": NaN,
        "Diluted NI Availto Com Stockholders": 175000000.0,
        "Net Income Common Stockholders": 175000000.0,
        "Net Income": 175000000.0,
        "Net Income Including Noncontrolling Interests": 175000000.0,
        "Net Income Continuous Operations": 175000000.0,
        "Tax Provision": 41000000.0,
        "Pretax Income": 216000000.0,
        "Other Income Expense": 2000000.0,
        "Other Non Operating Income Expenses": 2000000.0,
        "Net Non Operating Interest Income Expense": -28000000.0,
        "Interest Expense Non Operating": 28000000.0,
        "Operating Income": 242000000.0,
        "Operating Expense": 139000000.0,
        "Research And Development": 47000000.0,
        "Selling General And Administration": 92000000.0,
        "Gross Profit": 381000000.0,
        "Cost Of Revenue": 402000000.0,
        "Total Revenue": 783000000.0,
        "Operating Revenue": 783000000.0
    },
    "2023-03-31": {
        "Tax Effect Of Unusual Items": 0.0,
        "Tax Rate For Calcs": 0.2,
        "Normalized EBITDA": 277000000.0,
        "Net Income From Continuing Operation Net Minority Interest": 170000000.0,
        "Reconciled Depreciation": 37000000.0,
        "Reconciled Cost Of Revenue": 380000000.0,
        "EBITDA": 277000000.0,
        "EBIT": 240000000.0,
        "Net Interest Income": -28000000.0,
        "Interest Expense": 28000000.0,
        "Normalized Income": 170000000.0,
        "Net Income From Continuing And Discontinued Operation": 170000000.0,
        "Total Expenses": 511000000.0,
        "Total Operating Income As Reported": 230000000.0,
        "Diluted Average Shares": NaN,
        "Basic Average Shares": NaN,
        "Diluted EPS": NaN,
        "Basic EPS": NaN,
        "Diluted NI Availto Com Stockholders": 170000000.0,
        "Net Income Common Stockholders": 170000000.0,
        "Net Income": 170000000.0,
        "Net Income Including Noncontrolling Interests": 170000000.0,
        "Net Income Continuous Operations": 170000000.0,
        "Tax Provision": 42000000.0,
        "Pretax Income": 212000000.0,
        "Other Income Expense": 10000000.0,
        "Other Non Operating Income Expenses": 10000000.0,
        "Net Non Operating Interest Income Expense": -28000000.0,
        "Interest Expense Non Operating": 28000000.0,
        "Operating Income": 230000000.0,
        "Operating Expense": 131000000.0,
        "Research And Development": 44000000.0,
        "Selling General And Administration": 87000000.0,
        "Gross Profit": 361000000.0,
        "Cost Of Revenue": 380000000.0,
        "Total Revenue": 741000000.0,
        "Operating Revenue": 741000000.0
    },
    "2022-12-31": {
        "Tax Effect Of Unusual Items": 0.0,
        "Tax Rate For Calcs": 0.16568,
        "Normalized EBITDA": 237000000.0,
        "Net Income From Continuing Operation Net Minority Interest": 141000000.0,
        "Reconciled Depreciation": 38000000.0,
        "Reconciled Cost Of Revenue": 380000000.0,
        "EBITDA": 237000000.0,
        "EBIT": 199000000.0,
        "Net Interest Income": -30000000.0,
        "Interest Expense": 30000000.0,
        "Normalized Income": 141000000.0,
        "Net Income From Continuing And Discontinued Operation": 141000000.0,
        "Total Expenses": 526000000.0,
        "Total Operating Income As Reported": 192000000.0,
        "Diluted Average Shares": NaN,
        "Basic Average Shares": NaN,
        "Diluted EPS": NaN,
        "Basic EPS": NaN,
        "Diluted NI Availto Com Stockholders": 141000000.0,
        "Net Income Common Stockholders": 141000000.0,
        "Net Income": 141000000.0,
        "Net Income Including Noncontrolling Interests": 141000000.0,
        "Net Income Continuous Operations": 141000000.0,
        "Tax Provision": 28000000.0,
        "Pretax Income": 169000000.0,
        "Other Income Expense": 7000000.0,
        "Other Non Operating Income Expenses": 42000000.0,
        "Net Non Operating Interest Income Expense": -30000000.0,
        "Interest Expense Non Operating": 30000000.0,
        "Operating Income": 192000000.0,
        "Operating Expense": 146000000.0,
        "Research And Development": 49000000.0,
        "Selling General And Administration": 97000000.0,
        "Gross Profit": 338000000.0,
        "Cost Of Revenue": 380000000.0,
        "Total Revenue": 718000000.0,
        "Operating Revenue": 718000000.0
    },
    "2022-09-30": {
        "Tax Effect Of Unusual Items": 0.0,
        "Tax Rate For Calcs": 0.125786,
        "Normalized EBITDA": 188000000.0,
        "Net Income From Continuing Operation Net Minority Interest": 139000000.0,
        "Reconciled Depreciation": 41000000.0,
        "Reconciled Cost Of Revenue": 382000000.0,
        "EBITDA": 188000000.0,
        "EBIT": 188000000.0,
        "Net Interest Income": -29000000.0,
        "Interest Expense": 29000000.0,
        "Normalized Income": 139000000.0,
        "Net Income From Continuing And Discontinued Operation": 139000000.0,
        "Total Expenses": 507000000.0,
        "Total Operating Income As Reported": 203000000.0,
        "Diluted Average Shares": 96000000.0,
        "Basic Average Shares": 95000000.0,
        "Diluted EPS": 1.45,
        "Basic EPS": 1.46,
        "Diluted NI Availto Com Stockholders": 139000000.0,
        "Net Income Common Stockholders": 139000000.0,
        "Net Income": 139000000.0,
        "Net Income Including Noncontrolling Interests": 139000000.0,
        "Net Income Continuous Operations": 139000000.0,
        "Tax Provision": 20000000.0,
        "Pretax Income": 159000000.0,
        "Other Income Expense": -15000000.0,
        "Other Non Operating Income Expenses": -15000000.0,
        "Net Non Operating Interest Income Expense": -29000000.0,
        "Interest Expense Non Operating": 29000000.0,
        "Operating Income": 203000000.0,
        "Operating Expense": 125000000.0,
        "Research And Development": 47000000.0,
        "Selling General And Administration": 78000000.0,
        "Gross Profit": 328000000.0,
        "Cost Of Revenue": 382000000.0,
        "Total Revenue": 710000000.0,
        "Operating Revenue": 710000000.0
    },
    "2022-06-30": {
        "Tax Effect Of Unusual Items": 0.0,
        "Tax Rate For Calcs": 0.207792,
        "Normalized EBITDA": 184000000.0,
        "Net Income From Continuing Operation Net Minority Interest": 122000000.0,
        "Reconciled Depreciation": 38000000.0,
        "Reconciled Cost Of Revenue": 353000000.0,
        "EBITDA": 184000000.0,
        "EBIT": 184000000.0,
        "Net Interest Income": -30000000.0,
        "Interest Expense": 30000000.0,
        "Normalized Income": 122000000.0,
        "Net Income From Continuing And Discontinued Operation": 122000000.0,
        "Total Expenses": 477000000.0,
        "Total Operating Income As Reported": 187000000.0,
        "Diluted Average Shares": 97000000.0,
        "Basic Average Shares": 97000000.0,
        "Diluted EPS": 1.26,
        "Basic EPS": 1.26,
        "Diluted NI Availto Com Stockholders": 122000000.0,
        "Net Income Common Stockholders": 122000000.0,
        "Net Income": 122000000.0,
        "Net Income Including Noncontrolling Interests": 122000000.0,
        "Net Income Continuous Operations": 122000000.0,
        "Tax Provision": 32000000.0,
        "Pretax Income": 154000000.0,
        "Other Income Expense": -3000000.0,
        "Other Non Operating Income Expenses": -3000000.0,
        "Net Non Operating Interest Income Expense": -30000000.0,
        "Interest Expense Non Operating": 30000000.0,
        "Operating Income": 187000000.0,
        "Operating Expense": 124000000.0,
        "Research And Development": 46000000.0,
        "Selling General And Administration": 78000000.0,
        "Gross Profit": 311000000.0,
        "Cost Of Revenue": 353000000.0,
        "Total Revenue": 664000000.0,
        "Operating Revenue": 664000000.0
    },
    "2022-03-31": {
        "Diluted EPS": 1.3,
        "Total Revenue": 677,
        "Gross Profit": 320,
        "Operating Income": 202,
        "EBIT": 240,
        "Net Income": 129
    },
    "2021-12-31": {
        "Diluted EPS": 1.16,
        "Total Revenue": 644,
        "Gross Profit": 305,
        "Operating Income": 176,
        "EBIT": 218,
        "Net Income": 118
    },
    "2021-09-30": {
        "Diluted EPS": 0.89,
        "Total Revenue": 567,
        "Gross Profit": 261,
        "Operating Income": 146,
        "EBIT": 184,
        "Net Income": 94
    },
    "2021-06-30": {
        "Diluted EPS": 1.01,
        "Total Revenue": 603,
        "Gross Profit": 288,
        "Operating Income": 167,
        "EBIT": 204,
        "Net Income": 110
    },
    "2021-03-31": {
        "Diluted EPS": 1.07,
        "Total Revenue": 588,
        "Gross Profit": 291,
        "Operating Income": 180,
        "EBIT": 217,
        "Net Income": 120
    },
    "2020-12-31": {
        "Diluted EPS": 0.54,
        "Total Revenue": 535,
        "Gross Profit": 253,
        "Operating Income": 133,
        "EBIT": 171,
        "Net Income": 60
    },
    "2020-09-30": {
        "Diluted EPS": 0.68,
        "Total Revenue": 532,
        "Gross Profit": 254,
        "Operating Income": 128,
        "EBIT": 165,
        "Net Income": 77
    },
    "2020-06-30": {
        "Diluted EPS": 0.2,
        "Total Revenue": 377,
        "Gross Profit": 165,
        "Operating Income": 58,
        "EBIT": 96,
        "Net Income": 23
    },
    "2020-03-31": {
        "Diluted EPS": 1.2,
        "Total Revenue": 637,
        "Gross Profit": 326,
        "Operating Income": 215,
        "EBIT": 254,
        "Net Income": 139
    },
    "2019-12-31": {
        "Diluted EPS": 0.9,
        "Total Revenue": 617,
        "Gross Profit": 298,
        "Operating Income": 165,
        "EBIT": 211,
        "Net Income": 107
    },
    "2019-09-30": {
        "Diluted EPS": 1.23,
        "Total Revenue": 669,
        "Gross Profit": 348,
        "Operating Income": 224,
        "EBIT": 268,
        "Net Income": 149
    },
    "2019-06-30": {
        "Diluted EPS": 1.46,
        "Total Revenue": 737,
        "Gross Profit": 389,
        "Operating Income": 259,
        "EBIT": 300,
        "Net Income": 181
    },
    "2019-03-31": {
        "Diluted EPS": 1.32,
        "Total Revenue": 675,
        "Gross Profit": 359,
        "Operating Income": 244,
        "EBIT": 285,
        "Net Income": 167
    },
    "2018-12-31": {
        "Diluted EPS": 1.14,
        "Total Revenue": 647,
        "Gross Profit": 338,
        "Operating Income": 207,
        "EBIT": 248,
        "Net Income": 147
    },
    "2018-09-30": {
        "Diluted EPS": 1.27,
        "Total Revenue": 692,
        "Gross Profit": 368,
        "Operating Income": 246,
        "EBIT": 289,
        "Net Income": 167
    },
    "2018-06-30": {
        "Diluted EPS": 1.29,
        "Total Revenue": 711,
        "Gross Profit": 374,
        "Operating Income": 248,
        "EBIT": 290,
        "Net Income": 174
    },
    "2018-03-31": {
        "Diluted EPS": 1.08,
        "Total Revenue": 663,
        "Gross Profit": 342,
        "Operating Income": 222,
        "EBIT": 266,
        "Net Income": 151
    },
    "2017-12-31": {
        "Diluted EPS": 1.46,
        "Total Revenue": 588,
        "Gross Profit": 288,
        "Operating Income": 128,
        "EBIT": 173,
        "Net Income": 215
    },
    "2017-09-30": {
        "Diluted EPS": 0.75,
        "Total Revenue": 595,
        "Gross Profit": 302,
        "Operating Income": 198,
        "EBIT": 242,
        "Net Income": 111
    },
    "2017-06-30": {
        "Diluted EPS": 0.63,
        "Total Revenue": 580,
        "Gross Profit": 290,
        "Operating Income": 177,
        "EBIT": 222,
        "Net Income": 95
    },
    "2017-03-31": {
        "Diluted EPS": 0.52,
        "Total Revenue": 499,
        "Gross Profit": 251,
        "Operating Income": 149,
        "EBIT": 191,
        "Net Income": 83
    },
    "2016-12-31": {
        "Diluted EPS": 0.36,
        "Total Revenue": 469,
        "Gross Profit": 218,
        "Operating Income": 110,
        "EBIT": 155,
        "Net Income": 61
    },
    "2016-09-30": {
        "Diluted EPS": 0.27,
        "Total Revenue": 434,
        "Gross Profit": 204,
        "Operating Income": 104,
        "EBIT": 150,
        "Net Income": 45
    },
    "2016-06-30": {
        "Diluted EPS": 0.36,
        "Total Revenue": 475,
        "Gross Profit": 227,
        "Operating Income": 127,
        "EBIT": 173,
        "Net Income": 61
    },
    "2016-03-31": {
        "Diluted EPS": 0.28,
        "Total Revenue": 462,
        "Gross Profit": 215,
        "Operating Income": 111,
        "EBIT": 157,
        "Net Income": 48
    },
    "2015-12-31": {
        "Diluted EPS": 0.08,
        "Total Revenue": 478,
        "Gross Profit": 222,
        "Operating Income": 37,
        "EBIT": 86,
        "Net Income": 13
    },
    "2015-09-30": {
        "Diluted EPS": 0.27,
        "Total Revenue": 493,
        "Gross Profit": 236,
        "Operating Income": 112,
        "EBIT": 161,
        "Net Income": 47
    },
    "2015-06-30": {
        "Diluted EPS": 0.3,
        "Total Revenue": 511,
        "Gross Profit": 236,
        "Operating Income": 138,
        "EBIT": 186,
        "Net Income": 54
    },
    "2015-03-31": {
        "Diluted EPS": 0.38,
        "Total Revenue": 504,
        "Gross Profit": 239,
        "Operating Income": 142,
        "EBIT": 190,
        "Net Income": 68
    },
    "2014-12-31": {
        "Diluted EPS": 0.28,
        "Total Revenue": 544,
        "Gross Profit": 256,
        "Operating Income": 118,
        "EBIT": 167,
        "Net Income": 51
    },
    "2014-09-30": {
        "Diluted EPS": 0.38,
        "Total Revenue": 553,
        "Gross Profit": 259,
        "Operating Income": 147,
        "EBIT": 198,
        "Net Income": 69
    },
    "2014-06-30": {
        "Diluted EPS": 0.31,
        "Total Revenue": 536,
        "Gross Profit": 239,
        "Operating Income": 132,
        "EBIT": 183,
        "Net Income": 57
    },
    "2014-03-31": {
        "Diluted EPS": 0.28,
        "Total Revenue": 494,
        "Gross Profit": 223,
        "Operating Income": 115,
        "EBIT": 165,
        "Net Income": 52
    },
    "2013-12-31": {
        "Diluted EPS": 0.23,
        "Total Revenue": 491,
        "Gross Profit": 211,
        "Operating Income": 100,
        "EBIT": 152,
        "Net Income": 43
    },
    "2013-09-30": {
        "Diluted EPS": 0.24,
        "Total Revenue": 466,
        "Gross Profit": 206,
        "Operating Income": 111,
        "EBIT": 164,
        "Net Income": 45
    },
    "2013-06-30": {
        "Diluted EPS": 0.26,
        "Total Revenue": 512,
        "Gross Profit": 226,
        "Operating Income": 118,
        "EBIT": 170,
        "Net Income": 51
    },
    "2013-03-31": {
        "Diluted EPS": 0.15,
        "Total Revenue": 457,
        "Gross Profit": 198,
        "Operating Income": 81,
        "EBIT": 139,
        "Net Income": 28
    },
    "2012-12-31": {
        "Diluted EPS": 0.07,
        "Total Revenue": 487,
        "Gross Profit": 194,
        "Operating Income": 54,
        "EBIT": 121,
        "Net Income": 11
    },
    "2012-09-30": {
        "Diluted EPS": 0.17,
        "Total Revenue": 494,
        "Gross Profit": 224,
        "Operating Income": 92,
        "EBIT": 162,
        "Net Income": 32
    },
    "2012-06-30": {
        "Diluted EPS": 2.21,
        "Total Revenue": 559,
        "Gross Profit": 252,
        "Operating Income": 120,
        "EBIT": 185,
        "Net Income": 413
    },
    "2012-03-31": {
        "Diluted EPS": 0.31,
        "Total Revenue": 602,
        "Gross Profit": 284,
        "Operating Income": 155,
        "EBIT": 219,
        "Net Income": 58
    },
    "2011-12-31": {
        "Diluted EPS": 0.24,
        "Total Revenue": 516,
        "Gross Profit": 222,
        "Operating Income": 87,
        "EBIT": 154,
        "Net Income": 45
    },
    "2011-09-30": {
        "Diluted EPS": 0.21,
        "Total Revenue": 574,
        "Gross Profit": 258,
        "Operating Income": 124,
        "EBIT": 190,
        "Net Income": 39
    },
    "2011-06-30": {
        "Diluted EPS": -0.09,
        "Total Revenue": 556,
        "Gross Profit": 245,
        "Operating Income": 120,
        "EBIT": 187,
        "Net Income": -17
    },
    "2011-03-31": {
        "Diluted EPS": 0.2,
        "Total Revenue": 517,
        "Gross Profit": 230,
        "Operating Income": 99,
        "EBIT": 165,
        "Net Income": 37
    },
    "2010-12-31": {
        "Diluted EPS": 0.0,
        "Total Revenue": NaN,
        "Gross Profit": NaN,
        "Operating Income": NaN,
        "EBIT": NaN,
        "Net Income": NaN
    },
    "2009-12-31": {
        "Diluted EPS": 0.0,
        "Total Revenue": NaN,
        "Gross Profit": NaN,
        "Operating Income": NaN,
        "EBIT": NaN,
        "Net Income": NaN
    },
    "2023-09-30": {
        "Tax Effect Of Unusual Items": 0.0,
        "Tax Rate For Calcs": 0.18,
        "Normalized EBITDA": 259000000.0,
        "Net Income From Continuing Operation Net Minority Interest": 158000000.0,
        "Reconciled Depreciation": 39000000.0,
        "Reconciled Cost Of Revenue": 379000000.0,
        "EBITDA": 259000000.0,
        "EBIT": 220000000.0,
        "Net Interest Income": -27000000.0,
        "Interest Expense": 27000000.0,
        "Normalized Income": 158000000.0,
        "Net Income From Continuing And Discontinued Operation": 158000000.0,
        "Total Expenses": 514000000.0,
        "Total Operating Income As Reported": 222000000.0,
        "Diluted Average Shares": 90000000.0,
        "Basic Average Shares": 90000000.0,
        "Diluted EPS": 1.76,
        "Basic EPS": 1.76,
        "Diluted NI Availto Com Stockholders": 158000000.0,
        "Net Income Common Stockholders": 158000000.0,
        "Net Income": 158000000.0,
        "Net Income Including Noncontrolling Interests": 158000000.0,
        "Net Income Continuous Operations": 158000000.0,
        "Tax Provision": 35000000.0,
        "Pretax Income": 193000000.0,
        "Other Income Expense": -2000000.0,
        "Other Non Operating Income Expenses": NaN,
        "Net Non Operating Interest Income Expense": -27000000.0,
        "Interest Expense Non Operating": 27000000.0,
        "Operating Income": 222000000.0,
        "Operating Expense": 135000000.0,
        "Research And Development": 49000000.0,
        "Selling General And Administration": 86000000.0,
        "Gross Profit": 357000000.0,
        "Cost Of Revenue": 379000000.0,
        "Total Revenue": 736000000.0,
        "Operating Revenue": 736000000.0
    },
    "2023-12-31": {
        "Tax Effect Of Unusual Items": NaN,
        "Tax Rate For Calcs": NaN,
        "Normalized EBITDA": NaN,
        "Net Income From Continuing Operation Net Minority Interest": NaN,
        "Reconciled Depreciation": NaN,
        "Reconciled Cost Of Revenue": NaN,
        "EBITDA": NaN,
        "EBIT": NaN,
        "Net Interest Income": NaN,
        "Interest Expense": NaN,
        "Normalized Income": NaN,
        "Net Income From Continuing And Discontinued Operation": NaN,
        "Total Expenses": NaN,
        "Total Operating Income As Reported": NaN,
        "Diluted Average Shares": 89005236.0,
        "Basic Average Shares": 89005236.0,
        "Diluted EPS": 1.91,
        "Basic EPS": 1.91,
        "Diluted NI Availto Com Stockholders": NaN,
        "Net Income Common Stockholders": NaN,
        "Net Income": NaN,
        "Net Income Including Noncontrolling Interests": NaN,
        "Net Income Continuous Operations": NaN,
        "Tax Provision": NaN,
        "Pretax Income": NaN,
        "Other Income Expense": NaN,
        "Other Non Operating Income Expenses": 2000000.0,
        "Net Non Operating Interest Income Expense": NaN,
        "Interest Expense Non Operating": NaN,
        "Operating Income": NaN,
        "Operating Expense": NaN,
        "Research And Development": NaN,
        "Selling General And Administration": NaN,
        "Gross Profit": NaN,
        "Cost Of Revenue": NaN,
        "Total Revenue": NaN,
        "Operating Revenue": NaN
    },
    "2024-03-31": {
        "Tax Effect Of Unusual Items": 0.0,
        "Tax Rate For Calcs": 0.17,
        "Normalized EBITDA": 261000000.0,
        "Net Income From Continuing Operation Net Minority Interest": 169000000.0,
        "Reconciled Depreciation": 32000000.0,
        "Reconciled Cost Of Revenue": 423000000.0,
        "EBITDA": 261000000.0,
        "EBIT": 229000000.0,
        "Net Interest Income": -25000000.0,
        "Interest Expense": 25000000.0,
        "Normalized Income": 169000000.0,
        "Net Income From Continuing And Discontinued Operation": 169000000.0,
        "Total Expenses": 555000000.0,
        "Total Operating Income As Reported": 234000000.0,
        "Diluted Average Shares": 89000000.0,
        "Basic Average Shares": 88000000.0,
        "Diluted EPS": 1.9,
        "Basic EPS": 1.92,
        "Diluted NI Availto Com Stockholders": 169000000.0,
        "Net Income Common Stockholders": 169000000.0,
        "Net Income": 169000000.0,
        "Net Income Including Noncontrolling Interests": 169000000.0,
        "Net Income Continuous Operations": 169000000.0,
        "Tax Provision": 35000000.0,
        "Pretax Income": 204000000.0,
        "Other Income Expense": -5000000.0,
        "Other Non Operating Income Expenses": -5000000.0,
        "Net Non Operating Interest Income Expense": -25000000.0,
        "Interest Expense Non Operating": 25000000.0,
        "Operating Income": 234000000.0,
        "Operating Expense": 132000000.0,
        "Research And Development": 46000000.0,
        "Selling General And Administration": 86000000.0,
        "Gross Profit": 366000000.0,
        "Cost Of Revenue": 423000000.0,
        "Total Revenue": 789000000.0,
        "Operating Revenue": 789000000.0
    },
    "2024-06-30": {
        "Tax Effect Of Unusual Items": 0.0,
        "Tax Rate For Calcs": 0.2,
        "Normalized EBITDA": 285000000.0,
        "Net Income From Continuing Operation Net Minority Interest": 187000000.0,
        "Reconciled Depreciation": 29000000.0,
        "Reconciled Cost Of Revenue": 422000000.0,
        "EBITDA": 285000000.0,
        "EBIT": 256000000.0,
        "Net Interest Income": -22000000.0,
        "Interest Expense": 22000000.0,
        "Normalized Income": 187000000.0,
        "Net Income From Continuing And Discontinued Operation": 187000000.0,
        "Total Expenses": 553000000.0,
        "Total Operating Income As Reported": 263000000.0,
        "Diluted Average Shares": 88000000.0,
        "Basic Average Shares": 87000000.0,
        "Diluted EPS": 2.13,
        "Basic EPS": 2.15,
        "Diluted NI Availto Com Stockholders": 187000000.0,
        "Net Income Common Stockholders": 187000000.0,
        "Net Income": 187000000.0,
        "Net Income Including Noncontrolling Interests": 187000000.0,
        "Net Income Continuous Operations": 187000000.0,
        "Tax Provision": 47000000.0,
        "Pretax Income": 234000000.0,
        "Other Income Expense": -7000000.0,
        "Other Non Operating Income Expenses": -7000000.0,
        "Net Non Operating Interest Income Expense": -22000000.0,
        "Interest Expense Non Operating": 22000000.0,
        "Operating Income": 263000000.0,
        "Operating Expense": 131000000.0,
        "Research And Development": 49000000.0,
        "Selling General And Administration": 82000000.0,
        "Gross Profit": 394000000.0,
        "Cost Of Revenue": 422000000.0,
        "Total Revenue": 816000000.0,
        "Operating Revenue": 816000000.0
    },
    "2024-09-30": {
        "Tax Effect Of Unusual Items": 0.0,
        "Tax Rate For Calcs": 0.2,
        "Normalized EBITDA": 299000000.0,
        "Net Income From Continuing Operation Net Minority Interest": 200000000.0,
        "Reconciled Depreciation": 29000000.0,
        "Reconciled Cost Of Revenue": 428000000.0,
        "EBITDA": 299000000.0,
        "EBIT": 270000000.0,
        "Net Interest Income": -21000000.0,
        "Interest Expense": 21000000.0,
        "Normalized Income": 200000000.0,
        "Net Income From Continuing And Discontinued Operation": 200000000.0,
        "Total Expenses": 564000000.0,
        "Total Operating Income As Reported": 260000000.0,
        "Diluted Average Shares": 88000000.0,
        "Basic Average Shares": 87000000.0,
        "Diluted EPS": 2.27,
        "Basic EPS": 2.3,
        "Diluted NI Availto Com Stockholders": 200000000.0,
        "Net Income Common Stockholders": 200000000.0,
        "Net Income": 200000000.0,
        "Net Income Including Noncontrolling Interests": 200000000.0,
        "Net Income Continuous Operations": 200000000.0,
        "Tax Provision": 49000000.0,
        "Pretax Income": 249000000.0,
        "Other Income Expense": 10000000.0,
        "Other Non Operating Income Expenses": 10000000.0,
        "Net Non Operating Interest Income Expense": -21000000.0,
        "Interest Expense Non Operating": 21000000.0,
        "Operating Income": 260000000.0,
        "Operating Expense": 136000000.0,
        "Research And Development": 51000000.0,
        "Selling General And Administration": 85000000.0,
        "Gross Profit": 396000000.0,
        "Cost Of Revenue": 428000000.0,
        "Total Revenue": 824000000.0,
        "Operating Revenue": 824000000.0
    },
    "2024-12-31": {
        "Tax Effect Of Unusual Items": 0.0,
        "Tax Rate For Calcs": 0.166667,
        "Normalized EBITDA": 262000000.0,
        "Net Income From Continuing Operation Net Minority Interest": 175000000.0,
        "Reconciled Depreciation": 31000000.0,
        "Reconciled Cost Of Revenue": 423000000.0,
        "EBITDA": 262000000.0,
        "EBIT": 231000000.0,
        "Net Interest Income": -21000000.0,
        "Interest Expense": 21000000.0,
        "Normalized Income": 175000000.0,
        "Net Income From Continuing And Discontinued Operation": 175000000.0,
        "Total Expenses": 561000000.0,
        "Total Operating Income As Reported": 235000000.0,
        "Diluted Average Shares": NaN,
        "Basic Average Shares": NaN,
        "Diluted EPS": NaN,
        "Basic EPS": NaN,
        "Diluted NI Availto Com Stockholders": 175000000.0,
        "Net Income Common Stockholders": 175000000.0,
        "Net Income": 175000000.0,
        "Net Income Including Noncontrolling Interests": 175000000.0,
        "Net Income Continuous Operations": 175000000.0,
        "Tax Provision": 35000000.0,
        "Pretax Income": 210000000.0,
        "Other Income Expense": -4000000.0,
        "Other Non Operating Income Expenses": 10000000.0,
        "Net Non Operating Interest Income Expense": -21000000.0,
        "Interest Expense Non Operating": 21000000.0,
        "Operating Income": 235000000.0,
        "Operating Expense": 138000000.0,
        "Research And Development": 54000000.0,
        "Selling General And Administration": 84000000.0,
        "Gross Profit": 373000000.0,
        "Cost Of Revenue": 423000000.0,
        "Total Revenue": 796000000.0,
        "Operating Revenue": 796000000.0
    }
}