{
    "2023-03-31": {
        "Tax Effect Of Unusual Items": NaN,
        "Tax Rate For Calcs": NaN,
        "Normalized EBITDA": NaN,
        "Total Unusual Items": NaN,
        "Total Unusual Items Excluding Goodwill": NaN,
        "Net Income From Continuing Operation Net Minority Interest": NaN,
        "Reconciled Depreciation": NaN,
        "Reconciled Cost Of Revenue": NaN,
        "EBITDA": NaN,
        "EBIT": NaN,
        "Net Interest Income": NaN,
        "Interest Expense": NaN,
        "Normalized Income": NaN,
        "Net Income From Continuing And Discontinued Operation": NaN,
        "Total Expenses": NaN,
        "Total Operating Income As Reported": NaN,
        "Diluted Average Shares": 32430715.0,
        "Basic Average Shares": 32223221.0,
        "Diluted EPS": 0.01,
        "Basic EPS": 0.01,
        "Diluted NI Availto Com Stockholders": NaN,
        "Net Income Common Stockholders": NaN,
        "Preferred Stock Dividends": NaN,
        "Net Income": NaN,
        "Net Income Including Noncontrolling Interests": NaN,
        "Net Income Continuous Operations": NaN,
        "Tax Provision": NaN,
        "Pretax Income": NaN,
        "Other Income Expense": NaN,
        "Other Non Operating Income Expenses": NaN,
        "Special Income Charges": NaN,
        "Other Special Charges": NaN,
        "Net Non Operating Interest Income Expense": NaN,
        "Interest Expense Non Operating": NaN,
        "Operating Income": NaN,
        "Operating Expense": NaN,
        "Depreciation Amortization Depletion Income Statement": NaN,
        "Depreciation And Amortization In Income Statement": NaN,
        "Selling General And Administration": NaN,
        "General And Administrative Expense": NaN,
        "Other Gand A": NaN,
        "Gross Profit": NaN,
        "Cost Of Revenue": NaN,
        "Total Revenue": NaN,
        "Operating Revenue": NaN
    },
    "2022-12-31": {
        "Tax Effect Of Unusual Items": NaN,
        "Tax Rate For Calcs": NaN,
        "Normalized EBITDA": NaN,
        "Total Unusual Items": 0.0,
        "Total Unusual Items Excluding Goodwill": 0.0,
        "Net Income From Continuing Operation Net Minority Interest": NaN,
        "Reconciled Depreciation": NaN,
        "Reconciled Cost Of Revenue": NaN,
        "EBITDA": NaN,
        "EBIT": NaN,
        "Net Interest Income": NaN,
        "Interest Expense": NaN,
        "Normalized Income": NaN,
        "Net Income From Continuing And Discontinued Operation": NaN,
        "Total Expenses": NaN,
        "Total Operating Income As Reported": NaN,
        "Diluted Average Shares": NaN,
        "Basic Average Shares": NaN,
        "Diluted EPS": NaN,
        "Basic EPS": NaN,
        "Diluted NI Availto Com Stockholders": NaN,
        "Net Income Common Stockholders": NaN,
        "Preferred Stock Dividends": NaN,
        "Net Income": NaN,
        "Net Income Including Noncontrolling Interests": NaN,
        "Net Income Continuous Operations": NaN,
        "Tax Provision": NaN,
        "Pretax Income": NaN,
        "Other Income Expense": NaN,
        "Other Non Operating Income Expenses": NaN,
        "Special Income Charges": 0.0,
        "Other Special Charges": NaN,
        "Net Non Operating Interest Income Expense": NaN,
        "Interest Expense Non Operating": NaN,
        "Operating Income": NaN,
        "Operating Expense": NaN,
        "Depreciation Amortization Depletion Income Statement": NaN,
        "Depreciation And Amortization In Income Statement": NaN,
        "Selling General And Administration": NaN,
        "General And Administrative Expense": NaN,
        "Other Gand A": NaN,
        "Gross Profit": NaN,
        "Cost Of Revenue": NaN,
        "Total Revenue": NaN,
        "Operating Revenue": NaN
    },
    "2022-09-30": {
        "Tax Effect Of Unusual Items": NaN,
        "Tax Rate For Calcs": NaN,
        "Normalized EBITDA": NaN,
        "Total Unusual Items": 0.0,
        "Total Unusual Items Excluding Goodwill": 0.0,
        "Net Income From Continuing Operation Net Minority Interest": NaN,
        "Reconciled Depreciation": NaN,
        "Reconciled Cost Of Revenue": NaN,
        "EBITDA": NaN,
        "EBIT": NaN,
        "Net Interest Income": NaN,
        "Interest Expense": NaN,
        "Normalized Income": NaN,
        "Net Income From Continuing And Discontinued Operation": NaN,
        "Total Expenses": NaN,
        "Total Operating Income As Reported": NaN,
        "Diluted Average Shares": 32138952.0,
        "Basic Average Shares": 31981843.0,
        "Diluted EPS": 0.14,
        "Basic EPS": 0.14,
        "Diluted NI Availto Com Stockholders": NaN,
        "Net Income Common Stockholders": NaN,
        "Preferred Stock Dividends": NaN,
        "Net Income": NaN,
        "Net Income Including Noncontrolling Interests": NaN,
        "Net Income Continuous Operations": NaN,
        "Tax Provision": NaN,
        "Pretax Income": NaN,
        "Other Income Expense": NaN,
        "Other Non Operating Income Expenses": NaN,
        "Special Income Charges": 0.0,
        "Net Non Operating Interest Income Expense": NaN,
        "Interest Expense Non Operating": NaN,
        "Operating Income": NaN,
        "Operating Expense": NaN,
        "Depreciation Amortization Depletion Income Statement": NaN,
        "Depreciation And Amortization In Income Statement": NaN,
        "Selling General And Administration": NaN,
        "General And Administrative Expense": NaN,
        "Other Gand A": NaN,
        "Gross Profit": NaN,
        "Cost Of Revenue": NaN,
        "Total Revenue": NaN,
        "Operating Revenue": NaN
    },
    "2022-06-30": {
        "Tax Effect Of Unusual Items": 0.0,
        "Tax Rate For Calcs": 0.4,
        "Normalized EBITDA": 40700000.0,
        "Total Unusual Items": 0.0,
        "Total Unusual Items Excluding Goodwill": 0.0,
        "Net Income From Continuing Operation Net Minority Interest": 6100000.0,
        "Reconciled Depreciation": 27300000.0,
        "Reconciled Cost Of Revenue": 277400000.0,
        "EBITDA": 40700000.0,
        "EBIT": 13400000.0,
        "Net Interest Income": -6800000.0,
        "Interest Expense": 6800000.0,
        "Normalized Income": 6100000.0,
        "Net Income From Continuing And Discontinued Operation": 6100000.0,
        "Total Expenses": 393500000.0,
        "Total Operating Income As Reported": 13000000.0,
        "Diluted Average Shares": 32151512.0,
        "Basic Average Shares": 31933032.0,
        "Diluted EPS": 0.17,
        "Basic EPS": 0.17,
        "Diluted NI Availto Com Stockholders": 5400000.0,
        "Net Income Common Stockholders": 5400000.0,
        "Preferred Stock Dividends": 700000.0,
        "Net Income": 6100000.0,
        "Net Income Including Noncontrolling Interests": 7100000.0,
        "Net Income Continuous Operations": 7100000.0,
        "Tax Provision": -500000.0,
        "Pretax Income": 6600000.0,
        "Other Income Expense": 400000.0,
        "Other Non Operating Income Expenses": 400000.0,
        "Special Income Charges": 0.0,
        "Net Non Operating Interest Income Expense": -6800000.0,
        "Interest Expense Non Operating": 6800000.0,
        "Operating Income": 13000000.0,
        "Operating Expense": 92800000.0,
        "Depreciation Amortization Depletion Income Statement": 4000000.0,
        "Depreciation And Amortization In Income Statement": 4000000.0,
        "Selling General And Administration": 88800000.0,
        "General And Administrative Expense": 88800000.0,
        "Other Gand A": 88800000.0,
        "Gross Profit": 105800000.0,
        "Cost Of Revenue": 300700000.0,
        "Total Revenue": 406500000.0,
        "Operating Revenue": 406500000.0
    },
    "2022-03-31": {
        "Diluted EPS": -0.06,
        "Total Revenue": 332,
        "Gross Profit": 91,
        "Operating Income": 5,
        "EBIT": 29,
        "Net Income": -2
    },
    "2021-12-31": {
        "Diluted EPS": -0.04,
        "Total Revenue": 356,
        "Gross Profit": 89,
        "Operating Income": 8,
        "EBIT": 35,
        "Net Income": -1
    },
    "2021-09-30": {
        "Diluted EPS": -0.02,
        "Total Revenue": 295,
        "Gross Profit": 81,
        "Operating Income": 6,
        "EBIT": 31,
        "Net Income": -1
    },
    "2021-06-30": {
        "Diluted EPS": -0.49,
        "Total Revenue": 293,
        "Gross Profit": 77,
        "Operating Income": 3,
        "EBIT": 27,
        "Net Income": -16
    },
    "2021-03-31": {
        "Diluted EPS": -0.19,
        "Total Revenue": 269,
        "Gross Profit": 67,
        "Operating Income": 1,
        "EBIT": 22,
        "Net Income": -6
    },
    "2020-12-31": {
        "Diluted EPS": 0.14,
        "Total Revenue": 280,
        "Gross Profit": 64,
        "Operating Income": -1,
        "EBIT": 24,
        "Net Income": -3
    },
    "2020-09-30": {
        "Diluted EPS": 0.01,
        "Total Revenue": 221,
        "Gross Profit": 57,
        "Operating Income": -4,
        "EBIT": 18,
        "Net Income": 0
    },
    "2020-06-30": {
        "Diluted EPS": -0.14,
        "Total Revenue": 192,
        "Gross Profit": 46,
        "Operating Income": 1,
        "EBIT": 18,
        "Net Income": -4
    },
    "2020-03-31": {
        "Diluted EPS": -0.91,
        "Total Revenue": 181,
        "Gross Profit": 47,
        "Operating Income": -5,
        "EBIT": 9,
        "Net Income": -17
    },
    "2019-12-31": {
        "Diluted EPS": -0.79,
        "Total Revenue": 169,
        "Gross Profit": 42,
        "Operating Income": -1,
        "EBIT": 14,
        "Net Income": -6
    },
    "2019-09-30": {
        "Diluted EPS": -3.74,
        "Total Revenue": 150,
        "Gross Profit": 44,
        "Operating Income": 6,
        "EBIT": 21,
        "Net Income": -27
    },
    "2019-06-30": {
        "Diluted EPS": 0.05,
        "Total Revenue": 136,
        "Gross Profit": 39,
        "Operating Income": 5,
        "EBIT": 17,
        "Net Income": 0
    },
    "2019-03-31": {
        "Diluted EPS": -0.36,
        "Total Revenue": 102,
        "Gross Profit": 28,
        "Operating Income": 2,
        "EBIT": 11,
        "Net Income": -3
    },
    "2018-12-31": {
        "Diluted EPS": 0.0,
        "Total Revenue": NaN,
        "Gross Profit": NaN,
        "Operating Income": 0,
        "EBIT": 0,
        "Net Income": 0
    },
    "2018-09-30": {
        "Diluted EPS": 0.0,
        "Total Revenue": NaN,
        "Gross Profit": NaN,
        "Operating Income": NaN,
        "EBIT": NaN,
        "Net Income": NaN
    },
    "2018-06-30": {
        "Diluted EPS": 0.0,
        "Total Revenue": NaN,
        "Gross Profit": NaN,
        "Operating Income": NaN,
        "EBIT": NaN,
        "Net Income": NaN
    },
    "2018-03-31": {
        "Diluted EPS": 0.0,
        "Total Revenue": NaN,
        "Gross Profit": NaN,
        "Operating Income": NaN,
        "EBIT": NaN,
        "Net Income": 0
    },
    "2023-06-30": {
        "Tax Effect Of Unusual Items": NaN,
        "Tax Rate For Calcs": NaN,
        "Normalized EBITDA": NaN,
        "Total Unusual Items": 0.0,
        "Total Unusual Items Excluding Goodwill": 0.0,
        "Net Income From Continuing Operation Net Minority Interest": NaN,
        "Reconciled Depreciation": NaN,
        "Reconciled Cost Of Revenue": NaN,
        "EBITDA": NaN,
        "EBIT": NaN,
        "Net Interest Income": NaN,
        "Interest Expense": NaN,
        "Normalized Income": NaN,
        "Net Income From Continuing And Discontinued Operation": NaN,
        "Total Expenses": NaN,
        "Rent Expense Supplemental": NaN,
        "Total Operating Income As Reported": NaN,
        "Diluted Average Shares": NaN,
        "Basic Average Shares": NaN,
        "Diluted EPS": NaN,
        "Basic EPS": NaN,
        "Diluted NI Availto Com Stockholders": NaN,
        "Net Income Common Stockholders": NaN,
        "Preferred Stock Dividends": NaN,
        "Net Income": NaN,
        "Net Income Including Noncontrolling Interests": NaN,
        "Net Income Continuous Operations": NaN,
        "Tax Provision": NaN,
        "Pretax Income": NaN,
        "Other Income Expense": NaN,
        "Other Non Operating Income Expenses": NaN,
        "Special Income Charges": 0.0,
        "Other Special Charges": NaN,
        "Net Non Operating Interest Income Expense": NaN,
        "Interest Expense Non Operating": NaN,
        "Operating Income": NaN,
        "Operating Expense": NaN,
        "Depreciation Amortization Depletion Income Statement": NaN,
        "Depreciation And Amortization In Income Statement": NaN,
        "Selling General And Administration": NaN,
        "General And Administrative Expense": NaN,
        "Other Gand A": NaN,
        "Gross Profit": NaN,
        "Cost Of Revenue": NaN,
        "Total Revenue": NaN,
        "Operating Revenue": NaN
    },
    "2023-09-30": {
        "Tax Effect Of Unusual Items": NaN,
        "Tax Rate For Calcs": NaN,
        "Normalized EBITDA": NaN,
        "Total Unusual Items": 0.0,
        "Total Unusual Items Excluding Goodwill": 0.0,
        "Net Income From Continuing Operation Net Minority Interest": NaN,
        "Reconciled Depreciation": NaN,
        "Reconciled Cost Of Revenue": NaN,
        "EBITDA": NaN,
        "EBIT": NaN,
        "Net Interest Income": NaN,
        "Interest Expense": NaN,
        "Normalized Income": NaN,
        "Net Income From Continuing And Discontinued Operation": NaN,
        "Total Expenses": NaN,
        "Rent Expense Supplemental": NaN,
        "Total Operating Income As Reported": NaN,
        "Diluted Average Shares": NaN,
        "Basic Average Shares": NaN,
        "Diluted EPS": NaN,
        "Basic EPS": NaN,
        "Diluted NI Availto Com Stockholders": NaN,
        "Net Income Common Stockholders": NaN,
        "Preferred Stock Dividends": NaN,
        "Net Income": NaN,
        "Net Income Including Noncontrolling Interests": NaN,
        "Net Income Continuous Operations": NaN,
        "Tax Provision": NaN,
        "Pretax Income": NaN,
        "Other Income Expense": NaN,
        "Other Non Operating Income Expenses": NaN,
        "Special Income Charges": 0.0,
        "Other Special Charges": NaN,
        "Net Non Operating Interest Income Expense": NaN,
        "Interest Expense Non Operating": NaN,
        "Operating Income": NaN,
        "Operating Expense": NaN,
        "Depreciation Amortization Depletion Income Statement": NaN,
        "Depreciation And Amortization In Income Statement": NaN,
        "Selling General And Administration": NaN,
        "General And Administrative Expense": NaN,
        "Other Gand A": NaN,
        "Gross Profit": NaN,
        "Cost Of Revenue": NaN,
        "Total Revenue": NaN,
        "Operating Revenue": NaN
    },
    "2023-12-31": {
        "Tax Effect Of Unusual Items": 0.0,
        "Tax Rate For Calcs": 0.21,
        "Normalized EBITDA": 51200000.0,
        "Total Unusual Items": NaN,
        "Total Unusual Items Excluding Goodwill": NaN,
        "Net Income From Continuing Operation Net Minority Interest": -1900000.0,
        "Reconciled Depreciation": 36500000.0,
        "Reconciled Cost Of Revenue": 358500000.0,
        "EBITDA": 51200000.0,
        "EBIT": 14700000.0,
        "Net Interest Income": -16100000.0,
        "Interest Expense": 16100000.0,
        "Normalized Income": -1900000.0,
        "Net Income From Continuing And Discontinued Operation": -1900000.0,
        "Total Expenses": 509300000.0,
        "Rent Expense Supplemental": 34800000.0,
        "Total Operating Income As Reported": 12200000.0,
        "Diluted Average Shares": NaN,
        "Basic Average Shares": NaN,
        "Diluted EPS": NaN,
        "Basic EPS": NaN,
        "Diluted NI Availto Com Stockholders": -2700000.0,
        "Net Income Common Stockholders": -2700000.0,
        "Preferred Stock Dividends": 800000.0,
        "Net Income": -1900000.0,
        "Net Income Including Noncontrolling Interests": -1900000.0,
        "Net Income Continuous Operations": -1900000.0,
        "Tax Provision": 500000.0,
        "Pretax Income": -1400000.0,
        "Other Income Expense": 2500000.0,
        "Other Non Operating Income Expenses": 2500000.0,
        "Special Income Charges": NaN,
        "Other Special Charges": NaN,
        "Net Non Operating Interest Income Expense": -16100000.0,
        "Interest Expense Non Operating": 16100000.0,
        "Operating Income": 12200000.0,
        "Operating Expense": 120800000.0,
        "Depreciation Amortization Depletion Income Statement": 6500000.0,
        "Depreciation And Amortization In Income Statement": 6500000.0,
        "Selling General And Administration": 114300000.0,
        "General And Administrative Expense": 114300000.0,
        "Other Gand A": 114300000.0,
        "Gross Profit": 133000000.0,
        "Cost Of Revenue": 388500000.0,
        "Total Revenue": 521500000.0,
        "Operating Revenue": 521500000.0
    },
    "2024-03-31": {
        "Tax Effect Of Unusual Items": NaN,
        "Tax Rate For Calcs": NaN,
        "Normalized EBITDA": NaN,
        "Total Unusual Items": NaN,
        "Total Unusual Items Excluding Goodwill": NaN,
        "Net Income From Continuing Operation Net Minority Interest": NaN,
        "Reconciled Depreciation": NaN,
        "Reconciled Cost Of Revenue": NaN,
        "EBITDA": NaN,
        "EBIT": NaN,
        "Net Interest Income": NaN,
        "Interest Expense": NaN,
        "Normalized Income": NaN,
        "Net Income From Continuing And Discontinued Operation": NaN,
        "Total Expenses": NaN,
        "Rent Expense Supplemental": NaN,
        "Total Operating Income As Reported": NaN,
        "Diluted Average Shares": NaN,
        "Basic Average Shares": NaN,
        "Diluted EPS": NaN,
        "Basic EPS": NaN,
        "Diluted NI Availto Com Stockholders": NaN,
        "Net Income Common Stockholders": NaN,
        "Preferred Stock Dividends": NaN,
        "Net Income": NaN,
        "Net Income Including Noncontrolling Interests": NaN,
        "Net Income Continuous Operations": NaN,
        "Tax Provision": NaN,
        "Pretax Income": NaN,
        "Other Income Expense": NaN,
        "Other Non Operating Income Expenses": NaN,
        "Special Income Charges": NaN,
        "Gain On Sale Of Business": NaN,
        "Other Special Charges": NaN,
        "Net Non Operating Interest Income Expense": NaN,
        "Interest Expense Non Operating": NaN,
        "Operating Income": NaN,
        "Operating Expense": NaN,
        "Depreciation Amortization Depletion Income Statement": NaN,
        "Depreciation And Amortization In Income Statement": NaN,
        "Selling General And Administration": NaN,
        "General And Administrative Expense": 114600000.0,
        "Other Gand A": 114600000.0,
        "Gross Profit": NaN,
        "Cost Of Revenue": NaN,
        "Total Revenue": NaN,
        "Operating Revenue": NaN
    },
    "2024-06-30": {
        "Tax Effect Of Unusual Items": NaN,
        "Tax Rate For Calcs": NaN,
        "Normalized EBITDA": NaN,
        "Total Unusual Items": -6700000.0,
        "Total Unusual Items Excluding Goodwill": -6700000.0,
        "Net Income From Continuing Operation Net Minority Interest": NaN,
        "Reconciled Depreciation": NaN,
        "Reconciled Cost Of Revenue": NaN,
        "EBITDA": NaN,
        "EBIT": NaN,
        "Net Interest Income": NaN,
        "Interest Expense": NaN,
        "Normalized Income": NaN,
        "Net Income From Continuing And Discontinued Operation": NaN,
        "Total Expenses": NaN,
        "Rent Expense Supplemental": NaN,
        "Total Operating Income As Reported": NaN,
        "Diluted Average Shares": NaN,
        "Basic Average Shares": NaN,
        "Diluted EPS": NaN,
        "Basic EPS": NaN,
        "Diluted NI Availto Com Stockholders": NaN,
        "Net Income Common Stockholders": NaN,
        "Preferred Stock Dividends": NaN,
        "Net Income": NaN,
        "Net Income Including Noncontrolling Interests": NaN,
        "Net Income Continuous Operations": NaN,
        "Tax Provision": NaN,
        "Pretax Income": NaN,
        "Other Income Expense": NaN,
        "Other Non Operating Income Expenses": 1000000.0,
        "Special Income Charges": -6700000.0,
        "Gain On Sale Of Business": 0.0,
        "Other Special Charges": 6700000.0,
        "Net Non Operating Interest Income Expense": NaN,
        "Interest Expense Non Operating": NaN,
        "Operating Income": NaN,
        "Operating Expense": NaN,
        "Depreciation Amortization Depletion Income Statement": NaN,
        "Depreciation And Amortization In Income Statement": NaN,
        "Selling General And Administration": NaN,
        "General And Administrative Expense": 114500000.0,
        "Other Gand A": 114500000.0,
        "Gross Profit": NaN,
        "Cost Of Revenue": NaN,
        "Total Revenue": NaN,
        "Operating Revenue": NaN
    },
    "2024-09-30": {
        "Tax Effect Of Unusual Items": 0.0,
        "Tax Rate For Calcs": 0.21,
        "Normalized EBITDA": 44300000.0,
        "Total Unusual Items": 0.0,
        "Total Unusual Items Excluding Goodwill": 0.0,
        "Net Income From Continuing Operation Net Minority Interest": -27700000.0,
        "Reconciled Depreciation": 37800000.0,
        "Reconciled Cost Of Revenue": 293600000.0,
        "EBITDA": 44300000.0,
        "EBIT": 6500000.0,
        "Net Interest Income": -22600000.0,
        "Interest Expense": 22600000.0,
        "Normalized Income": -27700000.0,
        "Net Income From Continuing And Discontinued Operation": -27700000.0,
        "Total Expenses": 442000000.0,
        "Rent Expense Supplemental": 32900000.0,
        "Total Operating Income As Reported": 6800000.0,
        "Diluted Average Shares": 33207768.0,
        "Basic Average Shares": 33207768.0,
        "Diluted EPS": -0.86,
        "Basic EPS": -0.86,
        "Diluted NI Availto Com Stockholders": -28400000.0,
        "Net Income Common Stockholders": -28400000.0,
        "Preferred Stock Dividends": 700000.0,
        "Net Income": -27700000.0,
        "Net Income Including Noncontrolling Interests": -27700000.0,
        "Net Income Continuous Operations": -27700000.0,
        "Tax Provision": 11600000.0,
        "Pretax Income": -16100000.0,
        "Other Income Expense": -300000.0,
        "Other Non Operating Income Expenses": -300000.0,
        "Special Income Charges": 0.0,
        "Gain On Sale Of Business": NaN,
        "Other Special Charges": NaN,
        "Net Non Operating Interest Income Expense": -22600000.0,
        "Interest Expense Non Operating": 22600000.0,
        "Operating Income": 6800000.0,
        "Operating Expense": 117800000.0,
        "Depreciation Amortization Depletion Income Statement": 7200000.0,
        "Depreciation And Amortization In Income Statement": 7200000.0,
        "Selling General And Administration": 110600000.0,
        "General And Administrative Expense": 110600000.0,
        "Other Gand A": 110600000.0,
        "Gross Profit": 124600000.0,
        "Cost Of Revenue": 324200000.0,
        "Total Revenue": 448800000.0,
        "Operating Revenue": 448800000.0
    },
    "2024-12-31": {
        "Tax Effect Of Unusual Items": 0.0,
        "Tax Rate For Calcs": 0.21,
        "Normalized EBITDA": 38600000.0,
        "Total Unusual Items": 0.0,
        "Total Unusual Items Excluding Goodwill": 0.0,
        "Net Income From Continuing Operation Net Minority Interest": -10600000.0,
        "Reconciled Depreciation": 34700000.0,
        "Reconciled Cost Of Revenue": 354200000.0,
        "EBITDA": 38600000.0,
        "EBIT": 3900000.0,
        "Net Interest Income": -23400000.0,
        "Interest Expense": 23400000.0,
        "Normalized Income": -10600000.0,
        "Net Income From Continuing And Discontinued Operation": -10600000.0,
        "Total Expenses": 495700000.0,
        "Rent Expense Supplemental": 32400000.0,
        "Total Operating Income As Reported": 2400000.0,
        "Diluted Average Shares": 33529412.0,
        "Basic Average Shares": 33529412.0,
        "Diluted EPS": -0.34,
        "Basic EPS": -0.34,
        "Diluted NI Availto Com Stockholders": -11400000.0,
        "Net Income Common Stockholders": -11400000.0,
        "Preferred Stock Dividends": 800000.0,
        "Net Income": -10600000.0,
        "Net Income Including Noncontrolling Interests": -10600000.0,
        "Net Income Continuous Operations": -10600000.0,
        "Tax Provision": -8900000.0,
        "Pretax Income": -19500000.0,
        "Other Income Expense": 1500000.0,
        "Other Non Operating Income Expenses": 1500000.0,
        "Special Income Charges": 0.0,
        "Gain On Sale Of Business": NaN,
        "Other Special Charges": 0.0,
        "Net Non Operating Interest Income Expense": -23400000.0,
        "Interest Expense Non Operating": 23400000.0,
        "Operating Income": 2400000.0,
        "Operating Expense": 114100000.0,
        "Depreciation Amortization Depletion Income Statement": 7300000.0,
        "Depreciation And Amortization In Income Statement": 7300000.0,
        "Selling General And Administration": 106800000.0,
        "General And Administrative Expense": 106800000.0,
        "Other Gand A": 106800000.0,
        "Gross Profit": 116500000.0,
        "Cost Of Revenue": 381600000.0,
        "Total Revenue": 498100000.0,
        "Operating Revenue": 498100000.0
    },
    "2025-03-31": {
        "Tax Effect Of Unusual Items": 0.0,
        "Tax Rate For Calcs": 0.21,
        "Normalized EBITDA": 34100000.0,
        "Total Unusual Items": NaN,
        "Total Unusual Items Excluding Goodwill": NaN,
        "Net Income From Continuing Operation Net Minority Interest": -20900000.0,
        "Reconciled Depreciation": 32400000.0,
        "Reconciled Cost Of Revenue": 283100000.0,
        "EBITDA": 34100000.0,
        "EBIT": 1700000.0,
        "Net Interest Income": -21900000.0,
        "Interest Expense": 21900000.0,
        "Normalized Income": -20900000.0,
        "Net Income From Continuing And Discontinued Operation": -20900000.0,
        "Total Expenses": 422200000.0,
        "Rent Expense Supplemental": 21000000.0,
        "Total Operating Income As Reported": 800000.0,
        "Diluted Average Shares": 33167370.0,
        "Basic Average Shares": 33167370.0,
        "Diluted EPS": -0.65,
        "Basic EPS": -0.65,
        "Diluted NI Availto Com Stockholders": -21700000.0,
        "Net Income Common Stockholders": -21700000.0,
        "Preferred Stock Dividends": 800000.0,
        "Net Income": -20900000.0,
        "Net Income Including Noncontrolling Interests": -20900000.0,
        "Net Income Continuous Operations": -20900000.0,
        "Tax Provision": 700000.0,
        "Pretax Income": -20200000.0,
        "Other Income Expense": 900000.0,
        "Other Non Operating Income Expenses": 900000.0,
        "Special Income Charges": NaN,
        "Gain On Sale Of Business": NaN,
        "Other Special Charges": NaN,
        "Net Non Operating Interest Income Expense": -21900000.0,
        "Interest Expense Non Operating": 21900000.0,
        "Operating Income": 800000.0,
        "Operating Expense": 114200000.0,
        "Depreciation Amortization Depletion Income Statement": 7500000.0,
        "Depreciation And Amortization In Income Statement": 7500000.0,
        "Selling General And Administration": 106700000.0,
        "General And Administrative Expense": 106700000.0,
        "Other Gand A": 106700000.0,
        "Gross Profit": 115000000.0,
        "Cost Of Revenue": 308000000.0,
        "Total Revenue": 423000000.0,
        "Operating Revenue": 423000000.0
    },
    "2025-06-30": {
        "Tax Effect Of Unusual Items": 903000.0,
        "Tax Rate For Calcs": 0.21,
        "Normalized EBITDA": 47800000.0,
        "Total Unusual Items": 4300000.0,
        "Total Unusual Items Excluding Goodwill": 4300000.0,
        "Net Income From Continuing Operation Net Minority Interest": -6100000.0,
        "Reconciled Depreciation": 34600000.0,
        "Reconciled Cost Of Revenue": 331900000.0,
        "EBITDA": 52100000.0,
        "EBIT": 17500000.0,
        "Net Interest Income": -22300000.0,
        "Interest Expense": 22300000.0,
        "Normalized Income": -9497000.0,
        "Net Income From Continuing And Discontinued Operation": -6100000.0,
        "Total Expenses": 468800000.0,
        "Rent Expense Supplemental": 26600000.0,
        "Total Operating Income As Reported": -12400000.0,
        "Diluted Average Shares": 33002869.0,
        "Basic Average Shares": 33002869.0,
        "Diluted EPS": -0.21,
        "Basic EPS": -0.21,
        "Diluted NI Availto Com Stockholders": -6800000.0,
        "Net Income Common Stockholders": -6800000.0,
        "Preferred Stock Dividends": 700000.0,
        "Net Income": -6100000.0,
        "Net Income Including Noncontrolling Interests": -6100000.0,
        "Net Income Continuous Operations": -6100000.0,
        "Tax Provision": 1300000.0,
        "Pretax Income": -4800000.0,
        "Other Income Expense": 5100000.0,
        "Other Non Operating Income Expenses": 800000.0,
        "Special Income Charges": 4300000.0,
        "Gain On Sale Of Business": 4300000.0,
        "Other Special Charges": NaN,
        "Net Non Operating Interest Income Expense": -22300000.0,
        "Interest Expense Non Operating": 22300000.0,
        "Operating Income": 12400000.0,
        "Operating Expense": 109900000.0,
        "Depreciation Amortization Depletion Income Statement": 7600000.0,
        "Depreciation And Amortization In Income Statement": 7600000.0,
        "Selling General And Administration": 102300000.0,
        "General And Administrative Expense": NaN,
        "Other Gand A": NaN,
        "Gross Profit": 122300000.0,
        "Cost Of Revenue": 358900000.0,
        "Total Revenue": 481200000.0,
        "Operating Revenue": 481200000.0
    },
    "2025-09-30": {
        "Tax Effect Of Unusual Items": 84000.0,
        "Tax Rate For Calcs": 0.21,
        "Normalized EBITDA": 39700000.0,
        "Total Unusual Items": 400000.0,
        "Total Unusual Items Excluding Goodwill": 400000.0,
        "Net Income From Continuing Operation Net Minority Interest": -41600000.0,
        "Reconciled Depreciation": 34900000.0,
        "Reconciled Cost Of Revenue": 277000000.0,
        "EBITDA": 40100000.0,
        "EBIT": 5200000.0,
        "Net Interest Income": -22400000.0,
        "Interest Expense": 22400000.0,
        "Normalized Income": -41916000.0,
        "Net Income From Continuing And Discontinued Operation": -41600000.0,
        "Total Expenses": 417800000.0,
        "Rent Expense Supplemental": 22700000.0,
        "Total Operating Income As Reported": 4800000.0,
        "Diluted Average Shares": 32331693.0,
        "Basic Average Shares": 32331693.0,
        "Diluted EPS": -1.31,
        "Basic EPS": -1.31,
        "Diluted NI Availto Com Stockholders": -42300000.0,
        "Net Income Common Stockholders": -42300000.0,
        "Preferred Stock Dividends": 700000.0,
        "Net Income": -41600000.0,
        "Net Income Including Noncontrolling Interests": -41600000.0,
        "Net Income Continuous Operations": -41600000.0,
        "Tax Provision": 24400000.0,
        "Pretax Income": -17200000.0,
        "Other Income Expense": 400000.0,
        "Other Non Operating Income Expenses": NaN,
        "Special Income Charges": 400000.0,
        "Gain On Sale Of Business": 400000.0,
        "Other Special Charges": NaN,
        "Net Non Operating Interest Income Expense": -22400000.0,
        "Interest Expense Non Operating": 22400000.0,
        "Operating Income": 4800000.0,
        "Operating Expense": 113000000.0,
        "Depreciation Amortization Depletion Income Statement": 7100000.0,
        "Depreciation And Amortization In Income Statement": 7100000.0,
        "Selling General And Administration": 105900000.0,
        "General And Administrative Expense": NaN,
        "Other Gand A": NaN,
        "Gross Profit": 117800000.0,
        "Cost Of Revenue": 304800000.0,
        "Total Revenue": 422600000.0,
        "Operating Revenue": 422600000.0
    }
}