{
    "2023-03-31": {
        "Tax Effect Of Unusual Items": NaN,
        "Tax Rate For Calcs": NaN,
        "Normalized EBITDA": NaN,
        "Total Unusual Items": NaN,
        "Total Unusual Items Excluding Goodwill": NaN,
        "Net Income From Continuing Operation Net Minority Interest": NaN,
        "Reconciled Depreciation": NaN,
        "Reconciled Cost Of Revenue": NaN,
        "EBITDA": NaN,
        "EBIT": NaN,
        "Net Interest Income": NaN,
        "Interest Expense": NaN,
        "Normalized Income": NaN,
        "Net Income From Continuing And Discontinued Operation": NaN,
        "Total Expenses": NaN,
        "Total Operating Income As Reported": NaN,
        "Diluted Average Shares": NaN,
        "Basic Average Shares": NaN,
        "Diluted EPS": NaN,
        "Basic EPS": NaN,
        "Diluted NI Availto Com Stockholders": NaN,
        "Net Income Common Stockholders": NaN,
        "Otherunder Preferred Stock Dividend": NaN,
        "Preferred Stock Dividends": NaN,
        "Net Income": NaN,
        "Net Income Including Noncontrolling Interests": NaN,
        "Net Income Continuous Operations": NaN,
        "Tax Provision": NaN,
        "Pretax Income": NaN,
        "Other Income Expense": NaN,
        "Other Non Operating Income Expenses": NaN,
        "Special Income Charges": NaN,
        "Gain On Sale Of Ppe": NaN,
        "Write Off": 574000.0,
        "Impairment Of Capital Assets": NaN,
        "Net Non Operating Interest Income Expense": NaN,
        "Interest Expense Non Operating": NaN,
        "Operating Income": NaN,
        "Operating Expense": NaN,
        "Other Operating Expenses": NaN,
        "Selling General And Administration": NaN,
        "Gross Profit": NaN,
        "Cost Of Revenue": NaN,
        "Total Revenue": NaN,
        "Operating Revenue": NaN
    },
    "2022-12-31": {
        "Tax Effect Of Unusual Items": NaN,
        "Tax Rate For Calcs": NaN,
        "Normalized EBITDA": NaN,
        "Total Unusual Items": NaN,
        "Total Unusual Items Excluding Goodwill": NaN,
        "Net Income From Continuing Operation Net Minority Interest": NaN,
        "Reconciled Depreciation": NaN,
        "Reconciled Cost Of Revenue": NaN,
        "EBITDA": NaN,
        "EBIT": NaN,
        "Net Interest Income": NaN,
        "Interest Expense": NaN,
        "Normalized Income": NaN,
        "Net Income From Continuing And Discontinued Operation": NaN,
        "Total Expenses": NaN,
        "Total Operating Income As Reported": NaN,
        "Diluted Average Shares": NaN,
        "Basic Average Shares": NaN,
        "Diluted EPS": NaN,
        "Basic EPS": NaN,
        "Diluted NI Availto Com Stockholders": NaN,
        "Net Income Common Stockholders": NaN,
        "Otherunder Preferred Stock Dividend": 0.0,
        "Preferred Stock Dividends": NaN,
        "Net Income": NaN,
        "Net Income Including Noncontrolling Interests": NaN,
        "Net Income Continuous Operations": NaN,
        "Tax Provision": NaN,
        "Pretax Income": NaN,
        "Other Income Expense": NaN,
        "Other Non Operating Income Expenses": NaN,
        "Special Income Charges": NaN,
        "Write Off": 0.0,
        "Impairment Of Capital Assets": NaN,
        "Net Non Operating Interest Income Expense": NaN,
        "Interest Expense Non Operating": NaN,
        "Operating Income": NaN,
        "Operating Expense": NaN,
        "Other Operating Expenses": 0.0,
        "Selling General And Administration": NaN,
        "Gross Profit": NaN,
        "Cost Of Revenue": NaN,
        "Total Revenue": NaN,
        "Operating Revenue": NaN
    },
    "2022-09-30": {
        "Tax Effect Of Unusual Items": NaN,
        "Tax Rate For Calcs": NaN,
        "Normalized EBITDA": NaN,
        "Total Unusual Items": NaN,
        "Total Unusual Items Excluding Goodwill": NaN,
        "Net Income From Continuing Operation Net Minority Interest": NaN,
        "Reconciled Depreciation": NaN,
        "Reconciled Cost Of Revenue": NaN,
        "EBITDA": NaN,
        "EBIT": NaN,
        "Net Interest Income": NaN,
        "Interest Expense": NaN,
        "Normalized Income": NaN,
        "Net Income From Continuing And Discontinued Operation": NaN,
        "Total Expenses": NaN,
        "Total Operating Income As Reported": NaN,
        "Diluted Average Shares": NaN,
        "Basic Average Shares": NaN,
        "Diluted EPS": NaN,
        "Basic EPS": NaN,
        "Diluted NI Availto Com Stockholders": NaN,
        "Net Income Common Stockholders": NaN,
        "Otherunder Preferred Stock Dividend": 0.0,
        "Preferred Stock Dividends": NaN,
        "Net Income": NaN,
        "Net Income Including Noncontrolling Interests": NaN,
        "Net Income Continuous Operations": NaN,
        "Tax Provision": NaN,
        "Pretax Income": NaN,
        "Other Income Expense": NaN,
        "Other Non Operating Income Expenses": NaN,
        "Special Income Charges": NaN,
        "Write Off": NaN,
        "Impairment Of Capital Assets": NaN,
        "Net Non Operating Interest Income Expense": NaN,
        "Interest Expense Non Operating": NaN,
        "Operating Income": NaN,
        "Operating Expense": NaN,
        "Other Operating Expenses": NaN,
        "Selling General And Administration": NaN,
        "Gross Profit": NaN,
        "Cost Of Revenue": NaN,
        "Total Revenue": NaN,
        "Operating Revenue": NaN
    },
    "2022-06-30": {
        "Tax Effect Of Unusual Items": 0.0,
        "Tax Rate For Calcs": 0.0,
        "Normalized EBITDA": 22434000.0,
        "Total Unusual Items": 0.0,
        "Total Unusual Items Excluding Goodwill": 0.0,
        "Net Income From Continuing Operation Net Minority Interest": 22115000.0,
        "Reconciled Depreciation": 6728000.0,
        "Reconciled Cost Of Revenue": 353345000.0,
        "EBITDA": 22434000.0,
        "EBIT": 22434000.0,
        "Net Interest Income": -319000.0,
        "Interest Expense": 319000.0,
        "Normalized Income": 22115000.0,
        "Net Income From Continuing And Discontinued Operation": 22115000.0,
        "Total Expenses": 339689000.0,
        "Total Operating Income As Reported": -152000.0,
        "Diluted Average Shares": 73123000.0,
        "Basic Average Shares": 72936000.0,
        "Diluted EPS": 0.29,
        "Basic EPS": 0.29,
        "Diluted NI Availto Com Stockholders": 21516000.0,
        "Average Dilution Earnings": 0.0,
        "Net Income Common Stockholders": 21516000.0,
        "Otherunder Preferred Stock Dividend": 284000.0,
        "Preferred Stock Dividends": 315000.0,
        "Net Income": 22115000.0,
        "Net Income Including Noncontrolling Interests": 22115000.0,
        "Net Income Continuous Operations": 22115000.0,
        "Tax Provision": 0.0,
        "Pretax Income": 22115000.0,
        "Other Income Expense": -66000.0,
        "Other Non Operating Income Expenses": -66000.0,
        "Special Income Charges": 0.0,
        "Gain On Sale Of Ppe": NaN,
        "Write Off": 0.0,
        "Impairment Of Capital Assets": NaN,
        "Net Non Operating Interest Income Expense": -319000.0,
        "Interest Expense Non Operating": 319000.0,
        "Operating Income": 22500000.0,
        "Operating Expense": -13656000.0,
        "Other Operating Expenses": -22652000.0,
        "Selling General And Administration": 8996000.0,
        "Gross Profit": 8844000.0,
        "Cost Of Revenue": 353345000.0,
        "Total Revenue": 362189000.0,
        "Operating Revenue": 362189000.0
    },
    "2022-03-31": {
        "Diluted EPS": -0.04,
        "Total Revenue": 308,
        "Gross Profit": 5,
        "Operating Income": -3,
        "EBIT": 3,
        "Net Income": -3
    },
    "2021-12-31": {
        "Diluted EPS": 0.49,
        "Total Revenue": 385,
        "Gross Profit": 42,
        "Operating Income": 37,
        "EBIT": 43,
        "Net Income": 35
    },
    "2021-09-30": {
        "Diluted EPS": -0.05,
        "Total Revenue": 306,
        "Gross Profit": -3,
        "Operating Income": -9,
        "EBIT": -3,
        "Net Income": -3
    },
    "2021-06-30": {
        "Diluted EPS": 0.11,
        "Total Revenue": 298,
        "Gross Profit": 15,
        "Operating Income": 6,
        "EBIT": 12,
        "Net Income": 8
    },
    "2021-03-31": {
        "Diluted EPS": 0.06,
        "Total Revenue": 219,
        "Gross Profit": 14,
        "Operating Income": 6,
        "EBIT": 12,
        "Net Income": 4
    },
    "2020-12-31": {
        "Diluted EPS": -0.32,
        "Total Revenue": 169,
        "Gross Profit": 14,
        "Operating Income": -16,
        "EBIT": -12,
        "Net Income": -21
    },
    "2020-09-30": {
        "Diluted EPS": 0.24,
        "Total Revenue": 205,
        "Gross Profit": 21,
        "Operating Income": 26,
        "EBIT": 34,
        "Net Income": 15
    },
    "2020-06-30": {
        "Diluted EPS": 0.27,
        "Total Revenue": 212,
        "Gross Profit": 31,
        "Operating Income": 23,
        "EBIT": 32,
        "Net Income": 15
    },
    "2020-03-31": {
        "Diluted EPS": -0.47,
        "Total Revenue": 311,
        "Gross Profit": -13,
        "Operating Income": -23,
        "EBIT": -13,
        "Net Income": -25
    },
    "2019-12-31": {
        "Diluted EPS": -0.86,
        "Total Revenue": 358,
        "Gross Profit": 3,
        "Operating Income": -38,
        "EBIT": -26,
        "Net Income": -41
    },
    "2019-09-30": {
        "Diluted EPS": -0.58,
        "Total Revenue": 365,
        "Gross Profit": -15,
        "Operating Income": -24,
        "EBIT": -11,
        "Net Income": -28
    },
    "2019-06-30": {
        "Diluted EPS": -0.17,
        "Total Revenue": 346,
        "Gross Profit": 4,
        "Operating Income": -3,
        "EBIT": 9,
        "Net Income": -8
    },
    "2019-03-31": {
        "Diluted EPS": -0.29,
        "Total Revenue": 356,
        "Gross Profit": -2,
        "Operating Income": -11,
        "EBIT": 2,
        "Net Income": -13
    },
    "2018-12-31": {
        "Diluted EPS": -0.74,
        "Total Revenue": 334,
        "Gross Profit": -21,
        "Operating Income": -30,
        "EBIT": -20,
        "Net Income": -32
    },
    "2018-09-30": {
        "Diluted EPS": -0.18,
        "Total Revenue": 370,
        "Gross Profit": 4,
        "Operating Income": -5,
        "EBIT": 5,
        "Net Income": -8
    },
    "2018-06-30": {
        "Diluted EPS": -0.31,
        "Total Revenue": 411,
        "Gross Profit": -1,
        "Operating Income": -10,
        "EBIT": 0,
        "Net Income": -13
    },
    "2018-03-31": {
        "Diluted EPS": -0.19,
        "Total Revenue": 400,
        "Gross Profit": 3,
        "Operating Income": -6,
        "EBIT": 5,
        "Net Income": -8
    },
    "2017-12-31": {
        "Diluted EPS": -0.31,
        "Total Revenue": 395,
        "Gross Profit": -2,
        "Operating Income": -11,
        "EBIT": 0,
        "Net Income": -14
    },
    "2017-09-30": {
        "Diluted EPS": -0.01,
        "Total Revenue": 445,
        "Gross Profit": 12,
        "Operating Income": 3,
        "EBIT": 14,
        "Net Income": -1
    },
    "2017-06-30": {
        "Diluted EPS": -0.22,
        "Total Revenue": 405,
        "Gross Profit": 2,
        "Operating Income": -7,
        "EBIT": 2,
        "Net Income": -9
    },
    "2017-03-31": {
        "Diluted EPS": -0.31,
        "Total Revenue": 386,
        "Gross Profit": -6,
        "Operating Income": -11,
        "EBIT": -2,
        "Net Income": -13
    },
    "2016-12-31": {
        "Diluted EPS": 0.3,
        "Total Revenue": 442,
        "Gross Profit": 29,
        "Operating Income": 19,
        "EBIT": 29,
        "Net Income": 13
    },
    "2016-09-30": {
        "Diluted EPS": -0.09,
        "Total Revenue": 418,
        "Gross Profit": 6,
        "Operating Income": 0,
        "EBIT": 10,
        "Net Income": -4
    },
    "2016-06-30": {
        "Diluted EPS": 0.11,
        "Total Revenue": 423,
        "Gross Profit": 18,
        "Operating Income": 12,
        "EBIT": 21,
        "Net Income": 5
    },
    "2016-03-31": {
        "Diluted EPS": -0.32,
        "Total Revenue": 342,
        "Gross Profit": 1,
        "Operating Income": -7,
        "EBIT": 2,
        "Net Income": -14
    },
    "2015-12-31": {
        "Diluted EPS": -0.08,
        "Total Revenue": 377,
        "Gross Profit": 12,
        "Operating Income": 0,
        "EBIT": 9,
        "Net Income": -1
    },
    "2015-09-30": {
        "Diluted EPS": -0.36,
        "Total Revenue": 381,
        "Gross Profit": -7,
        "Operating Income": -15,
        "EBIT": -6,
        "Net Income": -15
    },
    "2015-06-30": {
        "Diluted EPS": 0.03,
        "Total Revenue": 228,
        "Gross Profit": 6,
        "Operating Income": 2,
        "EBIT": 6,
        "Net Income": 1
    },
    "2015-03-31": {
        "Diluted EPS": -0.19,
        "Total Revenue": 206,
        "Gross Profit": -1,
        "Operating Income": -6,
        "EBIT": -2,
        "Net Income": -5
    },
    "2014-12-31": {
        "Diluted EPS": 0.72,
        "Total Revenue": 256,
        "Gross Profit": 18,
        "Operating Income": 14,
        "EBIT": 17,
        "Net Income": 12
    },
    "2014-09-30": {
        "Diluted EPS": 0.15,
        "Total Revenue": 276,
        "Gross Profit": 18,
        "Operating Income": 14,
        "EBIT": 17,
        "Net Income": 4
    },
    "2014-06-30": {
        "Diluted EPS": 0.68,
        "Total Revenue": 321,
        "Gross Profit": 34,
        "Operating Income": 29,
        "EBIT": 34,
        "Net Income": 15
    },
    "2014-03-31": {
        "Diluted EPS": -0.69,
        "Total Revenue": 255,
        "Gross Profit": 39,
        "Operating Income": 35,
        "EBIT": 40,
        "Net Income": -11
    },
    "2013-12-31": {
        "Diluted EPS": 0.73,
        "Total Revenue": 215,
        "Gross Profit": 22,
        "Operating Income": 17,
        "EBIT": 21,
        "Net Income": 8
    },
    "2013-09-30": {
        "Diluted EPS": -0.4,
        "Total Revenue": 234,
        "Gross Profit": 4,
        "Operating Income": 1,
        "EBIT": 5,
        "Net Income": -5
    },
    "2013-06-30": {
        "Diluted EPS": 0.07,
        "Total Revenue": 234,
        "Gross Profit": 7,
        "Operating Income": 4,
        "EBIT": 8,
        "Net Income": 1
    },
    "2013-03-31": {
        "Diluted EPS": -0.57,
        "Total Revenue": 225,
        "Gross Profit": 1,
        "Operating Income": -3,
        "EBIT": 0,
        "Net Income": -6
    },
    "2012-12-31": {
        "Diluted EPS": -0.56,
        "Total Revenue": 197,
        "Gross Profit": -5,
        "Operating Income": -7,
        "EBIT": -4,
        "Net Income": -6
    },
    "2012-09-30": {
        "Diluted EPS": -0.82,
        "Total Revenue": 216,
        "Gross Profit": -2,
        "Operating Income": -5,
        "EBIT": -2,
        "Net Income": -6
    },
    "2012-06-30": {
        "Diluted EPS": -0.51,
        "Total Revenue": 205,
        "Gross Profit": -5,
        "Operating Income": -8,
        "EBIT": -5,
        "Net Income": -3
    },
    "2012-03-31": {
        "Diluted EPS": -0.92,
        "Total Revenue": 198,
        "Gross Profit": -7,
        "Operating Income": -11,
        "EBIT": -8,
        "Net Income": -5
    },
    "2011-12-31": {
        "Diluted EPS": -1.2,
        "Total Revenue": 242,
        "Gross Profit": 7,
        "Operating Income": 4,
        "EBIT": 7,
        "Net Income": -2
    },
    "2011-09-30": {
        "Diluted EPS": 1.8,
        "Total Revenue": 272,
        "Gross Profit": 8,
        "Operating Income": 5,
        "EBIT": 8,
        "Net Income": 4
    },
    "2011-06-30": {
        "Diluted EPS": 0.45,
        "Total Revenue": 215,
        "Gross Profit": 1,
        "Operating Income": -3,
        "EBIT": 1,
        "Net Income": 0
    },
    "2011-03-31": {
        "Diluted EPS": -0.3,
        "Total Revenue": 173,
        "Gross Profit": 3,
        "Operating Income": -2,
        "EBIT": 2,
        "Net Income": 0
    },
    "2010-12-31": {
        "Diluted EPS": -29.09,
        "Total Revenue": 134,
        "Gross Profit": 1,
        "Operating Income": -3,
        "EBIT": 1,
        "Net Income": -12
    },
    "2010-09-30": {
        "Diluted EPS": -16.49,
        "Total Revenue": 46,
        "Gross Profit": 4,
        "Operating Income": 1,
        "EBIT": 2,
        "Net Income": -13
    },
    "2010-06-30": {
        "Diluted EPS": 150.08,
        "Total Revenue": 77,
        "Gross Profit": -3,
        "Operating Income": -6,
        "EBIT": -3,
        "Net Income": 108
    },
    "2010-03-31": {
        "Diluted EPS": -20.98,
        "Total Revenue": 71,
        "Gross Profit": -3,
        "Operating Income": -6,
        "EBIT": -3,
        "Net Income": -12
    },
    "2009-12-31": {
        "Diluted EPS": -452.19,
        "Total Revenue": 88,
        "Gross Profit": 1,
        "Operating Income": -253,
        "EBIT": -244,
        "Net Income": -246
    },
    "2009-09-30": {
        "Diluted EPS": -23.08,
        "Total Revenue": 72,
        "Gross Profit": -5,
        "Operating Income": -10,
        "EBIT": -1,
        "Net Income": -13
    },
    "2009-06-30": {
        "Diluted EPS": -51.41,
        "Total Revenue": 70,
        "Gross Profit": -8,
        "Operating Income": -14,
        "EBIT": -5,
        "Net Income": -28
    },
    "2009-03-31": {
        "Diluted EPS": -45.11,
        "Total Revenue": 87,
        "Gross Profit": -11,
        "Operating Income": -19,
        "EBIT": -9,
        "Net Income": -25
    },
    "2023-06-30": {
        "Tax Effect Of Unusual Items": NaN,
        "Tax Rate For Calcs": NaN,
        "Normalized EBITDA": NaN,
        "Total Unusual Items": NaN,
        "Total Unusual Items Excluding Goodwill": NaN,
        "Net Income From Continuing Operation Net Minority Interest": NaN,
        "Reconciled Depreciation": NaN,
        "Reconciled Cost Of Revenue": NaN,
        "EBITDA": NaN,
        "EBIT": NaN,
        "Net Interest Income": NaN,
        "Interest Expense": NaN,
        "Normalized Income": NaN,
        "Net Income From Continuing And Discontinued Operation": NaN,
        "Total Expenses": NaN,
        "Total Operating Income As Reported": NaN,
        "Diluted Average Shares": NaN,
        "Basic Average Shares": NaN,
        "Diluted EPS": NaN,
        "Basic EPS": NaN,
        "Diluted NI Availto Com Stockholders": NaN,
        "Net Income Common Stockholders": NaN,
        "Otherunder Preferred Stock Dividend": 96000.0,
        "Preferred Stock Dividends": NaN,
        "Net Income": NaN,
        "Net Income Including Noncontrolling Interests": NaN,
        "Net Income Continuous Operations": NaN,
        "Tax Provision": NaN,
        "Pretax Income": NaN,
        "Other Income Expense": NaN,
        "Other Non Operating Income Expenses": NaN,
        "Special Income Charges": NaN,
        "Gain On Sale Of Ppe": NaN,
        "Write Off": NaN,
        "Impairment Of Capital Assets": 0.0,
        "Net Non Operating Interest Income Expense": NaN,
        "Interest Expense Non Operating": NaN,
        "Operating Income": NaN,
        "Operating Expense": NaN,
        "Other Operating Expenses": NaN,
        "Selling General And Administration": NaN,
        "Gross Profit": NaN,
        "Cost Of Revenue": NaN,
        "Total Revenue": NaN,
        "Operating Revenue": NaN
    },
    "2023-09-30": {
        "Tax Effect Of Unusual Items": NaN,
        "Tax Rate For Calcs": NaN,
        "Normalized EBITDA": NaN,
        "Total Unusual Items": NaN,
        "Total Unusual Items Excluding Goodwill": NaN,
        "Net Income From Continuing Operation Net Minority Interest": NaN,
        "Reconciled Depreciation": NaN,
        "Reconciled Cost Of Revenue": NaN,
        "EBITDA": NaN,
        "EBIT": NaN,
        "Net Interest Income": NaN,
        "Interest Expense": NaN,
        "Normalized Income": NaN,
        "Net Income From Continuing And Discontinued Operation": NaN,
        "Total Expenses": NaN,
        "Total Operating Income As Reported": NaN,
        "Diluted Average Shares": NaN,
        "Basic Average Shares": NaN,
        "Diluted EPS": NaN,
        "Basic EPS": NaN,
        "Diluted NI Availto Com Stockholders": NaN,
        "Net Income Common Stockholders": NaN,
        "Otherunder Preferred Stock Dividend": NaN,
        "Preferred Stock Dividends": NaN,
        "Net Income": NaN,
        "Net Income Including Noncontrolling Interests": NaN,
        "Net Income Continuous Operations": NaN,
        "Tax Provision": NaN,
        "Pretax Income": NaN,
        "Other Income Expense": NaN,
        "Other Non Operating Income Expenses": NaN,
        "Special Income Charges": NaN,
        "Gain On Sale Of Ppe": 0.0,
        "Write Off": 0.0,
        "Impairment Of Capital Assets": 0.0,
        "Net Non Operating Interest Income Expense": NaN,
        "Interest Expense Non Operating": NaN,
        "Operating Income": NaN,
        "Operating Expense": NaN,
        "Other Operating Expenses": -2812000.0,
        "Selling General And Administration": NaN,
        "Gross Profit": NaN,
        "Cost Of Revenue": NaN,
        "Total Revenue": NaN,
        "Operating Revenue": NaN
    },
    "2023-12-31": {
        "Tax Effect Of Unusual Items": NaN,
        "Tax Rate For Calcs": NaN,
        "Normalized EBITDA": NaN,
        "Total Unusual Items": -6263000.0,
        "Total Unusual Items Excluding Goodwill": -6263000.0,
        "Net Income From Continuing Operation Net Minority Interest": NaN,
        "Reconciled Depreciation": NaN,
        "Reconciled Cost Of Revenue": NaN,
        "EBITDA": NaN,
        "EBIT": NaN,
        "Net Interest Income": NaN,
        "Interest Expense": NaN,
        "Normalized Income": NaN,
        "Net Income From Continuing And Discontinued Operation": NaN,
        "Total Expenses": NaN,
        "Total Operating Income As Reported": NaN,
        "Diluted Average Shares": NaN,
        "Basic Average Shares": NaN,
        "Diluted EPS": NaN,
        "Basic EPS": NaN,
        "Diluted NI Availto Com Stockholders": NaN,
        "Net Income Common Stockholders": NaN,
        "Otherunder Preferred Stock Dividend": NaN,
        "Preferred Stock Dividends": NaN,
        "Net Income": NaN,
        "Net Income Including Noncontrolling Interests": NaN,
        "Net Income Continuous Operations": NaN,
        "Tax Provision": NaN,
        "Pretax Income": NaN,
        "Other Income Expense": NaN,
        "Other Non Operating Income Expenses": NaN,
        "Special Income Charges": -6263000.0,
        "Gain On Sale Of Ppe": NaN,
        "Write Off": 5970000.0,
        "Impairment Of Capital Assets": NaN,
        "Net Non Operating Interest Income Expense": NaN,
        "Interest Expense Non Operating": NaN,
        "Operating Income": NaN,
        "Operating Expense": NaN,
        "Other Operating Expenses": 0.0,
        "Selling General And Administration": NaN,
        "Gross Profit": NaN,
        "Cost Of Revenue": NaN,
        "Total Revenue": NaN,
        "Operating Revenue": NaN
    },
    "2024-03-31": {
        "Tax Effect Of Unusual Items": NaN,
        "Tax Rate For Calcs": NaN,
        "Normalized EBITDA": NaN,
        "Total Unusual Items": 0.0,
        "Total Unusual Items Excluding Goodwill": 0.0,
        "Net Income From Continuing Operation Net Minority Interest": NaN,
        "Reconciled Depreciation": NaN,
        "Reconciled Cost Of Revenue": NaN,
        "EBITDA": NaN,
        "EBIT": NaN,
        "Net Interest Income": NaN,
        "Interest Expense": NaN,
        "Normalized Income": NaN,
        "Net Income From Continuing And Discontinued Operation": NaN,
        "Total Expenses": NaN,
        "Total Operating Income As Reported": NaN,
        "Diluted Average Shares": NaN,
        "Basic Average Shares": NaN,
        "Diluted EPS": NaN,
        "Basic EPS": NaN,
        "Diluted NI Availto Com Stockholders": NaN,
        "Net Income Common Stockholders": NaN,
        "Otherunder Preferred Stock Dividend": NaN,
        "Preferred Stock Dividends": NaN,
        "Net Income": NaN,
        "Net Income Including Noncontrolling Interests": NaN,
        "Net Income Continuous Operations": NaN,
        "Tax Provision": NaN,
        "Pretax Income": NaN,
        "Other Income Expense": NaN,
        "Other Non Operating Income Expenses": NaN,
        "Special Income Charges": 0.0,
        "Gain On Sale Of Ppe": NaN,
        "Write Off": 0.0,
        "Impairment Of Capital Assets": NaN,
        "Net Non Operating Interest Income Expense": NaN,
        "Interest Expense Non Operating": NaN,
        "Operating Income": NaN,
        "Operating Expense": NaN,
        "Selling General And Administration": NaN,
        "Gross Profit": NaN,
        "Cost Of Revenue": NaN,
        "Total Revenue": NaN,
        "Operating Revenue": NaN
    },
    "2024-06-30": {
        "Tax Effect Of Unusual Items": NaN,
        "Tax Rate For Calcs": NaN,
        "Normalized EBITDA": NaN,
        "Total Unusual Items": 0.0,
        "Total Unusual Items Excluding Goodwill": 0.0,
        "Net Income From Continuing Operation Net Minority Interest": NaN,
        "Reconciled Depreciation": NaN,
        "Reconciled Cost Of Revenue": NaN,
        "EBITDA": NaN,
        "EBIT": NaN,
        "Net Interest Income": NaN,
        "Interest Expense": NaN,
        "Normalized Income": NaN,
        "Net Income From Continuing And Discontinued Operation": NaN,
        "Total Expenses": NaN,
        "Total Operating Income As Reported": NaN,
        "Diluted Average Shares": NaN,
        "Basic Average Shares": NaN,
        "Diluted EPS": NaN,
        "Basic EPS": NaN,
        "Diluted NI Availto Com Stockholders": NaN,
        "Net Income Common Stockholders": NaN,
        "Otherunder Preferred Stock Dividend": 0.0,
        "Preferred Stock Dividends": NaN,
        "Net Income": NaN,
        "Net Income Including Noncontrolling Interests": NaN,
        "Net Income Continuous Operations": NaN,
        "Tax Provision": NaN,
        "Pretax Income": NaN,
        "Other Income Expense": NaN,
        "Other Non Operating Income Expenses": NaN,
        "Special Income Charges": 0.0,
        "Gain On Sale Of Ppe": NaN,
        "Impairment Of Capital Assets": 0.0,
        "Net Non Operating Interest Income Expense": NaN,
        "Interest Expense Non Operating": NaN,
        "Operating Income": NaN,
        "Operating Expense": NaN,
        "Selling General And Administration": NaN,
        "Gross Profit": NaN,
        "Cost Of Revenue": NaN,
        "Total Revenue": NaN,
        "Operating Revenue": NaN
    },
    "2024-09-30": {
        "Tax Effect Of Unusual Items": 0.0,
        "Tax Rate For Calcs": 0.0,
        "Normalized EBITDA": 4654000.0,
        "Total Unusual Items": 830000.0,
        "Total Unusual Items Excluding Goodwill": 830000.0,
        "Net Income From Continuing Operation Net Minority Interest": -2441000.0,
        "Reconciled Depreciation": 6058000.0,
        "Reconciled Cost Of Revenue": 245854000.0,
        "EBITDA": 5484000.0,
        "EBIT": -574000.0,
        "Net Interest Income": -1867000.0,
        "Interest Expense": 1867000.0,
        "Normalized Income": -3271000.0,
        "Net Income From Continuing And Discontinued Operation": -2441000.0,
        "Total Expenses": 253364000.0,
        "Total Operating Income As Reported": -720000.0,
        "Diluted Average Shares": 73835000.0,
        "Basic Average Shares": 73835000.0,
        "Diluted EPS": -0.04,
        "Basic EPS": -0.04,
        "Diluted NI Availto Com Stockholders": -2760000.0,
        "Net Income Common Stockholders": -2760000.0,
        "Otherunder Preferred Stock Dividend": NaN,
        "Preferred Stock Dividends": 319000.0,
        "Net Income": -2441000.0,
        "Net Income Including Noncontrolling Interests": -2441000.0,
        "Net Income Continuous Operations": -2441000.0,
        "Tax Provision": 0.0,
        "Pretax Income": -2441000.0,
        "Other Income Expense": 976000.0,
        "Other Non Operating Income Expenses": 146000.0,
        "Special Income Charges": 830000.0,
        "Gain On Sale Of Ppe": 830000.0,
        "Impairment Of Capital Assets": 0.0,
        "Net Non Operating Interest Income Expense": -1867000.0,
        "Interest Expense Non Operating": 1867000.0,
        "Operating Income": -1550000.0,
        "Operating Expense": 7510000.0,
        "Selling General And Administration": 7510000.0,
        "Gross Profit": 5960000.0,
        "Cost Of Revenue": 245854000.0,
        "Total Revenue": 251814000.0,
        "Operating Revenue": 251814000.0
    },
    "2024-12-31": {
        "Tax Effect Of Unusual Items": -6823110.0,
        "Tax Rate For Calcs": 0.21,
        "Normalized EBITDA": -26000.0,
        "Total Unusual Items": -32491000.0,
        "Total Unusual Items Excluding Goodwill": -32491000.0,
        "Net Income From Continuing Operation Net Minority Interest": -41712000.0,
        "Reconciled Depreciation": 6548000.0,
        "Reconciled Cost Of Revenue": 237738000.0,
        "EBITDA": -32517000.0,
        "EBIT": -39065000.0,
        "Net Interest Income": -2474000.0,
        "Interest Expense": 2474000.0,
        "Normalized Income": -16044110.0,
        "Net Income From Continuing And Discontinued Operation": -41712000.0,
        "Total Expenses": 243071000.0,
        "Total Operating Income As Reported": -39215000.0,
        "Diluted Average Shares": 73835000.0,
        "Basic Average Shares": 73835000.0,
        "Diluted EPS": -0.57,
        "Basic EPS": -0.57,
        "Diluted NI Availto Com Stockholders": -42031000.0,
        "Net Income Common Stockholders": -42031000.0,
        "Otherunder Preferred Stock Dividend": NaN,
        "Preferred Stock Dividends": 319000.0,
        "Net Income": -41712000.0,
        "Net Income Including Noncontrolling Interests": -41712000.0,
        "Net Income Continuous Operations": -41712000.0,
        "Tax Provision": 173000.0,
        "Pretax Income": -41539000.0,
        "Other Income Expense": -32341000.0,
        "Other Non Operating Income Expenses": 150000.0,
        "Special Income Charges": -32491000.0,
        "Gain On Sale Of Ppe": 0.0,
        "Impairment Of Capital Assets": NaN,
        "Net Non Operating Interest Income Expense": -2474000.0,
        "Interest Expense Non Operating": 2474000.0,
        "Operating Income": -6724000.0,
        "Operating Expense": 5333000.0,
        "Selling General And Administration": 5333000.0,
        "Gross Profit": -1391000.0,
        "Cost Of Revenue": 237738000.0,
        "Total Revenue": 236347000.0,
        "Operating Revenue": 236347000.0
    },
    "2025-03-31": {
        "Tax Effect Of Unusual Items": 0.0,
        "Tax Rate For Calcs": 0.0,
        "Normalized EBITDA": -2684000.0,
        "Total Unusual Items": NaN,
        "Total Unusual Items Excluding Goodwill": NaN,
        "Net Income From Continuing Operation Net Minority Interest": -11679000.0,
        "Reconciled Depreciation": 6266000.0,
        "Reconciled Cost Of Revenue": 228347000.0,
        "EBITDA": -2684000.0,
        "EBIT": -8950000.0,
        "Net Interest Income": -2729000.0,
        "Interest Expense": 2729000.0,
        "Normalized Income": -11679000.0,
        "Net Income From Continuing And Discontinued Operation": -11679000.0,
        "Total Expenses": 235537000.0,
        "Total Operating Income As Reported": -8997000.0,
        "Diluted Average Shares": 73836000.0,
        "Basic Average Shares": 73836000.0,
        "Diluted EPS": -0.16,
        "Basic EPS": -0.16,
        "Diluted NI Availto Com Stockholders": -11991000.0,
        "Net Income Common Stockholders": -11991000.0,
        "Otherunder Preferred Stock Dividend": NaN,
        "Preferred Stock Dividends": 312000.0,
        "Net Income": -11679000.0,
        "Net Income Including Noncontrolling Interests": -11679000.0,
        "Net Income Continuous Operations": -11679000.0,
        "Tax Provision": 0.0,
        "Pretax Income": -11679000.0,
        "Other Income Expense": 47000.0,
        "Other Non Operating Income Expenses": 47000.0,
        "Special Income Charges": NaN,
        "Gain On Sale Of Ppe": NaN,
        "Impairment Of Capital Assets": NaN,
        "Net Non Operating Interest Income Expense": -2729000.0,
        "Interest Expense Non Operating": 2729000.0,
        "Operating Income": -8997000.0,
        "Operating Expense": 7190000.0,
        "Selling General And Administration": 7190000.0,
        "Gross Profit": -1807000.0,
        "Cost Of Revenue": 228347000.0,
        "Total Revenue": 226540000.0,
        "Operating Revenue": 226540000.0
    },
    "2025-06-30": {
        "Tax Effect Of Unusual Items": 0.0,
        "Tax Rate For Calcs": 0.0,
        "Normalized EBITDA": -1821000.0,
        "Total Unusual Items": NaN,
        "Total Unusual Items Excluding Goodwill": NaN,
        "Net Income From Continuing Operation Net Minority Interest": -10997000.0,
        "Reconciled Depreciation": 6365000.0,
        "Reconciled Cost Of Revenue": 220373000.0,
        "EBITDA": -1821000.0,
        "EBIT": -8186000.0,
        "Net Interest Income": -2811000.0,
        "Interest Expense": 2811000.0,
        "Normalized Income": -10997000.0,
        "Net Income From Continuing And Discontinued Operation": -10997000.0,
        "Total Expenses": 226544000.0,
        "Total Operating Income As Reported": -8108000.0,
        "Diluted Average Shares": 74611000.0,
        "Basic Average Shares": 74611000.0,
        "Diluted EPS": -0.15,
        "Basic EPS": -0.15,
        "Diluted NI Availto Com Stockholders": -11312000.0,
        "Net Income Common Stockholders": -11312000.0,
        "Otherunder Preferred Stock Dividend": NaN,
        "Preferred Stock Dividends": 315000.0,
        "Net Income": -10997000.0,
        "Net Income Including Noncontrolling Interests": -10997000.0,
        "Net Income Continuous Operations": -10997000.0,
        "Tax Provision": 0.0,
        "Pretax Income": -10997000.0,
        "Other Income Expense": -78000.0,
        "Other Non Operating Income Expenses": -78000.0,
        "Special Income Charges": NaN,
        "Gain On Sale Of Ppe": NaN,
        "Impairment Of Capital Assets": NaN,
        "Net Non Operating Interest Income Expense": -2811000.0,
        "Interest Expense Non Operating": 2811000.0,
        "Operating Income": -8108000.0,
        "Operating Expense": 6171000.0,
        "Selling General And Administration": 6171000.0,
        "Gross Profit": -1937000.0,
        "Cost Of Revenue": 220373000.0,
        "Total Revenue": 218436000.0,
        "Operating Revenue": 218436000.0
    },
    "2025-09-30": {
        "Tax Effect Of Unusual Items": 0.0,
        "Tax Rate For Calcs": 0.0,
        "Normalized EBITDA": 23265000.0,
        "Total Unusual Items": 0.0,
        "Total Unusual Items Excluding Goodwill": 0.0,
        "Net Income From Continuing Operation Net Minority Interest": 14208000.0,
        "Reconciled Depreciation": 6257000.0,
        "Reconciled Cost Of Revenue": 217492000.0,
        "EBITDA": 23265000.0,
        "EBIT": 17008000.0,
        "Net Interest Income": -2800000.0,
        "Interest Expense": 2800000.0,
        "Normalized Income": 14208000.0,
        "Net Income From Continuing And Discontinued Operation": 14208000.0,
        "Total Expenses": 224006000.0,
        "Total Operating Income As Reported": 16980000.0,
        "Diluted Average Shares": 74777000.0,
        "Basic Average Shares": 74777000.0,
        "Diluted EPS": 0.19,
        "Basic EPS": 0.19,
        "Diluted NI Availto Com Stockholders": 13889000.0,
        "Net Income Common Stockholders": 13889000.0,
        "Otherunder Preferred Stock Dividend": NaN,
        "Preferred Stock Dividends": 319000.0,
        "Net Income": 14208000.0,
        "Net Income Including Noncontrolling Interests": 14208000.0,
        "Net Income Continuous Operations": 14208000.0,
        "Tax Provision": 0.0,
        "Pretax Income": 14208000.0,
        "Other Income Expense": 28000.0,
        "Other Non Operating Income Expenses": 28000.0,
        "Special Income Charges": 0.0,
        "Gain On Sale Of Ppe": 0.0,
        "Impairment Of Capital Assets": NaN,
        "Net Non Operating Interest Income Expense": -2800000.0,
        "Interest Expense Non Operating": 2800000.0,
        "Operating Income": 16980000.0,
        "Operating Expense": 6514000.0,
        "Selling General And Administration": 6514000.0,
        "Gross Profit": 23494000.0,
        "Cost Of Revenue": 217492000.0,
        "Total Revenue": 240986000.0,
        "Operating Revenue": 240986000.0
    }
}