{
    "2023-03-31": {
        "Tax Effect Of Unusual Items": NaN,
        "Tax Rate For Calcs": NaN,
        "Net Income From Continuing Operation Net Minority Interest": NaN,
        "Reconciled Depreciation": NaN,
        "Net Interest Income": NaN,
        "Interest Expense": NaN,
        "Interest Income": NaN,
        "Normalized Income": NaN,
        "Net Income From Continuing And Discontinued Operation": NaN,
        "Diluted Average Shares": NaN,
        "Basic Average Shares": NaN,
        "Diluted EPS": NaN,
        "Basic EPS": NaN,
        "Diluted NI Availto Com Stockholders": NaN,
        "Net Income Common Stockholders": NaN,
        "Net Income": NaN,
        "Net Income Including Noncontrolling Interests": NaN,
        "Net Income Continuous Operations": NaN,
        "Tax Provision": NaN,
        "Pretax Income": NaN,
        "Gain On Sale Of Security": NaN,
        "Depreciation Amortization Depletion Income Statement": NaN,
        "Depreciation And Amortization In Income Statement": NaN,
        "Amortization": NaN,
        "Amortization Of Intangibles Income Statement": NaN,
        "Depreciation Income Statement": NaN,
        "Selling General And Administration": NaN,
        "Selling And Marketing Expense": NaN,
        "General And Administrative Expense": NaN,
        "Other Gand A": 728000.0,
        "Insurance And Claims": NaN,
        "Salaries And Wages": NaN,
        "Total Revenue": NaN,
        "Operating Revenue": NaN,
        "Occupancy And Equipment": NaN,
        "Professional Expense And Contract Services Expense": NaN,
        "Other Non Interest Expense": NaN
    },
    "2022-12-31": {
        "Tax Effect Of Unusual Items": NaN,
        "Tax Rate For Calcs": NaN,
        "Total Unusual Items": -168000.0,
        "Total Unusual Items Excluding Goodwill": -168000.0,
        "Net Income From Continuing Operation Net Minority Interest": NaN,
        "Reconciled Depreciation": NaN,
        "Net Interest Income": NaN,
        "Interest Expense": NaN,
        "Interest Income": NaN,
        "Normalized Income": NaN,
        "Net Income From Continuing And Discontinued Operation": NaN,
        "Diluted Average Shares": NaN,
        "Basic Average Shares": NaN,
        "Diluted EPS": NaN,
        "Basic EPS": NaN,
        "Diluted NI Availto Com Stockholders": NaN,
        "Net Income Common Stockholders": NaN,
        "Net Income": NaN,
        "Net Income Including Noncontrolling Interests": NaN,
        "Net Income Continuous Operations": NaN,
        "Tax Provision": NaN,
        "Pretax Income": NaN,
        "Gain On Sale Of Security": NaN,
        "Depreciation Amortization Depletion Income Statement": NaN,
        "Depreciation And Amortization In Income Statement": NaN,
        "Amortization": NaN,
        "Amortization Of Intangibles Income Statement": NaN,
        "Depreciation Income Statement": NaN,
        "Selling General And Administration": NaN,
        "Selling And Marketing Expense": NaN,
        "General And Administrative Expense": NaN,
        "Other Gand A": NaN,
        "Insurance And Claims": NaN,
        "Salaries And Wages": NaN,
        "Total Revenue": NaN,
        "Operating Revenue": NaN,
        "Occupancy And Equipment": NaN,
        "Professional Expense And Contract Services Expense": NaN,
        "Other Non Interest Expense": NaN
    },
    "2022-09-30": {
        "Tax Effect Of Unusual Items": NaN,
        "Tax Rate For Calcs": NaN,
        "Total Unusual Items": 0.0,
        "Total Unusual Items Excluding Goodwill": 0.0,
        "Net Income From Continuing Operation Net Minority Interest": NaN,
        "Reconciled Depreciation": NaN,
        "Net Interest Income": NaN,
        "Interest Expense": NaN,
        "Interest Income": NaN,
        "Normalized Income": NaN,
        "Net Income From Continuing And Discontinued Operation": NaN,
        "Diluted Average Shares": 31032000.0,
        "Basic Average Shares": 30673000.0,
        "Diluted EPS": 0.74,
        "Basic EPS": 0.75,
        "Diluted NI Availto Com Stockholders": NaN,
        "Net Income Common Stockholders": NaN,
        "Net Income": NaN,
        "Net Income Including Noncontrolling Interests": NaN,
        "Net Income Continuous Operations": NaN,
        "Tax Provision": NaN,
        "Pretax Income": NaN,
        "Gain On Sale Of Security": NaN,
        "Depreciation Amortization Depletion Income Statement": NaN,
        "Depreciation And Amortization In Income Statement": NaN,
        "Amortization": NaN,
        "Amortization Of Intangibles Income Statement": NaN,
        "Depreciation Income Statement": NaN,
        "Selling General And Administration": NaN,
        "Selling And Marketing Expense": NaN,
        "General And Administrative Expense": NaN,
        "Other Gand A": 4956000.0,
        "Insurance And Claims": NaN,
        "Salaries And Wages": NaN,
        "Total Revenue": NaN,
        "Operating Revenue": NaN
    },
    "2022-06-30": {
        "Tax Effect Of Unusual Items": 0.0,
        "Tax Rate For Calcs": 0.259,
        "Total Unusual Items": 0.0,
        "Total Unusual Items Excluding Goodwill": 0.0,
        "Net Income From Continuing Operation Net Minority Interest": 19613000.0,
        "Reconciled Depreciation": 261000.0,
        "Net Interest Income": 56498000.0,
        "Interest Expense": 2171000.0,
        "Interest Income": 58669000.0,
        "Normalized Income": 19613000.0,
        "Net Income From Continuing And Discontinued Operation": 19613000.0,
        "Diluted Average Shares": 31189000.0,
        "Basic Average Shares": 30818000.0,
        "Diluted EPS": 0.63,
        "Basic EPS": 0.64,
        "Diluted NI Availto Com Stockholders": 19613000.0,
        "Net Income Common Stockholders": 19613000.0,
        "Net Income": 19613000.0,
        "Net Income Including Noncontrolling Interests": 19613000.0,
        "Net Income Continuous Operations": 19613000.0,
        "Tax Provision": 6873000.0,
        "Pretax Income": 26486000.0,
        "Gain On Sale Of Security": -582000.0,
        "Depreciation Amortization Depletion Income Statement": 261000.0,
        "Depreciation And Amortization In Income Statement": 261000.0,
        "Amortization": 261000.0,
        "Amortization Of Intangibles Income Statement": 261000.0,
        "Depreciation Income Statement": NaN,
        "Selling General And Administration": 23918000.0,
        "Selling And Marketing Expense": 761000.0,
        "General And Administrative Expense": 23157000.0,
        "Other Gand A": 5111000.0,
        "Insurance And Claims": NaN,
        "Salaries And Wages": 18046000.0,
        "Total Revenue": 64382000.0,
        "Operating Revenue": 64382000.0
    },
    "2022-03-31": {
        "Diluted EPS": 0.45,
        "Total Revenue": 58,
        "Gross Profit": 56,
        "Operating Income": 19,
        "EBIT": NaN,
        "Net Income": 14
    },
    "2021-12-31": {
        "Diluted EPS": 0.5,
        "Total Revenue": 61,
        "Gross Profit": 59,
        "Operating Income": 23,
        "EBIT": NaN,
        "Net Income": 16
    },
    "2021-09-30": {
        "Diluted EPS": 0.46,
        "Total Revenue": 52,
        "Gross Profit": 50,
        "Operating Income": 19,
        "EBIT": NaN,
        "Net Income": 14
    },
    "2021-06-30": {
        "Diluted EPS": 0.33,
        "Total Revenue": 49,
        "Gross Profit": 47,
        "Operating Income": 14,
        "EBIT": NaN,
        "Net Income": 10
    },
    "2021-03-31": {
        "Diluted EPS": 0.39,
        "Total Revenue": 47,
        "Gross Profit": 46,
        "Operating Income": 16,
        "EBIT": NaN,
        "Net Income": 12
    },
    "2020-12-31": {
        "Diluted EPS": 0.45,
        "Total Revenue": 58,
        "Gross Profit": 56,
        "Operating Income": 22,
        "EBIT": NaN,
        "Net Income": 14
    },
    "2020-09-30": {
        "Diluted EPS": 0.4,
        "Total Revenue": 60,
        "Gross Profit": 58,
        "Operating Income": 17,
        "EBIT": NaN,
        "Net Income": 12
    },
    "2020-06-30": {
        "Diluted EPS": 0.33,
        "Total Revenue": 56,
        "Gross Profit": 53,
        "Operating Income": 14,
        "EBIT": NaN,
        "Net Income": 10
    },
    "2020-03-31": {
        "Diluted EPS": 0.3,
        "Total Revenue": 58,
        "Gross Profit": 54,
        "Operating Income": 13,
        "EBIT": NaN,
        "Net Income": 10
    },
    "2019-12-31": {
        "Diluted EPS": 0.37,
        "Total Revenue": 55,
        "Gross Profit": 55,
        "Operating Income": 55,
        "EBIT": NaN,
        "Net Income": 12
    },
    "2019-09-30": {
        "Diluted EPS": 0.41,
        "Total Revenue": 54,
        "Gross Profit": 49,
        "Operating Income": 18,
        "EBIT": NaN,
        "Net Income": 13
    },
    "2019-06-30": {
        "Diluted EPS": 0.35,
        "Total Revenue": 53,
        "Gross Profit": 53,
        "Operating Income": 53,
        "EBIT": NaN,
        "Net Income": 11
    },
    "2019-03-31": {
        "Diluted EPS": 0.33,
        "Total Revenue": 53,
        "Gross Profit": 53,
        "Operating Income": 53,
        "EBIT": NaN,
        "Net Income": 11
    },
    "2018-12-31": {
        "Diluted EPS": 0.0,
        "Total Revenue": NaN,
        "Gross Profit": NaN,
        "Operating Income": NaN,
        "EBIT": NaN,
        "Net Income": NaN
    },
    "2018-09-30": {
        "Diluted EPS": 0.29,
        "Total Revenue": 51,
        "Gross Profit": 51,
        "Operating Income": 51,
        "EBIT": NaN,
        "Net Income": 9
    },
    "2018-06-30": {
        "Diluted EPS": 0.39,
        "Total Revenue": 46,
        "Gross Profit": 46,
        "Operating Income": 46,
        "EBIT": NaN,
        "Net Income": 12
    },
    "2023-06-30": {
        "Tax Effect Of Unusual Items": NaN,
        "Tax Rate For Calcs": NaN,
        "Net Income From Continuing Operation Net Minority Interest": NaN,
        "Reconciled Depreciation": NaN,
        "Net Interest Income": NaN,
        "Interest Expense": NaN,
        "Interest Income": NaN,
        "Normalized Income": NaN,
        "Net Income From Continuing And Discontinued Operation": NaN,
        "Diluted Average Shares": 30776000.0,
        "Basic Average Shares": 30619000.0,
        "Diluted EPS": 0.7,
        "Basic EPS": 0.71,
        "Diluted NI Availto Com Stockholders": NaN,
        "Net Income Common Stockholders": NaN,
        "Net Income": NaN,
        "Net Income Including Noncontrolling Interests": NaN,
        "Net Income Continuous Operations": NaN,
        "Tax Provision": NaN,
        "Pretax Income": NaN,
        "Gain On Sale Of Security": NaN,
        "Depreciation Amortization Depletion Income Statement": NaN,
        "Depreciation And Amortization In Income Statement": NaN,
        "Amortization": NaN,
        "Amortization Of Intangibles Income Statement": NaN,
        "Depreciation Income Statement": NaN,
        "Selling General And Administration": NaN,
        "Selling And Marketing Expense": NaN,
        "General And Administrative Expense": NaN,
        "Insurance And Claims": NaN,
        "Salaries And Wages": NaN,
        "Total Revenue": NaN,
        "Operating Revenue": NaN,
        "Occupancy And Equipment": NaN,
        "Professional Expense And Contract Services Expense": NaN,
        "Other Non Interest Expense": NaN
    },
    "2023-09-30": {
        "Tax Effect Of Unusual Items": NaN,
        "Tax Rate For Calcs": NaN,
        "Net Income From Continuing Operation Net Minority Interest": NaN,
        "Reconciled Depreciation": NaN,
        "Net Interest Income": NaN,
        "Interest Expense": NaN,
        "Interest Income": NaN,
        "Normalized Income": NaN,
        "Net Income From Continuing And Discontinued Operation": NaN,
        "Diluted Average Shares": 30590000.0,
        "Basic Average Shares": 30481000.0,
        "Diluted EPS": 0.73,
        "Basic EPS": 0.73,
        "Diluted NI Availto Com Stockholders": NaN,
        "Net Income Common Stockholders": NaN,
        "Net Income": NaN,
        "Net Income Including Noncontrolling Interests": NaN,
        "Net Income Continuous Operations": NaN,
        "Tax Provision": NaN,
        "Pretax Income": NaN,
        "Gain On Sale Of Security": NaN,
        "Depreciation Amortization Depletion Income Statement": NaN,
        "Depreciation And Amortization In Income Statement": NaN,
        "Amortization": NaN,
        "Amortization Of Intangibles Income Statement": NaN,
        "Depreciation Income Statement": NaN,
        "Selling General And Administration": NaN,
        "Selling And Marketing Expense": NaN,
        "General And Administrative Expense": NaN,
        "Insurance And Claims": NaN,
        "Salaries And Wages": NaN,
        "Total Revenue": NaN,
        "Operating Revenue": NaN,
        "Occupancy And Equipment": NaN,
        "Professional Expense And Contract Services Expense": NaN,
        "Other Non Interest Expense": NaN
    },
    "2023-12-31": {
        "Tax Effect Of Unusual Items": 0.0,
        "Tax Rate For Calcs": 0.355577,
        "Net Income From Continuing Operation Net Minority Interest": 22694000.0,
        "Reconciled Depreciation": 1101000.0,
        "Net Interest Income": 67319000.0,
        "Interest Expense": 28665000.0,
        "Interest Income": 95984000.0,
        "Normalized Income": 22694000.0,
        "Net Income From Continuing And Discontinued Operation": 22694000.0,
        "Diluted Average Shares": NaN,
        "Basic Average Shares": NaN,
        "Diluted EPS": NaN,
        "Basic EPS": NaN,
        "Diluted NI Availto Com Stockholders": 22694000.0,
        "Net Income Common Stockholders": 22694000.0,
        "Net Income": 22694000.0,
        "Net Income Including Noncontrolling Interests": 22694000.0,
        "Net Income Continuous Operations": 22694000.0,
        "Tax Provision": 12522000.0,
        "Pretax Income": 35216000.0,
        "Gain On Sale Of Security": -2340000.0,
        "Depreciation Amortization Depletion Income Statement": 922000.0,
        "Depreciation And Amortization In Income Statement": 922000.0,
        "Amortization": 222000.0,
        "Amortization Of Intangibles Income Statement": 222000.0,
        "Depreciation Income Statement": 700000.0,
        "Selling General And Administration": 22999000.0,
        "Selling And Marketing Expense": 750000.0,
        "General And Administrative Expense": 22249000.0,
        "Insurance And Claims": 1000000.0,
        "Salaries And Wages": 21249000.0,
        "Total Revenue": 73054000.0,
        "Operating Revenue": 73054000.0,
        "Occupancy And Equipment": 3421000.0,
        "Professional Expense And Contract Services Expense": 2426000.0,
        "Other Non Interest Expense": 7984000.0
    },
    "2024-03-31": {
        "Tax Effect Of Unusual Items": 0.0,
        "Tax Rate For Calcs": 0.292711,
        "Net Income From Continuing Operation Net Minority Interest": 27249000.0,
        "Reconciled Depreciation": 2202000.0,
        "Net Interest Income": 68037000.0,
        "Interest Expense": 28897000.0,
        "Interest Income": 96934000.0,
        "Normalized Income": 27249000.0,
        "Net Income From Continuing And Discontinued Operation": 27249000.0,
        "Diluted Average Shares": 30737000.0,
        "Basic Average Shares": 30476000.0,
        "Diluted EPS": 0.89,
        "Basic EPS": 0.89,
        "Diluted NI Availto Com Stockholders": 27249000.0,
        "Net Income Common Stockholders": 27249000.0,
        "Net Income": 27249000.0,
        "Net Income Including Noncontrolling Interests": 27249000.0,
        "Net Income Continuous Operations": 27249000.0,
        "Tax Provision": 11277000.0,
        "Pretax Income": 38526000.0,
        "Gain On Sale Of Security": -2774000.0,
        "Depreciation Amortization Depletion Income Statement": 846000.0,
        "Depreciation And Amortization In Income Statement": 846000.0,
        "Amortization": 183000.0,
        "Amortization Of Intangibles Income Statement": 183000.0,
        "Depreciation Income Statement": 663000.0,
        "Selling General And Administration": 24542000.0,
        "Selling And Marketing Expense": 1219000.0,
        "General And Administrative Expense": 23323000.0,
        "Insurance And Claims": 1050000.0,
        "Salaries And Wages": 22273000.0,
        "Total Revenue": 76194000.0,
        "Operating Revenue": 76194000.0,
        "Occupancy And Equipment": 2904000.0,
        "Professional Expense And Contract Services Expense": 2376000.0,
        "Other Non Interest Expense": 7484000.0
    },
    "2024-06-30": {
        "Tax Effect Of Unusual Items": 0.0,
        "Tax Rate For Calcs": 0.252,
        "Net Income From Continuing Operation Net Minority Interest": 26753000.0,
        "Reconciled Depreciation": 777000.0,
        "Net Interest Income": 69192000.0,
        "Interest Expense": 29769000.0,
        "Interest Income": 98961000.0,
        "Normalized Income": 26753000.0,
        "Net Income From Continuing And Discontinued Operation": 26753000.0,
        "Diluted Average Shares": 30832000.0,
        "Basic Average Shares": 30551000.0,
        "Diluted EPS": 0.87,
        "Basic EPS": 0.88,
        "Diluted NI Availto Com Stockholders": 26753000.0,
        "Net Income Common Stockholders": 26753000.0,
        "Net Income": 26753000.0,
        "Net Income Including Noncontrolling Interests": 26753000.0,
        "Net Income Continuous Operations": 26753000.0,
        "Tax Provision": 9024000.0,
        "Pretax Income": 35777000.0,
        "Gain On Sale Of Security": -2691000.0,
        "Depreciation Amortization Depletion Income Statement": 762000.0,
        "Depreciation And Amortization In Income Statement": 762000.0,
        "Amortization": 182000.0,
        "Amortization Of Intangibles Income Statement": 182000.0,
        "Depreciation Income Statement": 580000.0,
        "Selling General And Administration": 25270000.0,
        "Selling And Marketing Expense": 1175000.0,
        "General And Administrative Expense": 24095000.0,
        "Insurance And Claims": 1050000.0,
        "Salaries And Wages": 23045000.0,
        "Total Revenue": 80001000.0,
        "Operating Revenue": 80001000.0,
        "Occupancy And Equipment": 3379000.0,
        "Professional Expense And Contract Services Expense": 2332000.0,
        "Other Non Interest Expense": 7769000.0
    },
    "2024-09-30": {
        "Tax Effect Of Unusual Items": 0.0,
        "Tax Rate For Calcs": 0.269,
        "Net Income From Continuing Operation Net Minority Interest": 27942000.0,
        "Reconciled Depreciation": 0.0,
        "Net Interest Income": 72107000.0,
        "Interest Expense": 30709000.0,
        "Interest Income": 102816000.0,
        "Normalized Income": 27942000.0,
        "Net Income From Continuing And Discontinued Operation": 27942000.0,
        "Diluted Average Shares": 30911000.0,
        "Basic Average Shares": 30646000.0,
        "Diluted EPS": 0.9,
        "Basic EPS": 0.91,
        "Diluted NI Availto Com Stockholders": 27942000.0,
        "Net Income Common Stockholders": 27942000.0,
        "Net Income": 27942000.0,
        "Net Income Including Noncontrolling Interests": 27942000.0,
        "Net Income Continuous Operations": 27942000.0,
        "Tax Provision": 10291000.0,
        "Pretax Income": 38233000.0,
        "Gain On Sale Of Security": -3230000.0,
        "Depreciation Amortization Depletion Income Statement": 834000.0,
        "Depreciation And Amortization In Income Statement": 834000.0,
        "Amortization": 183000.0,
        "Amortization Of Intangibles Income Statement": 183000.0,
        "Depreciation Income Statement": 651000.0,
        "Selling General And Administration": 25680000.0,
        "Selling And Marketing Expense": 1023000.0,
        "General And Administrative Expense": 24657000.0,
        "Insurance And Claims": 900000.0,
        "Salaries And Wages": 23757000.0,
        "Total Revenue": 81869000.0,
        "Operating Revenue": 81869000.0,
        "Occupancy And Equipment": 3423000.0,
        "Professional Expense And Contract Services Expense": 2575000.0,
        "Other Non Interest Expense": 8452000.0
    },
    "2024-12-31": {
        "Tax Effect Of Unusual Items": 0.0,
        "Tax Rate For Calcs": 0.259091,
        "Net Income From Continuing Operation Net Minority Interest": 24490000.0,
        "Reconciled Depreciation": 2454000.0,
        "Net Interest Income": 73094000.0,
        "Interest Expense": 29490000.0,
        "Interest Income": 102584000.0,
        "Normalized Income": 24490000.0,
        "Net Income From Continuing And Discontinued Operation": 24490000.0,
        "Diluted Average Shares": 30976000.0,
        "Basic Average Shares": 30677000.0,
        "Diluted EPS": 0.79,
        "Basic EPS": 0.8,
        "Diluted NI Availto Com Stockholders": 24490000.0,
        "Net Income Common Stockholders": 24490000.0,
        "Net Income": 24490000.0,
        "Net Income Including Noncontrolling Interests": 24490000.0,
        "Net Income Continuous Operations": 24490000.0,
        "Tax Provision": 8564000.0,
        "Pretax Income": 33054000.0,
        "Gain On Sale Of Security": -1003000.0,
        "Depreciation Amortization Depletion Income Statement": 759000.0,
        "Depreciation And Amortization In Income Statement": 759000.0,
        "Amortization": 182000.0,
        "Amortization Of Intangibles Income Statement": 182000.0,
        "Depreciation Income Statement": 577000.0,
        "Selling General And Administration": 25720000.0,
        "Selling And Marketing Expense": 314000.0,
        "General And Administrative Expense": 25406000.0,
        "Insurance And Claims": 715000.0,
        "Salaries And Wages": 24691000.0,
        "Total Revenue": 78413000.0,
        "Operating Revenue": 78413000.0,
        "Occupancy And Equipment": 3376000.0,
        "Professional Expense And Contract Services Expense": 2673000.0,
        "Other Non Interest Expense": 8615000.0
    },
    "2025-03-31": {
        "Tax Effect Of Unusual Items": 0.0,
        "Tax Rate For Calcs": 0.28,
        "Net Income From Continuing Operation Net Minority Interest": 25028000.0,
        "Reconciled Depreciation": 409000.0,
        "Net Interest Income": 70577000.0,
        "Interest Expense": 30113000.0,
        "Interest Income": 100690000.0,
        "Normalized Income": 25028000.0,
        "Net Income From Continuing And Discontinued Operation": 25028000.0,
        "Diluted Average Shares": 30946000.0,
        "Basic Average Shares": 30682000.0,
        "Diluted EPS": 0.81,
        "Basic EPS": 0.82,
        "Diluted NI Availto Com Stockholders": 25028000.0,
        "Net Income Common Stockholders": 25028000.0,
        "Net Income": 25028000.0,
        "Net Income Including Noncontrolling Interests": 25028000.0,
        "Net Income Continuous Operations": 25028000.0,
        "Tax Provision": 9709000.0,
        "Pretax Income": 34737000.0,
        "Gain On Sale Of Security": -680000.0,
        "Depreciation Amortization Depletion Income Statement": 773000.0,
        "Depreciation And Amortization In Income Statement": 773000.0,
        "Amortization": 144000.0,
        "Amortization Of Intangibles Income Statement": 144000.0,
        "Depreciation Income Statement": 629000.0,
        "Selling General And Administration": 24265000.0,
        "Selling And Marketing Expense": 51000.0,
        "General And Administrative Expense": 24214000.0,
        "Insurance And Claims": 900000.0,
        "Salaries And Wages": 23314000.0,
        "Total Revenue": 79491000.0,
        "Operating Revenue": 79491000.0,
        "Occupancy And Equipment": 3293000.0,
        "Professional Expense And Contract Services Expense": 4739000.0,
        "Other Non Interest Expense": 8580000.0
    },
    "2025-06-30": {
        "Tax Effect Of Unusual Items": 0.0,
        "Tax Rate For Calcs": 0.267,
        "Net Income From Continuing Operation Net Minority Interest": 25989000.0,
        "Reconciled Depreciation": 487000.0,
        "Net Interest Income": 72909000.0,
        "Interest Expense": 31190000.0,
        "Interest Income": 104099000.0,
        "Normalized Income": 25989000.0,
        "Net Income From Continuing And Discontinued Operation": 25989000.0,
        "Diluted Average Shares": 30758000.0,
        "Basic Average Shares": 30558000.0,
        "Diluted EPS": 0.84,
        "Basic EPS": 0.85,
        "Diluted NI Availto Com Stockholders": 25989000.0,
        "Net Income Common Stockholders": 25989000.0,
        "Net Income": 25989000.0,
        "Net Income Including Noncontrolling Interests": 25989000.0,
        "Net Income Continuous Operations": 25989000.0,
        "Tax Provision": 9471000.0,
        "Pretax Income": 35460000.0,
        "Gain On Sale Of Security": -1041000.0,
        "Depreciation Amortization Depletion Income Statement": 714000.0,
        "Depreciation And Amortization In Income Statement": 714000.0,
        "Amortization": 144000.0,
        "Amortization Of Intangibles Income Statement": 144000.0,
        "Depreciation Income Statement": 570000.0,
        "Selling General And Administration": 24552000.0,
        "Selling And Marketing Expense": 412000.0,
        "General And Administrative Expense": 24140000.0,
        "Insurance And Claims": 900000.0,
        "Salaries And Wages": 23240000.0,
        "Total Revenue": 80883000.0,
        "Operating Revenue": 80883000.0,
        "Occupancy And Equipment": 3476000.0,
        "Professional Expense And Contract Services Expense": 3283000.0,
        "Other Non Interest Expense": 8559000.0
    },
    "2025-09-30": {
        "Tax Effect Of Unusual Items": 0.0,
        "Tax Rate For Calcs": 0.27,
        "Net Income From Continuing Operation Net Minority Interest": 26790000.0,
        "Reconciled Depreciation": 252000.0,
        "Net Interest Income": 76447000.0,
        "Interest Expense": 33138000.0,
        "Interest Income": 109585000.0,
        "Normalized Income": 26790000.0,
        "Net Income From Continuing And Discontinued Operation": 26790000.0,
        "Diluted Average Shares": 30411000.0,
        "Basic Average Shares": 30176000.0,
        "Diluted EPS": 0.88,
        "Basic EPS": 0.89,
        "Diluted NI Availto Com Stockholders": 26790000.0,
        "Net Income Common Stockholders": 26790000.0,
        "Net Income": 26790000.0,
        "Net Income Including Noncontrolling Interests": 26790000.0,
        "Net Income Continuous Operations": 26790000.0,
        "Tax Provision": 9900000.0,
        "Pretax Income": 36690000.0,
        "Gain On Sale Of Security": -1226000.0,
        "Depreciation Amortization Depletion Income Statement": 726000.0,
        "Depreciation And Amortization In Income Statement": 726000.0,
        "Amortization": 144000.0,
        "Amortization Of Intangibles Income Statement": 144000.0,
        "Depreciation Income Statement": 582000.0,
        "Selling General And Administration": 26956000.0,
        "Selling And Marketing Expense": 497000.0,
        "General And Administrative Expense": 26459000.0,
        "Insurance And Claims": 1000000.0,
        "Salaries And Wages": 25459000.0,
        "Total Revenue": 85011000.0,
        "Operating Revenue": 85011000.0,
        "Occupancy And Equipment": 3452000.0,
        "Professional Expense And Contract Services Expense": 3387000.0,
        "Other Non Interest Expense": 9096000.0
    }
}