{
    "2023-03-31": {
        "Tax Effect Of Unusual Items": NaN,
        "Tax Rate For Calcs": NaN,
        "Total Unusual Items": NaN,
        "Total Unusual Items Excluding Goodwill": NaN,
        "Net Income From Continuing Operation Net Minority Interest": NaN,
        "Reconciled Depreciation": NaN,
        "EBIT": NaN,
        "Net Interest Income": NaN,
        "Interest Expense": NaN,
        "Normalized Income": NaN,
        "Net Income From Continuing And Discontinued Operation": NaN,
        "Total Expenses": NaN,
        "Diluted Average Shares": NaN,
        "Basic Average Shares": NaN,
        "Diluted EPS": NaN,
        "Basic EPS": NaN,
        "Diluted NI Availto Com Stockholders": NaN,
        "Net Income Common Stockholders": NaN,
        "Otherunder Preferred Stock Dividend": 1000000.0,
        "Net Income": NaN,
        "Minority Interests": NaN,
        "Net Income Including Noncontrolling Interests": NaN,
        "Net Income Continuous Operations": NaN,
        "Tax Provision": NaN,
        "Pretax Income": NaN,
        "Other Income Expense": NaN,
        "Special Income Charges": NaN,
        "Net Non Operating Interest Income Expense": NaN,
        "Interest Expense Non Operating": NaN,
        "Other Operating Expenses": 1000000.0,
        "Depreciation And Amortization In Income Statement": NaN,
        "Amortization": NaN,
        "Selling General And Administration": NaN,
        "General And Administrative Expense": NaN,
        "Other Gand A": NaN,
        "Total Revenue": NaN,
        "Operating Revenue": NaN,
        "Loss Adjustment Expense": NaN,
        "Net Policyholder Benefits And Claims": NaN
    },
    "2022-12-31": {
        "Tax Effect Of Unusual Items": NaN,
        "Tax Rate For Calcs": NaN,
        "Total Unusual Items": 24000000.0,
        "Total Unusual Items Excluding Goodwill": 24000000.0,
        "Net Income From Continuing Operation Net Minority Interest": NaN,
        "Reconciled Depreciation": NaN,
        "EBIT": NaN,
        "Net Interest Income": NaN,
        "Interest Expense": NaN,
        "Normalized Income": NaN,
        "Net Income From Continuing And Discontinued Operation": NaN,
        "Total Expenses": NaN,
        "Diluted Average Shares": NaN,
        "Basic Average Shares": NaN,
        "Diluted EPS": NaN,
        "Basic EPS": NaN,
        "Diluted NI Availto Com Stockholders": NaN,
        "Net Income Common Stockholders": NaN,
        "Otherunder Preferred Stock Dividend": NaN,
        "Net Income": NaN,
        "Minority Interests": NaN,
        "Net Income Including Noncontrolling Interests": NaN,
        "Net Income Continuous Operations": NaN,
        "Tax Provision": NaN,
        "Pretax Income": NaN,
        "Other Income Expense": NaN,
        "Special Income Charges": 24000000.0,
        "Other Special Charges": -24000000.0,
        "Net Non Operating Interest Income Expense": NaN,
        "Interest Expense Non Operating": NaN,
        "Other Operating Expenses": NaN,
        "Depreciation And Amortization In Income Statement": NaN,
        "Amortization": NaN,
        "Selling General And Administration": NaN,
        "General And Administrative Expense": NaN,
        "Other Gand A": NaN,
        "Total Revenue": NaN,
        "Operating Revenue": NaN,
        "Loss Adjustment Expense": NaN,
        "Net Policyholder Benefits And Claims": NaN
    },
    "2022-09-30": {
        "Tax Effect Of Unusual Items": NaN,
        "Tax Rate For Calcs": NaN,
        "Total Unusual Items": 0.0,
        "Total Unusual Items Excluding Goodwill": 0.0,
        "Net Income From Continuing Operation Net Minority Interest": NaN,
        "Reconciled Depreciation": NaN,
        "EBIT": NaN,
        "Net Interest Income": NaN,
        "Interest Expense": NaN,
        "Normalized Income": NaN,
        "Net Income From Continuing And Discontinued Operation": NaN,
        "Total Expenses": NaN,
        "Diluted Average Shares": NaN,
        "Basic Average Shares": NaN,
        "Diluted EPS": NaN,
        "Basic EPS": NaN,
        "Diluted NI Availto Com Stockholders": NaN,
        "Net Income Common Stockholders": NaN,
        "Otherunder Preferred Stock Dividend": NaN,
        "Net Income": NaN,
        "Minority Interests": NaN,
        "Net Income Including Noncontrolling Interests": NaN,
        "Net Income Continuous Operations": NaN,
        "Tax Provision": NaN,
        "Pretax Income": NaN,
        "Other Income Expense": NaN,
        "Special Income Charges": 0.0,
        "Other Special Charges": NaN,
        "Net Non Operating Interest Income Expense": NaN,
        "Interest Expense Non Operating": NaN,
        "Other Operating Expenses": 14000000.0,
        "Depreciation And Amortization In Income Statement": NaN,
        "Amortization": NaN,
        "Selling General And Administration": NaN,
        "General And Administrative Expense": NaN,
        "Other Gand A": NaN,
        "Salaries And Wages": 17000000.0,
        "Total Revenue": NaN,
        "Operating Revenue": NaN
    },
    "2022-06-30": {
        "Tax Effect Of Unusual Items": 9500000.0,
        "Tax Rate For Calcs": 0.166667,
        "Total Unusual Items": 57000000.0,
        "Total Unusual Items Excluding Goodwill": 57000000.0,
        "Net Income From Continuing Operation Net Minority Interest": 5000000.0,
        "Reconciled Depreciation": 15000000.0,
        "EBIT": 51000000.0,
        "Net Interest Income": -45000000.0,
        "Interest Expense": 45000000.0,
        "Normalized Income": -42500000.0,
        "Net Income From Continuing And Discontinued Operation": 5000000.0,
        "Total Expenses": 23000000.0,
        "Diluted Average Shares": 45685349.0,
        "Basic Average Shares": 45519093.0,
        "Diluted EPS": 0.11,
        "Basic EPS": 0.11,
        "Diluted NI Availto Com Stockholders": 5000000.0,
        "Net Income Common Stockholders": 5000000.0,
        "Otherunder Preferred Stock Dividend": NaN,
        "Net Income": 5000000.0,
        "Minority Interests": 0.0,
        "Net Income Including Noncontrolling Interests": 5000000.0,
        "Net Income Continuous Operations": 5000000.0,
        "Tax Provision": 1000000.0,
        "Pretax Income": 6000000.0,
        "Other Income Expense": -5000000.0,
        "Special Income Charges": 57000000.0,
        "Other Special Charges": -57000000.0,
        "Net Non Operating Interest Income Expense": -45000000.0,
        "Interest Expense Non Operating": 45000000.0,
        "Other Operating Expenses": 17000000.0,
        "Depreciation And Amortization In Income Statement": 13000000.0,
        "Amortization": 13000000.0,
        "Selling General And Administration": 16000000.0,
        "General And Administrative Expense": 16000000.0,
        "Other Gand A": NaN,
        "Salaries And Wages": 16000000.0,
        "Total Revenue": 29000000.0,
        "Operating Revenue": 29000000.0
    },
    "2022-03-31": {
        "Diluted EPS": 0.04,
        "Total Revenue": 119,
        "Gross Profit": 95,
        "Operating Income": 52,
        "EBIT": 63,
        "Net Income": 2
    },
    "2021-12-31": {
        "Diluted EPS": -0.41,
        "Total Revenue": 53,
        "Gross Profit": 68,
        "Operating Income": 38,
        "EBIT": 46,
        "Net Income": -23
    },
    "2021-09-30": {
        "Diluted EPS": 0.35,
        "Total Revenue": 51,
        "Gross Profit": 106,
        "Operating Income": 63,
        "EBIT": 71,
        "Net Income": 17
    },
    "2021-06-30": {
        "Diluted EPS": -0.63,
        "Total Revenue": 49,
        "Gross Profit": 47,
        "Operating Income": 33,
        "EBIT": 45,
        "Net Income": -28
    },
    "2021-03-31": {
        "Diluted EPS": 0.08,
        "Total Revenue": 129,
        "Gross Profit": 88,
        "Operating Income": 69,
        "EBIT": 85,
        "Net Income": 17
    },
    "2020-12-31": {
        "Diluted EPS": -0.3,
        "Total Revenue": 89,
        "Gross Profit": 80,
        "Operating Income": 40,
        "EBIT": 53,
        "Net Income": -14
    },
    "2020-09-30": {
        "Diluted EPS": -2.33,
        "Total Revenue": 62,
        "Gross Profit": -21,
        "Operating Income": -58,
        "EBIT": -47,
        "Net Income": -108
    },
    "2020-06-30": {
        "Diluted EPS": -0.77,
        "Total Revenue": 75,
        "Gross Profit": 59,
        "Operating Income": 24,
        "EBIT": 34,
        "Net Income": -35
    },
    "2020-03-31": {
        "Diluted EPS": -6.07,
        "Total Revenue": -70,
        "Gross Profit": -187,
        "Operating Income": -224,
        "EBIT": -215,
        "Net Income": -280
    },
    "2019-12-31": {
        "Diluted EPS": -2.37,
        "Total Revenue": 91,
        "Gross Profit": -6,
        "Operating Income": -45,
        "EBIT": -34,
        "Net Income": -111
    },
    "2019-09-30": {
        "Diluted EPS": 1.41,
        "Total Revenue": 216,
        "Gross Profit": 179,
        "Operating Income": 136,
        "EBIT": 149,
        "Net Income": 66
    },
    "2019-06-30": {
        "Diluted EPS": -2.79,
        "Total Revenue": 89,
        "Gross Profit": 222,
        "Operating Income": -33,
        "EBIT": 151,
        "Net Income": -128
    },
    "2019-03-31": {
        "Diluted EPS": -0.94,
        "Total Revenue": 100,
        "Gross Profit": 88,
        "Operating Income": 27,
        "EBIT": 51,
        "Net Income": -43
    },
    "2018-12-31": {
        "Diluted EPS": -0.53,
        "Total Revenue": 52,
        "Gross Profit": 95,
        "Operating Income": 45,
        "EBIT": 58,
        "Net Income": -20
    },
    "2018-09-30": {
        "Diluted EPS": -2.27,
        "Total Revenue": 134,
        "Gross Profit": 72,
        "Operating Income": 46,
        "EBIT": 54,
        "Net Income": -104
    },
    "2018-06-30": {
        "Diluted EPS": 0.09,
        "Total Revenue": 151,
        "Gross Profit": 118,
        "Operating Income": 69,
        "EBIT": 67,
        "Net Income": 4
    },
    "2018-03-31": {
        "Diluted EPS": 6.7,
        "Total Revenue": 174,
        "Gross Profit": 421,
        "Operating Income": 356,
        "EBIT": 308,
        "Net Income": 306
    },
    "2017-12-31": {
        "Diluted EPS": -0.44,
        "Total Revenue": 189,
        "Gross Profit": -1,
        "Operating Income": 24,
        "EBIT": 10,
        "Net Income": -20
    },
    "2017-09-30": {
        "Diluted EPS": -4.2,
        "Total Revenue": 133,
        "Gross Profit": -111,
        "Operating Income": -156,
        "EBIT": -161,
        "Net Income": -191
    },
    "2017-06-30": {
        "Diluted EPS": 0.16,
        "Total Revenue": 173,
        "Gross Profit": 107,
        "Operating Income": 42,
        "EBIT": 29,
        "Net Income": 7
    },
    "2017-03-31": {
        "Diluted EPS": -2.77,
        "Total Revenue": 126,
        "Gross Profit": -9,
        "Operating Income": -74,
        "EBIT": -73,
        "Net Income": -125
    },
    "2016-12-31": {
        "Diluted EPS": -2.08,
        "Total Revenue": 238,
        "Gross Profit": -42,
        "Operating Income": -54,
        "EBIT": -61,
        "Net Income": -95
    },
    "2016-09-30": {
        "Diluted EPS": 2.22,
        "Total Revenue": 145,
        "Gross Profit": 193,
        "Operating Income": 148,
        "EBIT": 146,
        "Net Income": 101
    },
    "2016-06-30": {
        "Diluted EPS": 1.29,
        "Total Revenue": 107,
        "Gross Profit": 131,
        "Operating Income": 92,
        "EBIT": 102,
        "Net Income": 59
    },
    "2016-03-31": {
        "Diluted EPS": 0.21,
        "Total Revenue": 17,
        "Gross Profit": 122,
        "Operating Income": 43,
        "EBIT": 68,
        "Net Income": 9
    },
    "2015-12-31": {
        "Diluted EPS": 8.76,
        "Total Revenue": 171,
        "Gross Profit": 480,
        "Operating Income": 426,
        "EBIT": 452,
        "Net Income": 387
    },
    "2015-09-30": {
        "Diluted EPS": -8.66,
        "Total Revenue": 88,
        "Gross Profit": 196,
        "Operating Income": -358,
        "EBIT": 161,
        "Net Income": -391
    },
    "2015-06-30": {
        "Diluted EPS": 6.05,
        "Total Revenue": 231,
        "Gross Profit": 352,
        "Operating Income": 314,
        "EBIT": 320,
        "Net Income": 283
    },
    "2015-03-31": {
        "Diluted EPS": 4.57,
        "Total Revenue": 155,
        "Gross Profit": 282,
        "Operating Income": 244,
        "EBIT": 251,
        "Net Income": 215
    },
    "2014-12-31": {
        "Diluted EPS": 9.84,
        "Total Revenue": 7,
        "Gross Profit": 533,
        "Operating Income": 491,
        "EBIT": 506,
        "Net Income": 454
    },
    "2014-09-30": {
        "Diluted EPS": 1.77,
        "Total Revenue": 155,
        "Gross Profit": 159,
        "Operating Income": 117,
        "EBIT": 173,
        "Net Income": 82
    },
    "2014-06-30": {
        "Diluted EPS": -4.61,
        "Total Revenue": 57,
        "Gross Profit": -142,
        "Operating Income": -178,
        "EBIT": -178,
        "Net Income": -208
    },
    "2014-03-31": {
        "Diluted EPS": 3.31,
        "Total Revenue": 109,
        "Gross Profit": 223,
        "Operating Income": 192,
        "EBIT": 196,
        "Net Income": 156
    },
    "2013-12-31": {
        "Diluted EPS": 67.96,
        "Total Revenue": 167,
        "Gross Profit": 144,
        "Operating Income": 107,
        "EBIT": 125,
        "Net Income": 69
    },
    "2013-09-30": {
        "Diluted EPS": 4.98,
        "Total Revenue": 172,
        "Gross Profit": 301,
        "Operating Income": 263,
        "EBIT": 290,
        "Net Income": 231
    },
    "2013-06-30": {
        "Diluted EPS": 9.37,
        "Total Revenue": 592,
        "Gross Profit": 578,
        "Operating Income": 553,
        "EBIT": 558,
        "Net Income": NaN
    },
    "2013-03-31": {
        "Diluted EPS": 0.93,
        "Total Revenue": 291,
        "Gross Profit": 308,
        "Operating Income": 308,
        "EBIT": 266,
        "Net Income": 282
    },
    "2012-12-31": {
        "Diluted EPS": 0.47,
        "Total Revenue": 170,
        "Gross Profit": 171,
        "Operating Income": 171,
        "EBIT": 147,
        "Net Income": 144
    },
    "2012-09-30": {
        "Diluted EPS": 0.52,
        "Total Revenue": 197,
        "Gross Profit": 183,
        "Operating Income": 183,
        "EBIT": 141,
        "Net Income": 158
    },
    "2012-06-30": {
        "Diluted EPS": -2.68,
        "Total Revenue": -6,
        "Gross Profit": -781,
        "Operating Income": -781,
        "EBIT": -837,
        "Net Income": -811
    },
    "2012-03-31": {
        "Diluted EPS": 0.84,
        "Total Revenue": 324,
        "Gross Profit": 290,
        "Operating Income": 290,
        "EBIT": 226,
        "Net Income": 253
    },
    "2011-12-31": {
        "Diluted EPS": -3.18,
        "Total Revenue": -81,
        "Gross Profit": -921,
        "Operating Income": -921,
        "EBIT": -972,
        "Net Income": -963
    },
    "2011-09-30": {
        "Diluted EPS": -0.25,
        "Total Revenue": 26,
        "Gross Profit": 41,
        "Operating Income": 41,
        "EBIT": -6,
        "Net Income": -76
    },
    "2011-06-30": {
        "Diluted EPS": -0.34,
        "Total Revenue": 148,
        "Gross Profit": -64,
        "Operating Income": -64,
        "EBIT": -113,
        "Net Income": -102
    },
    "2011-03-31": {
        "Diluted EPS": -2.71,
        "Total Revenue": 203,
        "Gross Profit": -762,
        "Operating Income": -762,
        "EBIT": -796,
        "Net Income": -819
    },
    "2010-12-31": {
        "Diluted EPS": -0.22,
        "Total Revenue": 191,
        "Gross Profit": -54,
        "Operating Income": -16,
        "EBIT": -38,
        "Net Income": -82
    },
    "2010-09-30": {
        "Diluted EPS": 0.25,
        "Total Revenue": 361,
        "Gross Profit": 155,
        "Operating Income": 141,
        "EBIT": 117,
        "Net Income": 76
    },
    "2010-06-30": {
        "Diluted EPS": -0.2,
        "Total Revenue": 381,
        "Gross Profit": -1,
        "Operating Income": -14,
        "EBIT": -35,
        "Net Income": -58
    },
    "2010-03-31": {
        "Diluted EPS": -2.39,
        "Total Revenue": -499,
        "Gross Profit": -639,
        "Operating Income": -651,
        "EBIT": -707,
        "Net Income": -690
    },
    "2009-12-31": {
        "Diluted EPS": 1.97,
        "Total Revenue": 564,
        "Gross Profit": 136,
        "Operating Income": 130,
        "EBIT": 59,
        "Net Income": 558
    },
    "2009-09-30": {
        "Diluted EPS": 7.58,
        "Total Revenue": NaN,
        "Gross Profit": NaN,
        "Operating Income": NaN,
        "EBIT": NaN,
        "Net Income": NaN
    },
    "2009-06-30": {
        "Diluted EPS": -8.24,
        "Total Revenue": -477,
        "Gross Profit": NaN,
        "Operating Income": NaN,
        "EBIT": NaN,
        "Net Income": NaN
    },
    "2009-03-31": {
        "Diluted EPS": -1.36,
        "Total Revenue": NaN,
        "Gross Profit": 330,
        "Operating Income": 326,
        "EBIT": 303,
        "Net Income": -392
    },
    "2023-06-30": {
        "Tax Effect Of Unusual Items": NaN,
        "Tax Rate For Calcs": NaN,
        "Total Unusual Items": 0.0,
        "Total Unusual Items Excluding Goodwill": 0.0,
        "Net Income From Continuing Operation Net Minority Interest": NaN,
        "Reconciled Depreciation": NaN,
        "EBIT": NaN,
        "Net Interest Income": NaN,
        "Interest Expense": NaN,
        "Normalized Income": NaN,
        "Net Income From Continuing And Discontinued Operation": NaN,
        "Total Expenses": NaN,
        "Diluted Average Shares": 45757234.0,
        "Basic Average Shares": 45757234.0,
        "Diluted EPS": -0.29,
        "Basic EPS": -0.29,
        "Diluted NI Availto Com Stockholders": NaN,
        "Net Income Common Stockholders": NaN,
        "Otherunder Preferred Stock Dividend": NaN,
        "Net Income": NaN,
        "Minority Interests": NaN,
        "Net Income Including Noncontrolling Interests": NaN,
        "Net Income Continuous Operations": NaN,
        "Tax Provision": NaN,
        "Pretax Income": NaN,
        "Other Income Expense": NaN,
        "Special Income Charges": 0.0,
        "Net Non Operating Interest Income Expense": NaN,
        "Interest Expense Non Operating": NaN,
        "Other Operating Expenses": NaN,
        "Depreciation And Amortization In Income Statement": NaN,
        "Amortization": NaN,
        "Selling General And Administration": NaN,
        "General And Administrative Expense": NaN,
        "Other Gand A": NaN,
        "Total Revenue": NaN,
        "Operating Revenue": NaN,
        "Loss Adjustment Expense": NaN,
        "Net Policyholder Benefits And Claims": NaN
    },
    "2023-09-30": {
        "Tax Effect Of Unusual Items": NaN,
        "Tax Rate For Calcs": NaN,
        "Total Unusual Items": 0.0,
        "Total Unusual Items Excluding Goodwill": 0.0,
        "Net Income From Continuing Operation Net Minority Interest": NaN,
        "Reconciled Depreciation": NaN,
        "EBIT": NaN,
        "Net Interest Income": NaN,
        "Interest Expense": NaN,
        "Normalized Income": NaN,
        "Net Income From Continuing And Discontinued Operation": NaN,
        "Total Expenses": NaN,
        "Diluted Average Shares": 46810735.0,
        "Basic Average Shares": 45635373.0,
        "Diluted EPS": 1.41,
        "Basic EPS": 1.44,
        "Diluted NI Availto Com Stockholders": NaN,
        "Net Income Common Stockholders": NaN,
        "Otherunder Preferred Stock Dividend": NaN,
        "Net Income": NaN,
        "Minority Interests": NaN,
        "Net Income Including Noncontrolling Interests": NaN,
        "Net Income Discontinuous Operations": NaN,
        "Net Income Continuous Operations": NaN,
        "Tax Provision": NaN,
        "Pretax Income": NaN,
        "Other Income Expense": NaN,
        "Special Income Charges": 0.0,
        "Net Non Operating Interest Income Expense": NaN,
        "Interest Expense Non Operating": NaN,
        "Other Operating Expenses": 1000000.0,
        "Depreciation And Amortization In Income Statement": NaN,
        "Amortization": NaN,
        "Selling General And Administration": NaN,
        "General And Administrative Expense": NaN,
        "Other Gand A": NaN,
        "Total Revenue": NaN,
        "Operating Revenue": NaN,
        "Loss Adjustment Expense": NaN,
        "Net Policyholder Benefits And Claims": NaN
    },
    "2023-12-31": {
        "Tax Effect Of Unusual Items": NaN,
        "Tax Rate For Calcs": NaN,
        "Total Unusual Items": 0.0,
        "Total Unusual Items Excluding Goodwill": 0.0,
        "Net Income From Continuing Operation Net Minority Interest": NaN,
        "Reconciled Depreciation": NaN,
        "EBIT": NaN,
        "Net Interest Income": NaN,
        "Interest Expense": NaN,
        "Normalized Income": NaN,
        "Net Income From Continuing And Discontinued Operation": NaN,
        "Total Expenses": NaN,
        "Diluted Average Shares": NaN,
        "Basic Average Shares": NaN,
        "Diluted EPS": NaN,
        "Basic EPS": NaN,
        "Diluted NI Availto Com Stockholders": NaN,
        "Net Income Common Stockholders": NaN,
        "Otherunder Preferred Stock Dividend": NaN,
        "Net Income": NaN,
        "Minority Interests": NaN,
        "Net Income Including Noncontrolling Interests": NaN,
        "Net Income Discontinuous Operations": NaN,
        "Net Income Continuous Operations": NaN,
        "Tax Provision": NaN,
        "Pretax Income": NaN,
        "Other Income Expense": NaN,
        "Special Income Charges": 0.0,
        "Net Non Operating Interest Income Expense": NaN,
        "Interest Expense Non Operating": NaN,
        "Other Operating Expenses": NaN,
        "Depreciation And Amortization In Income Statement": NaN,
        "Amortization": NaN,
        "Selling General And Administration": NaN,
        "General And Administrative Expense": NaN,
        "Other Gand A": NaN,
        "Total Revenue": NaN,
        "Operating Revenue": NaN,
        "Loss Adjustment Expense": NaN,
        "Net Policyholder Benefits And Claims": NaN
    },
    "2024-03-31": {
        "Tax Effect Of Unusual Items": NaN,
        "Tax Rate For Calcs": NaN,
        "Net Income From Continuing Operation Net Minority Interest": NaN,
        "Reconciled Depreciation": NaN,
        "EBIT": NaN,
        "Net Interest Income": NaN,
        "Interest Expense": NaN,
        "Normalized Income": NaN,
        "Net Income From Continuing And Discontinued Operation": NaN,
        "Total Expenses": NaN,
        "Diluted Average Shares": NaN,
        "Basic Average Shares": NaN,
        "Diluted EPS": NaN,
        "Basic EPS": NaN,
        "Diluted NI Availto Com Stockholders": NaN,
        "Net Income Common Stockholders": NaN,
        "Otherunder Preferred Stock Dividend": -53000.0,
        "Net Income": NaN,
        "Minority Interests": NaN,
        "Net Income Including Noncontrolling Interests": NaN,
        "Net Income Discontinuous Operations": NaN,
        "Net Income Continuous Operations": NaN,
        "Tax Provision": NaN,
        "Pretax Income": NaN,
        "Other Income Expense": NaN,
        "Net Non Operating Interest Income Expense": NaN,
        "Interest Expense Non Operating": NaN,
        "Other Operating Expenses": -1000000.0,
        "Depreciation And Amortization In Income Statement": NaN,
        "Amortization": NaN,
        "Selling General And Administration": NaN,
        "General And Administrative Expense": NaN,
        "Other Gand A": NaN,
        "Total Revenue": NaN,
        "Operating Revenue": NaN,
        "Loss Adjustment Expense": NaN,
        "Net Policyholder Benefits And Claims": NaN
    },
    "2024-06-30": {
        "Tax Effect Of Unusual Items": NaN,
        "Tax Rate For Calcs": NaN,
        "Net Income From Continuing Operation Net Minority Interest": NaN,
        "Reconciled Depreciation": NaN,
        "EBIT": NaN,
        "Net Interest Income": NaN,
        "Interest Expense": NaN,
        "Normalized Income": NaN,
        "Net Income From Continuing And Discontinued Operation": NaN,
        "Total Expenses": NaN,
        "Diluted Average Shares": 46209250.0,
        "Basic Average Shares": 46209250.0,
        "Diluted EPS": -0.02,
        "Basic EPS": -0.02,
        "Diluted NI Availto Com Stockholders": NaN,
        "Net Income Common Stockholders": NaN,
        "Otherunder Preferred Stock Dividend": 184000.0,
        "Net Income": NaN,
        "Minority Interests": NaN,
        "Net Income Including Noncontrolling Interests": NaN,
        "Net Income Discontinuous Operations": 14182000.0,
        "Net Income Continuous Operations": NaN,
        "Tax Provision": NaN,
        "Pretax Income": NaN,
        "Other Income Expense": NaN,
        "Net Non Operating Interest Income Expense": NaN,
        "Interest Expense Non Operating": NaN,
        "Other Operating Expenses": 2000000.0,
        "Depreciation And Amortization In Income Statement": NaN,
        "Amortization": NaN,
        "Selling General And Administration": NaN,
        "General And Administrative Expense": NaN,
        "Other Gand A": NaN,
        "Total Revenue": NaN,
        "Operating Revenue": NaN,
        "Loss Adjustment Expense": NaN,
        "Net Policyholder Benefits And Claims": NaN
    },
    "2024-09-30": {
        "Tax Effect Of Unusual Items": 0.0,
        "Tax Rate For Calcs": 0.041769,
        "Net Income From Continuing Operation Net Minority Interest": -18117000.0,
        "Reconciled Depreciation": 7104000.0,
        "EBIT": -17012000.0,
        "Net Interest Income": -3745000.0,
        "Interest Expense": 3745000.0,
        "Normalized Income": -18117000.0,
        "Net Income From Continuing And Discontinued Operation": -27503000.0,
        "Total Expenses": 90762000.0,
        "Diluted Average Shares": 47688986.0,
        "Basic Average Shares": 47688986.0,
        "Diluted EPS": -0.63,
        "Basic EPS": -0.63,
        "Diluted NI Availto Com Stockholders": -27503000.0,
        "Net Income Common Stockholders": -27503000.0,
        "Otherunder Preferred Stock Dividend": 1000000.0,
        "Net Income": -27503000.0,
        "Minority Interests": 1773000.0,
        "Net Income Including Noncontrolling Interests": -29276000.0,
        "Net Income Discontinuous Operations": -9386000.0,
        "Net Income Continuous Operations": -19890000.0,
        "Tax Provision": -867000.0,
        "Pretax Income": -20757000.0,
        "Other Income Expense": 10124000.0,
        "Net Non Operating Interest Income Expense": -3745000.0,
        "Interest Expense Non Operating": 3745000.0,
        "Other Operating Expenses": NaN,
        "Depreciation And Amortization In Income Statement": 7104000.0,
        "Amortization": 7104000.0,
        "Selling General And Administration": 44000000.0,
        "General And Administrative Expense": 44000000.0,
        "Other Gand A": 44000000.0,
        "Total Revenue": 70005000.0,
        "Operating Revenue": 70005000.0,
        "Loss Adjustment Expense": 20421000.0,
        "Net Policyholder Benefits And Claims": 20421000.0
    },
    "2024-12-31": {
        "Tax Effect Of Unusual Items": 0.0,
        "Tax Rate For Calcs": 0.179538,
        "Net Income From Continuing Operation Net Minority Interest": -51282000.0,
        "Reconciled Depreciation": -15053000.0,
        "EBIT": -102466000.0,
        "Net Interest Income": 41621000.0,
        "Interest Expense": -41621000.0,
        "Normalized Income": -51282000.0,
        "Net Income From Continuing And Discontinued Operation": -548449000.0,
        "Total Expenses": -24340000.0,
        "Diluted Average Shares": NaN,
        "Basic Average Shares": NaN,
        "Diluted EPS": NaN,
        "Basic EPS": NaN,
        "Diluted NI Availto Com Stockholders": -548449000.0,
        "Net Income Common Stockholders": -548449000.0,
        "Otherunder Preferred Stock Dividend": NaN,
        "Net Income": -548449000.0,
        "Minority Interests": -1361000.0,
        "Net Income Including Noncontrolling Interests": -547088000.0,
        "Net Income Discontinuous Operations": NaN,
        "Net Income Continuous Operations": -49921000.0,
        "Tax Provision": -10924000.0,
        "Pretax Income": -60845000.0,
        "Other Income Expense": -19686000.0,
        "Net Non Operating Interest Income Expense": 41621000.0,
        "Interest Expense Non Operating": -41621000.0,
        "Other Operating Expenses": NaN,
        "Depreciation And Amortization In Income Statement": -13053000.0,
        "Amortization": -15398000.0,
        "Selling General And Administration": -9834000.0,
        "General And Administrative Expense": -9834000.0,
        "Other Gand A": -9834000.0,
        "Total Revenue": -85185000.0,
        "Operating Revenue": -85185000.0,
        "Loss Adjustment Expense": 18626000.0,
        "Net Policyholder Benefits And Claims": 18626000.0
    },
    "2025-03-31": {
        "Tax Effect Of Unusual Items": 0.0,
        "Tax Rate For Calcs": 0.040842,
        "Net Income From Continuing Operation Net Minority Interest": -16144000.0,
        "Reconciled Depreciation": 9176000.0,
        "EBIT": -9653000.0,
        "Net Interest Income": -5454000.0,
        "Interest Expense": 5454000.0,
        "Normalized Income": -16144000.0,
        "Net Income From Continuing And Discontinued Operation": -46391000.0,
        "Total Expenses": 77863000.0,
        "Diluted Average Shares": 47313012.0,
        "Basic Average Shares": 47313012.0,
        "Diluted EPS": -1.22,
        "Basic EPS": -1.22,
        "Diluted NI Availto Com Stockholders": -57574000.0,
        "Net Income Common Stockholders": -57574000.0,
        "Otherunder Preferred Stock Dividend": 11183000.0,
        "Net Income": -46391000.0,
        "Minority Interests": -1654000.0,
        "Net Income Including Noncontrolling Interests": -44737000.0,
        "Net Income Discontinuous Operations": -30247000.0,
        "Net Income Continuous Operations": -14490000.0,
        "Tax Provision": -617000.0,
        "Pretax Income": -15107000.0,
        "Other Income Expense": -1124000.0,
        "Net Non Operating Interest Income Expense": -5454000.0,
        "Interest Expense Non Operating": 5454000.0,
        "Other Operating Expenses": NaN,
        "Depreciation And Amortization In Income Statement": 9176000.0,
        "Amortization": 9176000.0,
        "Selling General And Administration": 38531000.0,
        "General And Administrative Expense": 38531000.0,
        "Other Gand A": 38531000.0,
        "Total Revenue": 62756000.0,
        "Operating Revenue": 62756000.0,
        "Loss Adjustment Expense": 10496000.0,
        "Net Policyholder Benefits And Claims": 10496000.0
    },
    "2025-06-30": {
        "Tax Effect Of Unusual Items": 0.0,
        "Tax Rate For Calcs": 0.094542,
        "Net Income From Continuing Operation Net Minority Interest": -20548000.0,
        "Reconciled Depreciation": 9741000.0,
        "EBIT": -17404000.0,
        "Net Interest Income": -5570000.0,
        "Interest Expense": 5570000.0,
        "Normalized Income": -20548000.0,
        "Net Income From Continuing And Discontinued Operation": -72699000.0,
        "Total Expenses": 77931000.0,
        "Diluted Average Shares": 48116503.0,
        "Basic Average Shares": 48116503.0,
        "Diluted EPS": -1.54,
        "Basic EPS": -1.54,
        "Diluted NI Availto Com Stockholders": -73940000.0,
        "Net Income Common Stockholders": -73940000.0,
        "Otherunder Preferred Stock Dividend": 1241000.0,
        "Net Income": -72699000.0,
        "Minority Interests": 254000.0,
        "Net Income Including Noncontrolling Interests": -72953000.0,
        "Net Income Discontinuous Operations": -52151000.0,
        "Net Income Continuous Operations": -20802000.0,
        "Tax Provision": -2172000.0,
        "Pretax Income": -22974000.0,
        "Other Income Expense": -2146000.0,
        "Net Non Operating Interest Income Expense": -5570000.0,
        "Interest Expense Non Operating": 5570000.0,
        "Other Operating Expenses": NaN,
        "Depreciation And Amortization In Income Statement": 9741000.0,
        "Amortization": 9741000.0,
        "Selling General And Administration": 40540000.0,
        "General And Administrative Expense": 40540000.0,
        "Other Gand A": 40540000.0,
        "Total Revenue": 54957000.0,
        "Operating Revenue": 54957000.0,
        "Loss Adjustment Expense": 10978000.0,
        "Net Policyholder Benefits And Claims": 10978000.0
    },
    "2025-09-30": {
        "Tax Effect Of Unusual Items": 0.0,
        "Tax Rate For Calcs": 0.038686,
        "Net Income From Continuing Operation Net Minority Interest": -31730000.0,
        "Reconciled Depreciation": 9746000.0,
        "EBIT": -25894000.0,
        "Net Interest Income": -6185000.0,
        "Interest Expense": 6185000.0,
        "Normalized Income": -31730000.0,
        "Net Income From Continuing And Discontinued Operation": -112620000.0,
        "Total Expenses": 98685000.0,
        "Diluted Average Shares": 48106069.0,
        "Basic Average Shares": 48106069.0,
        "Diluted EPS": -2.35,
        "Basic EPS": -2.35,
        "Diluted NI Availto Com Stockholders": -112620000.0,
        "Net Income Common Stockholders": -112620000.0,
        "Otherunder Preferred Stock Dividend": NaN,
        "Net Income": -112620000.0,
        "Minority Interests": -892000.0,
        "Net Income Including Noncontrolling Interests": -111728000.0,
        "Net Income Discontinuous Operations": -80890000.0,
        "Net Income Continuous Operations": -30838000.0,
        "Tax Provision": -1241000.0,
        "Pretax Income": -32079000.0,
        "Other Income Expense": 2408000.0,
        "Net Non Operating Interest Income Expense": -6185000.0,
        "Interest Expense Non Operating": 6185000.0,
        "Other Operating Expenses": NaN,
        "Depreciation And Amortization In Income Statement": 9746000.0,
        "Amortization": 9746000.0,
        "Selling General And Administration": 53710000.0,
        "General And Administrative Expense": 53710000.0,
        "Other Gand A": 53710000.0,
        "Total Revenue": 66605000.0,
        "Operating Revenue": 66605000.0,
        "Loss Adjustment Expense": 14386000.0,
        "Net Policyholder Benefits And Claims": 14386000.0
    }
}