{
    "2023-03-31": {
        "Tax Effect Of Unusual Items": NaN,
        "Tax Rate For Calcs": NaN,
        "Normalized EBITDA": NaN,
        "Total Unusual Items": NaN,
        "Total Unusual Items Excluding Goodwill": NaN,
        "Net Income From Continuing Operation Net Minority Interest": NaN,
        "Reconciled Depreciation": NaN,
        "Reconciled Cost Of Revenue": NaN,
        "EBITDA": NaN,
        "EBIT": NaN,
        "Net Interest Income": NaN,
        "Interest Expense": NaN,
        "Normalized Income": NaN,
        "Net Income From Continuing And Discontinued Operation": NaN,
        "Total Expenses": NaN,
        "Rent Expense Supplemental": NaN,
        "Total Operating Income As Reported": NaN,
        "Diluted Average Shares": 156260883.0,
        "Basic Average Shares": 156260883.0,
        "Diluted EPS": -1.507095,
        "Basic EPS": -1.507095,
        "Diluted NI Availto Com Stockholders": NaN,
        "Net Income Common Stockholders": NaN,
        "Net Income": NaN,
        "Net Income Including Noncontrolling Interests": NaN,
        "Net Income Continuous Operations": NaN,
        "Tax Provision": NaN,
        "Pretax Income": NaN,
        "Other Income Expense": NaN,
        "Other Non Operating Income Expenses": -400000.0,
        "Special Income Charges": NaN,
        "Other Special Charges": NaN,
        "Restructuring And Mergern Acquisition": NaN,
        "Earnings From Equity Interest": NaN,
        "Gain On Sale Of Security": NaN,
        "Net Non Operating Interest Income Expense": NaN,
        "Interest Expense Non Operating": NaN,
        "Operating Income": NaN,
        "Operating Expense": NaN,
        "Other Operating Expenses": NaN,
        "Depreciation Amortization Depletion Income Statement": NaN,
        "Depreciation And Amortization In Income Statement": NaN,
        "Selling General And Administration": NaN,
        "General And Administrative Expense": NaN,
        "Other Gand A": NaN,
        "Rent And Landing Fees": NaN,
        "Salaries And Wages": NaN,
        "Gross Profit": NaN,
        "Cost Of Revenue": NaN,
        "Total Revenue": NaN,
        "Operating Revenue": NaN
    },
    "2022-12-31": {
        "Tax Effect Of Unusual Items": NaN,
        "Tax Rate For Calcs": NaN,
        "Normalized EBITDA": NaN,
        "Total Unusual Items": NaN,
        "Total Unusual Items Excluding Goodwill": NaN,
        "Net Income From Continuing Operation Net Minority Interest": NaN,
        "Reconciled Depreciation": NaN,
        "Reconciled Cost Of Revenue": NaN,
        "EBITDA": NaN,
        "EBIT": NaN,
        "Net Interest Income": NaN,
        "Interest Expense": NaN,
        "Normalized Income": NaN,
        "Net Income From Continuing And Discontinued Operation": NaN,
        "Total Expenses": NaN,
        "Rent Expense Supplemental": NaN,
        "Total Operating Income As Reported": NaN,
        "Diluted Average Shares": 125407692.0,
        "Basic Average Shares": 125407692.0,
        "Diluted EPS": -2.294118,
        "Basic EPS": -2.294118,
        "Diluted NI Availto Com Stockholders": NaN,
        "Net Income Common Stockholders": NaN,
        "Net Income": NaN,
        "Minority Interests": 0.0,
        "Net Income Including Noncontrolling Interests": NaN,
        "Net Income Continuous Operations": NaN,
        "Tax Provision": NaN,
        "Pretax Income": NaN,
        "Other Income Expense": NaN,
        "Other Non Operating Income Expenses": NaN,
        "Special Income Charges": NaN,
        "Other Special Charges": NaN,
        "Restructuring And Mergern Acquisition": NaN,
        "Earnings From Equity Interest": NaN,
        "Gain On Sale Of Security": NaN,
        "Net Non Operating Interest Income Expense": NaN,
        "Interest Expense Non Operating": NaN,
        "Operating Income": NaN,
        "Operating Expense": NaN,
        "Other Operating Expenses": NaN,
        "Depreciation Amortization Depletion Income Statement": NaN,
        "Depreciation And Amortization In Income Statement": NaN,
        "Selling General And Administration": NaN,
        "General And Administrative Expense": NaN,
        "Other Gand A": NaN,
        "Rent And Landing Fees": NaN,
        "Salaries And Wages": NaN,
        "Gross Profit": NaN,
        "Cost Of Revenue": NaN,
        "Total Revenue": NaN,
        "Operating Revenue": NaN
    },
    "2022-09-30": {
        "Tax Effect Of Unusual Items": NaN,
        "Tax Rate For Calcs": NaN,
        "Normalized EBITDA": NaN,
        "Total Unusual Items": NaN,
        "Total Unusual Items Excluding Goodwill": NaN,
        "Net Income From Continuing Operation Net Minority Interest": NaN,
        "Reconciled Depreciation": NaN,
        "Reconciled Cost Of Revenue": NaN,
        "EBITDA": NaN,
        "EBIT": NaN,
        "Net Interest Income": NaN,
        "Interest Expense": NaN,
        "Normalized Income": NaN,
        "Net Income From Continuing And Discontinued Operation": NaN,
        "Total Expenses": NaN,
        "Rent Expense Supplemental": NaN,
        "Total Operating Income As Reported": NaN,
        "Diluted Average Shares": NaN,
        "Basic Average Shares": NaN,
        "Diluted EPS": NaN,
        "Basic EPS": NaN,
        "Diluted NI Availto Com Stockholders": NaN,
        "Net Income Common Stockholders": NaN,
        "Net Income": NaN,
        "Minority Interests": 0.0,
        "Net Income Including Noncontrolling Interests": NaN,
        "Net Income Continuous Operations": NaN,
        "Tax Provision": NaN,
        "Pretax Income": NaN,
        "Other Income Expense": NaN,
        "Other Non Operating Income Expenses": NaN,
        "Special Income Charges": NaN,
        "Other Special Charges": NaN,
        "Restructuring And Mergern Acquisition": NaN,
        "Earnings From Equity Interest": NaN,
        "Gain On Sale Of Security": NaN,
        "Net Non Operating Interest Income Expense": NaN,
        "Interest Expense Non Operating": NaN,
        "Operating Income": NaN,
        "Operating Expense": NaN,
        "Other Operating Expenses": NaN,
        "Depreciation Amortization Depletion Income Statement": NaN,
        "Depreciation And Amortization In Income Statement": NaN,
        "Selling General And Administration": NaN,
        "General And Administrative Expense": NaN,
        "Other Gand A": NaN,
        "Rent And Landing Fees": NaN,
        "Gross Profit": NaN,
        "Cost Of Revenue": NaN,
        "Total Revenue": NaN,
        "Operating Revenue": NaN
    },
    "2022-06-30": {
        "Tax Effect Of Unusual Items": -8800000.0,
        "Tax Rate For Calcs": 0.4,
        "Normalized EBITDA": 88700000.0,
        "Total Unusual Items": -22000000.0,
        "Total Unusual Items Excluding Goodwill": -22000000.0,
        "Net Income From Continuing Operation Net Minority Interest": -121600000.0,
        "Reconciled Depreciation": 97400000.0,
        "Reconciled Cost Of Revenue": 393300000.0,
        "EBITDA": 66700000.0,
        "EBIT": -30700000.0,
        "Net Interest Income": -90300000.0,
        "Interest Expense": 90300000.0,
        "Normalized Income": -108400000.0,
        "Net Income From Continuing And Discontinued Operation": -121600000.0,
        "Total Expenses": 1174300000.0,
        "Rent Expense Supplemental": 222400000.0,
        "Total Operating Income As Reported": -16100000.0,
        "Diluted Average Shares": 117146093.0,
        "Basic Average Shares": 117146093.0,
        "Diluted EPS": -1.058824,
        "Basic EPS": -1.058824,
        "Diluted NI Availto Com Stockholders": -121600000.0,
        "Net Income Common Stockholders": -121600000.0,
        "Net Income": -121600000.0,
        "Minority Interests": 0.0,
        "Net Income Including Noncontrolling Interests": -121600000.0,
        "Net Income Continuous Operations": -121600000.0,
        "Tax Provision": 600000.0,
        "Pretax Income": -121000000.0,
        "Other Income Expense": -22800000.0,
        "Other Non Operating Income Expenses": 200000.0,
        "Special Income Charges": 38900000.0,
        "Other Special Charges": -38600000.0,
        "Impairment Of Capital Assets": NaN,
        "Restructuring And Mergern Acquisition": -300000.0,
        "Earnings From Equity Interest": -1000000.0,
        "Gain On Sale Of Security": -60900000.0,
        "Net Non Operating Interest Income Expense": -90300000.0,
        "Interest Expense Non Operating": 90300000.0,
        "Operating Income": -7900000.0,
        "Operating Expense": 781000000.0,
        "Other Operating Expenses": 393700000.0,
        "Depreciation Amortization Depletion Income Statement": 97400000.0,
        "Depreciation And Amortization In Income Statement": 97400000.0,
        "Selling General And Administration": 289900000.0,
        "General And Administrative Expense": 289900000.0,
        "Other Gand A": 67500000.0,
        "Rent And Landing Fees": 222400000.0,
        "Gross Profit": 773100000.0,
        "Cost Of Revenue": 393300000.0,
        "Total Revenue": 1166400000.0,
        "Operating Revenue": 1166400000.0
    },
    "2022-03-31": {
        "Diluted EPS": -0.33,
        "Total Revenue": 786,
        "Gross Profit": 553,
        "Operating Income": -167,
        "EBIT": -80,
        "Net Income": -337
    },
    "2021-12-31": {
        "Diluted EPS": 1.02,
        "Total Revenue": NaN,
        "Gross Profit": 802,
        "Operating Income": -60,
        "EBIT": 31,
        "Net Income": -134
    },
    "2021-09-30": {
        "Diluted EPS": -0.22,
        "Total Revenue": 763,
        "Gross Profit": 544,
        "Operating Income": -145,
        "EBIT": -52,
        "Net Income": -224
    },
    "2021-06-30": {
        "Diluted EPS": -0.71,
        "Total Revenue": 445,
        "Gross Profit": 320,
        "Operating Income": -297,
        "EBIT": -205,
        "Net Income": -344
    },
    "2021-03-31": {
        "Diluted EPS": -1.42,
        "Total Revenue": 148,
        "Gross Profit": 117,
        "Operating Income": -428,
        "EBIT": -259,
        "Net Income": -567
    },
    "2020-12-31": {
        "Diluted EPS": 15.09,
        "Total Revenue": 163,
        "Gross Profit": 116,
        "Operating Income": -970,
        "EBIT": -852,
        "Net Income": -946
    },
    "2020-09-30": {
        "Diluted EPS": -8.41,
        "Total Revenue": 120,
        "Gross Profit": 84,
        "Operating Income": -675,
        "EBIT": -560,
        "Net Income": -906
    },
    "2020-06-30": {
        "Diluted EPS": -5.38,
        "Total Revenue": 19,
        "Gross Profit": 14,
        "Operating Income": -472,
        "EBIT": -344,
        "Net Income": -561
    },
    "2020-03-31": {
        "Diluted EPS": -20.88,
        "Total Revenue": 942,
        "Gross Profit": 616,
        "Operating Income": NaN,
        "EBIT": NaN,
        "Net Income": NaN
    },
    "2019-12-31": {
        "Diluted EPS": 0.17,
        "Total Revenue": NaN,
        "Gross Profit": 940,
        "Operating Income": 43,
        "EBIT": 164,
        "Net Income": -14
    },
    "2019-09-30": {
        "Diluted EPS": -0.53,
        "Total Revenue": NaN,
        "Gross Profit": 833,
        "Operating Income": 21,
        "EBIT": 140,
        "Net Income": -55
    },
    "2019-06-30": {
        "Diluted EPS": 0.17,
        "Total Revenue": NaN,
        "Gross Profit": 947,
        "Operating Income": 106,
        "EBIT": 224,
        "Net Income": 49
    },
    "2019-03-31": {
        "Diluted EPS": -1.25,
        "Total Revenue": NaN,
        "Gross Profit": 774,
        "Operating Income": -34,
        "EBIT": 86,
        "Net Income": -130
    },
    "2018-12-31": {
        "Diluted EPS": 0.92,
        "Total Revenue": NaN,
        "Gross Profit": 911,
        "Operating Income": 87,
        "EBIT": 234,
        "Net Income": 114
    },
    "2018-09-30": {
        "Diluted EPS": -0.82,
        "Total Revenue": NaN,
        "Gross Profit": 779,
        "Operating Income": -22,
        "EBIT": 112,
        "Net Income": -100
    },
    "2018-06-30": {
        "Diluted EPS": 0.17,
        "Total Revenue": NaN,
        "Gross Profit": 899,
        "Operating Income": 90,
        "EBIT": 230,
        "Net Income": 22
    },
    "2018-03-31": {
        "Diluted EPS": 0.14,
        "Total Revenue": NaN,
        "Gross Profit": 891,
        "Operating Income": 110,
        "EBIT": 243,
        "Net Income": 18
    },
    "2017-12-31": {
        "Diluted EPS": -2.19,
        "Total Revenue": NaN,
        "Gross Profit": 907,
        "Operating Income": 70,
        "EBIT": 218,
        "Net Income": -276
    },
    "2017-09-30": {
        "Diluted EPS": -0.33,
        "Total Revenue": NaN,
        "Gross Profit": 753,
        "Operating Income": -4,
        "EBIT": 134,
        "Net Income": -43
    },
    "2017-06-30": {
        "Diluted EPS": -1.35,
        "Total Revenue": NaN,
        "Gross Profit": 760,
        "Operating Income": -20,
        "EBIT": 116,
        "Net Income": -177
    },
    "2017-03-31": {
        "Diluted EPS": 0.07,
        "Total Revenue": NaN,
        "Gross Profit": 802,
        "Operating Income": 55,
        "EBIT": 183,
        "Net Income": 8
    },
    "2016-12-31": {
        "Diluted EPS": 0.29,
        "Total Revenue": 926,
        "Gross Profit": 581,
        "Operating Income": 33,
        "EBIT": 118,
        "Net Income": 29
    },
    "2016-09-30": {
        "Diluted EPS": 0.31,
        "Total Revenue": 780,
        "Gross Profit": 487,
        "Operating Income": 66,
        "EBIT": 130,
        "Net Income": 30
    },
    "2016-06-30": {
        "Diluted EPS": 0.24,
        "Total Revenue": 764,
        "Gross Profit": 467,
        "Operating Income": 56,
        "EBIT": 121,
        "Net Income": 24
    },
    "2016-03-31": {
        "Diluted EPS": 0.29,
        "Total Revenue": 766,
        "Gross Profit": 470,
        "Operating Income": 59,
        "EBIT": 120,
        "Net Income": 28
    },
    "2015-12-31": {
        "Diluted EPS": 0.43,
        "Total Revenue": 784,
        "Gross Profit": 481,
        "Operating Income": 75,
        "EBIT": 139,
        "Net Income": 42
    },
    "2015-09-30": {
        "Diluted EPS": 0.12,
        "Total Revenue": 689,
        "Gross Profit": 424,
        "Operating Income": 36,
        "EBIT": 94,
        "Net Income": 12
    },
    "2015-06-30": {
        "Diluted EPS": 0.45,
        "Total Revenue": 821,
        "Gross Profit": 490,
        "Operating Income": 94,
        "EBIT": 154,
        "Net Income": 44
    },
    "2015-03-31": {
        "Diluted EPS": 0.06,
        "Total Revenue": 653,
        "Gross Profit": 402,
        "Operating Income": 32,
        "EBIT": 88,
        "Net Income": 6
    },
    "2014-12-31": {
        "Diluted EPS": 0.31,
        "Total Revenue": 712,
        "Gross Profit": 439,
        "Operating Income": 61,
        "EBIT": 120,
        "Net Income": 30
    },
    "2014-09-30": {
        "Diluted EPS": 0.08,
        "Total Revenue": 634,
        "Gross Profit": 386,
        "Operating Income": 29,
        "EBIT": 81,
        "Net Income": 7
    },
    "2014-06-30": {
        "Diluted EPS": 0.32,
        "Total Revenue": 727,
        "Gross Profit": 439,
        "Operating Income": 68,
        "EBIT": 122,
        "Net Income": 31
    },
    "2014-03-31": {
        "Diluted EPS": -0.05,
        "Total Revenue": 623,
        "Gross Profit": 386,
        "Operating Income": 18,
        "EBIT": 71,
        "Net Income": -5
    },
    "2013-12-31": {
        "Diluted EPS": 3.58,
        "Total Revenue": 713,
        "Gross Profit": 427,
        "Operating Income": 34,
        "EBIT": 81,
        "Net Income": 280
    },
    "2013-09-30": {
        "Diluted EPS": 0.44,
        "Total Revenue": 696,
        "Gross Profit": 428,
        "Operating Income": 58,
        "EBIT": 97,
        "Net Income": 33
    },
    "2013-06-30": {
        "Diluted EPS": 0.81,
        "Total Revenue": 763,
        "Gross Profit": 447,
        "Operating Income": 78,
        "EBIT": 128,
        "Net Income": 62
    },
    "2013-03-31": {
        "Diluted EPS": -0.13,
        "Total Revenue": 578,
        "Gross Profit": 363,
        "Operating Income": 20,
        "EBIT": 68,
        "Net Income": -10
    },
    "2012-12-31": {
        "Diluted EPS": 0.0,
        "Total Revenue": NaN,
        "Gross Profit": NaN,
        "Operating Income": NaN,
        "EBIT": NaN,
        "Net Income": NaN
    },
    "2012-03-31": {
        "Diluted EPS": 0.0,
        "Total Revenue": NaN,
        "Gross Profit": NaN,
        "Operating Income": NaN,
        "EBIT": NaN,
        "Net Income": NaN
    },
    "2023-06-30": {
        "Tax Effect Of Unusual Items": NaN,
        "Tax Rate For Calcs": NaN,
        "Normalized EBITDA": NaN,
        "Total Unusual Items": NaN,
        "Total Unusual Items Excluding Goodwill": NaN,
        "Net Income From Continuing Operation Net Minority Interest": NaN,
        "Reconciled Depreciation": NaN,
        "Reconciled Cost Of Revenue": NaN,
        "EBITDA": NaN,
        "EBIT": NaN,
        "Net Interest Income": NaN,
        "Interest Expense": NaN,
        "Normalized Income": NaN,
        "Net Income From Continuing And Discontinued Operation": NaN,
        "Total Expenses": NaN,
        "Rent Expense Supplemental": NaN,
        "Total Operating Income As Reported": NaN,
        "Diluted Average Shares": NaN,
        "Basic Average Shares": NaN,
        "Diluted EPS": NaN,
        "Basic EPS": NaN,
        "Diluted NI Availto Com Stockholders": NaN,
        "Net Income Common Stockholders": NaN,
        "Net Income": NaN,
        "Net Income Including Noncontrolling Interests": NaN,
        "Net Income Continuous Operations": NaN,
        "Tax Provision": NaN,
        "Pretax Income": NaN,
        "Other Income Expense": NaN,
        "Other Non Operating Income Expenses": NaN,
        "Special Income Charges": NaN,
        "Other Special Charges": NaN,
        "Restructuring And Mergern Acquisition": NaN,
        "Earnings From Equity Interest": NaN,
        "Gain On Sale Of Security": NaN,
        "Net Non Operating Interest Income Expense": NaN,
        "Interest Expense Non Operating": NaN,
        "Operating Income": NaN,
        "Operating Expense": NaN,
        "Other Operating Expenses": NaN,
        "Depreciation Amortization Depletion Income Statement": NaN,
        "Depreciation And Amortization In Income Statement": NaN,
        "Selling General And Administration": NaN,
        "General And Administrative Expense": NaN,
        "Other Gand A": NaN,
        "Rent And Landing Fees": NaN,
        "Salaries And Wages": 500000.0,
        "Gross Profit": NaN,
        "Cost Of Revenue": NaN,
        "Total Revenue": NaN,
        "Operating Revenue": NaN
    },
    "2023-09-30": {
        "Tax Effect Of Unusual Items": NaN,
        "Tax Rate For Calcs": NaN,
        "Normalized EBITDA": NaN,
        "Total Unusual Items": NaN,
        "Total Unusual Items Excluding Goodwill": NaN,
        "Net Income From Continuing Operation Net Minority Interest": NaN,
        "Reconciled Depreciation": NaN,
        "Reconciled Cost Of Revenue": NaN,
        "EBITDA": NaN,
        "EBIT": NaN,
        "Net Interest Income": NaN,
        "Interest Expense": NaN,
        "Normalized Income": NaN,
        "Net Income From Continuing And Discontinued Operation": NaN,
        "Total Expenses": NaN,
        "Rent Expense Supplemental": NaN,
        "Total Operating Income As Reported": NaN,
        "Diluted Average Shares": NaN,
        "Basic Average Shares": NaN,
        "Diluted EPS": NaN,
        "Basic EPS": NaN,
        "Diluted NI Availto Com Stockholders": NaN,
        "Net Income Common Stockholders": NaN,
        "Net Income": NaN,
        "Net Income Including Noncontrolling Interests": NaN,
        "Net Income Continuous Operations": NaN,
        "Tax Provision": NaN,
        "Pretax Income": NaN,
        "Other Income Expense": NaN,
        "Other Non Operating Income Expenses": NaN,
        "Special Income Charges": NaN,
        "Other Special Charges": NaN,
        "Restructuring And Mergern Acquisition": NaN,
        "Earnings From Equity Interest": NaN,
        "Gain On Sale Of Security": NaN,
        "Net Non Operating Interest Income Expense": NaN,
        "Interest Expense Non Operating": NaN,
        "Operating Income": NaN,
        "Operating Expense": NaN,
        "Other Operating Expenses": NaN,
        "Depreciation Amortization Depletion Income Statement": NaN,
        "Depreciation And Amortization In Income Statement": NaN,
        "Selling General And Administration": NaN,
        "General And Administrative Expense": NaN,
        "Other Gand A": NaN,
        "Rent And Landing Fees": NaN,
        "Salaries And Wages": 500000.0,
        "Gross Profit": NaN,
        "Cost Of Revenue": NaN,
        "Total Revenue": NaN,
        "Operating Revenue": NaN
    },
    "2023-12-31": {
        "Tax Effect Of Unusual Items": NaN,
        "Tax Rate For Calcs": NaN,
        "Normalized EBITDA": NaN,
        "Total Unusual Items": NaN,
        "Total Unusual Items Excluding Goodwill": NaN,
        "Net Income From Continuing Operation Net Minority Interest": NaN,
        "Reconciled Depreciation": NaN,
        "Reconciled Cost Of Revenue": NaN,
        "EBITDA": NaN,
        "EBIT": NaN,
        "Net Interest Income": NaN,
        "Interest Expense": NaN,
        "Normalized Income": NaN,
        "Net Income From Continuing And Discontinued Operation": NaN,
        "Total Expenses": NaN,
        "Rent Expense Supplemental": NaN,
        "Total Operating Income As Reported": NaN,
        "Diluted Average Shares": NaN,
        "Basic Average Shares": NaN,
        "Diluted EPS": NaN,
        "Basic EPS": NaN,
        "Diluted NI Availto Com Stockholders": NaN,
        "Net Income Common Stockholders": NaN,
        "Net Income": NaN,
        "Net Income Including Noncontrolling Interests": NaN,
        "Net Income Continuous Operations": NaN,
        "Tax Provision": NaN,
        "Pretax Income": NaN,
        "Other Income Expense": NaN,
        "Other Non Operating Income Expenses": NaN,
        "Special Income Charges": NaN,
        "Other Special Charges": -45200000.0,
        "Restructuring And Mergern Acquisition": NaN,
        "Earnings From Equity Interest": NaN,
        "Gain On Sale Of Security": NaN,
        "Net Non Operating Interest Income Expense": NaN,
        "Interest Expense Non Operating": NaN,
        "Operating Income": NaN,
        "Operating Expense": NaN,
        "Other Operating Expenses": NaN,
        "Depreciation Amortization Depletion Income Statement": NaN,
        "Depreciation And Amortization In Income Statement": NaN,
        "Selling General And Administration": NaN,
        "General And Administrative Expense": NaN,
        "Other Gand A": NaN,
        "Rent And Landing Fees": NaN,
        "Salaries And Wages": 200000.0,
        "Gross Profit": NaN,
        "Cost Of Revenue": NaN,
        "Total Revenue": NaN,
        "Operating Revenue": NaN
    },
    "2024-03-31": {
        "Tax Effect Of Unusual Items": NaN,
        "Tax Rate For Calcs": NaN,
        "Normalized EBITDA": NaN,
        "Total Unusual Items": NaN,
        "Total Unusual Items Excluding Goodwill": NaN,
        "Net Income From Continuing Operation Net Minority Interest": NaN,
        "Reconciled Depreciation": NaN,
        "Reconciled Cost Of Revenue": NaN,
        "EBITDA": NaN,
        "EBIT": NaN,
        "Net Interest Income": NaN,
        "Interest Expense": NaN,
        "Normalized Income": NaN,
        "Net Income From Continuing And Discontinued Operation": NaN,
        "Total Expenses": NaN,
        "Rent Expense Supplemental": NaN,
        "Total Operating Income As Reported": NaN,
        "Diluted Average Shares": NaN,
        "Basic Average Shares": NaN,
        "Diluted EPS": NaN,
        "Basic EPS": NaN,
        "Diluted NI Availto Com Stockholders": NaN,
        "Net Income Common Stockholders": NaN,
        "Net Income": NaN,
        "Net Income Including Noncontrolling Interests": NaN,
        "Net Income Continuous Operations": NaN,
        "Tax Provision": NaN,
        "Pretax Income": NaN,
        "Other Income Expense": NaN,
        "Other Non Operating Income Expenses": NaN,
        "Special Income Charges": NaN,
        "Other Special Charges": -43000000.0,
        "Restructuring And Mergern Acquisition": NaN,
        "Earnings From Equity Interest": NaN,
        "Gain On Sale Of Security": NaN,
        "Net Non Operating Interest Income Expense": NaN,
        "Interest Expense Non Operating": NaN,
        "Operating Income": NaN,
        "Operating Expense": NaN,
        "Other Operating Expenses": NaN,
        "Depreciation Amortization Depletion Income Statement": NaN,
        "Depreciation And Amortization In Income Statement": NaN,
        "Selling General And Administration": NaN,
        "General And Administrative Expense": NaN,
        "Other Gand A": NaN,
        "Rent And Landing Fees": NaN,
        "Salaries And Wages": 700000.0,
        "Gross Profit": NaN,
        "Cost Of Revenue": NaN,
        "Total Revenue": NaN,
        "Operating Revenue": NaN
    },
    "2024-06-30": {
        "Tax Effect Of Unusual Items": NaN,
        "Tax Rate For Calcs": NaN,
        "Normalized EBITDA": NaN,
        "Total Unusual Items": NaN,
        "Total Unusual Items Excluding Goodwill": NaN,
        "Net Income From Continuing Operation Net Minority Interest": NaN,
        "Reconciled Depreciation": NaN,
        "Reconciled Cost Of Revenue": NaN,
        "EBITDA": NaN,
        "EBIT": NaN,
        "Net Interest Income": NaN,
        "Interest Expense": NaN,
        "Normalized Income": NaN,
        "Net Income From Continuing And Discontinued Operation": NaN,
        "Total Expenses": NaN,
        "Rent Expense Supplemental": NaN,
        "Total Operating Income As Reported": NaN,
        "Diluted Average Shares": NaN,
        "Basic Average Shares": NaN,
        "Diluted EPS": NaN,
        "Basic EPS": NaN,
        "Diluted NI Availto Com Stockholders": NaN,
        "Net Income Common Stockholders": NaN,
        "Net Income": NaN,
        "Net Income Including Noncontrolling Interests": NaN,
        "Net Income Continuous Operations": NaN,
        "Tax Provision": NaN,
        "Pretax Income": NaN,
        "Other Income Expense": NaN,
        "Other Non Operating Income Expenses": NaN,
        "Special Income Charges": NaN,
        "Other Special Charges": -107000000.0,
        "Restructuring And Mergern Acquisition": NaN,
        "Earnings From Equity Interest": NaN,
        "Gain On Sale Of Security": NaN,
        "Net Non Operating Interest Income Expense": NaN,
        "Interest Expense Non Operating": NaN,
        "Operating Income": NaN,
        "Operating Expense": NaN,
        "Other Operating Expenses": NaN,
        "Depreciation Amortization Depletion Income Statement": NaN,
        "Depreciation And Amortization In Income Statement": NaN,
        "Selling General And Administration": NaN,
        "General And Administrative Expense": NaN,
        "Other Gand A": NaN,
        "Rent And Landing Fees": NaN,
        "Salaries And Wages": 400000.0,
        "Gross Profit": NaN,
        "Cost Of Revenue": NaN,
        "Total Revenue": NaN,
        "Operating Revenue": NaN
    },
    "2024-09-30": {
        "Tax Effect Of Unusual Items": 1064678.899083,
        "Tax Rate For Calcs": 0.050459,
        "Normalized EBITDA": 157500000.0,
        "Total Unusual Items": 21100000.0,
        "Total Unusual Items Excluding Goodwill": 21100000.0,
        "Net Income From Continuing Operation Net Minority Interest": -20700000.0,
        "Reconciled Depreciation": 80800000.0,
        "Reconciled Cost Of Revenue": 471100000.0,
        "EBITDA": 178600000.0,
        "EBIT": 97800000.0,
        "Net Interest Income": -119600000.0,
        "Interest Expense": 119600000.0,
        "Normalized Income": -40735321.100917,
        "Net Income From Continuing And Discontinued Operation": -20700000.0,
        "Total Expenses": 1276900000.0,
        "Rent Expense Supplemental": 216400000.0,
        "Total Operating Income As Reported": 71800000.0,
        "Diluted Average Shares": 361853000.0,
        "Basic Average Shares": 361853000.0,
        "Diluted EPS": -0.06,
        "Basic EPS": -0.06,
        "Diluted NI Availto Com Stockholders": -20700000.0,
        "Net Income Common Stockholders": -20700000.0,
        "Net Income": -20700000.0,
        "Net Income Including Noncontrolling Interests": -20700000.0,
        "Net Income Continuous Operations": -20700000.0,
        "Tax Provision": -1100000.0,
        "Pretax Income": -21800000.0,
        "Other Income Expense": 25900000.0,
        "Other Non Operating Income Expenses": -400000.0,
        "Special Income Charges": -77100000.0,
        "Other Special Charges": 77000000.0,
        "Restructuring And Mergern Acquisition": 100000.0,
        "Earnings From Equity Interest": 5200000.0,
        "Gain On Sale Of Security": 98200000.0,
        "Net Non Operating Interest Income Expense": -119600000.0,
        "Interest Expense Non Operating": 119600000.0,
        "Operating Income": 71900000.0,
        "Operating Expense": 805800000.0,
        "Other Operating Expenses": 454600000.0,
        "Depreciation Amortization Depletion Income Statement": 80800000.0,
        "Depreciation And Amortization In Income Statement": 80800000.0,
        "Selling General And Administration": 270400000.0,
        "General And Administrative Expense": 270400000.0,
        "Other Gand A": 54000000.0,
        "Rent And Landing Fees": 216400000.0,
        "Salaries And Wages": NaN,
        "Gross Profit": 877700000.0,
        "Cost Of Revenue": 471100000.0,
        "Total Revenue": 1348800000.0,
        "Operating Revenue": 1348800000.0
    },
    "2024-12-31": {
        "Tax Effect Of Unusual Items": -18963000.0,
        "Tax Rate For Calcs": 0.21,
        "Normalized EBITDA": 157600000.0,
        "Total Unusual Items": -90300000.0,
        "Total Unusual Items Excluding Goodwill": -90300000.0,
        "Net Income From Continuing Operation Net Minority Interest": -135600000.0,
        "Reconciled Depreciation": 78300000.0,
        "Reconciled Cost Of Revenue": 429200000.0,
        "EBITDA": 67300000.0,
        "EBIT": -11000000.0,
        "Net Interest Income": -123900000.0,
        "Interest Expense": 123900000.0,
        "Normalized Income": -64263000.0,
        "Net Income From Continuing And Discontinued Operation": -135600000.0,
        "Total Expenses": 1229300000.0,
        "Rent Expense Supplemental": 214300000.0,
        "Total Operating Income As Reported": 4700000.0,
        "Diluted Average Shares": 414417797.0,
        "Basic Average Shares": 414417797.0,
        "Diluted EPS": -0.35,
        "Basic EPS": -0.327206,
        "Diluted NI Availto Com Stockholders": -135600000.0,
        "Net Income Common Stockholders": -135600000.0,
        "Net Income": -135600000.0,
        "Net Income Including Noncontrolling Interests": -135600000.0,
        "Net Income Continuous Operations": -135600000.0,
        "Tax Provision": 700000.0,
        "Pretax Income": -134900000.0,
        "Other Income Expense": -88100000.0,
        "Other Non Operating Income Expenses": -300000.0,
        "Special Income Charges": -68600000.0,
        "Other Special Charges": -3700000.0,
        "Restructuring And Mergern Acquisition": 0.0,
        "Earnings From Equity Interest": 2500000.0,
        "Gain On Sale Of Security": -21700000.0,
        "Net Non Operating Interest Income Expense": -123900000.0,
        "Interest Expense Non Operating": 123900000.0,
        "Operating Income": 77100000.0,
        "Operating Expense": 800100000.0,
        "Other Operating Expenses": 441400000.0,
        "Depreciation Amortization Depletion Income Statement": 78300000.0,
        "Depreciation And Amortization In Income Statement": 78300000.0,
        "Selling General And Administration": 280400000.0,
        "General And Administrative Expense": 280400000.0,
        "Other Gand A": 66100000.0,
        "Rent And Landing Fees": 214300000.0,
        "Salaries And Wages": NaN,
        "Gross Profit": 877200000.0,
        "Cost Of Revenue": 429200000.0,
        "Total Revenue": 1306400000.0,
        "Operating Revenue": 1306400000.0
    },
    "2025-03-31": {
        "Tax Effect Of Unusual Items": 12768000.0,
        "Tax Rate For Calcs": 0.21,
        "Normalized EBITDA": -66100000.0,
        "Total Unusual Items": 60800000.0,
        "Total Unusual Items Excluding Goodwill": 60800000.0,
        "Net Income From Continuing Operation Net Minority Interest": -202100000.0,
        "Reconciled Depreciation": 76100000.0,
        "Reconciled Cost Of Revenue": 262000000.0,
        "EBITDA": -5300000.0,
        "EBIT": -81400000.0,
        "Net Interest Income": -119100000.0,
        "Interest Expense": 119100000.0,
        "Normalized Income": -250132000.0,
        "Net Income From Continuing And Discontinued Operation": -202100000.0,
        "Total Expenses": 1005200000.0,
        "Rent Expense Supplemental": 218100000.0,
        "Total Operating Income As Reported": -145900000.0,
        "Diluted Average Shares": 430973000.0,
        "Basic Average Shares": 430973000.0,
        "Diluted EPS": -0.47,
        "Basic EPS": -0.47,
        "Diluted NI Availto Com Stockholders": -202100000.0,
        "Net Income Common Stockholders": -202100000.0,
        "Net Income": -202100000.0,
        "Net Income Including Noncontrolling Interests": -202100000.0,
        "Net Income Continuous Operations": -202100000.0,
        "Tax Provision": 1600000.0,
        "Pretax Income": -200500000.0,
        "Other Income Expense": 61300000.0,
        "Other Non Operating Income Expenses": -300000.0,
        "Special Income Charges": -3000000.0,
        "Other Special Charges": NaN,
        "Restructuring And Mergern Acquisition": 3000000.0,
        "Earnings From Equity Interest": 800000.0,
        "Gain On Sale Of Security": 63800000.0,
        "Net Non Operating Interest Income Expense": -119100000.0,
        "Interest Expense Non Operating": 119100000.0,
        "Operating Income": -142700000.0,
        "Operating Expense": 743200000.0,
        "Other Operating Expenses": 393000000.0,
        "Depreciation Amortization Depletion Income Statement": 76100000.0,
        "Depreciation And Amortization In Income Statement": 76100000.0,
        "Selling General And Administration": 274100000.0,
        "General And Administrative Expense": 274100000.0,
        "Other Gand A": 56000000.0,
        "Rent And Landing Fees": 218100000.0,
        "Salaries And Wages": NaN,
        "Gross Profit": 600500000.0,
        "Cost Of Revenue": 262000000.0,
        "Total Revenue": 862500000.0,
        "Operating Revenue": 862500000.0
    },
    "2025-06-30": {
        "Tax Effect Of Unusual Items": 4473000.0,
        "Tax Rate For Calcs": 0.21,
        "Normalized EBITDA": 182600000.0,
        "Total Unusual Items": 21300000.0,
        "Total Unusual Items Excluding Goodwill": 21300000.0,
        "Net Income From Continuing Operation Net Minority Interest": -4700000.0,
        "Reconciled Depreciation": 77800000.0,
        "Reconciled Cost Of Revenue": 488200000.0,
        "EBITDA": 203900000.0,
        "EBIT": 126100000.0,
        "Net Interest Income": -129600000.0,
        "Interest Expense": 129600000.0,
        "Normalized Income": -21527000.0,
        "Net Income From Continuing And Discontinued Operation": -4700000.0,
        "Total Expenses": 1294900000.0,
        "Rent Expense Supplemental": 222600000.0,
        "Total Operating Income As Reported": 92600000.0,
        "Diluted Average Shares": 433144000.0,
        "Basic Average Shares": 433144000.0,
        "Diluted EPS": -0.01,
        "Basic EPS": -0.01,
        "Diluted NI Availto Com Stockholders": -4700000.0,
        "Net Income Common Stockholders": -4700000.0,
        "Net Income": -4700000.0,
        "Net Income Including Noncontrolling Interests": -4700000.0,
        "Net Income Continuous Operations": -4700000.0,
        "Tax Provision": 1200000.0,
        "Pretax Income": -3500000.0,
        "Other Income Expense": 23100000.0,
        "Other Non Operating Income Expenses": -300000.0,
        "Special Income Charges": -100000.0,
        "Other Special Charges": NaN,
        "Restructuring And Mergern Acquisition": 100000.0,
        "Earnings From Equity Interest": 2100000.0,
        "Gain On Sale Of Security": 21400000.0,
        "Net Non Operating Interest Income Expense": -129600000.0,
        "Interest Expense Non Operating": 129600000.0,
        "Operating Income": 103000000.0,
        "Operating Expense": 806700000.0,
        "Other Operating Expenses": 448100000.0,
        "Depreciation Amortization Depletion Income Statement": 77800000.0,
        "Depreciation And Amortization In Income Statement": 77800000.0,
        "Selling General And Administration": 280800000.0,
        "General And Administrative Expense": 280800000.0,
        "Other Gand A": 58200000.0,
        "Rent And Landing Fees": 222600000.0,
        "Salaries And Wages": NaN,
        "Gross Profit": 909700000.0,
        "Cost Of Revenue": 488200000.0,
        "Total Revenue": 1397900000.0,
        "Operating Revenue": 1397900000.0
    },
    "2025-09-30": {
        "Tax Effect Of Unusual Items": -20139000.0,
        "Tax Rate For Calcs": 0.21,
        "Normalized EBITDA": 17600000.0,
        "Total Unusual Items": -95900000.0,
        "Total Unusual Items Excluding Goodwill": -95900000.0,
        "Net Income From Continuing Operation Net Minority Interest": -298200000.0,
        "Reconciled Depreciation": 79400000.0,
        "Reconciled Cost Of Revenue": 441000000.0,
        "EBITDA": -78300000.0,
        "EBIT": -157700000.0,
        "Net Interest Income": -139300000.0,
        "Interest Expense": 139300000.0,
        "Normalized Income": -222439000.0,
        "Net Income From Continuing And Discontinued Operation": -298200000.0,
        "Total Expenses": 1363300000.0,
        "Rent Expense Supplemental": 224100000.0,
        "Total Operating Income As Reported": 35800000.0,
        "Diluted Average Shares": 513010000.0,
        "Basic Average Shares": 512943561.0,
        "Diluted EPS": -0.581351,
        "Basic EPS": -0.581351,
        "Diluted NI Availto Com Stockholders": -298200000.0,
        "Net Income Common Stockholders": -298200000.0,
        "Net Income": -298200000.0,
        "Net Income Including Noncontrolling Interests": -298200000.0,
        "Net Income Continuous Operations": -298200000.0,
        "Tax Provision": 1200000.0,
        "Pretax Income": -297000000.0,
        "Other Income Expense": -94600000.0,
        "Other Non Operating Income Expenses": -300000.0,
        "Special Income Charges": -99100000.0,
        "Other Special Charges": 99000000.0,
        "Restructuring And Mergern Acquisition": 100000.0,
        "Earnings From Equity Interest": 1600000.0,
        "Gain On Sale Of Security": 3200000.0,
        "Net Non Operating Interest Income Expense": -139300000.0,
        "Interest Expense Non Operating": 139300000.0,
        "Operating Income": -63100000.0,
        "Operating Expense": 922300000.0,
        "Other Operating Expenses": 563700000.0,
        "Depreciation Amortization Depletion Income Statement": 79400000.0,
        "Depreciation And Amortization In Income Statement": 79400000.0,
        "Selling General And Administration": 279200000.0,
        "General And Administrative Expense": 279200000.0,
        "Other Gand A": 55100000.0,
        "Rent And Landing Fees": 224100000.0,
        "Salaries And Wages": NaN,
        "Gross Profit": 859200000.0,
        "Cost Of Revenue": 441000000.0,
        "Total Revenue": 1300200000.0,
        "Operating Revenue": 1300200000.0
    }
}