{
    "2023-03-31": {
        "Tax Effect Of Unusual Items": -1483250.0,
        "Tax Rate For Calcs": 0.25,
        "Normalized EBITDA": 404690000.0,
        "Total Unusual Items": -5933000.0,
        "Total Unusual Items Excluding Goodwill": -5933000.0,
        "Net Income From Continuing Operation Net Minority Interest": 103610000.0,
        "Reconciled Depreciation": 212948000.0,
        "Reconciled Cost Of Revenue": 139656000.0,
        "EBITDA": 398757000.0,
        "EBIT": 185809000.0,
        "Net Interest Income": -29701000.0,
        "Interest Expense": 37617000.0,
        "Interest Income": 7916000.0,
        "Normalized Income": 108059750.0,
        "Net Income From Continuing And Discontinued Operation": 103610000.0,
        "Total Expenses": 538210000.0,
        "Total Operating Income As Reported": 173304000.0,
        "Diluted Average Shares": 43837000.0,
        "Basic Average Shares": 43628000.0,
        "Diluted EPS": 2.36,
        "Basic EPS": 2.37,
        "Diluted NI Availto Com Stockholders": 103610000.0,
        "Net Income Common Stockholders": 103610000.0,
        "Net Income": 103610000.0,
        "Minority Interests": -7683000.0,
        "Net Income Including Noncontrolling Interests": 111293000.0,
        "Net Income Continuous Operations": 111293000.0,
        "Tax Provision": 36899000.0,
        "Pretax Income": 148192000.0,
        "Other Income Expense": -1344000.0,
        "Other Non Operating Income Expenses": 4589000.0,
        "Special Income Charges": -5933000.0,
        "Write Off": NaN,
        "Impairment Of Capital Assets": NaN,
        "Restructuring And Mergern Acquisition": 5933000.0,
        "Net Non Operating Interest Income Expense": -29701000.0,
        "Interest Expense Non Operating": 37617000.0,
        "Interest Income Non Operating": 7916000.0,
        "Operating Income": 179237000.0,
        "Operating Expense": 211481000.0,
        "Depreciation Amortization Depletion Income Statement": 25875000.0,
        "Depreciation And Amortization In Income Statement": 25875000.0,
        "Selling General And Administration": 185606000.0,
        "Gross Profit": 390718000.0,
        "Cost Of Revenue": 326729000.0,
        "Total Revenue": 717447000.0,
        "Operating Revenue": 717447000.0
    },
    "2022-12-31": {
        "Tax Effect Of Unusual Items": NaN,
        "Tax Rate For Calcs": NaN,
        "Normalized EBITDA": NaN,
        "Total Unusual Items": NaN,
        "Total Unusual Items Excluding Goodwill": NaN,
        "Net Income From Continuing Operation Net Minority Interest": NaN,
        "Reconciled Depreciation": NaN,
        "Reconciled Cost Of Revenue": NaN,
        "EBITDA": NaN,
        "EBIT": NaN,
        "Net Interest Income": NaN,
        "Interest Expense": NaN,
        "Interest Income": NaN,
        "Normalized Income": NaN,
        "Net Income From Continuing And Discontinued Operation": NaN,
        "Total Expenses": NaN,
        "Total Operating Income As Reported": NaN,
        "Diluted Average Shares": NaN,
        "Basic Average Shares": NaN,
        "Diluted EPS": NaN,
        "Basic EPS": NaN,
        "Diluted NI Availto Com Stockholders": NaN,
        "Net Income Common Stockholders": NaN,
        "Net Income": NaN,
        "Minority Interests": NaN,
        "Net Income Including Noncontrolling Interests": NaN,
        "Net Income Continuous Operations": NaN,
        "Tax Provision": NaN,
        "Pretax Income": NaN,
        "Other Income Expense": NaN,
        "Other Non Operating Income Expenses": NaN,
        "Special Income Charges": NaN,
        "Other Special Charges": NaN,
        "Write Off": 403754000.0,
        "Impairment Of Capital Assets": NaN,
        "Restructuring And Mergern Acquisition": NaN,
        "Net Non Operating Interest Income Expense": NaN,
        "Interest Expense Non Operating": NaN,
        "Interest Income Non Operating": NaN,
        "Operating Income": NaN,
        "Operating Expense": NaN,
        "Depreciation Amortization Depletion Income Statement": NaN,
        "Depreciation And Amortization In Income Statement": NaN,
        "Selling General And Administration": NaN,
        "Gross Profit": NaN,
        "Cost Of Revenue": NaN,
        "Total Revenue": NaN,
        "Operating Revenue": NaN
    },
    "2022-09-30": {
        "Tax Effect Of Unusual Items": NaN,
        "Tax Rate For Calcs": NaN,
        "Normalized EBITDA": NaN,
        "Total Unusual Items": NaN,
        "Total Unusual Items Excluding Goodwill": NaN,
        "Net Income From Continuing Operation Net Minority Interest": NaN,
        "Reconciled Depreciation": NaN,
        "Reconciled Cost Of Revenue": NaN,
        "EBITDA": NaN,
        "EBIT": NaN,
        "Net Interest Income": NaN,
        "Interest Expense": NaN,
        "Interest Income": NaN,
        "Normalized Income": NaN,
        "Net Income From Continuing And Discontinued Operation": NaN,
        "Total Expenses": NaN,
        "Total Operating Income As Reported": NaN,
        "Diluted Average Shares": NaN,
        "Basic Average Shares": NaN,
        "Diluted EPS": NaN,
        "Basic EPS": NaN,
        "Diluted NI Availto Com Stockholders": NaN,
        "Net Income Common Stockholders": NaN,
        "Net Income": NaN,
        "Minority Interests": NaN,
        "Net Income Including Noncontrolling Interests": NaN,
        "Net Income Continuous Operations": NaN,
        "Tax Provision": NaN,
        "Pretax Income": NaN,
        "Other Income Expense": NaN,
        "Other Non Operating Income Expenses": NaN,
        "Special Income Charges": NaN,
        "Write Off": 0.0,
        "Impairment Of Capital Assets": 0.0,
        "Restructuring And Mergern Acquisition": NaN,
        "Net Non Operating Interest Income Expense": NaN,
        "Interest Expense Non Operating": NaN,
        "Interest Income Non Operating": NaN,
        "Operating Income": NaN,
        "Operating Expense": NaN,
        "Depreciation Amortization Depletion Income Statement": NaN,
        "Depreciation And Amortization In Income Statement": NaN,
        "Selling General And Administration": NaN,
        "Gross Profit": NaN,
        "Cost Of Revenue": NaN,
        "Total Revenue": NaN,
        "Operating Revenue": NaN
    },
    "2022-06-30": {
        "Tax Effect Of Unusual Items": 0.0,
        "Tax Rate For Calcs": 0.27,
        "Normalized EBITDA": 386197000.0,
        "Total Unusual Items": 0.0,
        "Total Unusual Items Excluding Goodwill": 0.0,
        "Net Income From Continuing Operation Net Minority Interest": 83429000.0,
        "Reconciled Depreciation": 231269000.0,
        "Reconciled Cost Of Revenue": 121734000.0,
        "EBITDA": 386197000.0,
        "EBIT": 154928000.0,
        "Net Interest Income": -29513000.0,
        "Interest Expense": 31980000.0,
        "Interest Income": 2467000.0,
        "Normalized Income": 83429000.0,
        "Net Income From Continuing And Discontinued Operation": 83429000.0,
        "Total Expenses": 584822000.0,
        "Total Operating Income As Reported": 153203000.0,
        "Diluted Average Shares": 43679000.0,
        "Basic Average Shares": 43192000.0,
        "Diluted EPS": 1.91,
        "Basic EPS": 1.93,
        "Diluted NI Availto Com Stockholders": 83429000.0,
        "Net Income Common Stockholders": 83429000.0,
        "Net Income": 83429000.0,
        "Minority Interests": -6491000.0,
        "Net Income Including Noncontrolling Interests": 89920000.0,
        "Net Income Continuous Operations": 89920000.0,
        "Tax Provision": 33028000.0,
        "Pretax Income": 122948000.0,
        "Other Income Expense": -742000.0,
        "Other Non Operating Income Expenses": -742000.0,
        "Special Income Charges": 0.0,
        "Write Off": 0.0,
        "Restructuring And Mergern Acquisition": 0.0,
        "Net Non Operating Interest Income Expense": -29513000.0,
        "Interest Expense Non Operating": 31980000.0,
        "Interest Income Non Operating": 2467000.0,
        "Operating Income": 153203000.0,
        "Operating Expense": 259050000.0,
        "Depreciation Amortization Depletion Income Statement": 27231000.0,
        "Depreciation And Amortization In Income Statement": 27231000.0,
        "Selling General And Administration": 231819000.0,
        "Gross Profit": 412253000.0,
        "Cost Of Revenue": 325772000.0,
        "Total Revenue": 738025000.0,
        "Operating Revenue": 738025000.0
    },
    "2022-03-31": {
        "Diluted EPS": 2.38,
        "Total Revenue": 712,
        "Gross Profit": 428,
        "Operating Income": 175,
        "EBIT": 401,
        "Net Income": 104
    },
    "2021-12-31": {
        "Diluted EPS": 0.37,
        "Total Revenue": 804,
        "Gross Profit": 369,
        "Operating Income": 64,
        "EBIT": 409,
        "Net Income": 17
    },
    "2021-09-30": {
        "Diluted EPS": 2.55,
        "Total Revenue": 811,
        "Gross Profit": 433,
        "Operating Income": 188,
        "EBIT": 490,
        "Net Income": 111
    },
    "2021-06-30": {
        "Diluted EPS": 0.83,
        "Total Revenue": 771,
        "Gross Profit": 433,
        "Operating Income": 68,
        "EBIT": 278,
        "Net Income": 36
    },
    "2021-03-31": {
        "Diluted EPS": 2.02,
        "Total Revenue": 692,
        "Gross Profit": 411,
        "Operating Income": 170,
        "EBIT": 353,
        "Net Income": 87
    },
    "2020-12-31": {
        "Diluted EPS": 1.97,
        "Total Revenue": 780,
        "Gross Profit": 339,
        "Operating Income": 81,
        "EBIT": 417,
        "Net Income": 95
    },
    "2020-09-30": {
        "Diluted EPS": 1.17,
        "Total Revenue": 654,
        "Gross Profit": 320,
        "Operating Income": 139,
        "EBIT": 383,
        "Net Income": 62
    },
    "2020-06-30": {
        "Diluted EPS": 0.28,
        "Total Revenue": 646,
        "Gross Profit": 364,
        "Operating Income": 49,
        "EBIT": 275,
        "Net Income": 15
    },
    "2020-03-31": {
        "Diluted EPS": 1.22,
        "Total Revenue": 734,
        "Gross Profit": 390,
        "Operating Income": 173,
        "EBIT": 432,
        "Net Income": 69
    },
    "2019-12-31": {
        "Diluted EPS": -0.13,
        "Total Revenue": 785,
        "Gross Profit": 359,
        "Operating Income": 42,
        "EBIT": 355,
        "Net Income": -9
    },
    "2019-09-30": {
        "Diluted EPS": 2.07,
        "Total Revenue": 719,
        "Gross Profit": 364,
        "Operating Income": 168,
        "EBIT": 430,
        "Net Income": 117
    },
    "2019-06-30": {
        "Diluted EPS": 2.25,
        "Total Revenue": 772,
        "Gross Profit": 387,
        "Operating Income": 170,
        "EBIT": 467,
        "Net Income": 129
    },
    "2019-03-31": {
        "Diluted EPS": 2.48,
        "Total Revenue": 784,
        "Gross Profit": 444,
        "Operating Income": 245,
        "EBIT": 479,
        "Net Income": 143
    },
    "2018-12-31": {
        "Diluted EPS": 1.28,
        "Total Revenue": 773,
        "Gross Profit": 370,
        "Operating Income": 137,
        "EBIT": 447,
        "Net Income": 72
    },
    "2018-09-30": {
        "Diluted EPS": 1.93,
        "Total Revenue": 697,
        "Gross Profit": 350,
        "Operating Income": 165,
        "EBIT": 408,
        "Net Income": 111
    },
    "2018-06-30": {
        "Diluted EPS": 1.82,
        "Total Revenue": 761,
        "Gross Profit": 385,
        "Operating Income": 192,
        "EBIT": 470,
        "Net Income": 106
    },
    "2018-03-31": {
        "Diluted EPS": 2.54,
        "Total Revenue": 741,
        "Gross Profit": 420,
        "Operating Income": 234,
        "EBIT": 479,
        "Net Income": 157
    },
    "2017-12-31": {
        "Diluted EPS": 2.31,
        "Total Revenue": 727,
        "Gross Profit": 342,
        "Operating Income": 162,
        "EBIT": 485,
        "Net Income": 145
    },
    "2017-09-30": {
        "Diluted EPS": 1.35,
        "Total Revenue": 648,
        "Gross Profit": 325,
        "Operating Income": 153,
        "EBIT": 415,
        "Net Income": 87
    },
    "2017-06-30": {
        "Diluted EPS": 1.54,
        "Total Revenue": 711,
        "Gross Profit": 376,
        "Operating Income": 176,
        "EBIT": 437,
        "Net Income": 103
    },
    "2017-03-31": {
        "Diluted EPS": 1.98,
        "Total Revenue": 720,
        "Gross Profit": 422,
        "Operating Income": 232,
        "EBIT": 461,
        "Net Income": 136
    },
    "2016-12-31": {
        "Diluted EPS": 0.23,
        "Total Revenue": 730,
        "Gross Profit": 368,
        "Operating Income": 104,
        "EBIT": 381,
        "Net Income": 14
    },
    "2016-09-30": {
        "Diluted EPS": 0.91,
        "Total Revenue": 635,
        "Gross Profit": 296,
        "Operating Income": 117,
        "EBIT": 386,
        "Net Income": 65
    },
    "2016-06-30": {
        "Diluted EPS": 1.05,
        "Total Revenue": 685,
        "Gross Profit": 379,
        "Operating Income": 178,
        "EBIT": 409,
        "Net Income": 77
    },
    "2016-03-31": {
        "Diluted EPS": 1.55,
        "Total Revenue": 707,
        "Gross Profit": 432,
        "Operating Income": 259,
        "EBIT": 455,
        "Net Income": 113
    },
    "2015-12-31": {
        "Diluted EPS": 1.22,
        "Total Revenue": 679,
        "Gross Profit": 357,
        "Operating Income": 160,
        "EBIT": 410,
        "Net Income": 90
    },
    "2015-09-30": {
        "Diluted EPS": 0.99,
        "Total Revenue": 632,
        "Gross Profit": 339,
        "Operating Income": 159,
        "EBIT": 369,
        "Net Income": 73
    },
    "2015-06-30": {
        "Diluted EPS": 1.14,
        "Total Revenue": 601,
        "Gross Profit": 341,
        "Operating Income": 159,
        "EBIT": 359,
        "Net Income": 83
    },
    "2015-03-31": {
        "Diluted EPS": 1.66,
        "Total Revenue": 669,
        "Gross Profit": 407,
        "Operating Income": 231,
        "EBIT": 428,
        "Net Income": 121
    },
    "2014-12-31": {
        "Diluted EPS": 1.06,
        "Total Revenue": 609,
        "Gross Profit": 328,
        "Operating Income": 159,
        "EBIT": 355,
        "Net Income": 78
    },
    "2014-09-30": {
        "Diluted EPS": 0.73,
        "Total Revenue": 520,
        "Gross Profit": 267,
        "Operating Income": 110,
        "EBIT": 300,
        "Net Income": 53
    },
    "2014-06-30": {
        "Diluted EPS": 0.81,
        "Total Revenue": 522,
        "Gross Profit": 290,
        "Operating Income": 129,
        "EBIT": 294,
        "Net Income": 59
    },
    "2014-03-31": {
        "Diluted EPS": 0.98,
        "Total Revenue": 525,
        "Gross Profit": 307,
        "Operating Income": 148,
        "EBIT": 316,
        "Net Income": 71
    },
    "2013-12-31": {
        "Diluted EPS": 0.48,
        "Total Revenue": 435,
        "Gross Profit": 204,
        "Operating Income": 85,
        "EBIT": 286,
        "Net Income": 35
    },
    "2013-09-30": {
        "Diluted EPS": 0.8,
        "Total Revenue": 395,
        "Gross Profit": 238,
        "Operating Income": 122,
        "EBIT": 248,
        "Net Income": 58
    },
    "2013-06-30": {
        "Diluted EPS": 1.87,
        "Total Revenue": 379,
        "Gross Profit": 242,
        "Operating Income": 247,
        "EBIT": 374,
        "Net Income": 136
    },
    "2013-03-31": {
        "Diluted EPS": 0.85,
        "Total Revenue": 382,
        "Gross Profit": 245,
        "Operating Income": 127,
        "EBIT": 249,
        "Net Income": 62
    },
    "2012-12-31": {
        "Diluted EPS": 0.2,
        "Total Revenue": 367,
        "Gross Profit": 208,
        "Operating Income": 81,
        "EBIT": 225,
        "Net Income": 15
    },
    "2012-09-30": {
        "Diluted EPS": 0.51,
        "Total Revenue": 332,
        "Gross Profit": 202,
        "Operating Income": 87,
        "EBIT": 200,
        "Net Income": 37
    },
    "2012-06-30": {
        "Diluted EPS": 0.58,
        "Total Revenue": 328,
        "Gross Profit": 213,
        "Operating Income": 98,
        "EBIT": 204,
        "Net Income": 42
    },
    "2012-03-31": {
        "Diluted EPS": 0.6,
        "Total Revenue": 326,
        "Gross Profit": 221,
        "Operating Income": 97,
        "EBIT": 194,
        "Net Income": 43
    },
    "2011-12-31": {
        "Diluted EPS": 0.42,
        "Total Revenue": 339,
        "Gross Profit": 196,
        "Operating Income": 79,
        "EBIT": 217,
        "Net Income": 29
    },
    "2011-09-30": {
        "Diluted EPS": 0.55,
        "Total Revenue": 284,
        "Gross Profit": 187,
        "Operating Income": 94,
        "EBIT": 189,
        "Net Income": 40
    },
    "2011-06-30": {
        "Diluted EPS": 0.39,
        "Total Revenue": 292,
        "Gross Profit": 196,
        "Operating Income": 82,
        "EBIT": 178,
        "Net Income": 27
    },
    "2011-03-31": {
        "Diluted EPS": 0.43,
        "Total Revenue": 273,
        "Gross Profit": 182,
        "Operating Income": 71,
        "EBIT": 157,
        "Net Income": 30
    },
    "2010-12-31": {
        "Diluted EPS": 0.0,
        "Total Revenue": NaN,
        "Gross Profit": NaN,
        "Operating Income": NaN,
        "EBIT": NaN,
        "Net Income": NaN
    },
    "2010-09-30": {
        "Diluted EPS": 0.37,
        "Total Revenue": 271,
        "Gross Profit": 184,
        "Operating Income": 77,
        "EBIT": 164,
        "Net Income": 25
    },
    "2010-06-30": {
        "Diluted EPS": 0.32,
        "Total Revenue": 260,
        "Gross Profit": 176,
        "Operating Income": 72,
        "EBIT": 72,
        "Net Income": 22
    },
    "2009-12-31": {
        "Diluted EPS": 0.0,
        "Total Revenue": NaN,
        "Gross Profit": NaN,
        "Operating Income": NaN,
        "EBIT": NaN,
        "Net Income": NaN
    },
    "2023-06-30": {
        "Tax Effect Of Unusual Items": NaN,
        "Tax Rate For Calcs": NaN,
        "Normalized EBITDA": NaN,
        "Total Unusual Items": NaN,
        "Total Unusual Items Excluding Goodwill": NaN,
        "Net Income From Continuing Operation Net Minority Interest": NaN,
        "Reconciled Depreciation": NaN,
        "Reconciled Cost Of Revenue": NaN,
        "EBITDA": NaN,
        "EBIT": NaN,
        "Net Interest Income": NaN,
        "Interest Expense": NaN,
        "Interest Income": NaN,
        "Normalized Income": NaN,
        "Net Income From Continuing And Discontinued Operation": NaN,
        "Total Expenses": NaN,
        "Total Operating Income As Reported": NaN,
        "Diluted Average Shares": NaN,
        "Basic Average Shares": NaN,
        "Diluted EPS": NaN,
        "Basic EPS": NaN,
        "Diluted NI Availto Com Stockholders": NaN,
        "Net Income Common Stockholders": NaN,
        "Otherunder Preferred Stock Dividend": NaN,
        "Net Income": NaN,
        "Minority Interests": NaN,
        "Net Income Including Noncontrolling Interests": NaN,
        "Net Income Continuous Operations": NaN,
        "Tax Provision": NaN,
        "Pretax Income": NaN,
        "Other Income Expense": NaN,
        "Other Non Operating Income Expenses": NaN,
        "Special Income Charges": NaN,
        "Other Special Charges": NaN,
        "Write Off": 24882000.0,
        "Impairment Of Capital Assets": NaN,
        "Restructuring And Mergern Acquisition": NaN,
        "Net Non Operating Interest Income Expense": NaN,
        "Interest Expense Non Operating": NaN,
        "Interest Income Non Operating": NaN,
        "Operating Income": NaN,
        "Operating Expense": NaN,
        "Depreciation Amortization Depletion Income Statement": NaN,
        "Depreciation And Amortization In Income Statement": NaN,
        "Selling General And Administration": NaN,
        "Gross Profit": NaN,
        "Cost Of Revenue": NaN,
        "Total Revenue": NaN,
        "Operating Revenue": NaN
    },
    "2023-09-30": {
        "Tax Effect Of Unusual Items": NaN,
        "Tax Rate For Calcs": NaN,
        "Normalized EBITDA": NaN,
        "Total Unusual Items": NaN,
        "Total Unusual Items Excluding Goodwill": NaN,
        "Net Income From Continuing Operation Net Minority Interest": NaN,
        "Reconciled Depreciation": NaN,
        "Reconciled Cost Of Revenue": NaN,
        "EBITDA": NaN,
        "EBIT": NaN,
        "Net Interest Income": NaN,
        "Interest Expense": NaN,
        "Interest Income": NaN,
        "Normalized Income": NaN,
        "Net Income From Continuing And Discontinued Operation": NaN,
        "Total Expenses": NaN,
        "Total Operating Income As Reported": NaN,
        "Diluted Average Shares": NaN,
        "Basic Average Shares": NaN,
        "Diluted EPS": NaN,
        "Basic EPS": NaN,
        "Diluted NI Availto Com Stockholders": NaN,
        "Net Income Common Stockholders": NaN,
        "Otherunder Preferred Stock Dividend": 0.0,
        "Net Income": NaN,
        "Minority Interests": NaN,
        "Net Income Including Noncontrolling Interests": NaN,
        "Net Income Continuous Operations": NaN,
        "Tax Provision": NaN,
        "Pretax Income": NaN,
        "Other Income Expense": NaN,
        "Other Non Operating Income Expenses": NaN,
        "Special Income Charges": NaN,
        "Other Special Charges": NaN,
        "Write Off": NaN,
        "Impairment Of Capital Assets": 5400000.0,
        "Restructuring And Mergern Acquisition": NaN,
        "Net Non Operating Interest Income Expense": NaN,
        "Interest Expense Non Operating": NaN,
        "Interest Income Non Operating": NaN,
        "Operating Income": NaN,
        "Operating Expense": NaN,
        "Depreciation Amortization Depletion Income Statement": NaN,
        "Depreciation And Amortization In Income Statement": NaN,
        "Selling General And Administration": NaN,
        "Gross Profit": NaN,
        "Cost Of Revenue": NaN,
        "Total Revenue": NaN,
        "Operating Revenue": NaN
    },
    "2023-12-31": {
        "Tax Effect Of Unusual Items": -15047970.0,
        "Tax Rate For Calcs": 0.21,
        "Normalized EBITDA": 388295000.0,
        "Total Unusual Items": -71657000.0,
        "Total Unusual Items Excluding Goodwill": -71657000.0,
        "Net Income From Continuing Operation Net Minority Interest": -21809000.0,
        "Reconciled Depreciation": 307246000.0,
        "Reconciled Cost Of Revenue": 114437000.0,
        "EBITDA": 316638000.0,
        "EBIT": 9392000.0,
        "Net Interest Income": -27325000.0,
        "Interest Expense": 37399000.0,
        "Interest Income": 10074000.0,
        "Normalized Income": 34800030.0,
        "Net Income From Continuing And Discontinued Operation": -21809000.0,
        "Total Expenses": 618634000.0,
        "Total Operating Income As Reported": -11443000.0,
        "Diluted Average Shares": 43951000.0,
        "Basic Average Shares": 43951000.0,
        "Diluted EPS": -0.5,
        "Basic EPS": -0.5,
        "Diluted NI Availto Com Stockholders": -21809000.0,
        "Net Income Common Stockholders": -21809000.0,
        "Otherunder Preferred Stock Dividend": NaN,
        "Net Income": -21809000.0,
        "Minority Interests": 18079000.0,
        "Net Income Including Noncontrolling Interests": -39888000.0,
        "Net Income Continuous Operations": -39888000.0,
        "Tax Provision": 11881000.0,
        "Pretax Income": -28007000.0,
        "Other Income Expense": -60896000.0,
        "Other Non Operating Income Expenses": 10761000.0,
        "Special Income Charges": -71657000.0,
        "Other Special Charges": NaN,
        "Write Off": NaN,
        "Impairment Of Capital Assets": NaN,
        "Restructuring And Mergern Acquisition": -5027000.0,
        "Net Non Operating Interest Income Expense": -27325000.0,
        "Interest Expense Non Operating": 37399000.0,
        "Interest Income Non Operating": 10074000.0,
        "Operating Income": 60214000.0,
        "Operating Expense": 224724000.0,
        "Depreciation Amortization Depletion Income Statement": 27773000.0,
        "Depreciation And Amortization In Income Statement": 27773000.0,
        "Selling General And Administration": 196951000.0,
        "Gross Profit": 284938000.0,
        "Cost Of Revenue": 393910000.0,
        "Total Revenue": 678848000.0,
        "Operating Revenue": 678848000.0
    },
    "2024-03-31": {
        "Tax Effect Of Unusual Items": NaN,
        "Tax Rate For Calcs": NaN,
        "Normalized EBITDA": NaN,
        "Total Unusual Items": NaN,
        "Total Unusual Items Excluding Goodwill": NaN,
        "Net Income From Continuing Operation Net Minority Interest": NaN,
        "Reconciled Depreciation": NaN,
        "Reconciled Cost Of Revenue": NaN,
        "EBITDA": NaN,
        "EBIT": NaN,
        "Net Interest Income": NaN,
        "Interest Expense": NaN,
        "Interest Income": NaN,
        "Normalized Income": NaN,
        "Net Income From Continuing And Discontinued Operation": NaN,
        "Total Expenses": NaN,
        "Total Operating Income As Reported": NaN,
        "Diluted Average Shares": NaN,
        "Basic Average Shares": NaN,
        "Diluted EPS": NaN,
        "Basic EPS": NaN,
        "Diluted NI Availto Com Stockholders": NaN,
        "Net Income Common Stockholders": NaN,
        "Otherunder Preferred Stock Dividend": 0.0,
        "Net Income": NaN,
        "Minority Interests": NaN,
        "Net Income Including Noncontrolling Interests": NaN,
        "Net Income Continuous Operations": NaN,
        "Tax Provision": NaN,
        "Pretax Income": NaN,
        "Other Income Expense": NaN,
        "Other Non Operating Income Expenses": NaN,
        "Special Income Charges": NaN,
        "Other Special Charges": NaN,
        "Write Off": NaN,
        "Impairment Of Capital Assets": NaN,
        "Restructuring And Mergern Acquisition": NaN,
        "Net Non Operating Interest Income Expense": NaN,
        "Interest Expense Non Operating": NaN,
        "Interest Income Non Operating": NaN,
        "Operating Income": NaN,
        "Operating Expense": NaN,
        "Depreciation Amortization Depletion Income Statement": NaN,
        "Depreciation And Amortization In Income Statement": NaN,
        "Selling General And Administration": NaN,
        "Gross Profit": NaN,
        "Cost Of Revenue": NaN,
        "Total Revenue": NaN,
        "Operating Revenue": NaN
    },
    "2024-06-30": {
        "Tax Effect Of Unusual Items": NaN,
        "Tax Rate For Calcs": NaN,
        "Normalized EBITDA": NaN,
        "Total Unusual Items": NaN,
        "Total Unusual Items Excluding Goodwill": NaN,
        "Net Income From Continuing Operation Net Minority Interest": NaN,
        "Reconciled Depreciation": NaN,
        "Reconciled Cost Of Revenue": NaN,
        "EBITDA": NaN,
        "EBIT": NaN,
        "Net Interest Income": NaN,
        "Interest Expense": NaN,
        "Interest Income": NaN,
        "Normalized Income": NaN,
        "Net Income From Continuing And Discontinued Operation": NaN,
        "Total Expenses": NaN,
        "Total Operating Income As Reported": NaN,
        "Diluted Average Shares": NaN,
        "Basic Average Shares": NaN,
        "Diluted EPS": NaN,
        "Basic EPS": NaN,
        "Diluted NI Availto Com Stockholders": NaN,
        "Net Income Common Stockholders": NaN,
        "Otherunder Preferred Stock Dividend": 0.0,
        "Net Income": NaN,
        "Minority Interests": NaN,
        "Net Income Including Noncontrolling Interests": NaN,
        "Net Income Continuous Operations": NaN,
        "Tax Provision": NaN,
        "Pretax Income": NaN,
        "Other Income Expense": NaN,
        "Other Non Operating Income Expenses": NaN,
        "Special Income Charges": NaN,
        "Other Special Charges": -247000.0,
        "Write Off": -381000.0,
        "Impairment Of Capital Assets": 97200000.0,
        "Restructuring And Mergern Acquisition": NaN,
        "Net Non Operating Interest Income Expense": NaN,
        "Interest Expense Non Operating": NaN,
        "Interest Income Non Operating": NaN,
        "Operating Income": NaN,
        "Operating Expense": NaN,
        "Depreciation Amortization Depletion Income Statement": NaN,
        "Depreciation And Amortization In Income Statement": NaN,
        "Selling General And Administration": NaN,
        "Gross Profit": NaN,
        "Cost Of Revenue": NaN,
        "Total Revenue": NaN,
        "Operating Revenue": NaN
    },
    "2024-09-30": {
        "Tax Effect Of Unusual Items": -1154400.0,
        "Tax Rate For Calcs": 0.3,
        "Normalized EBITDA": 365389000.0,
        "Total Unusual Items": -3848000.0,
        "Total Unusual Items Excluding Goodwill": -3848000.0,
        "Net Income From Continuing Operation Net Minority Interest": 41382000.0,
        "Reconciled Depreciation": 250087000.0,
        "Reconciled Cost Of Revenue": 60756000.0,
        "EBITDA": 361541000.0,
        "EBIT": 111454000.0,
        "Net Interest Income": -35820000.0,
        "Interest Expense": 45123000.0,
        "Interest Income": 9303000.0,
        "Normalized Income": 44075600.0,
        "Net Income From Continuing And Discontinued Operation": 41382000.0,
        "Total Expenses": 502465000.0,
        "Total Operating Income As Reported": 93653000.0,
        "Diluted Average Shares": 56149000.0,
        "Basic Average Shares": 44607000.0,
        "Diluted EPS": 0.76,
        "Basic EPS": 0.93,
        "Diluted NI Availto Com Stockholders": 42526000.0,
        "Net Income Common Stockholders": 42526000.0,
        "Otherunder Preferred Stock Dividend": -1144000.0,
        "Net Income": 41382000.0,
        "Minority Interests": -5058000.0,
        "Net Income Including Noncontrolling Interests": 46440000.0,
        "Net Income Continuous Operations": 46440000.0,
        "Tax Provision": 19891000.0,
        "Pretax Income": 66331000.0,
        "Other Income Expense": 5002000.0,
        "Other Non Operating Income Expenses": 8850000.0,
        "Special Income Charges": -3848000.0,
        "Other Special Charges": 352000.0,
        "Write Off": 0.0,
        "Impairment Of Capital Assets": 0.0,
        "Restructuring And Mergern Acquisition": 3496000.0,
        "Net Non Operating Interest Income Expense": -35820000.0,
        "Interest Expense Non Operating": 45123000.0,
        "Interest Income Non Operating": 9303000.0,
        "Operating Income": 97149000.0,
        "Operating Expense": 214719000.0,
        "Depreciation Amortization Depletion Income Statement": 23097000.0,
        "Depreciation And Amortization In Income Statement": 23097000.0,
        "Selling General And Administration": 191622000.0,
        "Gross Profit": 311868000.0,
        "Cost Of Revenue": 287746000.0,
        "Total Revenue": 599614000.0,
        "Operating Revenue": 599614000.0
    },
    "2024-12-31": {
        "Tax Effect Of Unusual Items": -12591639.374434,
        "Tax Rate For Calcs": 0.03642,
        "Normalized EBITDA": 360560000.0,
        "Total Unusual Items": -345731000.0,
        "Total Unusual Items Excluding Goodwill": -345731000.0,
        "Net Income From Continuing Operation Net Minority Interest": -284497000.0,
        "Reconciled Depreciation": 270287000.0,
        "Reconciled Cost Of Revenue": 44856000.0,
        "EBITDA": 14829000.0,
        "EBIT": -255458000.0,
        "Net Interest Income": -35683000.0,
        "Interest Expense": 45006000.0,
        "Interest Income": 9323000.0,
        "Normalized Income": 48642360.625566,
        "Net Income From Continuing And Discontinued Operation": -284497000.0,
        "Total Expenses": 507793000.0,
        "Total Operating Income As Reported": -254219000.0,
        "Diluted Average Shares": 44609000.0,
        "Basic Average Shares": 44609000.0,
        "Diluted EPS": -6.38,
        "Basic EPS": -6.38,
        "Diluted NI Availto Com Stockholders": -285757000.0,
        "Net Income Common Stockholders": -285757000.0,
        "Otherunder Preferred Stock Dividend": NaN,
        "Net Income": -284497000.0,
        "Minority Interests": 5024000.0,
        "Net Income Including Noncontrolling Interests": -289521000.0,
        "Net Income Continuous Operations": -289521000.0,
        "Tax Provision": -10943000.0,
        "Pretax Income": -300464000.0,
        "Other Income Expense": -356293000.0,
        "Other Non Operating Income Expenses": -10562000.0,
        "Special Income Charges": -345731000.0,
        "Other Special Charges": 0.0,
        "Write Off": NaN,
        "Impairment Of Capital Assets": NaN,
        "Restructuring And Mergern Acquisition": -1180000.0,
        "Net Non Operating Interest Income Expense": -35683000.0,
        "Interest Expense Non Operating": 45006000.0,
        "Interest Income Non Operating": 9323000.0,
        "Operating Income": 91512000.0,
        "Operating Expense": 215249000.0,
        "Depreciation Amortization Depletion Income Statement": 22599000.0,
        "Depreciation And Amortization In Income Statement": 22599000.0,
        "Selling General And Administration": 192650000.0,
        "Gross Profit": 306761000.0,
        "Cost Of Revenue": 292544000.0,
        "Total Revenue": 599305000.0,
        "Operating Revenue": 599305000.0
    },
    "2025-03-31": {
        "Tax Effect Of Unusual Items": -1915600.0,
        "Tax Rate For Calcs": 0.4,
        "Normalized EBITDA": 304096000.0,
        "Total Unusual Items": -4789000.0,
        "Total Unusual Items Excluding Goodwill": -4789000.0,
        "Net Income From Continuing Operation Net Minority Interest": 18049000.0,
        "Reconciled Depreciation": 218807000.0,
        "Reconciled Cost Of Revenue": 69465000.0,
        "EBITDA": 299307000.0,
        "EBIT": 80500000.0,
        "Net Interest Income": -34977000.0,
        "Interest Expense": 43392000.0,
        "Interest Income": 8415000.0,
        "Normalized Income": 20922400.0,
        "Net Income From Continuing And Discontinued Operation": 18049000.0,
        "Total Expenses": 486247000.0,
        "Total Operating Income As Reported": 64197000.0,
        "Diluted Average Shares": 56616000.0,
        "Basic Average Shares": 44821000.0,
        "Diluted EPS": 0.34,
        "Basic EPS": 0.4,
        "Diluted NI Availto Com Stockholders": 19195000.0,
        "Net Income Common Stockholders": 19195000.0,
        "Otherunder Preferred Stock Dividend": -1146000.0,
        "Net Income": 18049000.0,
        "Minority Interests": -4104000.0,
        "Net Income Including Noncontrolling Interests": 22153000.0,
        "Net Income Continuous Operations": 22153000.0,
        "Tax Provision": 14955000.0,
        "Pretax Income": 37108000.0,
        "Other Income Expense": 3099000.0,
        "Other Non Operating Income Expenses": 7888000.0,
        "Special Income Charges": -4789000.0,
        "Other Special Charges": NaN,
        "Write Off": NaN,
        "Impairment Of Capital Assets": NaN,
        "Restructuring And Mergern Acquisition": 4789000.0,
        "Net Non Operating Interest Income Expense": -34977000.0,
        "Interest Expense Non Operating": 43392000.0,
        "Interest Income Non Operating": 8415000.0,
        "Operating Income": 68986000.0,
        "Operating Expense": 218901000.0,
        "Depreciation Amortization Depletion Income Statement": 20926000.0,
        "Depreciation And Amortization In Income Statement": 20926000.0,
        "Selling General And Administration": 197975000.0,
        "Gross Profit": 287887000.0,
        "Cost Of Revenue": 267346000.0,
        "Total Revenue": 555233000.0,
        "Operating Revenue": 555233000.0
    },
    "2025-06-30": {
        "Tax Effect Of Unusual Items": 5109680.0,
        "Tax Rate For Calcs": 0.23,
        "Normalized EBITDA": 327218000.0,
        "Total Unusual Items": 22216000.0,
        "Total Unusual Items Excluding Goodwill": 22216000.0,
        "Net Income From Continuing Operation Net Minority Interest": 50289000.0,
        "Reconciled Depreciation": 238196000.0,
        "Reconciled Cost Of Revenue": 72126000.0,
        "EBITDA": 349434000.0,
        "EBIT": 111238000.0,
        "Net Interest Income": -34255000.0,
        "Interest Expense": 42460000.0,
        "Interest Income": 8205000.0,
        "Normalized Income": 33182680.0,
        "Net Income From Continuing And Discontinued Operation": 50289000.0,
        "Total Expenses": 532026000.0,
        "Total Operating Income As Reported": 64469000.0,
        "Diluted Average Shares": 56350000.0,
        "Basic Average Shares": 44868000.0,
        "Diluted EPS": 0.91,
        "Basic EPS": 1.12,
        "Diluted NI Availto Com Stockholders": 51434000.0,
        "Net Income Common Stockholders": 51434000.0,
        "Otherunder Preferred Stock Dividend": -1145000.0,
        "Net Income": 50289000.0,
        "Minority Interests": -2417000.0,
        "Net Income Including Noncontrolling Interests": 52706000.0,
        "Net Income Continuous Operations": 52706000.0,
        "Tax Provision": 16072000.0,
        "Pretax Income": 68778000.0,
        "Other Income Expense": 35035000.0,
        "Other Non Operating Income Expenses": 12819000.0,
        "Special Income Charges": 22216000.0,
        "Other Special Charges": -25745000.0,
        "Write Off": 0.0,
        "Impairment Of Capital Assets": NaN,
        "Restructuring And Mergern Acquisition": 3529000.0,
        "Net Non Operating Interest Income Expense": -34255000.0,
        "Interest Expense Non Operating": 42460000.0,
        "Interest Income Non Operating": 8205000.0,
        "Operating Income": 67998000.0,
        "Operating Expense": 248150000.0,
        "Depreciation Amortization Depletion Income Statement": 26446000.0,
        "Depreciation And Amortization In Income Statement": 26446000.0,
        "Selling General And Administration": 221704000.0,
        "Gross Profit": 316148000.0,
        "Cost Of Revenue": 283876000.0,
        "Total Revenue": 600024000.0,
        "Operating Revenue": 600024000.0
    },
    "2025-09-30": {
        "Tax Effect Of Unusual Items": 35292950.0,
        "Tax Rate For Calcs": 0.35,
        "Normalized EBITDA": 304200000.0,
        "Total Unusual Items": 100837000.0,
        "Total Unusual Items Excluding Goodwill": 100837000.0,
        "Net Income From Continuing Operation Net Minority Interest": 76529000.0,
        "Reconciled Depreciation": 237617000.0,
        "Reconciled Cost Of Revenue": 74836000.0,
        "EBITDA": 405037000.0,
        "EBIT": 167420000.0,
        "Net Interest Income": -38461000.0,
        "Interest Expense": 44574000.0,
        "Interest Income": 6113000.0,
        "Normalized Income": 10984950.0,
        "Net Income From Continuing And Discontinued Operation": 76529000.0,
        "Total Expenses": 501744000.0,
        "Total Operating Income As Reported": 55518000.0,
        "Diluted Average Shares": 56275000.0,
        "Basic Average Shares": 44136000.0,
        "Diluted EPS": 1.38,
        "Basic EPS": 1.73,
        "Diluted NI Availto Com Stockholders": 77675000.0,
        "Net Income Common Stockholders": 77675000.0,
        "Otherunder Preferred Stock Dividend": -1146000.0,
        "Net Income": 76529000.0,
        "Minority Interests": -3552000.0,
        "Net Income Including Noncontrolling Interests": 80081000.0,
        "Net Income Continuous Operations": 80081000.0,
        "Tax Provision": 42765000.0,
        "Pretax Income": 122846000.0,
        "Other Income Expense": 101310000.0,
        "Other Non Operating Income Expenses": 473000.0,
        "Special Income Charges": 100837000.0,
        "Other Special Charges": -105316000.0,
        "Write Off": 0.0,
        "Impairment Of Capital Assets": NaN,
        "Restructuring And Mergern Acquisition": 4479000.0,
        "Net Non Operating Interest Income Expense": -38461000.0,
        "Interest Expense Non Operating": 44574000.0,
        "Interest Income Non Operating": 6113000.0,
        "Operating Income": 59997000.0,
        "Operating Expense": 210669000.0,
        "Depreciation Amortization Depletion Income Statement": 21378000.0,
        "Depreciation And Amortization In Income Statement": 21378000.0,
        "Selling General And Administration": 189291000.0,
        "Gross Profit": 270666000.0,
        "Cost Of Revenue": 291075000.0,
        "Total Revenue": 561741000.0,
        "Operating Revenue": 561741000.0
    }
}