{
    "2023-06-30": {
        "Tax Effect Of Unusual Items": -26344710.0,
        "Tax Rate For Calcs": 0.21,
        "Normalized EBITDA": 85270000.0,
        "Total Unusual Items": -125451000.0,
        "Total Unusual Items Excluding Goodwill": -125451000.0,
        "Net Income From Continuing Operation Net Minority Interest": -80275000.0,
        "Reconciled Depreciation": 14548000.0,
        "Reconciled Cost Of Revenue": 287632000.0,
        "EBITDA": -40181000.0,
        "EBIT": -54729000.0,
        "Net Interest Income": -6760000.0,
        "Interest Expense": 7502000.0,
        "Interest Income": 742000.0,
        "Normalized Income": 18831290.0,
        "Net Income From Continuing And Discontinued Operation": -80275000.0,
        "Total Expenses": 495722000.0,
        "Total Operating Income As Reported": 37795000.0,
        "Diluted Average Shares": 32579000.0,
        "Basic Average Shares": 32579000.0,
        "Diluted EPS": -2.46,
        "Basic EPS": -2.46,
        "Diluted NI Availto Com Stockholders": -80275000.0,
        "Net Income Common Stockholders": -80275000.0,
        "Net Income": -80275000.0,
        "Minority Interests": 206000.0,
        "Net Income Including Noncontrolling Interests": -80481000.0,
        "Net Income Continuous Operations": -80481000.0,
        "Tax Provision": 18250000.0,
        "Pretax Income": -62231000.0,
        "Other Income Expense": -112717000.0,
        "Other Non Operating Income Expenses": 4743000.0,
        "Special Income Charges": -125451000.0,
        "Write Off": NaN,
        "Restructuring And Mergern Acquisition": 125451000.0,
        "Earnings From Equity Interest": 7991000.0,
        "Net Non Operating Interest Income Expense": -6760000.0,
        "Interest Expense Non Operating": 7502000.0,
        "Interest Income Non Operating": 742000.0,
        "Operating Income": 57246000.0,
        "Operating Expense": 198267000.0,
        "Depreciation Amortization Depletion Income Statement": 4725000.0,
        "Depreciation And Amortization In Income Statement": 4725000.0,
        "Selling General And Administration": 193542000.0,
        "General And Administrative Expense": 193542000.0,
        "Other Gand A": 58955000.0,
        "Salaries And Wages": 134587000.0,
        "Gross Profit": 255513000.0,
        "Cost Of Revenue": 297455000.0,
        "Total Revenue": 552968000.0,
        "Operating Revenue": 552968000.0
    },
    "2023-03-31": {
        "Tax Effect Of Unusual Items": -203040.0,
        "Tax Rate For Calcs": 0.282,
        "Normalized EBITDA": 57262000.0,
        "Total Unusual Items": -720000.0,
        "Total Unusual Items Excluding Goodwill": -720000.0,
        "Net Income From Continuing Operation Net Minority Interest": 25246000.0,
        "Reconciled Depreciation": 14316000.0,
        "Reconciled Cost Of Revenue": 305137000.0,
        "EBITDA": 56542000.0,
        "EBIT": 42226000.0,
        "Net Interest Income": -7111000.0,
        "Interest Expense": 7517000.0,
        "Interest Income": 406000.0,
        "Normalized Income": 25762960.0,
        "Net Income From Continuing And Discontinued Operation": 25246000.0,
        "Total Expenses": 513290000.0,
        "Total Operating Income As Reported": 42379000.0,
        "Diluted Average Shares": 32643000.0,
        "Basic Average Shares": 32558000.0,
        "Diluted EPS": 0.77,
        "Basic EPS": 0.78,
        "Diluted NI Availto Com Stockholders": 25246000.0,
        "Net Income Common Stockholders": 25246000.0,
        "Net Income": 25246000.0,
        "Minority Interests": 337000.0,
        "Net Income Including Noncontrolling Interests": 24909000.0,
        "Net Income Continuous Operations": 24909000.0,
        "Tax Provision": 9800000.0,
        "Pretax Income": 34709000.0,
        "Other Income Expense": -1279000.0,
        "Other Non Operating Income Expenses": -682000.0,
        "Special Income Charges": -720000.0,
        "Gain On Sale Of Business": NaN,
        "Write Off": NaN,
        "Restructuring And Mergern Acquisition": 720000.0,
        "Earnings From Equity Interest": 123000.0,
        "Net Non Operating Interest Income Expense": -7111000.0,
        "Interest Expense Non Operating": 7517000.0,
        "Interest Income Non Operating": 406000.0,
        "Operating Income": 43099000.0,
        "Operating Expense": 198280000.0,
        "Depreciation Amortization Depletion Income Statement": 4443000.0,
        "Depreciation And Amortization In Income Statement": 4443000.0,
        "Selling General And Administration": 193837000.0,
        "General And Administrative Expense": 193837000.0,
        "Other Gand A": 64225000.0,
        "Salaries And Wages": 129612000.0,
        "Gross Profit": 241379000.0,
        "Cost Of Revenue": 315010000.0,
        "Total Revenue": 556389000.0,
        "Operating Revenue": 556389000.0
    },
    "2022-12-31": {
        "Tax Effect Of Unusual Items": NaN,
        "Tax Rate For Calcs": NaN,
        "Normalized EBITDA": NaN,
        "Total Unusual Items": NaN,
        "Total Unusual Items Excluding Goodwill": NaN,
        "Net Income From Continuing Operation Net Minority Interest": NaN,
        "Reconciled Depreciation": NaN,
        "Reconciled Cost Of Revenue": NaN,
        "EBITDA": NaN,
        "EBIT": NaN,
        "Net Interest Income": NaN,
        "Interest Expense": NaN,
        "Interest Income": NaN,
        "Normalized Income": NaN,
        "Net Income From Continuing And Discontinued Operation": NaN,
        "Total Expenses": NaN,
        "Total Operating Income As Reported": NaN,
        "Diluted Average Shares": NaN,
        "Basic Average Shares": NaN,
        "Diluted EPS": NaN,
        "Basic EPS": NaN,
        "Diluted NI Availto Com Stockholders": NaN,
        "Net Income Common Stockholders": NaN,
        "Net Income": NaN,
        "Minority Interests": NaN,
        "Net Income Including Noncontrolling Interests": NaN,
        "Net Income Continuous Operations": NaN,
        "Tax Provision": NaN,
        "Pretax Income": NaN,
        "Other Income Expense": NaN,
        "Other Non Operating Income Expenses": NaN,
        "Special Income Charges": NaN,
        "Gain On Sale Of Business": 0.0,
        "Write Off": 0.0,
        "Restructuring And Mergern Acquisition": NaN,
        "Earnings From Equity Interest": NaN,
        "Net Non Operating Interest Income Expense": NaN,
        "Interest Expense Non Operating": NaN,
        "Interest Income Non Operating": NaN,
        "Operating Income": NaN,
        "Operating Expense": NaN,
        "Depreciation Amortization Depletion Income Statement": NaN,
        "Depreciation And Amortization In Income Statement": NaN,
        "Selling General And Administration": NaN,
        "General And Administrative Expense": NaN,
        "Other Gand A": NaN,
        "Salaries And Wages": NaN,
        "Gross Profit": NaN,
        "Cost Of Revenue": NaN,
        "Total Revenue": NaN,
        "Operating Revenue": NaN
    },
    "2022-09-30": {
        "Tax Effect Of Unusual Items": NaN,
        "Tax Rate For Calcs": NaN,
        "Normalized EBITDA": NaN,
        "Total Unusual Items": NaN,
        "Total Unusual Items Excluding Goodwill": NaN,
        "Net Income From Continuing Operation Net Minority Interest": NaN,
        "Reconciled Depreciation": NaN,
        "Reconciled Cost Of Revenue": NaN,
        "EBITDA": NaN,
        "EBIT": NaN,
        "Net Interest Income": NaN,
        "Interest Expense": NaN,
        "Interest Income": NaN,
        "Normalized Income": NaN,
        "Net Income From Continuing And Discontinued Operation": NaN,
        "Total Expenses": NaN,
        "Total Operating Income As Reported": NaN,
        "Diluted Average Shares": NaN,
        "Basic Average Shares": NaN,
        "Diluted EPS": NaN,
        "Basic EPS": NaN,
        "Diluted NI Availto Com Stockholders": NaN,
        "Net Income Common Stockholders": NaN,
        "Net Income": NaN,
        "Minority Interests": NaN,
        "Net Income Including Noncontrolling Interests": NaN,
        "Net Income Continuous Operations": NaN,
        "Tax Provision": NaN,
        "Pretax Income": NaN,
        "Other Income Expense": NaN,
        "Other Non Operating Income Expenses": NaN,
        "Special Income Charges": NaN,
        "Gain On Sale Of Business": 0.0,
        "Write Off": 3009000.0,
        "Restructuring And Mergern Acquisition": NaN,
        "Earnings From Equity Interest": NaN,
        "Net Non Operating Interest Income Expense": NaN,
        "Interest Expense Non Operating": NaN,
        "Interest Income Non Operating": NaN,
        "Operating Income": NaN,
        "Operating Expense": NaN,
        "Depreciation Amortization Depletion Income Statement": NaN,
        "Depreciation And Amortization In Income Statement": NaN,
        "Selling General And Administration": NaN,
        "General And Administrative Expense": NaN,
        "Other Gand A": NaN,
        "Salaries And Wages": NaN,
        "Gross Profit": NaN,
        "Cost Of Revenue": NaN,
        "Total Revenue": NaN,
        "Operating Revenue": NaN
    },
    "2022-06-30": {
        "Tax Effect Of Unusual Items": 0.0,
        "Tax Rate For Calcs": 0.280479,
        "Normalized EBITDA": 67254000.0,
        "Total Unusual Items": 0.0,
        "Total Unusual Items Excluding Goodwill": 0.0,
        "Net Income From Continuing Operation Net Minority Interest": 29579000.0,
        "Reconciled Depreciation": 18587000.0,
        "Reconciled Cost Of Revenue": 303844000.0,
        "EBITDA": 67254000.0,
        "EBIT": 48667000.0,
        "Net Interest Income": -8275000.0,
        "Interest Expense": 8311000.0,
        "Interest Income": 36000.0,
        "Normalized Income": 29579000.0,
        "Net Income From Continuing And Discontinued Operation": 29579000.0,
        "Total Expenses": 510249000.0,
        "Total Operating Income As Reported": 47641000.0,
        "Diluted Average Shares": 32681000.0,
        "Basic Average Shares": 32522000.0,
        "Diluted EPS": 0.91,
        "Basic EPS": 0.91,
        "Diluted NI Availto Com Stockholders": 29579000.0,
        "Net Income Common Stockholders": 29579000.0,
        "Net Income": 29579000.0,
        "Minority Interests": 542000.0,
        "Net Income Including Noncontrolling Interests": 29037000.0,
        "Net Income Continuous Operations": 29037000.0,
        "Tax Provision": 11319000.0,
        "Pretax Income": 40356000.0,
        "Other Income Expense": 990000.0,
        "Other Non Operating Income Expenses": 331000.0,
        "Special Income Charges": 0.0,
        "Gain On Sale Of Business": 0.0,
        "Write Off": NaN,
        "Impairment Of Capital Assets": NaN,
        "Restructuring And Mergern Acquisition": NaN,
        "Earnings From Equity Interest": 659000.0,
        "Net Non Operating Interest Income Expense": -8275000.0,
        "Interest Expense Non Operating": 8311000.0,
        "Interest Income Non Operating": 36000.0,
        "Operating Income": 47641000.0,
        "Operating Expense": 194038000.0,
        "Depreciation Amortization Depletion Income Statement": 6220000.0,
        "Depreciation And Amortization In Income Statement": 6220000.0,
        "Selling General And Administration": 187818000.0,
        "General And Administrative Expense": 187818000.0,
        "Other Gand A": 54912000.0,
        "Salaries And Wages": 132906000.0,
        "Gross Profit": 241679000.0,
        "Cost Of Revenue": 316211000.0,
        "Total Revenue": 557890000.0,
        "Operating Revenue": 557890000.0
    },
    "2022-03-31": {
        "Diluted EPS": 0.97,
        "Total Revenue": 545,
        "Gross Profit": 240,
        "Operating Income": 48,
        "EBIT": 66,
        "Net Income": 32
    },
    "2021-12-31": {
        "Diluted EPS": 1.04,
        "Total Revenue": 559,
        "Gross Profit": 242,
        "Operating Income": 48,
        "EBIT": 68,
        "Net Income": 34
    },
    "2021-09-30": {
        "Diluted EPS": 1.37,
        "Total Revenue": 553,
        "Gross Profit": 243,
        "Operating Income": 57,
        "EBIT": 75,
        "Net Income": 45
    },
    "2021-06-30": {
        "Diluted EPS": 2.43,
        "Total Revenue": 569,
        "Gross Profit": 260,
        "Operating Income": 78,
        "EBIT": 95,
        "Net Income": 80
    },
    "2021-03-31": {
        "Diluted EPS": 1.5,
        "Total Revenue": 546,
        "Gross Profit": 249,
        "Operating Income": 69,
        "EBIT": 86,
        "Net Income": 50
    },
    "2020-12-31": {
        "Diluted EPS": 1.36,
        "Total Revenue": 557,
        "Gross Profit": 251,
        "Operating Income": 62,
        "EBIT": 81,
        "Net Income": 45
    },
    "2020-09-30": {
        "Diluted EPS": 2.16,
        "Total Revenue": 549,
        "Gross Profit": 251,
        "Operating Income": 63,
        "EBIT": 82,
        "Net Income": 72
    },
    "2020-06-30": {
        "Diluted EPS": 1.04,
        "Total Revenue": 508,
        "Gross Profit": 213,
        "Operating Income": 50,
        "EBIT": 66,
        "Net Income": 35
    },
    "2020-03-31": {
        "Diluted EPS": 0.96,
        "Total Revenue": 492,
        "Gross Profit": 206,
        "Operating Income": 44,
        "EBIT": 58,
        "Net Income": 32
    },
    "2019-12-31": {
        "Diluted EPS": 0.84,
        "Total Revenue": 501,
        "Gross Profit": 205,
        "Operating Income": 42,
        "EBIT": 57,
        "Net Income": 28
    },
    "2019-09-30": {
        "Diluted EPS": 1.03,
        "Total Revenue": 495,
        "Gross Profit": 206,
        "Operating Income": 47,
        "EBIT": 61,
        "Net Income": 34
    },
    "2019-06-30": {
        "Diluted EPS": 1.02,
        "Total Revenue": 493,
        "Gross Profit": 202,
        "Operating Income": 45,
        "EBIT": 59,
        "Net Income": 34
    },
    "2019-03-31": {
        "Diluted EPS": 0.95,
        "Total Revenue": 467,
        "Gross Profit": 192,
        "Operating Income": 44,
        "EBIT": 56,
        "Net Income": 31
    },
    "2018-12-31": {
        "Diluted EPS": 0.82,
        "Total Revenue": 434,
        "Gross Profit": 172,
        "Operating Income": 36,
        "EBIT": 40,
        "Net Income": 27
    },
    "2018-09-30": {
        "Diluted EPS": 0.96,
        "Total Revenue": 417,
        "Gross Profit": 168,
        "Operating Income": 40,
        "EBIT": 43,
        "Net Income": 31
    },
    "2018-06-30": {
        "Diluted EPS": 0.98,
        "Total Revenue": 412,
        "Gross Profit": 169,
        "Operating Income": 43,
        "EBIT": 46,
        "Net Income": 33
    },
    "2018-03-31": {
        "Diluted EPS": 0.79,
        "Total Revenue": 399,
        "Gross Profit": 161,
        "Operating Income": 36,
        "EBIT": 40,
        "Net Income": 27
    },
    "2017-12-31": {
        "Diluted EPS": -0.11,
        "Total Revenue": 398,
        "Gross Profit": 159,
        "Operating Income": 30,
        "EBIT": 34,
        "Net Income": -4
    },
    "2017-09-30": {
        "Diluted EPS": 0.42,
        "Total Revenue": 374,
        "Gross Profit": 146,
        "Operating Income": 23,
        "EBIT": 28,
        "Net Income": 15
    },
    "2017-06-30": {
        "Diluted EPS": 0.13,
        "Total Revenue": 375,
        "Gross Profit": 154,
        "Operating Income": 0,
        "EBIT": 5,
        "Net Income": 4
    },
    "2017-03-31": {
        "Diluted EPS": 0.44,
        "Total Revenue": 365,
        "Gross Profit": 148,
        "Operating Income": 25,
        "EBIT": 30,
        "Net Income": 15
    },
    "2016-12-31": {
        "Diluted EPS": 0.25,
        "Total Revenue": 348,
        "Gross Profit": 134,
        "Operating Income": 14,
        "EBIT": 19,
        "Net Income": 9
    },
    "2016-09-30": {
        "Diluted EPS": 0.34,
        "Total Revenue": 362,
        "Gross Profit": 149,
        "Operating Income": 14,
        "EBIT": 20,
        "Net Income": 11
    },
    "2016-06-30": {
        "Diluted EPS": 0.32,
        "Total Revenue": 361,
        "Gross Profit": 154,
        "Operating Income": 18,
        "EBIT": 24,
        "Net Income": 11
    },
    "2016-03-31": {
        "Diluted EPS": 0.19,
        "Total Revenue": 349,
        "Gross Profit": 147,
        "Operating Income": 11,
        "EBIT": 16,
        "Net Income": 6
    },
    "2015-12-31": {
        "Diluted EPS": 0.41,
        "Total Revenue": 338,
        "Gross Profit": 146,
        "Operating Income": 17,
        "EBIT": 21,
        "Net Income": 13
    },
    "2015-09-30": {
        "Diluted EPS": 0.25,
        "Total Revenue": 326,
        "Gross Profit": 140,
        "Operating Income": 17,
        "EBIT": 22,
        "Net Income": 8
    },
    "2015-06-30": {
        "Diluted EPS": 0.32,
        "Total Revenue": 314,
        "Gross Profit": 138,
        "Operating Income": 16,
        "EBIT": -55,
        "Net Income": 11
    },
    "2015-03-31": {
        "Diluted EPS": -1.07,
        "Total Revenue": 302,
        "Gross Profit": 131,
        "Operating Income": -58,
        "EBIT": 24,
        "Net Income": -35
    },
    "2014-12-31": {
        "Diluted EPS": 0.29,
        "Total Revenue": 301,
        "Gross Profit": 129,
        "Operating Income": 15,
        "EBIT": 21,
        "Net Income": 9
    },
    "2014-09-30": {
        "Diluted EPS": 0.26,
        "Total Revenue": 300,
        "Gross Profit": 130,
        "Operating Income": 16,
        "EBIT": 21,
        "Net Income": 8
    },
    "2014-06-30": {
        "Diluted EPS": 0.23,
        "Total Revenue": 305,
        "Gross Profit": 132,
        "Operating Income": 13,
        "EBIT": 20,
        "Net Income": 8
    },
    "2014-03-31": {
        "Diluted EPS": -0.39,
        "Total Revenue": 299,
        "Gross Profit": 122,
        "Operating Income": -20,
        "EBIT": -9,
        "Net Income": -12
    },
    "2013-12-31": {
        "Diluted EPS": -0.34,
        "Total Revenue": 303,
        "Gross Profit": 124,
        "Operating Income": -10,
        "EBIT": -2,
        "Net Income": -10
    },
    "2013-09-30": {
        "Diluted EPS": -2.89,
        "Total Revenue": 301,
        "Gross Profit": 126,
        "Operating Income": -154,
        "EBIT": -147,
        "Net Income": -91
    },
    "2013-06-30": {
        "Diluted EPS": 0.06,
        "Total Revenue": 316,
        "Gross Profit": 138,
        "Operating Income": 4,
        "EBIT": 16,
        "Net Income": 2
    },
    "2013-03-31": {
        "Diluted EPS": 0.09,
        "Total Revenue": 329,
        "Gross Profit": 143,
        "Operating Income": 5,
        "EBIT": 16,
        "Net Income": 3
    },
    "2012-12-31": {
        "Diluted EPS": -3.56,
        "Total Revenue": 343,
        "Gross Profit": 150,
        "Operating Income": -152,
        "EBIT": 20,
        "Net Income": -107
    },
    "2012-09-30": {
        "Diluted EPS": 0.33,
        "Total Revenue": 364,
        "Gross Profit": 157,
        "Operating Income": 15,
        "EBIT": 26,
        "Net Income": 10
    },
    "2012-06-30": {
        "Diluted EPS": 0.26,
        "Total Revenue": 363,
        "Gross Profit": 160,
        "Operating Income": 15,
        "EBIT": 26,
        "Net Income": 8
    },
    "2012-03-31": {
        "Diluted EPS": 0.18,
        "Total Revenue": 371,
        "Gross Profit": 162,
        "Operating Income": 12,
        "EBIT": 23,
        "Net Income": 5
    },
    "2011-12-31": {
        "Diluted EPS": 0.12,
        "Total Revenue": 320,
        "Gross Profit": 149,
        "Operating Income": 16,
        "EBIT": 32,
        "Net Income": 4
    },
    "2011-09-30": {
        "Diluted EPS": -14.73,
        "Total Revenue": 370,
        "Gross Profit": 168,
        "Operating Income": -555,
        "EBIT": 29,
        "Net Income": -424
    },
    "2011-06-30": {
        "Diluted EPS": 0.75,
        "Total Revenue": 368,
        "Gross Profit": 179,
        "Operating Income": 40,
        "EBIT": 50,
        "Net Income": 22
    },
    "2011-03-31": {
        "Diluted EPS": 0.53,
        "Total Revenue": 359,
        "Gross Profit": 172,
        "Operating Income": 30,
        "EBIT": 40,
        "Net Income": 15
    },
    "2010-12-31": {
        "Diluted EPS": 0.77,
        "Total Revenue": 361,
        "Gross Profit": 187,
        "Operating Income": 56,
        "EBIT": 66,
        "Net Income": 22
    },
    "2010-09-30": {
        "Diluted EPS": 0.76,
        "Total Revenue": 405,
        "Gross Profit": 198,
        "Operating Income": 37,
        "EBIT": 46,
        "Net Income": 22
    },
    "2010-06-30": {
        "Diluted EPS": 1.13,
        "Total Revenue": 422,
        "Gross Profit": 213,
        "Operating Income": 56,
        "EBIT": 65,
        "Net Income": 32
    },
    "2010-03-31": {
        "Diluted EPS": 1.29,
        "Total Revenue": 413,
        "Gross Profit": 209,
        "Operating Income": 62,
        "EBIT": 70,
        "Net Income": 37
    },
    "2009-12-31": {
        "Diluted EPS": 1.34,
        "Total Revenue": 376,
        "Gross Profit": 198,
        "Operating Income": 71,
        "EBIT": 79,
        "Net Income": 38
    },
    "2009-09-30": {
        "Diluted EPS": 1.29,
        "Total Revenue": 388,
        "Gross Profit": 205,
        "Operating Income": 61,
        "EBIT": 69,
        "Net Income": 36
    },
    "2009-06-30": {
        "Diluted EPS": 1.27,
        "Total Revenue": 378,
        "Gross Profit": 199,
        "Operating Income": 60,
        "EBIT": 67,
        "Net Income": 35
    },
    "2009-03-31": {
        "Diluted EPS": 0.99,
        "Total Revenue": 342,
        "Gross Profit": 177,
        "Operating Income": 47,
        "EBIT": 54,
        "Net Income": 27
    },
    "2023-09-30": {
        "Tax Effect Of Unusual Items": -1618267.056684,
        "Tax Rate For Calcs": 0.324953,
        "Normalized EBITDA": 65467000.0,
        "Total Unusual Items": -4980000.0,
        "Total Unusual Items Excluding Goodwill": -4980000.0,
        "Net Income From Continuing Operation Net Minority Interest": 25960000.0,
        "Reconciled Depreciation": 14519000.0,
        "Reconciled Cost Of Revenue": 301545000.0,
        "EBITDA": 60487000.0,
        "EBIT": 45968000.0,
        "Net Interest Income": -6717000.0,
        "Interest Expense": 8021000.0,
        "Interest Income": 1304000.0,
        "Normalized Income": 29321732.943316,
        "Net Income From Continuing And Discontinued Operation": 25960000.0,
        "Total Expenses": 509046000.0,
        "Total Operating Income As Reported": 42211000.0,
        "Diluted Average Shares": 32831000.0,
        "Basic Average Shares": 32624000.0,
        "Diluted EPS": 0.79,
        "Basic EPS": 0.8,
        "Diluted NI Availto Com Stockholders": 25960000.0,
        "Net Income Common Stockholders": 25960000.0,
        "Net Income": 25960000.0,
        "Minority Interests": 344000.0,
        "Net Income Including Noncontrolling Interests": 25616000.0,
        "Net Income Continuous Operations": 25616000.0,
        "Tax Provision": 12331000.0,
        "Pretax Income": 37947000.0,
        "Other Income Expense": -2527000.0,
        "Other Non Operating Income Expenses": 1201000.0,
        "Special Income Charges": -4980000.0,
        "Write Off": 0.0,
        "Restructuring And Mergern Acquisition": 4980000.0,
        "Earnings From Equity Interest": 1252000.0,
        "Net Non Operating Interest Income Expense": -6717000.0,
        "Interest Expense Non Operating": 8021000.0,
        "Interest Income Non Operating": 1304000.0,
        "Operating Income": 47191000.0,
        "Operating Expense": 197418000.0,
        "Depreciation Amortization Depletion Income Statement": 4436000.0,
        "Depreciation And Amortization In Income Statement": 4436000.0,
        "Selling General And Administration": 192982000.0,
        "General And Administrative Expense": 192982000.0,
        "Other Gand A": 57287000.0,
        "Salaries And Wages": 135695000.0,
        "Gross Profit": 244609000.0,
        "Cost Of Revenue": 311628000.0,
        "Total Revenue": 556237000.0,
        "Operating Revenue": 556237000.0
    },
    "2023-12-31": {
        "Tax Effect Of Unusual Items": -4016053.770806,
        "Tax Rate For Calcs": 0.348586,
        "Normalized EBITDA": 63413000.0,
        "Total Unusual Items": -11521000.0,
        "Total Unusual Items Excluding Goodwill": -11521000.0,
        "Net Income From Continuing Operation Net Minority Interest": 19322000.0,
        "Reconciled Depreciation": 14460000.0,
        "Reconciled Cost Of Revenue": 311099000.0,
        "EBITDA": 51892000.0,
        "EBIT": 37432000.0,
        "Net Interest Income": -7416000.0,
        "Interest Expense": 8234000.0,
        "Interest Income": 818000.0,
        "Normalized Income": 26826946.229194,
        "Net Income From Continuing And Discontinued Operation": 19322000.0,
        "Total Expenses": 525258000.0,
        "Total Operating Income As Reported": 34009000.0,
        "Diluted Average Shares": 32913000.0,
        "Basic Average Shares": 32635000.0,
        "Diluted EPS": 0.59,
        "Basic EPS": 0.59,
        "Diluted NI Availto Com Stockholders": 19322000.0,
        "Net Income Common Stockholders": 19322000.0,
        "Net Income": 19322000.0,
        "Minority Interests": 302000.0,
        "Net Income Including Noncontrolling Interests": 19020000.0,
        "Net Income Continuous Operations": 19020000.0,
        "Tax Provision": 10178000.0,
        "Pretax Income": 29198000.0,
        "Other Income Expense": -8916000.0,
        "Other Non Operating Income Expenses": 1211000.0,
        "Special Income Charges": -11521000.0,
        "Write Off": 0.0,
        "Restructuring And Mergern Acquisition": 11521000.0,
        "Earnings From Equity Interest": 1394000.0,
        "Net Non Operating Interest Income Expense": -7416000.0,
        "Interest Expense Non Operating": 8234000.0,
        "Interest Income Non Operating": 818000.0,
        "Operating Income": 45530000.0,
        "Operating Expense": 203842000.0,
        "Depreciation Amortization Depletion Income Statement": 4143000.0,
        "Depreciation And Amortization In Income Statement": 4143000.0,
        "Selling General And Administration": 199699000.0,
        "General And Administrative Expense": 199699000.0,
        "Other Gand A": 57462000.0,
        "Salaries And Wages": 142237000.0,
        "Gross Profit": 249372000.0,
        "Cost Of Revenue": 321416000.0,
        "Total Revenue": 570788000.0,
        "Operating Revenue": 570788000.0
    },
    "2024-03-31": {
        "Tax Effect Of Unusual Items": -4340070.0,
        "Tax Rate For Calcs": 0.21,
        "Normalized EBITDA": 70717000.0,
        "Total Unusual Items": -20667000.0,
        "Total Unusual Items Excluding Goodwill": -20667000.0,
        "Net Income From Continuing Operation Net Minority Interest": 14400000.0,
        "Reconciled Depreciation": 14704000.0,
        "Reconciled Cost Of Revenue": 311104000.0,
        "EBITDA": 50050000.0,
        "EBIT": 35346000.0,
        "Net Interest Income": -6392000.0,
        "Interest Expense": 8119000.0,
        "Interest Income": 1727000.0,
        "Normalized Income": 30726930.0,
        "Net Income From Continuing And Discontinued Operation": 14400000.0,
        "Total Expenses": 519128000.0,
        "Total Operating Income As Reported": 31619000.0,
        "Diluted Average Shares": 32979000.0,
        "Basic Average Shares": 32670000.0,
        "Diluted EPS": 0.44,
        "Basic EPS": 0.44,
        "Diluted NI Availto Com Stockholders": 14400000.0,
        "Net Income Common Stockholders": 14400000.0,
        "Net Income": 14400000.0,
        "Minority Interests": -194000.0,
        "Net Income Including Noncontrolling Interests": 14594000.0,
        "Net Income Continuous Operations": 14594000.0,
        "Tax Provision": 12633000.0,
        "Pretax Income": 27227000.0,
        "Other Income Expense": -18667000.0,
        "Other Non Operating Income Expenses": 1090000.0,
        "Special Income Charges": -20667000.0,
        "Write Off": NaN,
        "Restructuring And Mergern Acquisition": 20667000.0,
        "Earnings From Equity Interest": 910000.0,
        "Net Non Operating Interest Income Expense": -6392000.0,
        "Interest Expense Non Operating": 8119000.0,
        "Interest Income Non Operating": 1727000.0,
        "Operating Income": 52286000.0,
        "Operating Expense": 197591000.0,
        "Depreciation Amortization Depletion Income Statement": 4271000.0,
        "Depreciation And Amortization In Income Statement": 4271000.0,
        "Selling General And Administration": 193320000.0,
        "General And Administrative Expense": 193320000.0,
        "Other Gand A": 57941000.0,
        "Salaries And Wages": 135379000.0,
        "Gross Profit": 249877000.0,
        "Cost Of Revenue": 321537000.0,
        "Total Revenue": 571414000.0,
        "Operating Revenue": 571414000.0
    },
    "2024-06-30": {
        "Tax Effect Of Unusual Items": -4022538.0,
        "Tax Rate For Calcs": 0.338,
        "Normalized EBITDA": 83918000.0,
        "Total Unusual Items": -11901000.0,
        "Total Unusual Items Excluding Goodwill": -11901000.0,
        "Net Income From Continuing Operation Net Minority Interest": 32301000.0,
        "Reconciled Depreciation": 14892000.0,
        "Reconciled Cost Of Revenue": 316427000.0,
        "EBITDA": 72017000.0,
        "EBIT": 57125000.0,
        "Net Interest Income": -6278000.0,
        "Interest Expense": 7895000.0,
        "Interest Income": 1617000.0,
        "Normalized Income": 40179462.0,
        "Net Income From Continuing And Discontinued Operation": 32301000.0,
        "Total Expenses": 527072000.0,
        "Total Operating Income As Reported": 52214000.0,
        "Diluted Average Shares": 33047000.0,
        "Basic Average Shares": 32706000.0,
        "Diluted EPS": 0.98,
        "Basic EPS": 0.99,
        "Diluted NI Availto Com Stockholders": 32301000.0,
        "Net Income Common Stockholders": 32301000.0,
        "Net Income": 32301000.0,
        "Minority Interests": -272000.0,
        "Net Income Including Noncontrolling Interests": 32573000.0,
        "Net Income Continuous Operations": 32573000.0,
        "Tax Provision": 16657000.0,
        "Pretax Income": 49230000.0,
        "Other Income Expense": -8607000.0,
        "Other Non Operating Income Expenses": 1779000.0,
        "Special Income Charges": -11901000.0,
        "Write Off": NaN,
        "Restructuring And Mergern Acquisition": 11901000.0,
        "Earnings From Equity Interest": 1515000.0,
        "Net Non Operating Interest Income Expense": -6278000.0,
        "Interest Expense Non Operating": 7895000.0,
        "Interest Income Non Operating": 1617000.0,
        "Operating Income": 64115000.0,
        "Operating Expense": 200139000.0,
        "Depreciation Amortization Depletion Income Statement": 4386000.0,
        "Depreciation And Amortization In Income Statement": 4386000.0,
        "Selling General And Administration": 195753000.0,
        "General And Administrative Expense": 195753000.0,
        "Other Gand A": 58602000.0,
        "Salaries And Wages": 137151000.0,
        "Gross Profit": 264254000.0,
        "Cost Of Revenue": 326933000.0,
        "Total Revenue": 591187000.0,
        "Operating Revenue": 591187000.0
    },
    "2024-09-30": {
        "Tax Effect Of Unusual Items": -3500490.0,
        "Tax Rate For Calcs": 0.21,
        "Normalized EBITDA": 68883000.0,
        "Total Unusual Items": -16669000.0,
        "Total Unusual Items Excluding Goodwill": -16669000.0,
        "Net Income From Continuing Operation Net Minority Interest": 16911000.0,
        "Reconciled Depreciation": 15455000.0,
        "Reconciled Cost Of Revenue": 326882000.0,
        "EBITDA": 52214000.0,
        "EBIT": 36759000.0,
        "Net Interest Income": -5755000.0,
        "Interest Expense": 7772000.0,
        "Interest Income": 2017000.0,
        "Normalized Income": 30079510.0,
        "Net Income From Continuing And Discontinued Operation": 16911000.0,
        "Total Expenses": 540673000.0,
        "Total Operating Income As Reported": 30329000.0,
        "Diluted Average Shares": 33135000.0,
        "Basic Average Shares": 32745000.0,
        "Diluted EPS": 0.51,
        "Basic EPS": 0.52,
        "Diluted NI Availto Com Stockholders": 16911000.0,
        "Net Income Common Stockholders": 16911000.0,
        "Net Income": 16911000.0,
        "Minority Interests": 397000.0,
        "Net Income Including Noncontrolling Interests": 16514000.0,
        "Net Income Continuous Operations": 16514000.0,
        "Tax Provision": 12473000.0,
        "Pretax Income": 28987000.0,
        "Other Income Expense": -12256000.0,
        "Other Non Operating Income Expenses": 2522000.0,
        "Special Income Charges": -16669000.0,
        "Write Off": NaN,
        "Restructuring And Mergern Acquisition": 16669000.0,
        "Earnings From Equity Interest": 1891000.0,
        "Net Non Operating Interest Income Expense": -5755000.0,
        "Interest Expense Non Operating": 7772000.0,
        "Interest Income Non Operating": 2017000.0,
        "Operating Income": 46998000.0,
        "Operating Expense": 203110000.0,
        "Depreciation Amortization Depletion Income Statement": 4774000.0,
        "Depreciation And Amortization In Income Statement": 4774000.0,
        "Selling General And Administration": 198336000.0,
        "General And Administrative Expense": 198336000.0,
        "Other Gand A": 56777000.0,
        "Salaries And Wages": 141559000.0,
        "Gross Profit": 250108000.0,
        "Cost Of Revenue": 337563000.0,
        "Total Revenue": 587671000.0,
        "Operating Revenue": 587671000.0
    }
}