{
    "2023-03-31": {
        "Tax Effect Of Unusual Items": -2279305.064661,
        "Tax Rate For Calcs": 0.356587,
        "Normalized EBITDA": 33362000.0,
        "Total Unusual Items": -6392000.0,
        "Total Unusual Items Excluding Goodwill": -6392000.0,
        "Net Income From Continuing Operation Net Minority Interest": 13132000.0,
        "Reconciled Depreciation": 4292000.0,
        "Reconciled Cost Of Revenue": 289397000.0,
        "EBITDA": 26970000.0,
        "EBIT": 22678000.0,
        "Net Interest Income": -260000.0,
        "Interest Expense": 3269000.0,
        "Interest Income": 3009000.0,
        "Normalized Income": 17244694.935339,
        "Net Income From Continuing And Discontinued Operation": 13132000.0,
        "Total Expenses": 314871000.0,
        "Total Operating Income As Reported": 22373000.0,
        "Diluted Average Shares": 46954687.0,
        "Basic Average Shares": 46555406.0,
        "Diluted EPS": 0.28,
        "Basic EPS": 0.28,
        "Diluted NI Availto Com Stockholders": 13132000.0,
        "Net Income Common Stockholders": 13132000.0,
        "Net Income": 13132000.0,
        "Minority Interests": 644000.0,
        "Net Income Including Noncontrolling Interests": 12488000.0,
        "Net Income Continuous Operations": 12488000.0,
        "Tax Provision": 6921000.0,
        "Pretax Income": 19409000.0,
        "Other Income Expense": -2704000.0,
        "Other Non Operating Income Expenses": 1204000.0,
        "Earnings From Equity Interest": 2484000.0,
        "Gain On Sale Of Security": -6392000.0,
        "Net Non Operating Interest Income Expense": -260000.0,
        "Interest Expense Non Operating": 3269000.0,
        "Interest Income Non Operating": 3009000.0,
        "Operating Income": 22373000.0,
        "Operating Expense": 25474000.0,
        "Other Operating Expenses": -1620000.0,
        "Depreciation Amortization Depletion Income Statement": 4292000.0,
        "Depreciation And Amortization In Income Statement": 4292000.0,
        "Selling General And Administration": 21182000.0,
        "General And Administrative Expense": 21182000.0,
        "Other Gand A": 21182000.0,
        "Gross Profit": 47847000.0,
        "Cost Of Revenue": 289397000.0,
        "Total Revenue": 337244000.0,
        "Operating Revenue": 335624000.0
    },
    "2022-12-31": {
        "Tax Effect Of Unusual Items": -772800.0,
        "Tax Rate For Calcs": 0.21,
        "Normalized EBITDA": 20770000.0,
        "Total Unusual Items": -3680000.0,
        "Total Unusual Items Excluding Goodwill": -3680000.0,
        "Net Income From Continuing Operation Net Minority Interest": -2600000.0,
        "Reconciled Depreciation": 4063000.0,
        "Reconciled Cost Of Revenue": 253119000.0,
        "EBITDA": 17090000.0,
        "EBIT": 13027000.0,
        "Net Interest Income": -1286000.0,
        "Interest Expense": 2572000.0,
        "Interest Income": 1286000.0,
        "Normalized Income": 307200.0,
        "Net Income From Continuing And Discontinued Operation": -2600000.0,
        "Total Expenses": 281628000.0,
        "Total Operating Income As Reported": 12580000.0,
        "Diluted Average Shares": 43333333.0,
        "Basic Average Shares": 43333333.0,
        "Diluted EPS": -0.06,
        "Basic EPS": -0.06,
        "Diluted NI Availto Com Stockholders": -2600000.0,
        "Net Income Common Stockholders": -2600000.0,
        "Net Income": -2600000.0,
        "Minority Interests": -3071000.0,
        "Net Income Including Noncontrolling Interests": 471000.0,
        "Net Income Continuous Operations": 471000.0,
        "Tax Provision": 9984000.0,
        "Pretax Income": 10455000.0,
        "Other Income Expense": -839000.0,
        "Other Non Operating Income Expenses": 1616000.0,
        "Earnings From Equity Interest": 1225000.0,
        "Gain On Sale Of Security": -3680000.0,
        "Net Non Operating Interest Income Expense": -1286000.0,
        "Interest Expense Non Operating": 2572000.0,
        "Interest Income Non Operating": 1286000.0,
        "Operating Income": 12580000.0,
        "Operating Expense": 28509000.0,
        "Other Operating Expenses": -1363000.0,
        "Depreciation Amortization Depletion Income Statement": 4063000.0,
        "Depreciation And Amortization In Income Statement": 4063000.0,
        "Selling General And Administration": 24446000.0,
        "General And Administrative Expense": 24446000.0,
        "Other Gand A": 24446000.0,
        "Gross Profit": 41089000.0,
        "Cost Of Revenue": 253119000.0,
        "Total Revenue": 294208000.0,
        "Operating Revenue": 292845000.0
    },
    "2022-09-30": {
        "Tax Effect Of Unusual Items": -2272799.384436,
        "Tax Rate For Calcs": 0.336064,
        "Normalized EBITDA": 55202000.0,
        "Total Unusual Items": -6763000.0,
        "Total Unusual Items Excluding Goodwill": -6763000.0,
        "Net Income From Continuing Operation Net Minority Interest": 25986000.0,
        "Reconciled Depreciation": 4754000.0,
        "Reconciled Cost Of Revenue": 240768000.0,
        "EBITDA": 48439000.0,
        "EBIT": 43685000.0,
        "Net Interest Income": -2199000.0,
        "Interest Expense": 2422000.0,
        "Interest Income": 223000.0,
        "Normalized Income": 30476200.615564,
        "Net Income From Continuing And Discontinued Operation": 25986000.0,
        "Total Expenses": 266910000.0,
        "Total Operating Income As Reported": 50091000.0,
        "Diluted Average Shares": 46403571.0,
        "Basic Average Shares": 44803448.0,
        "Diluted EPS": 0.56,
        "Basic EPS": 0.58,
        "Diluted NI Availto Com Stockholders": 25986000.0,
        "Net Income Common Stockholders": 25986000.0,
        "Net Income": 25986000.0,
        "Minority Interests": -1410000.0,
        "Net Income Including Noncontrolling Interests": 27396000.0,
        "Net Income Continuous Operations": 27396000.0,
        "Tax Provision": 13867000.0,
        "Pretax Income": 41263000.0,
        "Other Income Expense": -6629000.0,
        "Other Non Operating Income Expenses": -1318000.0,
        "Special Income Charges": 0.0,
        "Gain On Sale Of Business": 0.0,
        "Earnings From Equity Interest": 1452000.0,
        "Gain On Sale Of Security": -6763000.0,
        "Net Non Operating Interest Income Expense": -2199000.0,
        "Interest Expense Non Operating": 2422000.0,
        "Interest Income Non Operating": 223000.0,
        "Operating Income": 50091000.0,
        "Operating Expense": 26142000.0,
        "Other Operating Expenses": -1692000.0,
        "Depreciation Amortization Depletion Income Statement": 4754000.0,
        "Depreciation And Amortization In Income Statement": 4754000.0,
        "Selling General And Administration": 21388000.0,
        "General And Administrative Expense": 21388000.0,
        "Other Gand A": 21388000.0,
        "Gross Profit": 76233000.0,
        "Cost Of Revenue": 240768000.0,
        "Total Revenue": 317001000.0,
        "Operating Revenue": 315309000.0
    },
    "2022-06-30": {
        "Tax Effect Of Unusual Items": -677545.733357,
        "Tax Rate For Calcs": 0.363101,
        "Normalized EBITDA": 24700000.0,
        "Total Unusual Items": -1866000.0,
        "Total Unusual Items Excluding Goodwill": -1866000.0,
        "Net Income From Continuing Operation Net Minority Interest": 11399000.0,
        "Reconciled Depreciation": 4351000.0,
        "Reconciled Cost Of Revenue": 230070000.0,
        "EBITDA": 22834000.0,
        "EBIT": 18483000.0,
        "Net Interest Income": -1433000.0,
        "Interest Expense": 1854000.0,
        "Interest Income": 421000.0,
        "Normalized Income": 12587454.266643,
        "Net Income From Continuing And Discontinued Operation": 11399000.0,
        "Total Expenses": 254315000.0,
        "Total Operating Income As Reported": 15382000.0,
        "Diluted Average Shares": 46023015.0,
        "Basic Average Shares": 44858657.0,
        "Diluted EPS": 0.26,
        "Basic EPS": 0.27,
        "Diluted NI Availto Com Stockholders": 11399000.0,
        "Net Income Common Stockholders": 11399000.0,
        "Net Income": 11399000.0,
        "Minority Interests": 808000.0,
        "Net Income Including Noncontrolling Interests": 10591000.0,
        "Net Income Continuous Operations": 10591000.0,
        "Tax Provision": 6038000.0,
        "Pretax Income": 16629000.0,
        "Other Income Expense": 2680000.0,
        "Other Non Operating Income Expenses": 3034000.0,
        "Special Income Charges": NaN,
        "Gain On Sale Of Business": NaN,
        "Earnings From Equity Interest": 1512000.0,
        "Gain On Sale Of Security": -1866000.0,
        "Net Non Operating Interest Income Expense": -1433000.0,
        "Interest Expense Non Operating": 1854000.0,
        "Interest Income Non Operating": 421000.0,
        "Operating Income": 15382000.0,
        "Operating Expense": 24245000.0,
        "Other Operating Expenses": -1557000.0,
        "Depreciation Amortization Depletion Income Statement": 4351000.0,
        "Depreciation And Amortization In Income Statement": 4351000.0,
        "Selling General And Administration": 19894000.0,
        "General And Administrative Expense": 19894000.0,
        "Other Gand A": 19894000.0,
        "Gross Profit": 39627000.0,
        "Cost Of Revenue": 230070000.0,
        "Total Revenue": 269697000.0,
        "Operating Revenue": 268140000.0
    },
    "2022-03-31": {
        "Diluted EPS": 0.31,
        "Total Revenue": 263,
        "Gross Profit": 43,
        "Operating Income": 26,
        "EBIT": 31,
        "Net Income": 14
    },
    "2021-12-31": {
        "Diluted EPS": 0.31,
        "Total Revenue": 195,
        "Gross Profit": 23,
        "Operating Income": 2,
        "EBIT": 7,
        "Net Income": 14
    },
    "2021-09-30": {
        "Diluted EPS": 0.74,
        "Total Revenue": 227,
        "Gross Profit": 80,
        "Operating Income": 53,
        "EBIT": 58,
        "Net Income": 34
    },
    "2021-06-30": {
        "Diluted EPS": 0.28,
        "Total Revenue": 176,
        "Gross Profit": 39,
        "Operating Income": 21,
        "EBIT": 26,
        "Net Income": 13
    },
    "2021-03-31": {
        "Diluted EPS": 0.3,
        "Total Revenue": 176,
        "Gross Profit": 35,
        "Operating Income": 22,
        "EBIT": 26,
        "Net Income": 13
    },
    "2020-12-31": {
        "Diluted EPS": 0.26,
        "Total Revenue": 177,
        "Gross Profit": 40,
        "Operating Income": 26,
        "EBIT": 31,
        "Net Income": 10
    },
    "2020-09-30": {
        "Diluted EPS": 0.45,
        "Total Revenue": 180,
        "Gross Profit": 58,
        "Operating Income": 37,
        "EBIT": 42,
        "Net Income": 17
    },
    "2020-06-30": {
        "Diluted EPS": 0.19,
        "Total Revenue": 165,
        "Gross Profit": 29,
        "Operating Income": 13,
        "EBIT": 18,
        "Net Income": 7
    },
    "2020-03-31": {
        "Diluted EPS": 0.11,
        "Total Revenue": 165,
        "Gross Profit": 21,
        "Operating Income": 4,
        "EBIT": 9,
        "Net Income": 4
    },
    "2019-12-31": {
        "Diluted EPS": 0.2,
        "Total Revenue": 179,
        "Gross Profit": 27,
        "Operating Income": 11,
        "EBIT": 16,
        "Net Income": 7
    },
    "2019-09-30": {
        "Diluted EPS": 0.1,
        "Total Revenue": 156,
        "Gross Profit": 25,
        "Operating Income": 10,
        "EBIT": 17,
        "Net Income": 4
    },
    "2019-06-30": {
        "Diluted EPS": 0.09,
        "Total Revenue": 130,
        "Gross Profit": 29,
        "Operating Income": 15,
        "EBIT": 19,
        "Net Income": 4
    },
    "2019-03-31": {
        "Diluted EPS": 0.0,
        "Total Revenue": 96,
        "Gross Profit": 12,
        "Operating Income": -3,
        "EBIT": 1,
        "Net Income": 0
    },
    "2018-12-31": {
        "Diluted EPS": -0.08,
        "Total Revenue": 107,
        "Gross Profit": 26,
        "Operating Income": 2,
        "EBIT": 10,
        "Net Income": -3
    },
    "2018-09-30": {
        "Diluted EPS": 0.24,
        "Total Revenue": 167,
        "Gross Profit": 70,
        "Operating Income": 57,
        "EBIT": 61,
        "Net Income": 9
    },
    "2018-06-30": {
        "Diluted EPS": 0.07,
        "Total Revenue": 123,
        "Gross Profit": 23,
        "Operating Income": 7,
        "EBIT": 12,
        "Net Income": 3
    },
    "2018-03-31": {
        "Diluted EPS": 0.06,
        "Total Revenue": 124,
        "Gross Profit": 39,
        "Operating Income": 23,
        "EBIT": 28,
        "Net Income": 2
    },
    "2017-12-31": {
        "Diluted EPS": 0.48,
        "Total Revenue": 120,
        "Gross Profit": 29,
        "Operating Income": 20,
        "EBIT": 27,
        "Net Income": 27
    },
    "2017-09-30": {
        "Diluted EPS": 0.2,
        "Total Revenue": 97,
        "Gross Profit": 30,
        "Operating Income": 21,
        "EBIT": 26,
        "Net Income": 6
    },
    "2017-06-30": {
        "Diluted EPS": 0.07,
        "Total Revenue": 81,
        "Gross Profit": 15,
        "Operating Income": 4,
        "EBIT": 9,
        "Net Income": 2
    },
    "2017-03-31": {
        "Diluted EPS": 0.15,
        "Total Revenue": 85,
        "Gross Profit": 26,
        "Operating Income": 16,
        "EBIT": 21,
        "Net Income": 4
    },
    "2016-12-31": {
        "Diluted EPS": 0.0,
        "Total Revenue": NaN,
        "Gross Profit": NaN,
        "Operating Income": NaN,
        "EBIT": NaN,
        "Net Income": NaN
    },
    "2016-03-31": {
        "Diluted EPS": 0.0,
        "Total Revenue": NaN,
        "Gross Profit": NaN,
        "Operating Income": NaN,
        "EBIT": NaN,
        "Net Income": NaN
    },
    "2015-03-31": {
        "Diluted EPS": 0.0,
        "Total Revenue": NaN,
        "Gross Profit": NaN,
        "Operating Income": NaN,
        "EBIT": NaN,
        "Net Income": NaN
    },
    "2023-06-30": {
        "Tax Effect Of Unusual Items": 180390.0,
        "Tax Rate For Calcs": 0.21,
        "Normalized EBITDA": 38513000.0,
        "Total Unusual Items": 859000.0,
        "Total Unusual Items Excluding Goodwill": 859000.0,
        "Net Income From Continuing Operation Net Minority Interest": 13170000.0,
        "Reconciled Depreciation": 4249000.0,
        "Reconciled Cost Of Revenue": 292875000.0,
        "EBITDA": 39372000.0,
        "EBIT": 35123000.0,
        "Net Interest Income": -305000.0,
        "Interest Expense": 3632000.0,
        "Interest Income": 3327000.0,
        "Normalized Income": 12491390.0,
        "Net Income From Continuing And Discontinued Operation": 13170000.0,
        "Total Expenses": 321180000.0,
        "Total Operating Income As Reported": 27029000.0,
        "Diluted Average Shares": 46778299.0,
        "Basic Average Shares": 46482271.0,
        "Diluted EPS": 0.28,
        "Basic EPS": 0.28,
        "Diluted NI Availto Com Stockholders": 13170000.0,
        "Net Income Common Stockholders": 13170000.0,
        "Net Income": 13170000.0,
        "Minority Interests": -4312000.0,
        "Net Income Including Noncontrolling Interests": 17482000.0,
        "Net Income Continuous Operations": 17482000.0,
        "Tax Provision": 14009000.0,
        "Pretax Income": 31491000.0,
        "Other Income Expense": 4767000.0,
        "Other Non Operating Income Expenses": 1185000.0,
        "Earnings From Equity Interest": 2723000.0,
        "Gain On Sale Of Security": 859000.0,
        "Net Non Operating Interest Income Expense": -305000.0,
        "Interest Expense Non Operating": 3632000.0,
        "Interest Income Non Operating": 3327000.0,
        "Operating Income": 27029000.0,
        "Operating Expense": 28304000.0,
        "Other Operating Expenses": NaN,
        "Depreciation Amortization Depletion Income Statement": 4248000.0,
        "Depreciation And Amortization In Income Statement": 4248000.0,
        "Selling General And Administration": 24056000.0,
        "General And Administrative Expense": 24056000.0,
        "Other Gand A": 24056000.0,
        "Gross Profit": 55333000.0,
        "Cost Of Revenue": 292876000.0,
        "Total Revenue": 348209000.0,
        "Operating Revenue": 346425000.0
    },
    "2023-09-30": {
        "Tax Effect Of Unusual Items": -90342.338551,
        "Tax Rate For Calcs": 0.264159,
        "Normalized EBITDA": 46441000.0,
        "Total Unusual Items": -342000.0,
        "Total Unusual Items Excluding Goodwill": -342000.0,
        "Net Income From Continuing Operation Net Minority Interest": 22059000.0,
        "Reconciled Depreciation": 4305000.0,
        "Reconciled Cost Of Revenue": 275375000.0,
        "EBITDA": 46099000.0,
        "EBIT": 41794000.0,
        "Net Interest Income": -498000.0,
        "Interest Expense": 3779000.0,
        "Interest Income": 3281000.0,
        "Normalized Income": 22310657.661449,
        "Net Income From Continuing And Discontinued Operation": 22059000.0,
        "Total Expenses": 309090000.0,
        "Total Operating Income As Reported": 39083000.0,
        "Diluted Average Shares": 46920607.0,
        "Basic Average Shares": 46547502.0,
        "Diluted EPS": 0.47,
        "Basic EPS": 0.47,
        "Diluted NI Availto Com Stockholders": 22059000.0,
        "Net Income Common Stockholders": 22059000.0,
        "Net Income": 22059000.0,
        "Minority Interests": -5914000.0,
        "Net Income Including Noncontrolling Interests": 27973000.0,
        "Net Income Continuous Operations": 27973000.0,
        "Tax Provision": 10042000.0,
        "Pretax Income": 38015000.0,
        "Other Income Expense": -570000.0,
        "Other Non Operating Income Expenses": 1876000.0,
        "Earnings From Equity Interest": -2104000.0,
        "Gain On Sale Of Security": -342000.0,
        "Net Non Operating Interest Income Expense": -498000.0,
        "Interest Expense Non Operating": 3779000.0,
        "Interest Income Non Operating": 3281000.0,
        "Operating Income": 39083000.0,
        "Operating Expense": 33715000.0,
        "Other Operating Expenses": NaN,
        "Depreciation Amortization Depletion Income Statement": 4305000.0,
        "Depreciation And Amortization In Income Statement": 4305000.0,
        "Selling General And Administration": 29410000.0,
        "General And Administrative Expense": 29410000.0,
        "Other Gand A": 29410000.0,
        "Gross Profit": 72798000.0,
        "Cost Of Revenue": 275375000.0,
        "Total Revenue": 348173000.0,
        "Operating Revenue": 346490000.0
    }
}