{
    "2023-03-31": {
        "Tax Effect Of Unusual Items": NaN,
        "Tax Rate For Calcs": NaN,
        "Normalized EBITDA": NaN,
        "Net Income From Continuing Operation Net Minority Interest": NaN,
        "Reconciled Depreciation": NaN,
        "Reconciled Cost Of Revenue": NaN,
        "EBITDA": NaN,
        "EBIT": NaN,
        "Net Interest Income": NaN,
        "Interest Expense": NaN,
        "Normalized Income": NaN,
        "Net Income From Continuing And Discontinued Operation": NaN,
        "Total Expenses": NaN,
        "Diluted Average Shares": NaN,
        "Basic Average Shares": NaN,
        "Diluted EPS": NaN,
        "Basic EPS": NaN,
        "Diluted NI Availto Com Stockholders": NaN,
        "Net Income Common Stockholders": NaN,
        "Net Income": NaN,
        "Net Income Including Noncontrolling Interests": NaN,
        "Net Income Continuous Operations": NaN,
        "Tax Provision": NaN,
        "Pretax Income": NaN,
        "Other Income Expense": NaN,
        "Other Non Operating Income Expenses": NaN,
        "Net Non Operating Interest Income Expense": NaN,
        "Interest Expense Non Operating": NaN,
        "Operating Income": NaN,
        "Operating Expense": NaN,
        "Other Operating Expenses": 25689000.0,
        "Depreciation Amortization Depletion Income Statement": NaN,
        "Depreciation And Amortization In Income Statement": NaN,
        "Selling General And Administration": NaN,
        "General And Administrative Expense": NaN,
        "Other Gand A": NaN,
        "Gross Profit": NaN,
        "Cost Of Revenue": NaN,
        "Total Revenue": NaN,
        "Operating Revenue": NaN
    },
    "2022-12-31": {
        "Tax Effect Of Unusual Items": NaN,
        "Tax Rate For Calcs": NaN,
        "Normalized EBITDA": NaN,
        "Net Income From Continuing Operation Net Minority Interest": NaN,
        "Reconciled Depreciation": NaN,
        "Reconciled Cost Of Revenue": NaN,
        "EBITDA": NaN,
        "EBIT": NaN,
        "Net Interest Income": NaN,
        "Interest Expense": NaN,
        "Normalized Income": NaN,
        "Net Income From Continuing And Discontinued Operation": NaN,
        "Total Expenses": NaN,
        "Diluted Average Shares": NaN,
        "Basic Average Shares": NaN,
        "Diluted EPS": NaN,
        "Basic EPS": NaN,
        "Diluted NI Availto Com Stockholders": NaN,
        "Net Income Common Stockholders": NaN,
        "Net Income": NaN,
        "Net Income Including Noncontrolling Interests": NaN,
        "Net Income Continuous Operations": NaN,
        "Tax Provision": NaN,
        "Pretax Income": NaN,
        "Other Income Expense": NaN,
        "Other Non Operating Income Expenses": NaN,
        "Net Non Operating Interest Income Expense": NaN,
        "Interest Expense Non Operating": NaN,
        "Operating Income": NaN,
        "Operating Expense": NaN,
        "Other Operating Expenses": 24173000.0,
        "Depreciation Amortization Depletion Income Statement": NaN,
        "Depreciation And Amortization In Income Statement": NaN,
        "Selling General And Administration": NaN,
        "General And Administrative Expense": NaN,
        "Other Gand A": NaN,
        "Gross Profit": NaN,
        "Cost Of Revenue": NaN,
        "Total Revenue": NaN,
        "Operating Revenue": NaN
    },
    "2022-09-30": {
        "Tax Effect Of Unusual Items": 0.0,
        "Tax Rate For Calcs": 0.19499,
        "Normalized EBITDA": 46923000.0,
        "Net Income From Continuing Operation Net Minority Interest": 30109000.0,
        "Reconciled Depreciation": 7961000.0,
        "Reconciled Cost Of Revenue": 80207000.0,
        "EBITDA": 46923000.0,
        "EBIT": 38962000.0,
        "Net Interest Income": -1560000.0,
        "Interest Expense": 1560000.0,
        "Normalized Income": 30109000.0,
        "Net Income From Continuing And Discontinued Operation": 30109000.0,
        "Total Expenses": 115712000.0,
        "Diluted Average Shares": 73844689.0,
        "Basic Average Shares": 73842297.0,
        "Diluted EPS": 0.41,
        "Basic EPS": 0.41,
        "Diluted NI Availto Com Stockholders": 30109000.0,
        "Net Income Common Stockholders": 30109000.0,
        "Net Income": 30109000.0,
        "Net Income Including Noncontrolling Interests": 30109000.0,
        "Net Income Continuous Operations": 30109000.0,
        "Tax Provision": 7293000.0,
        "Pretax Income": 37402000.0,
        "Other Income Expense": 11000.0,
        "Other Non Operating Income Expenses": 11000.0,
        "Net Non Operating Interest Income Expense": -1560000.0,
        "Interest Expense Non Operating": 1560000.0,
        "Operating Income": 38951000.0,
        "Operating Expense": 35505000.0,
        "Depreciation Amortization Depletion Income Statement": 7961000.0,
        "Depreciation And Amortization In Income Statement": 7961000.0,
        "Selling General And Administration": 27544000.0,
        "General And Administrative Expense": 27544000.0,
        "Other Gand A": 27544000.0,
        "Gross Profit": 74456000.0,
        "Cost Of Revenue": 80207000.0,
        "Total Revenue": 154663000.0,
        "Operating Revenue": 152459000.0
    },
    "2022-06-30": {
        "Tax Effect Of Unusual Items": 0.0,
        "Tax Rate For Calcs": 0.239792,
        "Normalized EBITDA": 42532000.0,
        "Net Income From Continuing Operation Net Minority Interest": 25340000.0,
        "Reconciled Depreciation": 7711000.0,
        "Reconciled Cost Of Revenue": 80880000.0,
        "EBITDA": 42532000.0,
        "EBIT": 34821000.0,
        "Net Interest Income": -1488000.0,
        "Interest Expense": 1488000.0,
        "Normalized Income": 25340000.0,
        "Net Income From Continuing And Discontinued Operation": 25340000.0,
        "Total Expenses": 116308000.0,
        "Diluted Average Shares": 73692278.0,
        "Basic Average Shares": 73631588.0,
        "Diluted EPS": 0.34,
        "Basic EPS": 0.34,
        "Diluted NI Availto Com Stockholders": 25340000.0,
        "Net Income Common Stockholders": 25340000.0,
        "Net Income": 25340000.0,
        "Net Income Including Noncontrolling Interests": 25340000.0,
        "Net Income Continuous Operations": 25340000.0,
        "Tax Provision": 7993000.0,
        "Pretax Income": 33333000.0,
        "Other Income Expense": -78000.0,
        "Other Non Operating Income Expenses": -78000.0,
        "Net Non Operating Interest Income Expense": -1488000.0,
        "Interest Expense Non Operating": 1488000.0,
        "Operating Income": 34899000.0,
        "Operating Expense": 35428000.0,
        "Depreciation Amortization Depletion Income Statement": 7711000.0,
        "Depreciation And Amortization In Income Statement": 7711000.0,
        "Selling General And Administration": 27717000.0,
        "General And Administrative Expense": 27717000.0,
        "Other Gand A": 27717000.0,
        "Gross Profit": 70327000.0,
        "Cost Of Revenue": 80880000.0,
        "Total Revenue": 151207000.0,
        "Operating Revenue": 149658000.0
    },
    "2023-06-30": {
        "Tax Effect Of Unusual Items": 0.0,
        "Tax Rate For Calcs": 0.262,
        "Normalized EBITDA": 55348000.0,
        "Net Income From Continuing Operation Net Minority Interest": 32877000.0,
        "Reconciled Depreciation": 8684000.0,
        "Reconciled Cost Of Revenue": 87735000.0,
        "EBITDA": 55348000.0,
        "EBIT": 46664000.0,
        "Net Interest Income": -2137000.0,
        "Interest Expense": 2137000.0,
        "Normalized Income": 32877000.0,
        "Net Income From Continuing And Discontinued Operation": 32877000.0,
        "Total Expenses": 129145000.0,
        "Diluted Average Shares": 74505158.0,
        "Basic Average Shares": 73986326.0,
        "Diluted EPS": 0.44,
        "Basic EPS": 0.44,
        "Diluted NI Availto Com Stockholders": 32877000.0,
        "Net Income Common Stockholders": 32877000.0,
        "Net Income": 32877000.0,
        "Net Income Including Noncontrolling Interests": 32877000.0,
        "Net Income Continuous Operations": 32877000.0,
        "Tax Provision": 11650000.0,
        "Pretax Income": 44527000.0,
        "Other Income Expense": 288000.0,
        "Other Non Operating Income Expenses": 288000.0,
        "Net Non Operating Interest Income Expense": -2137000.0,
        "Interest Expense Non Operating": 2137000.0,
        "Operating Income": 46376000.0,
        "Operating Expense": 41410000.0,
        "Other Operating Expenses": 24354000.0,
        "Depreciation Amortization Depletion Income Statement": 8684000.0,
        "Depreciation And Amortization In Income Statement": 8684000.0,
        "Selling General And Administration": 32726000.0,
        "General And Administrative Expense": 32726000.0,
        "Other Gand A": 32726000.0,
        "Gross Profit": 87786000.0,
        "Cost Of Revenue": 87735000.0,
        "Total Revenue": 175521000.0,
        "Operating Revenue": 170589000.0
    },
    "2022-03-31": {
        "Diluted EPS": 0.3,
        "Total Revenue": 148,
        "Gross Profit": 148,
        "Operating Income": 30,
        "EBIT": 38,
        "Net Income": 22
    },
    "2021-12-31": {
        "Diluted EPS": 0.17,
        "Total Revenue": 144,
        "Gross Profit": 144,
        "Operating Income": 20,
        "EBIT": 29,
        "Net Income": 12
    },
    "2021-09-30": {
        "Diluted EPS": 0.17,
        "Total Revenue": 140,
        "Gross Profit": 140,
        "Operating Income": 22,
        "EBIT": 34,
        "Net Income": 12
    },
    "2021-06-30": {
        "Diluted EPS": 0.14,
        "Total Revenue": 128,
        "Gross Profit": 128,
        "Operating Income": 20,
        "EBIT": 31,
        "Net Income": 10
    },
    "2021-03-31": {
        "Diluted EPS": -0.13,
        "Total Revenue": 119,
        "Gross Profit": 119,
        "Operating Income": -17,
        "EBIT": -7,
        "Net Income": -9
    },
    "2020-12-31": {
        "Diluted EPS": -0.14,
        "Total Revenue": 111,
        "Gross Profit": 111,
        "Operating Income": 3,
        "EBIT": 13,
        "Net Income": -10
    },
    "2020-09-30": {
        "Diluted EPS": 0.12,
        "Total Revenue": 107,
        "Gross Profit": 107,
        "Operating Income": 1,
        "EBIT": 11,
        "Net Income": 9
    },
    "2020-06-30": {
        "Diluted EPS": -0.14,
        "Total Revenue": 99,
        "Gross Profit": 99,
        "Operating Income": -4,
        "EBIT": 7,
        "Net Income": -9
    },
    "2020-03-31": {
        "Diluted EPS": 0.04,
        "Total Revenue": 115,
        "Gross Profit": 115,
        "Operating Income": 2,
        "EBIT": 12,
        "Net Income": 3
    },
    "2019-12-31": {
        "Diluted EPS": -0.05,
        "Total Revenue": 111,
        "Gross Profit": 111,
        "Operating Income": 1,
        "EBIT": 11,
        "Net Income": -3
    },
    "2019-09-30": {
        "Diluted EPS": -0.05,
        "Total Revenue": 110,
        "Gross Profit": 110,
        "Operating Income": 3,
        "EBIT": 13,
        "Net Income": -4
    },
    "2019-06-30": {
        "Diluted EPS": 0.05,
        "Total Revenue": 104,
        "Gross Profit": 104,
        "Operating Income": 7,
        "EBIT": 18,
        "Net Income": 3
    },
    "2019-03-31": {
        "Diluted EPS": 0.04,
        "Total Revenue": 92,
        "Gross Profit": 92,
        "Operating Income": 6,
        "EBIT": 17,
        "Net Income": 3
    },
    "2018-12-31": {
        "Diluted EPS": 0.0,
        "Total Revenue": NaN,
        "Gross Profit": NaN,
        "Operating Income": NaN,
        "EBIT": NaN,
        "Net Income": NaN
    },
    "2018-09-30": {
        "Diluted EPS": 0.16,
        "Total Revenue": 93,
        "Gross Profit": 93,
        "Operating Income": 15,
        "EBIT": 22,
        "Net Income": 10
    },
    "2018-06-30": {
        "Diluted EPS": 0.14,
        "Total Revenue": 89,
        "Gross Profit": 89,
        "Operating Income": 14,
        "EBIT": 14,
        "Net Income": 9
    },
    "2017-12-31": {
        "Diluted EPS": 0.0,
        "Total Revenue": NaN,
        "Gross Profit": NaN,
        "Operating Income": NaN,
        "EBIT": NaN,
        "Net Income": NaN
    },
    "2023-09-30": {
        "Tax Effect Of Unusual Items": 0.0,
        "Tax Rate For Calcs": 0.278,
        "Normalized EBITDA": 64434000.0,
        "Net Income From Continuing Operation Net Minority Interest": 38385000.0,
        "Reconciled Depreciation": 8965000.0,
        "Reconciled Cost Of Revenue": 98197000.0,
        "EBITDA": 64434000.0,
        "EBIT": 55469000.0,
        "Net Interest Income": -2305000.0,
        "Interest Expense": 2305000.0,
        "Normalized Income": 38385000.0,
        "Net Income From Continuing And Discontinued Operation": 38385000.0,
        "Total Expenses": 137245000.0,
        "Diluted Average Shares": 74695260.0,
        "Basic Average Shares": 74261667.0,
        "Diluted EPS": 0.51,
        "Basic EPS": 0.52,
        "Diluted NI Availto Com Stockholders": 38385000.0,
        "Net Income Common Stockholders": 38385000.0,
        "Net Income": 38385000.0,
        "Net Income Including Noncontrolling Interests": 38385000.0,
        "Net Income Continuous Operations": 38385000.0,
        "Tax Provision": 14779000.0,
        "Pretax Income": 53164000.0,
        "Other Income Expense": 2192000.0,
        "Other Non Operating Income Expenses": 2192000.0,
        "Net Non Operating Interest Income Expense": -2305000.0,
        "Interest Expense Non Operating": 2305000.0,
        "Operating Income": 53277000.0,
        "Operating Expense": 39048000.0,
        "Other Operating Expenses": 22714000.0,
        "Depreciation Amortization Depletion Income Statement": 8965000.0,
        "Depreciation And Amortization In Income Statement": 8965000.0,
        "Selling General And Administration": 30083000.0,
        "General And Administrative Expense": 30083000.0,
        "Other Gand A": 30083000.0,
        "Gross Profit": 92325000.0,
        "Cost Of Revenue": 98197000.0,
        "Total Revenue": 190522000.0,
        "Operating Revenue": 185060000.0
    },
    "2023-12-31": {
        "Tax Effect Of Unusual Items": 0.0,
        "Tax Rate For Calcs": 0.244388,
        "Normalized EBITDA": 57623000.0,
        "Net Income From Continuing Operation Net Minority Interest": 34635000.0,
        "Reconciled Depreciation": 9467000.0,
        "Reconciled Cost Of Revenue": 69735000.0,
        "EBITDA": 57623000.0,
        "EBIT": 48156000.0,
        "Net Interest Income": -2319000.0,
        "Interest Expense": 2319000.0,
        "Normalized Income": 34635000.0,
        "Net Income From Continuing And Discontinued Operation": 34635000.0,
        "Total Expenses": 110465000.0,
        "Diluted Average Shares": 74565589.0,
        "Basic Average Shares": 74309970.0,
        "Diluted EPS": 0.46,
        "Basic EPS": 0.47,
        "Diluted NI Availto Com Stockholders": 34635000.0,
        "Net Income Common Stockholders": 34635000.0,
        "Net Income": 34635000.0,
        "Net Income Including Noncontrolling Interests": 34635000.0,
        "Net Income Continuous Operations": 34635000.0,
        "Tax Provision": 11202000.0,
        "Pretax Income": 45837000.0,
        "Other Income Expense": 438000.0,
        "Other Non Operating Income Expenses": 438000.0,
        "Net Non Operating Interest Income Expense": -2319000.0,
        "Interest Expense Non Operating": 2319000.0,
        "Operating Income": 47718000.0,
        "Operating Expense": 40730000.0,
        "Other Operating Expenses": 25545000.0,
        "Depreciation Amortization Depletion Income Statement": 9467000.0,
        "Depreciation And Amortization In Income Statement": 9467000.0,
        "Selling General And Administration": 31263000.0,
        "General And Administrative Expense": 31263000.0,
        "Other Gand A": 31263000.0,
        "Gross Profit": 88448000.0,
        "Cost Of Revenue": 69735000.0,
        "Total Revenue": 158183000.0,
        "Operating Revenue": 152718000.0
    },
    "2024-03-31": {
        "Tax Effect Of Unusual Items": 0.0,
        "Tax Rate For Calcs": 0.237,
        "Normalized EBITDA": 61944000.0,
        "Net Income From Continuing Operation Net Minority Interest": 37964000.0,
        "Reconciled Depreciation": 9922000.0,
        "Reconciled Cost Of Revenue": 95249000.0,
        "EBITDA": 61944000.0,
        "EBIT": 52022000.0,
        "Net Interest Income": -2294000.0,
        "Interest Expense": 2294000.0,
        "Normalized Income": 37964000.0,
        "Net Income From Continuing And Discontinued Operation": 37964000.0,
        "Total Expenses": 138576000.0,
        "Diluted Average Shares": 75269626.0,
        "Basic Average Shares": 74383265.0,
        "Diluted EPS": 0.5,
        "Basic EPS": 0.51,
        "Diluted NI Availto Com Stockholders": 37964000.0,
        "Net Income Common Stockholders": 37964000.0,
        "Net Income": 37964000.0,
        "Net Income Including Noncontrolling Interests": 37964000.0,
        "Net Income Continuous Operations": 37964000.0,
        "Tax Provision": 11764000.0,
        "Pretax Income": 49728000.0,
        "Other Income Expense": 332000.0,
        "Other Non Operating Income Expenses": 332000.0,
        "Net Non Operating Interest Income Expense": -2294000.0,
        "Interest Expense Non Operating": 2294000.0,
        "Operating Income": 51690000.0,
        "Operating Expense": 43327000.0,
        "Other Operating Expenses": NaN,
        "Depreciation Amortization Depletion Income Statement": 9922000.0,
        "Depreciation And Amortization In Income Statement": 9922000.0,
        "Selling General And Administration": 33405000.0,
        "General And Administrative Expense": 33405000.0,
        "Other Gand A": 33405000.0,
        "Gross Profit": 95017000.0,
        "Cost Of Revenue": 95249000.0,
        "Total Revenue": 190266000.0,
        "Operating Revenue": 184329000.0
    },
    "2024-06-30": {
        "Tax Effect Of Unusual Items": 0.0,
        "Tax Rate For Calcs": 0.283,
        "Normalized EBITDA": 57544000.0,
        "Net Income From Continuing Operation Net Minority Interest": 32314000.0,
        "Reconciled Depreciation": 10296000.0,
        "Reconciled Cost Of Revenue": 100590000.0,
        "EBITDA": 57544000.0,
        "EBIT": 47248000.0,
        "Net Interest Income": -2202000.0,
        "Interest Expense": 2202000.0,
        "Normalized Income": 32314000.0,
        "Net Income From Continuing And Discontinued Operation": 32314000.0,
        "Total Expenses": 151439000.0,
        "Diluted Average Shares": 75283986.0,
        "Basic Average Shares": 74487417.0,
        "Diluted EPS": 0.43,
        "Basic EPS": 0.43,
        "Diluted NI Availto Com Stockholders": 32314000.0,
        "Net Income Common Stockholders": 32314000.0,
        "Net Income": 32314000.0,
        "Net Income Including Noncontrolling Interests": 32314000.0,
        "Net Income Continuous Operations": 32314000.0,
        "Tax Provision": 12732000.0,
        "Pretax Income": 45046000.0,
        "Other Income Expense": 196000.0,
        "Other Non Operating Income Expenses": 196000.0,
        "Net Non Operating Interest Income Expense": -2202000.0,
        "Interest Expense Non Operating": 2202000.0,
        "Operating Income": 47052000.0,
        "Operating Expense": 50849000.0,
        "Other Operating Expenses": NaN,
        "Depreciation Amortization Depletion Income Statement": 10296000.0,
        "Depreciation And Amortization In Income Statement": 10296000.0,
        "Selling General And Administration": 40553000.0,
        "General And Administrative Expense": 40553000.0,
        "Other Gand A": 40553000.0,
        "Gross Profit": 97901000.0,
        "Cost Of Revenue": 100590000.0,
        "Total Revenue": 198491000.0,
        "Operating Revenue": 192037000.0
    }
}