{
    "2023-06-30": {
        "Tax Effect Of Unusual Items": NaN,
        "Tax Rate For Calcs": NaN,
        "Normalized EBITDA": NaN,
        "Total Unusual Items": NaN,
        "Total Unusual Items Excluding Goodwill": NaN,
        "Net Income From Continuing Operation Net Minority Interest": NaN,
        "Reconciled Depreciation": NaN,
        "Reconciled Cost Of Revenue": NaN,
        "EBITDA": NaN,
        "EBIT": NaN,
        "Net Interest Income": NaN,
        "Interest Expense": NaN,
        "Interest Income": NaN,
        "Normalized Income": NaN,
        "Net Income From Continuing And Discontinued Operation": NaN,
        "Total Expenses": NaN,
        "Total Operating Income As Reported": NaN,
        "Diluted Average Shares": NaN,
        "Basic Average Shares": NaN,
        "Diluted EPS": NaN,
        "Basic EPS": NaN,
        "Diluted NI Availto Com Stockholders": NaN,
        "Net Income Common Stockholders": NaN,
        "Net Income": NaN,
        "Minority Interests": NaN,
        "Net Income Including Noncontrolling Interests": NaN,
        "Net Income Continuous Operations": NaN,
        "Tax Provision": NaN,
        "Pretax Income": NaN,
        "Other Income Expense": NaN,
        "Other Non Operating Income Expenses": NaN,
        "Special Income Charges": 0.0,
        "Gain On Sale Of Security": NaN,
        "Net Non Operating Interest Income Expense": NaN,
        "Interest Expense Non Operating": NaN,
        "Interest Income Non Operating": NaN,
        "Operating Income": NaN,
        "Operating Expense": NaN,
        "Research And Development": NaN,
        "Selling General And Administration": NaN,
        "Gross Profit": NaN,
        "Cost Of Revenue": NaN,
        "Total Revenue": NaN,
        "Operating Revenue": NaN
    },
    "2023-03-31": {
        "Tax Effect Of Unusual Items": NaN,
        "Tax Rate For Calcs": NaN,
        "Normalized EBITDA": NaN,
        "Total Unusual Items": NaN,
        "Total Unusual Items Excluding Goodwill": NaN,
        "Net Income From Continuing Operation Net Minority Interest": NaN,
        "Reconciled Depreciation": NaN,
        "Reconciled Cost Of Revenue": NaN,
        "EBITDA": NaN,
        "EBIT": NaN,
        "Net Interest Income": NaN,
        "Interest Expense": NaN,
        "Interest Income": NaN,
        "Normalized Income": NaN,
        "Net Income From Continuing And Discontinued Operation": NaN,
        "Total Expenses": NaN,
        "Total Operating Income As Reported": NaN,
        "Diluted Average Shares": NaN,
        "Basic Average Shares": NaN,
        "Diluted EPS": NaN,
        "Basic EPS": NaN,
        "Diluted NI Availto Com Stockholders": NaN,
        "Net Income Common Stockholders": NaN,
        "Net Income": NaN,
        "Minority Interests": NaN,
        "Net Income Including Noncontrolling Interests": NaN,
        "Net Income Continuous Operations": NaN,
        "Tax Provision": NaN,
        "Pretax Income": NaN,
        "Other Income Expense": NaN,
        "Other Non Operating Income Expenses": NaN,
        "Special Income Charges": 0.0,
        "Gain On Sale Of Security": NaN,
        "Net Non Operating Interest Income Expense": NaN,
        "Interest Expense Non Operating": NaN,
        "Interest Income Non Operating": NaN,
        "Operating Income": NaN,
        "Operating Expense": NaN,
        "Research And Development": NaN,
        "Selling General And Administration": NaN,
        "Gross Profit": NaN,
        "Cost Of Revenue": NaN,
        "Total Revenue": NaN,
        "Operating Revenue": NaN
    },
    "2022-12-31": {
        "Tax Effect Of Unusual Items": NaN,
        "Tax Rate For Calcs": NaN,
        "Normalized EBITDA": NaN,
        "Total Unusual Items": NaN,
        "Total Unusual Items Excluding Goodwill": NaN,
        "Net Income From Continuing Operation Net Minority Interest": NaN,
        "Reconciled Depreciation": NaN,
        "Reconciled Cost Of Revenue": NaN,
        "EBITDA": NaN,
        "EBIT": NaN,
        "Net Interest Income": NaN,
        "Interest Expense": NaN,
        "Interest Income": NaN,
        "Normalized Income": NaN,
        "Net Income From Continuing And Discontinued Operation": NaN,
        "Total Expenses": NaN,
        "Total Operating Income As Reported": NaN,
        "Diluted Average Shares": NaN,
        "Basic Average Shares": NaN,
        "Diluted EPS": NaN,
        "Basic EPS": NaN,
        "Diluted NI Availto Com Stockholders": NaN,
        "Net Income Common Stockholders": NaN,
        "Net Income": NaN,
        "Minority Interests": NaN,
        "Net Income Including Noncontrolling Interests": NaN,
        "Net Income Continuous Operations": NaN,
        "Tax Provision": NaN,
        "Pretax Income": NaN,
        "Other Income Expense": NaN,
        "Other Non Operating Income Expenses": NaN,
        "Special Income Charges": 0.0,
        "Other Special Charges": 0.0,
        "Gain On Sale Of Security": NaN,
        "Net Non Operating Interest Income Expense": NaN,
        "Interest Expense Non Operating": NaN,
        "Interest Income Non Operating": NaN,
        "Operating Income": NaN,
        "Operating Expense": NaN,
        "Research And Development": NaN,
        "Selling General And Administration": NaN,
        "Gross Profit": NaN,
        "Cost Of Revenue": NaN,
        "Total Revenue": NaN,
        "Operating Revenue": NaN
    },
    "2022-09-30": {
        "Tax Effect Of Unusual Items": 0.0,
        "Tax Rate For Calcs": 0.011748,
        "Normalized EBITDA": 481317000.0,
        "Total Unusual Items": 1013000.0,
        "Total Unusual Items Excluding Goodwill": 1013000.0,
        "Net Income From Continuing Operation Net Minority Interest": 306081000.0,
        "Reconciled Depreciation": 156338000.0,
        "Reconciled Cost Of Revenue": 1662463000.0,
        "EBITDA": 481317000.0,
        "EBIT": 324979000.0,
        "Net Interest Income": -14879000.0,
        "Interest Expense": 14879000.0,
        "Interest Income": 4034000.0,
        "Normalized Income": 306081000.0,
        "Net Income From Continuing And Discontinued Operation": 306081000.0,
        "Total Expenses": 1764404000.0,
        "Total Operating Income As Reported": 319287000.0,
        "Diluted Average Shares": 246094000.0,
        "Basic Average Shares": 244744000.0,
        "Diluted EPS": 1.24,
        "Basic EPS": 1.25,
        "Diluted NI Availto Com Stockholders": 306081000.0,
        "Net Income Common Stockholders": 306081000.0,
        "Net Income": 306081000.0,
        "Minority Interests": -376000.0,
        "Net Income Including Noncontrolling Interests": 306457000.0,
        "Net Income Continuous Operations": 306457000.0,
        "Tax Provision": 3643000.0,
        "Pretax Income": 310100000.0,
        "Other Income Expense": 5692000.0,
        "Other Non Operating Income Expenses": 5692000.0,
        "Special Income Charges": 0.0,
        "Other Special Charges": NaN,
        "Gain On Sale Of Security": 1013000.0,
        "Net Non Operating Interest Income Expense": -14879000.0,
        "Interest Expense Non Operating": 14879000.0,
        "Interest Income Non Operating": 4034000.0,
        "Operating Income": 319287000.0,
        "Operating Expense": 101941000.0,
        "Research And Development": 33994000.0,
        "Selling General And Administration": 67947000.0,
        "Gross Profit": 421228000.0,
        "Cost Of Revenue": 1662463000.0,
        "Total Revenue": 2083691000.0,
        "Operating Revenue": 2083691000.0
    },
    "2022-06-30": {
        "Tax Effect Of Unusual Items": 0.0,
        "Tax Rate For Calcs": 0.079174,
        "Normalized EBITDA": 301999000.0,
        "Total Unusual Items": 5887000.0,
        "Total Unusual Items Excluding Goodwill": 5887000.0,
        "Net Income From Continuing Operation Net Minority Interest": 124778000.0,
        "Reconciled Depreciation": 151149000.0,
        "Reconciled Cost Of Revenue": 1255713000.0,
        "EBITDA": 301999000.0,
        "EBIT": 150850000.0,
        "Net Interest Income": -14593000.0,
        "Interest Expense": 14593000.0,
        "Interest Income": 1941000.0,
        "Normalized Income": 124778000.0,
        "Net Income From Continuing And Discontinued Operation": 124778000.0,
        "Total Expenses": 1362059000.0,
        "Total Operating Income As Reported": 142809000.0,
        "Diluted Average Shares": 245855000.0,
        "Basic Average Shares": 244592000.0,
        "Diluted EPS": 0.51,
        "Basic EPS": 0.51,
        "Diluted NI Availto Com Stockholders": 124778000.0,
        "Net Income Common Stockholders": 124778000.0,
        "Net Income": 124778000.0,
        "Minority Interests": -691000.0,
        "Net Income Including Noncontrolling Interests": 125469000.0,
        "Net Income Continuous Operations": 125469000.0,
        "Tax Provision": 10788000.0,
        "Pretax Income": 136257000.0,
        "Other Income Expense": 8041000.0,
        "Other Non Operating Income Expenses": 8041000.0,
        "Special Income Charges": -367000.0,
        "Other Special Charges": 367000.0,
        "Gain On Sale Of Security": 6254000.0,
        "Net Non Operating Interest Income Expense": -14593000.0,
        "Interest Expense Non Operating": 14593000.0,
        "Interest Income Non Operating": 1941000.0,
        "Operating Income": 142809000.0,
        "Operating Expense": 106346000.0,
        "Research And Development": 37478000.0,
        "Selling General And Administration": 68868000.0,
        "Gross Profit": 249155000.0,
        "Cost Of Revenue": 1255713000.0,
        "Total Revenue": 1504868000.0,
        "Operating Revenue": 1504868000.0
    },
    "2022-03-31": {
        "Diluted EPS": 0.69,
        "Total Revenue": NaN,
        "Gross Profit": 325,
        "Operating Income": 210,
        "EBIT": 358,
        "Net Income": 171
    },
    "2021-12-31": {
        "Diluted EPS": 0.88,
        "Total Revenue": NaN,
        "Gross Profit": 362,
        "Operating Income": 252,
        "EBIT": 398,
        "Net Income": 217
    },
    "2021-09-30": {
        "Diluted EPS": 0.74,
        "Total Revenue": NaN,
        "Gross Profit": 325,
        "Operating Income": 211,
        "EBIT": 357,
        "Net Income": 181
    },
    "2021-06-30": {
        "Diluted EPS": 0.51,
        "Total Revenue": NaN,
        "Gross Profit": 273,
        "Operating Income": 155,
        "EBIT": 295,
        "Net Income": 126
    },
    "2021-03-31": {
        "Diluted EPS": 0.49,
        "Total Revenue": NaN,
        "Gross Profit": 266,
        "Operating Income": 144,
        "EBIT": 280,
        "Net Income": 120
    },
    "2020-12-31": {
        "Diluted EPS": 0.53,
        "Total Revenue": NaN,
        "Gross Profit": 279,
        "Operating Income": 159,
        "EBIT": 294,
        "Net Income": 127
    },
    "2020-09-30": {
        "Diluted EPS": 0.38,
        "Total Revenue": NaN,
        "Gross Profit": 241,
        "Operating Income": 127,
        "EBIT": 257,
        "Net Income": 92
    },
    "2020-06-30": {
        "Diluted EPS": 0.23,
        "Total Revenue": NaN,
        "Gross Profit": 192,
        "Operating Income": 87,
        "EBIT": 211,
        "Net Income": 55
    },
    "2020-03-31": {
        "Diluted EPS": 0.26,
        "Total Revenue": NaN,
        "Gross Profit": 189,
        "Operating Income": 84,
        "EBIT": 208,
        "Net Income": 64
    },
    "2019-12-31": {
        "Diluted EPS": 0.41,
        "Total Revenue": NaN,
        "Gross Profit": 223,
        "Operating Income": 118,
        "EBIT": 246,
        "Net Income": 99
    },
    "2019-09-30": {
        "Diluted EPS": 0.23,
        "Total Revenue": NaN,
        "Gross Profit": 182,
        "Operating Income": 79,
        "EBIT": 208,
        "Net Income": 54
    },
    "2019-06-30": {
        "Diluted EPS": -0.04,
        "Total Revenue": 895,
        "Gross Profit": 123,
        "Operating Income": 23,
        "EBIT": 155,
        "Net Income": -9
    },
    "2019-03-31": {
        "Diluted EPS": -0.1,
        "Total Revenue": 895,
        "Gross Profit": 121,
        "Operating Income": 13,
        "EBIT": 149,
        "Net Income": -23
    },
    "2018-12-31": {
        "Diluted EPS": 0.11,
        "Total Revenue": NaN,
        "Gross Profit": 182,
        "Operating Income": 75,
        "EBIT": 219,
        "Net Income": 28
    },
    "2018-09-30": {
        "Diluted EPS": 0.24,
        "Total Revenue": NaN,
        "Gross Profit": 201,
        "Operating Income": 93,
        "EBIT": 236,
        "Net Income": 57
    },
    "2018-06-30": {
        "Diluted EPS": 0.14,
        "Total Revenue": NaN,
        "Gross Profit": 170,
        "Operating Income": 54,
        "EBIT": 197,
        "Net Income": 33
    },
    "2018-03-31": {
        "Diluted EPS": 0.04,
        "Total Revenue": NaN,
        "Gross Profit": 158,
        "Operating Income": 36,
        "EBIT": 179,
        "Net Income": 10
    },
    "2017-12-31": {
        "Diluted EPS": 0.41,
        "Total Revenue": NaN,
        "Gross Profit": 224,
        "Operating Income": 109,
        "EBIT": 257,
        "Net Income": 100
    },
    "2017-09-30": {
        "Diluted EPS": 0.25,
        "Total Revenue": NaN,
        "Gross Profit": 224,
        "Operating Income": 105,
        "EBIT": 254,
        "Net Income": 59
    },
    "2017-06-30": {
        "Diluted EPS": 0.5,
        "Total Revenue": NaN,
        "Gross Profit": 177,
        "Operating Income": 173,
        "EBIT": 318,
        "Net Income": 119
    },
    "2017-03-31": {
        "Diluted EPS": -0.06,
        "Total Revenue": 899,
        "Gross Profit": 136,
        "Operating Income": 18,
        "EBIT": 160,
        "Net Income": -15
    },
    "2016-12-31": {
        "Diluted EPS": 0.47,
        "Total Revenue": NaN,
        "Gross Profit": 242,
        "Operating Income": 141,
        "EBIT": 281,
        "Net Income": 112
    },
    "2016-09-30": {
        "Diluted EPS": 0.25,
        "Total Revenue": NaN,
        "Gross Profit": 214,
        "Operating Income": 115,
        "EBIT": 256,
        "Net Income": 60
    },
    "2016-06-30": {
        "Diluted EPS": 0.02,
        "Total Revenue": 917,
        "Gross Profit": 132,
        "Operating Income": 31,
        "EBIT": 169,
        "Net Income": 5
    },
    "2016-03-31": {
        "Diluted EPS": 0.0,
        "Total Revenue": 869,
        "Gross Profit": 123,
        "Operating Income": 22,
        "EBIT": 159,
        "Net Income": -1
    },
    "2015-12-31": {
        "Diluted EPS": -0.05,
        "Total Revenue": 671,
        "Gross Profit": 103,
        "Operating Income": 21,
        "EBIT": 145,
        "Net Income": -13
    },
    "2015-09-30": {
        "Diluted EPS": 0.12,
        "Total Revenue": 734,
        "Gross Profit": 127,
        "Operating Income": 51,
        "EBIT": 175,
        "Net Income": 28
    },
    "2015-06-30": {
        "Diluted EPS": 0.03,
        "Total Revenue": 737,
        "Gross Profit": 115,
        "Operating Income": 39,
        "EBIT": 163,
        "Net Income": 7
    },
    "2015-03-31": {
        "Diluted EPS": 0.12,
        "Total Revenue": 743,
        "Gross Profit": 135,
        "Operating Income": 54,
        "EBIT": 178,
        "Net Income": 29
    },
    "2014-12-31": {
        "Diluted EPS": 0.05,
        "Total Revenue": 853,
        "Gross Profit": 120,
        "Operating Income": 40,
        "EBIT": 167,
        "Net Income": 12
    },
    "2014-09-30": {
        "Diluted EPS": 0.2,
        "Total Revenue": 813,
        "Gross Profit": 153,
        "Operating Income": 75,
        "EBIT": 195,
        "Net Income": 47
    },
    "2014-06-30": {
        "Diluted EPS": 0.21,
        "Total Revenue": 767,
        "Gross Profit": 151,
        "Operating Income": 61,
        "EBIT": 173,
        "Net Income": 49
    },
    "2014-03-31": {
        "Diluted EPS": 0.09,
        "Total Revenue": 696,
        "Gross Profit": 129,
        "Operating Income": 45,
        "EBIT": 154,
        "Net Income": 21
    },
    "2013-12-31": {
        "Diluted EPS": 0.18,
        "Total Revenue": 755,
        "Gross Profit": 150,
        "Operating Income": 75,
        "EBIT": 186,
        "Net Income": 41
    },
    "2013-09-30": {
        "Diluted EPS": 0.11,
        "Total Revenue": 768,
        "Gross Profit": 141,
        "Operating Income": 58,
        "EBIT": 164,
        "Net Income": 25
    },
    "2013-06-30": {
        "Diluted EPS": 0.14,
        "Total Revenue": 746,
        "Gross Profit": 138,
        "Operating Income": 58,
        "EBIT": 157,
        "Net Income": 30
    },
    "2013-03-31": {
        "Diluted EPS": 0.07,
        "Total Revenue": 688,
        "Gross Profit": 115,
        "Operating Income": 41,
        "EBIT": 138,
        "Net Income": 13
    },
    "2012-12-31": {
        "Diluted EPS": 0.07,
        "Total Revenue": 723,
        "Gross Profit": 113,
        "Operating Income": 42,
        "EBIT": 144,
        "Net Income": 7
    },
    "2012-09-30": {
        "Diluted EPS": 0.11,
        "Total Revenue": 695,
        "Gross Profit": 117,
        "Operating Income": 54,
        "EBIT": 148,
        "Net Income": 22
    },
    "2012-06-30": {
        "Diluted EPS": 0.0,
        "Total Revenue": 687,
        "Gross Profit": 89,
        "Operating Income": 22,
        "EBIT": 113,
        "Net Income": 1
    },
    "2012-03-31": {
        "Diluted EPS": 0.06,
        "Total Revenue": 655,
        "Gross Profit": 105,
        "Operating Income": 34,
        "EBIT": 123,
        "Net Income": 12
    },
    "2011-12-31": {
        "Diluted EPS": 0.11,
        "Total Revenue": 684,
        "Gross Profit": 112,
        "Operating Income": 44,
        "EBIT": 134,
        "Net Income": 25
    },
    "2011-09-30": {
        "Diluted EPS": 0.11,
        "Total Revenue": 740,
        "Gross Profit": 122,
        "Operating Income": 44,
        "EBIT": 127,
        "Net Income": 27
    },
    "2011-06-30": {
        "Diluted EPS": 0.07,
        "Total Revenue": 688,
        "Gross Profit": 130,
        "Operating Income": 56,
        "EBIT": 139,
        "Net Income": 14
    },
    "2011-03-31": {
        "Diluted EPS": 0.1,
        "Total Revenue": 665,
        "Gross Profit": 127,
        "Operating Income": 50,
        "EBIT": 133,
        "Net Income": 25
    },
    "2010-12-31": {
        "Diluted EPS": 0.2,
        "Total Revenue": 751,
        "Gross Profit": 159,
        "Operating Income": 86,
        "EBIT": 177,
        "Net Income": 50
    },
    "2010-09-30": {
        "Diluted EPS": 0.3,
        "Total Revenue": 794,
        "Gross Profit": 188,
        "Operating Income": 118,
        "EBIT": 201,
        "Net Income": 78
    },
    "2010-06-30": {
        "Diluted EPS": 0.23,
        "Total Revenue": 749,
        "Gross Profit": 179,
        "Operating Income": 101,
        "EBIT": 179,
        "Net Income": 59
    },
    "2010-03-31": {
        "Diluted EPS": 0.18,
        "Total Revenue": 646,
        "Gross Profit": 137,
        "Operating Income": 69,
        "EBIT": 145,
        "Net Income": 44
    },
    "2009-12-31": {
        "Diluted EPS": 0.43,
        "Total Revenue": 668,
        "Gross Profit": 175,
        "Operating Income": 110,
        "EBIT": 189,
        "Net Income": 88
    },
    "2009-09-30": {
        "Diluted EPS": 0.31,
        "Total Revenue": 616,
        "Gross Profit": 155,
        "Operating Income": 88,
        "EBIT": 162,
        "Net Income": 81
    },
    "2009-06-30": {
        "Diluted EPS": 0.05,
        "Total Revenue": 507,
        "Gross Profit": 102,
        "Operating Income": 40,
        "EBIT": 116,
        "Net Income": 9
    },
    "2009-03-31": {
        "Diluted EPS": -0.12,
        "Total Revenue": 389,
        "Gross Profit": 48,
        "Operating Income": -12,
        "EBIT": 68,
        "Net Income": -22
    },
    "2023-09-30": {
        "Tax Effect Of Unusual Items": NaN,
        "Tax Rate For Calcs": NaN,
        "Normalized EBITDA": NaN,
        "Total Unusual Items": NaN,
        "Total Unusual Items Excluding Goodwill": NaN,
        "Net Income From Continuing Operation Net Minority Interest": NaN,
        "Reconciled Depreciation": NaN,
        "Reconciled Cost Of Revenue": NaN,
        "EBITDA": NaN,
        "EBIT": NaN,
        "Net Interest Income": NaN,
        "Interest Expense": NaN,
        "Interest Income": NaN,
        "Normalized Income": NaN,
        "Net Income From Continuing And Discontinued Operation": NaN,
        "Total Expenses": NaN,
        "Total Operating Income As Reported": NaN,
        "Diluted Average Shares": NaN,
        "Basic Average Shares": NaN,
        "Diluted EPS": NaN,
        "Basic EPS": NaN,
        "Diluted NI Availto Com Stockholders": NaN,
        "Net Income Common Stockholders": NaN,
        "Net Income": NaN,
        "Minority Interests": NaN,
        "Net Income Including Noncontrolling Interests": NaN,
        "Net Income Continuous Operations": NaN,
        "Tax Provision": NaN,
        "Pretax Income": NaN,
        "Other Income Expense": NaN,
        "Other Non Operating Income Expenses": NaN,
        "Special Income Charges": 0.0,
        "Gain On Sale Of Security": NaN,
        "Net Non Operating Interest Income Expense": NaN,
        "Interest Expense Non Operating": NaN,
        "Interest Income Non Operating": NaN,
        "Operating Income": NaN,
        "Operating Expense": NaN,
        "Research And Development": NaN,
        "Selling General And Administration": NaN,
        "Gross Profit": NaN,
        "Cost Of Revenue": NaN,
        "Total Revenue": NaN,
        "Operating Revenue": NaN
    },
    "2023-12-31": {
        "Tax Effect Of Unusual Items": NaN,
        "Tax Rate For Calcs": NaN,
        "Normalized EBITDA": NaN,
        "Total Unusual Items": NaN,
        "Total Unusual Items Excluding Goodwill": NaN,
        "Net Income From Continuing Operation Net Minority Interest": NaN,
        "Reconciled Depreciation": NaN,
        "Reconciled Cost Of Revenue": NaN,
        "EBITDA": NaN,
        "EBIT": NaN,
        "Net Interest Income": NaN,
        "Interest Expense": NaN,
        "Interest Income": NaN,
        "Normalized Income": NaN,
        "Net Income From Continuing And Discontinued Operation": NaN,
        "Total Expenses": NaN,
        "Total Operating Income As Reported": NaN,
        "Diluted Average Shares": NaN,
        "Basic Average Shares": NaN,
        "Diluted EPS": NaN,
        "Basic EPS": NaN,
        "Diluted NI Availto Com Stockholders": NaN,
        "Net Income Common Stockholders": NaN,
        "Net Income": NaN,
        "Minority Interests": NaN,
        "Net Income Including Noncontrolling Interests": NaN,
        "Net Income Continuous Operations": NaN,
        "Tax Provision": NaN,
        "Pretax Income": NaN,
        "Other Income Expense": NaN,
        "Other Non Operating Income Expenses": NaN,
        "Special Income Charges": 0.0,
        "Gain On Sale Of Security": NaN,
        "Net Non Operating Interest Income Expense": NaN,
        "Interest Expense Non Operating": NaN,
        "Interest Income Non Operating": NaN,
        "Operating Income": NaN,
        "Operating Expense": NaN,
        "Research And Development": NaN,
        "Selling General And Administration": NaN,
        "Gross Profit": NaN,
        "Cost Of Revenue": NaN,
        "Total Revenue": NaN,
        "Operating Revenue": NaN
    },
    "2024-03-31": {
        "Tax Effect Of Unusual Items": -261771.276152,
        "Tax Rate For Calcs": 0.169431,
        "Normalized EBITDA": 234891000.0,
        "Total Unusual Items": -1545000.0,
        "Total Unusual Items Excluding Goodwill": -1545000.0,
        "Net Income From Continuing Operation Net Minority Interest": 58897000.0,
        "Reconciled Depreciation": 144925000.0,
        "Reconciled Cost Of Revenue": 1163868000.0,
        "EBITDA": 233346000.0,
        "EBIT": 88421000.0,
        "Net Interest Income": 357000.0,
        "Interest Expense": 16439000.0,
        "Interest Income": 16796000.0,
        "Normalized Income": 60180228.723848,
        "Net Income From Continuing And Discontinued Operation": 58897000.0,
        "Total Expenses": 1292385000.0,
        "Total Operating Income As Reported": 73126000.0,
        "Diluted Average Shares": 247614000.0,
        "Basic Average Shares": 246008000.0,
        "Diluted EPS": 0.24,
        "Basic EPS": 0.24,
        "Diluted NI Availto Com Stockholders": 58897000.0,
        "Net Income Common Stockholders": 58897000.0,
        "Net Income": 58897000.0,
        "Minority Interests": -889000.0,
        "Net Income Including Noncontrolling Interests": 59786000.0,
        "Net Income Continuous Operations": 59786000.0,
        "Tax Provision": 12196000.0,
        "Pretax Income": 71982000.0,
        "Other Income Expense": -1501000.0,
        "Other Non Operating Income Expenses": 44000.0,
        "Special Income Charges": NaN,
        "Gain On Sale Of Security": -1545000.0,
        "Net Non Operating Interest Income Expense": 357000.0,
        "Interest Expense Non Operating": 16439000.0,
        "Interest Income Non Operating": 16796000.0,
        "Operating Income": 73126000.0,
        "Operating Expense": 128517000.0,
        "Research And Development": 38171000.0,
        "Selling General And Administration": 90346000.0,
        "Gross Profit": 201643000.0,
        "Cost Of Revenue": 1163868000.0,
        "Total Revenue": 1365511000.0,
        "Operating Revenue": 1365511000.0
    },
    "2024-06-30": {
        "Tax Effect Of Unusual Items": -337052.249602,
        "Tax Rate For Calcs": 0.175457,
        "Normalized EBITDA": 249245000.0,
        "Total Unusual Items": -1921000.0,
        "Total Unusual Items Excluding Goodwill": -1921000.0,
        "Net Income From Continuing Operation Net Minority Interest": 66897000.0,
        "Reconciled Depreciation": 149949000.0,
        "Reconciled Cost Of Revenue": 1249099000.0,
        "EBITDA": 247324000.0,
        "EBIT": 97375000.0,
        "Net Interest Income": 1893000.0,
        "Interest Expense": 15805000.0,
        "Interest Income": 17698000.0,
        "Normalized Income": 68480947.750398,
        "Net Income From Continuing And Discontinued Operation": 66897000.0,
        "Total Expenses": 1379947000.0,
        "Total Operating Income As Reported": 81527000.0,
        "Diluted Average Shares": 247860000.0,
        "Basic Average Shares": 246228000.0,
        "Diluted EPS": 0.27,
        "Basic EPS": 0.27,
        "Diluted NI Availto Com Stockholders": 66897000.0,
        "Net Income Common Stockholders": 66897000.0,
        "Net Income": 66897000.0,
        "Minority Interests": -361000.0,
        "Net Income Including Noncontrolling Interests": 67258000.0,
        "Net Income Continuous Operations": 67258000.0,
        "Tax Provision": 14312000.0,
        "Pretax Income": 81570000.0,
        "Other Income Expense": -1850000.0,
        "Other Non Operating Income Expenses": 71000.0,
        "Gain On Sale Of Security": -1921000.0,
        "Net Non Operating Interest Income Expense": 1893000.0,
        "Interest Expense Non Operating": 15805000.0,
        "Interest Income Non Operating": 17698000.0,
        "Operating Income": 81527000.0,
        "Operating Expense": 130848000.0,
        "Research And Development": 39568000.0,
        "Selling General And Administration": 91280000.0,
        "Gross Profit": 212375000.0,
        "Cost Of Revenue": 1249099000.0,
        "Total Revenue": 1461474000.0,
        "Operating Revenue": 1461474000.0
    },
    "2024-09-30": {
        "Tax Effect Of Unusual Items": -1079092.863436,
        "Tax Rate For Calcs": 0.135225,
        "Normalized EBITDA": 316073000.0,
        "Total Unusual Items": -7980000.0,
        "Total Unusual Items Excluding Goodwill": -7980000.0,
        "Net Income From Continuing Operation Net Minority Interest": 122569000.0,
        "Reconciled Depreciation": 150596000.0,
        "Reconciled Cost Of Revenue": 1589105000.0,
        "EBITDA": 308093000.0,
        "EBIT": 157497000.0,
        "Net Interest Income": 240000.0,
        "Interest Expense": 15622000.0,
        "Interest Income": 15862000.0,
        "Normalized Income": 129469907.136564,
        "Net Income From Continuing And Discontinued Operation": 122569000.0,
        "Total Expenses": 1712222000.0,
        "Total Operating Income As Reported": 149367000.0,
        "Diluted Average Shares": 247922000.0,
        "Basic Average Shares": 246480000.0,
        "Diluted EPS": 0.49,
        "Basic EPS": 0.5,
        "Diluted NI Availto Com Stockholders": 122569000.0,
        "Net Income Common Stockholders": 122569000.0,
        "Net Income": 122569000.0,
        "Minority Interests": -121000.0,
        "Net Income Including Noncontrolling Interests": 122690000.0,
        "Net Income Continuous Operations": 122690000.0,
        "Tax Provision": 19185000.0,
        "Pretax Income": 141875000.0,
        "Other Income Expense": -7732000.0,
        "Other Non Operating Income Expenses": 248000.0,
        "Gain On Sale Of Security": -7980000.0,
        "Net Non Operating Interest Income Expense": 240000.0,
        "Interest Expense Non Operating": 15622000.0,
        "Interest Income Non Operating": 15862000.0,
        "Operating Income": 149367000.0,
        "Operating Expense": 123117000.0,
        "Research And Development": 42364000.0,
        "Selling General And Administration": 80753000.0,
        "Gross Profit": 272484000.0,
        "Cost Of Revenue": 1589105000.0,
        "Total Revenue": 1861589000.0,
        "Operating Revenue": 1861589000.0
    },
    "2024-12-31": {
        "Tax Effect Of Unusual Items": 569005.745304,
        "Tax Rate For Calcs": 0.219693,
        "Normalized EBITDA": 299271000.0,
        "Total Unusual Items": 2590000.0,
        "Total Unusual Items Excluding Goodwill": 2590000.0,
        "Net Income From Continuing Operation Net Minority Interest": 105649000.0,
        "Reconciled Depreciation": 149193000.0,
        "Reconciled Cost Of Revenue": 1382408000.0,
        "EBITDA": 301861000.0,
        "EBIT": 152668000.0,
        "Net Interest Income": -1894000.0,
        "Interest Expense": 17079000.0,
        "Interest Income": 15185000.0,
        "Normalized Income": 103628005.745304,
        "Net Income From Continuing And Discontinued Operation": 105649000.0,
        "Total Expenses": 1494683000.0,
        "Total Operating Income As Reported": 134435000.0,
        "Diluted Average Shares": 247864000.0,
        "Basic Average Shares": 246654000.0,
        "Diluted EPS": 0.43,
        "Basic EPS": 0.43,
        "Diluted NI Availto Com Stockholders": 105649000.0,
        "Net Income Common Stockholders": 105649000.0,
        "Net Income": 105649000.0,
        "Minority Interests": -152000.0,
        "Net Income Including Noncontrolling Interests": 105801000.0,
        "Net Income Continuous Operations": 105801000.0,
        "Tax Provision": 29788000.0,
        "Pretax Income": 135589000.0,
        "Other Income Expense": 3048000.0,
        "Other Non Operating Income Expenses": 458000.0,
        "Gain On Sale Of Security": 2590000.0,
        "Net Non Operating Interest Income Expense": -1894000.0,
        "Interest Expense Non Operating": 17079000.0,
        "Interest Income Non Operating": 15185000.0,
        "Operating Income": 134435000.0,
        "Operating Expense": 112275000.0,
        "Research And Development": 42848000.0,
        "Selling General And Administration": 69427000.0,
        "Gross Profit": 246710000.0,
        "Cost Of Revenue": 1382408000.0,
        "Total Revenue": 1629118000.0,
        "Operating Revenue": 1629118000.0
    },
    "2025-03-31": {
        "Tax Effect Of Unusual Items": -573863.27504,
        "Tax Rate For Calcs": 0.152623,
        "Normalized EBITDA": 200179000.0,
        "Total Unusual Items": -3760000.0,
        "Total Unusual Items Excluding Goodwill": -3760000.0,
        "Net Income From Continuing Operation Net Minority Interest": 21128000.0,
        "Reconciled Depreciation": 153821000.0,
        "Reconciled Cost Of Revenue": 1163992000.0,
        "EBITDA": 196419000.0,
        "EBIT": 42598000.0,
        "Net Interest Income": -2356000.0,
        "Interest Expense": 16809000.0,
        "Interest Income": 14453000.0,
        "Normalized Income": 24314136.72496,
        "Net Income From Continuing And Discontinued Operation": 21128000.0,
        "Total Expenses": 1290052000.0,
        "Total Operating Income As Reported": 31523000.0,
        "Diluted Average Shares": 247845000.0,
        "Basic Average Shares": 246854000.0,
        "Diluted EPS": 0.09,
        "Basic EPS": 0.09,
        "Diluted NI Availto Com Stockholders": 21128000.0,
        "Net Income Common Stockholders": 21128000.0,
        "Net Income": 21128000.0,
        "Minority Interests": -725000.0,
        "Net Income Including Noncontrolling Interests": 21853000.0,
        "Net Income Continuous Operations": 21853000.0,
        "Tax Provision": 3936000.0,
        "Pretax Income": 25789000.0,
        "Other Income Expense": -3378000.0,
        "Other Non Operating Income Expenses": 382000.0,
        "Gain On Sale Of Security": -3760000.0,
        "Net Non Operating Interest Income Expense": -2356000.0,
        "Interest Expense Non Operating": 16809000.0,
        "Interest Income Non Operating": 14453000.0,
        "Operating Income": 31523000.0,
        "Operating Expense": 126060000.0,
        "Research And Development": 45652000.0,
        "Selling General And Administration": 80408000.0,
        "Gross Profit": 157583000.0,
        "Cost Of Revenue": 1163992000.0,
        "Total Revenue": 1321575000.0,
        "Operating Revenue": 1321575000.0
    },
    "2025-06-30": {
        "Tax Effect Of Unusual Items": -2378137.98159,
        "Tax Rate For Calcs": 0.338429,
        "Normalized EBITDA": 265893000.0,
        "Total Unusual Items": -7027000.0,
        "Total Unusual Items Excluding Goodwill": -7027000.0,
        "Net Income From Continuing Operation Net Minority Interest": 54417000.0,
        "Reconciled Depreciation": 158842000.0,
        "Reconciled Cost Of Revenue": 1329495000.0,
        "EBITDA": 258866000.0,
        "EBIT": 100024000.0,
        "Net Interest Income": -1818000.0,
        "Interest Expense": 16810000.0,
        "Interest Income": 14992000.0,
        "Normalized Income": 59065862.01841,
        "Net Income From Continuing And Discontinued Operation": 54417000.0,
        "Total Expenses": 1419425000.0,
        "Total Operating Income As Reported": 91967000.0,
        "Diluted Average Shares": 247806000.0,
        "Basic Average Shares": 247090000.0,
        "Diluted EPS": 0.22,
        "Basic EPS": 0.22,
        "Diluted NI Availto Com Stockholders": 54417000.0,
        "Net Income Common Stockholders": 54417000.0,
        "Net Income": 54417000.0,
        "Minority Interests": -635000.0,
        "Net Income Including Noncontrolling Interests": 55052000.0,
        "Net Income Continuous Operations": 55052000.0,
        "Tax Provision": 28162000.0,
        "Pretax Income": 83214000.0,
        "Other Income Expense": -6935000.0,
        "Other Non Operating Income Expenses": 92000.0,
        "Gain On Sale Of Security": -7027000.0,
        "Net Non Operating Interest Income Expense": -1818000.0,
        "Interest Expense Non Operating": 16810000.0,
        "Interest Income Non Operating": 14992000.0,
        "Operating Income": 91967000.0,
        "Operating Expense": 89930000.0,
        "Research And Development": 42008000.0,
        "Selling General And Administration": 47922000.0,
        "Gross Profit": 181897000.0,
        "Cost Of Revenue": 1329495000.0,
        "Total Revenue": 1511392000.0,
        "Operating Revenue": 1511392000.0
    }
}