{
    "2023-03-31": {
        "Tax Effect Of Unusual Items": NaN,
        "Tax Rate For Calcs": NaN,
        "Normalized EBITDA": NaN,
        "Total Unusual Items": NaN,
        "Total Unusual Items Excluding Goodwill": NaN,
        "Net Income From Continuing Operation Net Minority Interest": NaN,
        "Reconciled Depreciation": NaN,
        "Reconciled Cost Of Revenue": NaN,
        "EBITDA": NaN,
        "EBIT": NaN,
        "Normalized Income": NaN,
        "Net Income From Continuing And Discontinued Operation": NaN,
        "Total Expenses": NaN,
        "Diluted Average Shares": 114369000.0,
        "Basic Average Shares": 114369000.0,
        "Diluted EPS": -0.23,
        "Basic EPS": -0.23,
        "Diluted NI Availto Com Stockholders": NaN,
        "Net Income Common Stockholders": NaN,
        "Net Income": NaN,
        "Net Income Including Noncontrolling Interests": NaN,
        "Net Income Continuous Operations": NaN,
        "Tax Provision": NaN,
        "Pretax Income": NaN,
        "Other Income Expense": NaN,
        "Other Non Operating Income Expenses": NaN,
        "Special Income Charges": NaN,
        "Restructuring And Mergern Acquisition": NaN,
        "Operating Income": NaN,
        "Operating Expense": NaN,
        "Research And Development": NaN,
        "Selling General And Administration": NaN,
        "Selling And Marketing Expense": NaN,
        "General And Administrative Expense": NaN,
        "Other Gand A": NaN,
        "Gross Profit": NaN,
        "Cost Of Revenue": NaN,
        "Total Revenue": NaN,
        "Operating Revenue": NaN
    },
    "2022-12-31": {
        "Tax Effect Of Unusual Items": NaN,
        "Tax Rate For Calcs": NaN,
        "Normalized EBITDA": NaN,
        "Total Unusual Items": NaN,
        "Total Unusual Items Excluding Goodwill": NaN,
        "Net Income From Continuing Operation Net Minority Interest": NaN,
        "Reconciled Depreciation": NaN,
        "Reconciled Cost Of Revenue": NaN,
        "EBITDA": NaN,
        "EBIT": NaN,
        "Normalized Income": NaN,
        "Net Income From Continuing And Discontinued Operation": NaN,
        "Total Expenses": NaN,
        "Diluted Average Shares": 113104000.0,
        "Basic Average Shares": 113104000.0,
        "Diluted EPS": -0.21,
        "Basic EPS": -0.21,
        "Diluted NI Availto Com Stockholders": NaN,
        "Net Income Common Stockholders": NaN,
        "Net Income": NaN,
        "Net Income Including Noncontrolling Interests": NaN,
        "Net Income Continuous Operations": NaN,
        "Tax Provision": NaN,
        "Pretax Income": NaN,
        "Other Income Expense": NaN,
        "Other Non Operating Income Expenses": NaN,
        "Special Income Charges": NaN,
        "Restructuring And Mergern Acquisition": NaN,
        "Operating Income": NaN,
        "Operating Expense": NaN,
        "Research And Development": NaN,
        "Selling General And Administration": NaN,
        "Selling And Marketing Expense": NaN,
        "General And Administrative Expense": NaN,
        "Other Gand A": NaN,
        "Gross Profit": NaN,
        "Cost Of Revenue": NaN,
        "Total Revenue": NaN,
        "Operating Revenue": NaN
    },
    "2022-09-30": {
        "Tax Effect Of Unusual Items": NaN,
        "Tax Rate For Calcs": NaN,
        "Normalized EBITDA": NaN,
        "Total Unusual Items": 0.0,
        "Total Unusual Items Excluding Goodwill": 0.0,
        "Net Income From Continuing Operation Net Minority Interest": NaN,
        "Reconciled Depreciation": NaN,
        "Reconciled Cost Of Revenue": NaN,
        "EBITDA": NaN,
        "EBIT": NaN,
        "Normalized Income": NaN,
        "Net Income From Continuing And Discontinued Operation": NaN,
        "Total Expenses": NaN,
        "Diluted Average Shares": NaN,
        "Basic Average Shares": NaN,
        "Diluted EPS": NaN,
        "Basic EPS": NaN,
        "Diluted NI Availto Com Stockholders": NaN,
        "Net Income Common Stockholders": NaN,
        "Net Income": NaN,
        "Net Income Including Noncontrolling Interests": NaN,
        "Net Income Continuous Operations": NaN,
        "Tax Provision": NaN,
        "Pretax Income": NaN,
        "Other Income Expense": NaN,
        "Other Non Operating Income Expenses": NaN,
        "Special Income Charges": 0.0,
        "Restructuring And Mergern Acquisition": 0.0,
        "Operating Income": NaN,
        "Operating Expense": NaN,
        "Research And Development": NaN,
        "Selling General And Administration": NaN,
        "Selling And Marketing Expense": NaN,
        "General And Administrative Expense": NaN,
        "Other Gand A": NaN,
        "Gross Profit": NaN,
        "Cost Of Revenue": NaN,
        "Total Revenue": NaN,
        "Operating Revenue": NaN
    },
    "2022-06-30": {
        "Tax Effect Of Unusual Items": 0.0,
        "Tax Rate For Calcs": 0.4,
        "Normalized EBITDA": -23574000.0,
        "Total Unusual Items": NaN,
        "Total Unusual Items Excluding Goodwill": NaN,
        "Net Income From Continuing Operation Net Minority Interest": -24568000.0,
        "Reconciled Depreciation": 1009000.0,
        "Reconciled Cost Of Revenue": 17060000.0,
        "EBITDA": -23574000.0,
        "EBIT": -24583000.0,
        "Normalized Income": -24568000.0,
        "Net Income From Continuing And Discontinued Operation": -24568000.0,
        "Total Expenses": 82713000.0,
        "Total Operating Income As Reported": -24583000.0,
        "Diluted Average Shares": 111036000.0,
        "Basic Average Shares": 111036000.0,
        "Diluted EPS": -0.22,
        "Basic EPS": -0.22,
        "Diluted NI Availto Com Stockholders": -24568000.0,
        "Net Income Common Stockholders": -24568000.0,
        "Net Income": -24568000.0,
        "Net Income Including Noncontrolling Interests": -24568000.0,
        "Net Income Continuous Operations": -24568000.0,
        "Tax Provision": 278000.0,
        "Pretax Income": -24290000.0,
        "Other Income Expense": 293000.0,
        "Other Non Operating Income Expenses": 293000.0,
        "Special Income Charges": NaN,
        "Restructuring And Mergern Acquisition": NaN,
        "Operating Income": -24583000.0,
        "Operating Expense": 65653000.0,
        "Research And Development": 20306000.0,
        "Selling General And Administration": 45347000.0,
        "Selling And Marketing Expense": 34135000.0,
        "General And Administrative Expense": 11212000.0,
        "Other Gand A": 11212000.0,
        "Gross Profit": 41070000.0,
        "Cost Of Revenue": 17060000.0,
        "Total Revenue": 58130000.0,
        "Operating Revenue": 58130000.0
    },
    "2022-03-31": {
        "Diluted EPS": -0.2,
        "Total Revenue": 53,
        "Gross Profit": 37,
        "Operating Income": -22,
        "EBIT": -21,
        "Net Income": -22
    },
    "2021-12-31": {
        "Diluted EPS": 0.04,
        "Total Revenue": 49,
        "Gross Profit": 34,
        "Operating Income": -21,
        "EBIT": -21,
        "Net Income": -22
    },
    "2021-09-30": {
        "Diluted EPS": -0.93,
        "Total Revenue": 45,
        "Gross Profit": 31,
        "Operating Income": -37,
        "EBIT": -36,
        "Net Income": -37
    },
    "2021-06-30": {
        "Diluted EPS": -0.34,
        "Total Revenue": 39,
        "Gross Profit": 27,
        "Operating Income": -10,
        "EBIT": -9,
        "Net Income": -10
    },
    "2021-03-31": {
        "Diluted EPS": -0.23,
        "Total Revenue": 33,
        "Gross Profit": 23,
        "Operating Income": -6,
        "EBIT": -6,
        "Net Income": -6
    },
    "2020-12-31": {
        "Diluted EPS": 0.0,
        "Total Revenue": NaN,
        "Gross Profit": NaN,
        "Operating Income": NaN,
        "EBIT": NaN,
        "Net Income": NaN
    },
    "2020-09-30": {
        "Diluted EPS": -0.1,
        "Total Revenue": 26,
        "Gross Profit": 19,
        "Operating Income": -2,
        "EBIT": -2,
        "Net Income": -3
    },
    "2019-12-31": {
        "Diluted EPS": 0.0,
        "Total Revenue": NaN,
        "Gross Profit": NaN,
        "Operating Income": NaN,
        "EBIT": NaN,
        "Net Income": NaN
    },
    "2023-06-30": {
        "Tax Effect Of Unusual Items": NaN,
        "Tax Rate For Calcs": NaN,
        "Normalized EBITDA": NaN,
        "Total Unusual Items": NaN,
        "Total Unusual Items Excluding Goodwill": NaN,
        "Net Income From Continuing Operation Net Minority Interest": NaN,
        "Reconciled Depreciation": NaN,
        "Reconciled Cost Of Revenue": NaN,
        "EBITDA": NaN,
        "EBIT": NaN,
        "Normalized Income": NaN,
        "Net Income From Continuing And Discontinued Operation": NaN,
        "Total Expenses": NaN,
        "Diluted Average Shares": 116174000.0,
        "Basic Average Shares": 116174000.0,
        "Diluted EPS": -0.24,
        "Basic EPS": -0.24,
        "Diluted NI Availto Com Stockholders": NaN,
        "Net Income Common Stockholders": NaN,
        "Net Income": NaN,
        "Net Income Including Noncontrolling Interests": NaN,
        "Net Income Continuous Operations": NaN,
        "Tax Provision": NaN,
        "Pretax Income": NaN,
        "Other Income Expense": NaN,
        "Other Non Operating Income Expenses": NaN,
        "Special Income Charges": NaN,
        "Restructuring And Mergern Acquisition": NaN,
        "Operating Income": NaN,
        "Operating Expense": NaN,
        "Research And Development": NaN,
        "Selling General And Administration": NaN,
        "Selling And Marketing Expense": NaN,
        "General And Administrative Expense": NaN,
        "Other Gand A": NaN,
        "Gross Profit": NaN,
        "Cost Of Revenue": NaN,
        "Total Revenue": NaN,
        "Operating Revenue": NaN
    },
    "2023-09-30": {
        "Tax Effect Of Unusual Items": NaN,
        "Tax Rate For Calcs": NaN,
        "Normalized EBITDA": NaN,
        "Total Unusual Items": 0.0,
        "Total Unusual Items Excluding Goodwill": 0.0,
        "Net Income From Continuing Operation Net Minority Interest": NaN,
        "Reconciled Depreciation": NaN,
        "Reconciled Cost Of Revenue": NaN,
        "EBITDA": NaN,
        "EBIT": NaN,
        "Normalized Income": NaN,
        "Net Income From Continuing And Discontinued Operation": NaN,
        "Total Expenses": NaN,
        "Diluted Average Shares": NaN,
        "Basic Average Shares": NaN,
        "Diluted EPS": NaN,
        "Basic EPS": NaN,
        "Diluted NI Availto Com Stockholders": NaN,
        "Net Income Common Stockholders": NaN,
        "Net Income": NaN,
        "Net Income Including Noncontrolling Interests": NaN,
        "Net Income Continuous Operations": NaN,
        "Tax Provision": NaN,
        "Pretax Income": NaN,
        "Other Income Expense": NaN,
        "Other Non Operating Income Expenses": NaN,
        "Special Income Charges": 0.0,
        "Restructuring And Mergern Acquisition": 0.0,
        "Operating Income": NaN,
        "Operating Expense": NaN,
        "Research And Development": NaN,
        "Selling General And Administration": NaN,
        "Selling And Marketing Expense": NaN,
        "General And Administrative Expense": NaN,
        "Other Gand A": NaN,
        "Gross Profit": NaN,
        "Cost Of Revenue": NaN,
        "Total Revenue": NaN,
        "Operating Revenue": NaN
    },
    "2023-12-31": {
        "Tax Effect Of Unusual Items": NaN,
        "Tax Rate For Calcs": NaN,
        "Normalized EBITDA": NaN,
        "Total Unusual Items": 52000.0,
        "Total Unusual Items Excluding Goodwill": 52000.0,
        "Net Income From Continuing Operation Net Minority Interest": NaN,
        "Reconciled Depreciation": NaN,
        "Reconciled Cost Of Revenue": NaN,
        "EBITDA": NaN,
        "EBIT": NaN,
        "Normalized Income": NaN,
        "Net Income From Continuing And Discontinued Operation": NaN,
        "Total Expenses": NaN,
        "Diluted Average Shares": NaN,
        "Basic Average Shares": NaN,
        "Diluted EPS": NaN,
        "Basic EPS": NaN,
        "Diluted NI Availto Com Stockholders": NaN,
        "Net Income Common Stockholders": NaN,
        "Net Income": NaN,
        "Net Income Including Noncontrolling Interests": NaN,
        "Net Income Continuous Operations": NaN,
        "Tax Provision": NaN,
        "Pretax Income": NaN,
        "Other Income Expense": NaN,
        "Other Non Operating Income Expenses": NaN,
        "Special Income Charges": 52000.0,
        "Restructuring And Mergern Acquisition": -52000.0,
        "Operating Income": NaN,
        "Operating Expense": NaN,
        "Research And Development": NaN,
        "Selling General And Administration": NaN,
        "Selling And Marketing Expense": NaN,
        "General And Administrative Expense": NaN,
        "Other Gand A": NaN,
        "Gross Profit": NaN,
        "Cost Of Revenue": NaN,
        "Total Revenue": NaN,
        "Operating Revenue": NaN
    },
    "2024-03-31": {
        "Tax Effect Of Unusual Items": 0.0,
        "Tax Rate For Calcs": 0.21,
        "Normalized EBITDA": -23255000.0,
        "Total Unusual Items": NaN,
        "Total Unusual Items Excluding Goodwill": NaN,
        "Net Income From Continuing Operation Net Minority Interest": -21460000.0,
        "Reconciled Depreciation": 1450000.0,
        "Reconciled Cost Of Revenue": 18889000.0,
        "EBITDA": -23255000.0,
        "EBIT": -24705000.0,
        "Normalized Income": -21460000.0,
        "Net Income From Continuing And Discontinued Operation": -21460000.0,
        "Total Expenses": 97329000.0,
        "Diluted Average Shares": 120826000.0,
        "Basic Average Shares": 120826000.0,
        "Diluted EPS": -0.18,
        "Basic EPS": -0.18,
        "Diluted NI Availto Com Stockholders": -21460000.0,
        "Net Income Common Stockholders": -21460000.0,
        "Net Income": -21460000.0,
        "Net Income Including Noncontrolling Interests": -21460000.0,
        "Net Income Continuous Operations": -21460000.0,
        "Tax Provision": 426000.0,
        "Pretax Income": -21034000.0,
        "Other Income Expense": 3671000.0,
        "Other Non Operating Income Expenses": 3671000.0,
        "Special Income Charges": NaN,
        "Restructuring And Mergern Acquisition": NaN,
        "Operating Income": -24705000.0,
        "Operating Expense": 78440000.0,
        "Research And Development": 22953000.0,
        "Selling General And Administration": 55487000.0,
        "Selling And Marketing Expense": 40817000.0,
        "General And Administrative Expense": 14670000.0,
        "Other Gand A": 14670000.0,
        "Gross Profit": 53735000.0,
        "Cost Of Revenue": 18889000.0,
        "Total Revenue": 72624000.0,
        "Operating Revenue": 72624000.0
    },
    "2024-06-30": {
        "Tax Effect Of Unusual Items": NaN,
        "Tax Rate For Calcs": NaN,
        "Normalized EBITDA": NaN,
        "Total Unusual Items": 0.0,
        "Total Unusual Items Excluding Goodwill": 0.0,
        "Net Income From Continuing Operation Net Minority Interest": NaN,
        "Reconciled Depreciation": NaN,
        "Reconciled Cost Of Revenue": NaN,
        "EBITDA": NaN,
        "EBIT": NaN,
        "Normalized Income": NaN,
        "Net Income From Continuing And Discontinued Operation": NaN,
        "Total Expenses": NaN,
        "Diluted Average Shares": NaN,
        "Basic Average Shares": NaN,
        "Diluted EPS": NaN,
        "Basic EPS": NaN,
        "Diluted NI Availto Com Stockholders": NaN,
        "Net Income Common Stockholders": NaN,
        "Net Income": NaN,
        "Net Income Including Noncontrolling Interests": NaN,
        "Net Income Continuous Operations": NaN,
        "Tax Provision": NaN,
        "Pretax Income": NaN,
        "Other Income Expense": NaN,
        "Other Non Operating Income Expenses": NaN,
        "Special Income Charges": 0.0,
        "Restructuring And Mergern Acquisition": 0.0,
        "Operating Income": NaN,
        "Operating Expense": NaN,
        "Research And Development": NaN,
        "Selling General And Administration": NaN,
        "Selling And Marketing Expense": NaN,
        "General And Administrative Expense": NaN,
        "Other Gand A": NaN,
        "Gross Profit": NaN,
        "Cost Of Revenue": NaN,
        "Total Revenue": NaN,
        "Operating Revenue": NaN
    },
    "2024-09-30": {
        "Tax Effect Of Unusual Items": 0.0,
        "Tax Rate For Calcs": 0.21,
        "Normalized EBITDA": -18638000.0,
        "Total Unusual Items": 0.0,
        "Total Unusual Items Excluding Goodwill": 0.0,
        "Net Income From Continuing Operation Net Minority Interest": -16854000.0,
        "Reconciled Depreciation": 1375000.0,
        "Reconciled Cost Of Revenue": 18744000.0,
        "EBITDA": -18638000.0,
        "EBIT": -20013000.0,
        "Normalized Income": -16854000.0,
        "Net Income From Continuing And Discontinued Operation": -16854000.0,
        "Total Expenses": 95230000.0,
        "Diluted Average Shares": 124324000.0,
        "Basic Average Shares": 124324000.0,
        "Diluted EPS": -0.14,
        "Basic EPS": -0.14,
        "Diluted NI Availto Com Stockholders": -16854000.0,
        "Net Income Common Stockholders": -16854000.0,
        "Net Income": -16854000.0,
        "Net Income Including Noncontrolling Interests": -16854000.0,
        "Net Income Continuous Operations": -16854000.0,
        "Tax Provision": 742000.0,
        "Pretax Income": -16112000.0,
        "Other Income Expense": 3901000.0,
        "Other Non Operating Income Expenses": 3901000.0,
        "Special Income Charges": 0.0,
        "Restructuring And Mergern Acquisition": 0.0,
        "Operating Income": -20013000.0,
        "Operating Expense": 76486000.0,
        "Research And Development": 19037000.0,
        "Selling General And Administration": 57449000.0,
        "Selling And Marketing Expense": 40863000.0,
        "General And Administrative Expense": 16586000.0,
        "Other Gand A": 16586000.0,
        "Gross Profit": 56473000.0,
        "Cost Of Revenue": 18744000.0,
        "Total Revenue": 75217000.0,
        "Operating Revenue": 75217000.0
    },
    "2024-12-31": {
        "Tax Effect Of Unusual Items": 0.0,
        "Tax Rate For Calcs": 0.21,
        "Normalized EBITDA": -33535000.0,
        "Total Unusual Items": 0.0,
        "Total Unusual Items Excluding Goodwill": 0.0,
        "Net Income From Continuing Operation Net Minority Interest": -32590000.0,
        "Reconciled Depreciation": 1970000.0,
        "Reconciled Cost Of Revenue": 19806000.0,
        "EBITDA": -33535000.0,
        "EBIT": -35505000.0,
        "Normalized Income": -32590000.0,
        "Net Income From Continuing And Discontinued Operation": -32590000.0,
        "Total Expenses": 113636000.0,
        "Diluted Average Shares": 127759000.0,
        "Basic Average Shares": 127759000.0,
        "Diluted EPS": -0.26,
        "Basic EPS": -0.26,
        "Diluted NI Availto Com Stockholders": -32590000.0,
        "Net Income Common Stockholders": -32590000.0,
        "Net Income": -32590000.0,
        "Net Income Including Noncontrolling Interests": -32590000.0,
        "Net Income Continuous Operations": -32590000.0,
        "Tax Provision": 418000.0,
        "Pretax Income": -32172000.0,
        "Other Income Expense": 3333000.0,
        "Other Non Operating Income Expenses": 3333000.0,
        "Special Income Charges": 0.0,
        "Restructuring And Mergern Acquisition": 0.0,
        "Operating Income": -35505000.0,
        "Operating Expense": 93830000.0,
        "Research And Development": 34430000.0,
        "Selling General And Administration": 59400000.0,
        "Selling And Marketing Expense": 42482000.0,
        "General And Administrative Expense": 16918000.0,
        "Other Gand A": 16918000.0,
        "Gross Profit": 58325000.0,
        "Cost Of Revenue": 19806000.0,
        "Total Revenue": 78131000.0,
        "Operating Revenue": 78131000.0
    },
    "2025-03-31": {
        "Tax Effect Of Unusual Items": 0.0,
        "Tax Rate For Calcs": 0.21,
        "Normalized EBITDA": -21913000.0,
        "Total Unusual Items": NaN,
        "Total Unusual Items Excluding Goodwill": NaN,
        "Net Income From Continuing Operation Net Minority Interest": -22231000.0,
        "Reconciled Depreciation": 2285000.0,
        "Reconciled Cost Of Revenue": 20204000.0,
        "EBITDA": -21913000.0,
        "EBIT": -24198000.0,
        "Normalized Income": -22231000.0,
        "Net Income From Continuing And Discontinued Operation": -22231000.0,
        "Total Expenses": 104151000.0,
        "Diluted Average Shares": 129696000.0,
        "Basic Average Shares": 129696000.0,
        "Diluted EPS": -0.17,
        "Basic EPS": -0.17,
        "Diluted NI Availto Com Stockholders": -22231000.0,
        "Net Income Common Stockholders": -22231000.0,
        "Net Income": -22231000.0,
        "Net Income Including Noncontrolling Interests": -22231000.0,
        "Net Income Continuous Operations": -22231000.0,
        "Tax Provision": 778000.0,
        "Pretax Income": -21453000.0,
        "Other Income Expense": 2745000.0,
        "Other Non Operating Income Expenses": 2745000.0,
        "Special Income Charges": NaN,
        "Restructuring And Mergern Acquisition": NaN,
        "Operating Income": -24198000.0,
        "Operating Expense": 83947000.0,
        "Research And Development": 23533000.0,
        "Selling General And Administration": 60414000.0,
        "Selling And Marketing Expense": 44146000.0,
        "General And Administrative Expense": 16268000.0,
        "Other Gand A": 16268000.0,
        "Gross Profit": 59749000.0,
        "Cost Of Revenue": 20204000.0,
        "Total Revenue": 79953000.0,
        "Operating Revenue": 79953000.0
    },
    "2025-06-30": {
        "Tax Effect Of Unusual Items": 0.0,
        "Tax Rate For Calcs": 0.21,
        "Normalized EBITDA": -24720000.0,
        "Total Unusual Items": NaN,
        "Total Unusual Items Excluding Goodwill": NaN,
        "Net Income From Continuing Operation Net Minority Interest": -24668000.0,
        "Reconciled Depreciation": 2374000.0,
        "Reconciled Cost Of Revenue": 22812000.0,
        "EBITDA": -24720000.0,
        "EBIT": -27094000.0,
        "Normalized Income": -24668000.0,
        "Net Income From Continuing And Discontinued Operation": -24668000.0,
        "Total Expenses": 110364000.0,
        "Diluted Average Shares": 131364000.0,
        "Basic Average Shares": 131364000.0,
        "Diluted EPS": -0.19,
        "Basic EPS": -0.19,
        "Diluted NI Availto Com Stockholders": -24668000.0,
        "Net Income Common Stockholders": -24668000.0,
        "Net Income": -24668000.0,
        "Net Income Including Noncontrolling Interests": -24668000.0,
        "Net Income Continuous Operations": -24668000.0,
        "Tax Provision": 554000.0,
        "Pretax Income": -24114000.0,
        "Other Income Expense": 2980000.0,
        "Other Non Operating Income Expenses": 2980000.0,
        "Special Income Charges": NaN,
        "Restructuring And Mergern Acquisition": NaN,
        "Operating Income": -27094000.0,
        "Operating Expense": 87552000.0,
        "Research And Development": 24094000.0,
        "Selling General And Administration": 63458000.0,
        "Selling And Marketing Expense": 46955000.0,
        "General And Administrative Expense": 16503000.0,
        "Other Gand A": 16503000.0,
        "Gross Profit": 60458000.0,
        "Cost Of Revenue": 22812000.0,
        "Total Revenue": 83270000.0,
        "Operating Revenue": 83270000.0
    },
    "2025-09-30": {
        "Tax Effect Of Unusual Items": 0.0,
        "Tax Rate For Calcs": 0.21,
        "Normalized EBITDA": -23181000.0,
        "Total Unusual Items": NaN,
        "Total Unusual Items Excluding Goodwill": NaN,
        "Net Income From Continuing Operation Net Minority Interest": -23986000.0,
        "Reconciled Depreciation": 2469000.0,
        "Reconciled Cost Of Revenue": 23074000.0,
        "EBITDA": -23181000.0,
        "EBIT": -25650000.0,
        "Normalized Income": -23986000.0,
        "Net Income From Continuing And Discontinued Operation": -23986000.0,
        "Total Expenses": 114214000.0,
        "Diluted Average Shares": 132997000.0,
        "Basic Average Shares": 132997000.0,
        "Diluted EPS": -0.18,
        "Basic EPS": -0.18,
        "Diluted NI Availto Com Stockholders": -23986000.0,
        "Net Income Common Stockholders": -23986000.0,
        "Net Income": -23986000.0,
        "Net Income Including Noncontrolling Interests": -23986000.0,
        "Net Income Continuous Operations": -23986000.0,
        "Tax Provision": 926000.0,
        "Pretax Income": -23060000.0,
        "Other Income Expense": 2590000.0,
        "Other Non Operating Income Expenses": 2590000.0,
        "Special Income Charges": NaN,
        "Restructuring And Mergern Acquisition": NaN,
        "Operating Income": -25650000.0,
        "Operating Expense": 91140000.0,
        "Research And Development": 26612000.0,
        "Selling General And Administration": 64528000.0,
        "Selling And Marketing Expense": 48306000.0,
        "General And Administrative Expense": 16222000.0,
        "Other Gand A": 16222000.0,
        "Gross Profit": 65490000.0,
        "Cost Of Revenue": 23074000.0,
        "Total Revenue": 88564000.0,
        "Operating Revenue": 88564000.0
    }
}