{
    "2023-03-31": {
        "Tax Effect Of Unusual Items": NaN,
        "Tax Rate For Calcs": NaN,
        "Normalized EBITDA": NaN,
        "Total Unusual Items": 0.0,
        "Total Unusual Items Excluding Goodwill": 0.0,
        "Net Income From Continuing Operation Net Minority Interest": NaN,
        "Reconciled Depreciation": NaN,
        "Reconciled Cost Of Revenue": NaN,
        "EBITDA": NaN,
        "EBIT": NaN,
        "Net Interest Income": NaN,
        "Interest Expense": NaN,
        "Interest Income": NaN,
        "Normalized Income": NaN,
        "Net Income From Continuing And Discontinued Operation": NaN,
        "Total Expenses": NaN,
        "Total Operating Income As Reported": NaN,
        "Diluted Average Shares": NaN,
        "Basic Average Shares": NaN,
        "Diluted EPS": NaN,
        "Basic EPS": NaN,
        "Diluted NI Availto Com Stockholders": NaN,
        "Net Income Common Stockholders": NaN,
        "Net Income": NaN,
        "Net Income Including Noncontrolling Interests": NaN,
        "Net Income Continuous Operations": NaN,
        "Tax Provision": NaN,
        "Pretax Income": NaN,
        "Other Income Expense": NaN,
        "Other Non Operating Income Expenses": NaN,
        "Special Income Charges": 0.0,
        "Restructuring And Mergern Acquisition": 0.0,
        "Earnings From Equity Interest": NaN,
        "Net Non Operating Interest Income Expense": NaN,
        "Interest Expense Non Operating": NaN,
        "Interest Income Non Operating": NaN,
        "Operating Income": NaN,
        "Operating Expense": NaN,
        "Other Operating Expenses": NaN,
        "Selling General And Administration": NaN,
        "Gross Profit": NaN,
        "Cost Of Revenue": NaN,
        "Total Revenue": NaN,
        "Operating Revenue": NaN
    },
    "2022-12-31": {
        "Tax Effect Of Unusual Items": NaN,
        "Tax Rate For Calcs": NaN,
        "Normalized EBITDA": NaN,
        "Total Unusual Items": 1735000.0,
        "Total Unusual Items Excluding Goodwill": 1735000.0,
        "Net Income From Continuing Operation Net Minority Interest": NaN,
        "Reconciled Depreciation": NaN,
        "Reconciled Cost Of Revenue": NaN,
        "EBITDA": NaN,
        "EBIT": NaN,
        "Net Interest Income": NaN,
        "Interest Expense": NaN,
        "Interest Income": NaN,
        "Normalized Income": NaN,
        "Net Income From Continuing And Discontinued Operation": NaN,
        "Total Expenses": NaN,
        "Total Operating Income As Reported": NaN,
        "Diluted Average Shares": NaN,
        "Basic Average Shares": NaN,
        "Diluted EPS": NaN,
        "Basic EPS": NaN,
        "Diluted NI Availto Com Stockholders": NaN,
        "Net Income Common Stockholders": NaN,
        "Net Income": NaN,
        "Net Income Including Noncontrolling Interests": NaN,
        "Net Income Discontinuous Operations": 404000.0,
        "Net Income Continuous Operations": NaN,
        "Tax Provision": NaN,
        "Pretax Income": NaN,
        "Other Income Expense": NaN,
        "Other Non Operating Income Expenses": NaN,
        "Special Income Charges": 1735000.0,
        "Write Off": 0.0,
        "Restructuring And Mergern Acquisition": -1735000.0,
        "Earnings From Equity Interest": NaN,
        "Net Non Operating Interest Income Expense": NaN,
        "Interest Expense Non Operating": NaN,
        "Interest Income Non Operating": NaN,
        "Operating Income": NaN,
        "Operating Expense": NaN,
        "Other Operating Expenses": NaN,
        "Selling General And Administration": NaN,
        "Gross Profit": NaN,
        "Cost Of Revenue": NaN,
        "Total Revenue": NaN,
        "Operating Revenue": NaN
    },
    "2022-09-30": {
        "Tax Effect Of Unusual Items": NaN,
        "Tax Rate For Calcs": NaN,
        "Normalized EBITDA": NaN,
        "Total Unusual Items": NaN,
        "Total Unusual Items Excluding Goodwill": NaN,
        "Net Income From Continuing Operation Net Minority Interest": NaN,
        "Reconciled Depreciation": NaN,
        "Reconciled Cost Of Revenue": NaN,
        "EBITDA": NaN,
        "EBIT": NaN,
        "Net Interest Income": NaN,
        "Interest Expense": NaN,
        "Interest Income": NaN,
        "Normalized Income": NaN,
        "Net Income From Continuing And Discontinued Operation": NaN,
        "Total Expenses": NaN,
        "Total Operating Income As Reported": NaN,
        "Diluted Average Shares": NaN,
        "Basic Average Shares": NaN,
        "Diluted EPS": NaN,
        "Basic EPS": NaN,
        "Diluted NI Availto Com Stockholders": NaN,
        "Net Income Common Stockholders": NaN,
        "Net Income": NaN,
        "Net Income Including Noncontrolling Interests": NaN,
        "Net Income Discontinuous Operations": 981000.0,
        "Net Income Continuous Operations": NaN,
        "Tax Provision": NaN,
        "Pretax Income": NaN,
        "Other Income Expense": NaN,
        "Other Non Operating Income Expenses": NaN,
        "Special Income Charges": NaN,
        "Write Off": 0.0,
        "Restructuring And Mergern Acquisition": NaN,
        "Earnings From Equity Interest": NaN,
        "Net Non Operating Interest Income Expense": NaN,
        "Interest Expense Non Operating": NaN,
        "Interest Income Non Operating": NaN,
        "Operating Income": NaN,
        "Operating Expense": NaN,
        "Other Operating Expenses": NaN,
        "Selling General And Administration": NaN,
        "Gross Profit": NaN,
        "Cost Of Revenue": NaN,
        "Total Revenue": NaN,
        "Operating Revenue": NaN
    },
    "2022-06-30": {
        "Tax Effect Of Unusual Items": -450626.971282,
        "Tax Rate For Calcs": 0.107088,
        "Normalized EBITDA": 687344000.0,
        "Total Unusual Items": -4208000.0,
        "Total Unusual Items Excluding Goodwill": -4208000.0,
        "Net Income From Continuing Operation Net Minority Interest": 575429000.0,
        "Reconciled Depreciation": 33477000.0,
        "Reconciled Cost Of Revenue": 659369000.0,
        "EBITDA": 683136000.0,
        "EBIT": 649659000.0,
        "Net Interest Income": -5054000.0,
        "Interest Expense": 5218000.0,
        "Interest Income": 164000.0,
        "Normalized Income": 579186373.028718,
        "Net Income From Continuing And Discontinued Operation": 574157000.0,
        "Total Expenses": 681958000.0,
        "Total Operating Income As Reported": 650246000.0,
        "Diluted Average Shares": 19158848.0,
        "Basic Average Shares": 18380114.0,
        "Diluted EPS": 29.97,
        "Basic EPS": 31.24,
        "Diluted NI Availto Com Stockholders": 574157000.0,
        "Net Income Common Stockholders": 574157000.0,
        "Net Income": 574157000.0,
        "Net Income Including Noncontrolling Interests": 574157000.0,
        "Net Income Discontinuous Operations": -1272000.0,
        "Net Income Continuous Operations": 575429000.0,
        "Tax Provision": 69012000.0,
        "Pretax Income": 644441000.0,
        "Other Income Expense": -4959000.0,
        "Other Non Operating Income Expenses": 1385000.0,
        "Special Income Charges": -4208000.0,
        "Write Off": 0.0,
        "Restructuring And Mergern Acquisition": 4208000.0,
        "Earnings From Equity Interest": -2136000.0,
        "Net Non Operating Interest Income Expense": -5054000.0,
        "Interest Expense Non Operating": 5218000.0,
        "Interest Income Non Operating": 164000.0,
        "Operating Income": 654454000.0,
        "Operating Expense": 22589000.0,
        "Other Operating Expenses": 4431000.0,
        "Selling General And Administration": 18158000.0,
        "Gross Profit": 677043000.0,
        "Cost Of Revenue": 659369000.0,
        "Total Revenue": 1336412000.0,
        "Operating Revenue": 1334258000.0
    },
    "2022-03-31": {
        "Diluted EPS": 20.52,
        "Total Revenue": NaN,
        "Gross Profit": 517,
        "Operating Income": 453,
        "EBIT": 496,
        "Net Income": 401
    },
    "2021-12-31": {
        "Diluted EPS": 13.72,
        "Total Revenue": 828,
        "Gross Profit": 333,
        "Operating Income": 278,
        "EBIT": 322,
        "Net Income": 257
    },
    "2021-09-30": {
        "Diluted EPS": 4.4,
        "Total Revenue": 649,
        "Gross Profit": 161,
        "Operating Income": 100,
        "EBIT": 137,
        "Net Income": 83
    },
    "2021-06-30": {
        "Diluted EPS": -1.03,
        "Total Revenue": 395,
        "Gross Profit": 49,
        "Operating Income": -2,
        "EBIT": 37,
        "Net Income": -19
    },
    "2021-03-31": {
        "Diluted EPS": -1.79,
        "Total Revenue": 386,
        "Gross Profit": 39,
        "Operating Income": -17,
        "EBIT": 26,
        "Net Income": -33
    },
    "2020-12-31": {
        "Diluted EPS": -5.47,
        "Total Revenue": 324,
        "Gross Profit": 22,
        "Operating Income": -35,
        "EBIT": -22,
        "Net Income": -100
    },
    "2020-09-30": {
        "Diluted EPS": -3.75,
        "Total Revenue": 336,
        "Gross Profit": 26,
        "Operating Income": -49,
        "EBIT": 18,
        "Net Income": -69
    },
    "2020-06-30": {
        "Diluted EPS": -13.02,
        "Total Revenue": 354,
        "Gross Profit": 19,
        "Operating Income": -67,
        "EBIT": -4,
        "Net Income": -238
    },
    "2020-03-31": {
        "Diluted EPS": -2.18,
        "Total Revenue": 403,
        "Gross Profit": 69,
        "Operating Income": -20,
        "EBIT": 48,
        "Net Income": -40
    },
    "2019-12-31": {
        "Diluted EPS": -7.72,
        "Total Revenue": 210,
        "Gross Profit": 22,
        "Operating Income": -228,
        "EBIT": -101,
        "Net Income": -141
    },
    "2019-09-30": {
        "Diluted EPS": -3.6,
        "Total Revenue": 526,
        "Gross Profit": 58,
        "Operating Income": -26,
        "EBIT": 54,
        "Net Income": -69
    },
    "2019-06-30": {
        "Diluted EPS": -5.85,
        "Total Revenue": 656,
        "Gross Profit": 159,
        "Operating Income": 67,
        "EBIT": 287,
        "Net Income": -114
    },
    "2019-03-31": {
        "Diluted EPS": 0.35,
        "Total Revenue": 609,
        "Gross Profit": 93,
        "Operating Income": 18,
        "EBIT": 83,
        "Net Income": 7
    },
    "2018-12-31": {
        "Diluted EPS": 11.7,
        "Total Revenue": 572,
        "Gross Profit": 110,
        "Operating Income": 17,
        "EBIT": 51,
        "Net Income": 155
    },
    "2018-09-30": {
        "Diluted EPS": 1.15,
        "Total Revenue": 448,
        "Gross Profit": 51,
        "Operating Income": 24,
        "EBIT": 40,
        "Net Income": 12
    },
    "2018-06-30": {
        "Diluted EPS": 7.16,
        "Total Revenue": 529,
        "Gross Profit": 98,
        "Operating Income": 85,
        "EBIT": 101,
        "Net Income": 74
    },
    "2018-03-31": {
        "Diluted EPS": 5.53,
        "Total Revenue": 482,
        "Gross Profit": 112,
        "Operating Income": 68,
        "EBIT": 94,
        "Net Income": 58
    },
    "2017-12-31": {
        "Diluted EPS": 8.79,
        "Total Revenue": 180,
        "Gross Profit": 47,
        "Operating Income": 52,
        "EBIT": 84,
        "Net Income": 94
    },
    "2017-09-30": {
        "Diluted EPS": 0.93,
        "Total Revenue": 383,
        "Gross Profit": 50,
        "Operating Income": 10,
        "EBIT": 49,
        "Net Income": 10
    },
    "2017-06-30": {
        "Diluted EPS": 1.16,
        "Total Revenue": 514,
        "Gross Profit": 82,
        "Operating Income": 24,
        "EBIT": 63,
        "Net Income": 13
    },
    "2017-03-31": {
        "Diluted EPS": 3.47,
        "Total Revenue": 573,
        "Gross Profit": 144,
        "Operating Income": 97,
        "EBIT": 141,
        "Net Income": 37
    },
    "2016-12-31": {
        "Diluted EPS": 0.0,
        "Total Revenue": NaN,
        "Gross Profit": NaN,
        "Operating Income": NaN,
        "EBIT": NaN,
        "Net Income": NaN
    },
    "2016-06-30": {
        "Diluted EPS": 0.0,
        "Total Revenue": 267,
        "Gross Profit": 30,
        "Operating Income": -27,
        "EBIT": -27,
        "Net Income": -28
    },
    "2015-12-31": {
        "Diluted EPS": 0.0,
        "Total Revenue": NaN,
        "Gross Profit": NaN,
        "Operating Income": NaN,
        "EBIT": NaN,
        "Net Income": NaN
    },
    "2014-12-31": {
        "Diluted EPS": 0.0,
        "Total Revenue": NaN,
        "Gross Profit": NaN,
        "Operating Income": NaN,
        "EBIT": NaN,
        "Net Income": NaN
    },
    "2023-06-30": {
        "Tax Effect Of Unusual Items": NaN,
        "Tax Rate For Calcs": NaN,
        "Normalized EBITDA": NaN,
        "Total Unusual Items": 0.0,
        "Total Unusual Items Excluding Goodwill": 0.0,
        "Net Income From Continuing Operation Net Minority Interest": NaN,
        "Reconciled Depreciation": NaN,
        "Reconciled Cost Of Revenue": NaN,
        "EBITDA": NaN,
        "EBIT": NaN,
        "Net Interest Income": NaN,
        "Interest Expense": NaN,
        "Interest Income": NaN,
        "Normalized Income": NaN,
        "Net Income From Continuing And Discontinued Operation": NaN,
        "Total Expenses": NaN,
        "Total Operating Income As Reported": NaN,
        "Diluted Average Shares": 14910633.0,
        "Basic Average Shares": 14362072.0,
        "Diluted EPS": 12.16,
        "Basic EPS": 12.63,
        "Diluted NI Availto Com Stockholders": NaN,
        "Net Income Common Stockholders": NaN,
        "Net Income": NaN,
        "Net Income Including Noncontrolling Interests": NaN,
        "Net Income Continuous Operations": NaN,
        "Tax Provision": NaN,
        "Pretax Income": NaN,
        "Other Income Expense": NaN,
        "Other Non Operating Income Expenses": NaN,
        "Special Income Charges": 0.0,
        "Restructuring And Mergern Acquisition": 0.0,
        "Earnings From Equity Interest": NaN,
        "Net Non Operating Interest Income Expense": NaN,
        "Interest Expense Non Operating": NaN,
        "Interest Income Non Operating": NaN,
        "Operating Income": NaN,
        "Operating Expense": NaN,
        "Other Operating Expenses": NaN,
        "Selling General And Administration": NaN,
        "Gross Profit": NaN,
        "Cost Of Revenue": NaN,
        "Total Revenue": NaN,
        "Operating Revenue": NaN
    },
    "2023-09-30": {
        "Tax Effect Of Unusual Items": NaN,
        "Tax Rate For Calcs": NaN,
        "Normalized EBITDA": NaN,
        "Total Unusual Items": 0.0,
        "Total Unusual Items Excluding Goodwill": 0.0,
        "Net Income From Continuing Operation Net Minority Interest": NaN,
        "Reconciled Depreciation": NaN,
        "Reconciled Cost Of Revenue": NaN,
        "EBITDA": NaN,
        "EBIT": NaN,
        "Net Interest Income": NaN,
        "Interest Expense": NaN,
        "Interest Income": NaN,
        "Normalized Income": NaN,
        "Net Income From Continuing And Discontinued Operation": NaN,
        "Total Expenses": NaN,
        "Total Operating Income As Reported": NaN,
        "Diluted Average Shares": NaN,
        "Basic Average Shares": NaN,
        "Diluted EPS": NaN,
        "Basic EPS": NaN,
        "Diluted NI Availto Com Stockholders": NaN,
        "Net Income Common Stockholders": NaN,
        "Net Income": NaN,
        "Net Income Including Noncontrolling Interests": NaN,
        "Net Income Continuous Operations": NaN,
        "Tax Provision": NaN,
        "Pretax Income": NaN,
        "Other Income Expense": NaN,
        "Other Non Operating Income Expenses": NaN,
        "Special Income Charges": 0.0,
        "Restructuring And Mergern Acquisition": 0.0,
        "Earnings From Equity Interest": NaN,
        "Net Non Operating Interest Income Expense": NaN,
        "Interest Expense Non Operating": NaN,
        "Interest Income Non Operating": NaN,
        "Operating Income": NaN,
        "Operating Expense": NaN,
        "Other Operating Expenses": NaN,
        "Selling General And Administration": NaN,
        "Gross Profit": NaN,
        "Cost Of Revenue": NaN,
        "Total Revenue": NaN,
        "Operating Revenue": NaN
    },
    "2023-12-31": {
        "Tax Effect Of Unusual Items": NaN,
        "Tax Rate For Calcs": NaN,
        "Normalized EBITDA": NaN,
        "Total Unusual Items": -2753000.0,
        "Total Unusual Items Excluding Goodwill": -2753000.0,
        "Net Income From Continuing Operation Net Minority Interest": NaN,
        "Reconciled Depreciation": NaN,
        "Reconciled Cost Of Revenue": NaN,
        "EBITDA": NaN,
        "EBIT": NaN,
        "Net Interest Income": NaN,
        "Interest Expense": NaN,
        "Interest Income": NaN,
        "Normalized Income": NaN,
        "Net Income From Continuing And Discontinued Operation": NaN,
        "Total Expenses": NaN,
        "Total Operating Income As Reported": NaN,
        "Diluted Average Shares": NaN,
        "Basic Average Shares": NaN,
        "Diluted EPS": NaN,
        "Basic EPS": NaN,
        "Diluted NI Availto Com Stockholders": NaN,
        "Net Income Common Stockholders": NaN,
        "Net Income": NaN,
        "Net Income Including Noncontrolling Interests": NaN,
        "Net Income Continuous Operations": NaN,
        "Tax Provision": NaN,
        "Pretax Income": NaN,
        "Other Income Expense": NaN,
        "Other Non Operating Income Expenses": NaN,
        "Special Income Charges": -2753000.0,
        "Restructuring And Mergern Acquisition": 0.0,
        "Earnings From Equity Interest": NaN,
        "Net Non Operating Interest Income Expense": NaN,
        "Interest Expense Non Operating": NaN,
        "Interest Income Non Operating": NaN,
        "Operating Income": NaN,
        "Operating Expense": NaN,
        "Other Operating Expenses": NaN,
        "Selling General And Administration": NaN,
        "Gross Profit": NaN,
        "Cost Of Revenue": NaN,
        "Total Revenue": NaN,
        "Operating Revenue": NaN
    },
    "2024-03-31": {
        "Tax Effect Of Unusual Items": 0.0,
        "Tax Rate For Calcs": 0.100347,
        "Normalized EBITDA": 184622000.0,
        "Total Unusual Items": NaN,
        "Total Unusual Items Excluding Goodwill": NaN,
        "Net Income From Continuing Operation Net Minority Interest": 126995000.0,
        "Reconciled Depreciation": 42376000.0,
        "Reconciled Cost Of Revenue": 690689000.0,
        "EBITDA": 184622000.0,
        "EBIT": 142246000.0,
        "Net Interest Income": 2885000.0,
        "Interest Expense": 1086000.0,
        "Interest Income": 3971000.0,
        "Normalized Income": 126995000.0,
        "Net Income From Continuing And Discontinued Operation": 126995000.0,
        "Total Expenses": 722194000.0,
        "Total Operating Income As Reported": 141878000.0,
        "Diluted Average Shares": 13236596.0,
        "Basic Average Shares": 13002127.0,
        "Diluted EPS": 9.59,
        "Basic EPS": 9.77,
        "Diluted NI Availto Com Stockholders": 126995000.0,
        "Net Income Common Stockholders": 126995000.0,
        "Net Income": 126995000.0,
        "Net Income Including Noncontrolling Interests": 126995000.0,
        "Net Income Continuous Operations": 126995000.0,
        "Tax Provision": 14165000.0,
        "Pretax Income": 141160000.0,
        "Other Income Expense": -3603000.0,
        "Other Non Operating Income Expenses": -1963000.0,
        "Special Income Charges": NaN,
        "Restructuring And Mergern Acquisition": NaN,
        "Earnings From Equity Interest": -1640000.0,
        "Net Non Operating Interest Income Expense": 2885000.0,
        "Interest Expense Non Operating": 1086000.0,
        "Interest Income Non Operating": 3971000.0,
        "Operating Income": 141878000.0,
        "Operating Expense": 31505000.0,
        "Other Operating Expenses": 9128000.0,
        "Selling General And Administration": 22377000.0,
        "Gross Profit": 173383000.0,
        "Cost Of Revenue": 690689000.0,
        "Total Revenue": 864072000.0,
        "Operating Revenue": 861283000.0
    },
    "2024-06-30": {
        "Tax Effect Of Unusual Items": 0.0,
        "Tax Rate For Calcs": 0.082,
        "Normalized EBITDA": 110343000.0,
        "Net Income From Continuing Operation Net Minority Interest": 58909000.0,
        "Reconciled Depreciation": 45055000.0,
        "Reconciled Cost Of Revenue": 708864000.0,
        "EBITDA": 110343000.0,
        "EBIT": 65288000.0,
        "Net Interest Income": 3039000.0,
        "Interest Expense": 1101000.0,
        "Interest Income": 4140000.0,
        "Normalized Income": 58909000.0,
        "Net Income From Continuing And Discontinued Operation": 58909000.0,
        "Total Expenses": 733293000.0,
        "Total Operating Income As Reported": 70676000.0,
        "Diluted Average Shares": 13111010.0,
        "Basic Average Shares": 13013684.0,
        "Diluted EPS": 4.49,
        "Basic EPS": 4.53,
        "Diluted NI Availto Com Stockholders": 58909000.0,
        "Net Income Common Stockholders": 58909000.0,
        "Net Income": 58909000.0,
        "Net Income Including Noncontrolling Interests": 58909000.0,
        "Net Income Continuous Operations": 58909000.0,
        "Tax Provision": 5278000.0,
        "Pretax Income": 64187000.0,
        "Other Income Expense": -9528000.0,
        "Other Non Operating Income Expenses": -3611000.0,
        "Earnings From Equity Interest": -5917000.0,
        "Net Non Operating Interest Income Expense": 3039000.0,
        "Interest Expense Non Operating": 1101000.0,
        "Interest Income Non Operating": 4140000.0,
        "Operating Income": 70676000.0,
        "Operating Expense": 24429000.0,
        "Other Operating Expenses": 5624000.0,
        "Selling General And Administration": 18805000.0,
        "Gross Profit": 95105000.0,
        "Cost Of Revenue": 708864000.0,
        "Total Revenue": 803969000.0,
        "Operating Revenue": 800130000.0
    },
    "2024-09-30": {
        "Tax Effect Of Unusual Items": 0.0,
        "Tax Rate For Calcs": 0.21,
        "Normalized EBITDA": 44847000.0,
        "Net Income From Continuing Operation Net Minority Interest": 3804000.0,
        "Reconciled Depreciation": 44089000.0,
        "Reconciled Cost Of Revenue": 642814000.0,
        "EBITDA": 44847000.0,
        "EBIT": 758000.0,
        "Net Interest Income": 4104000.0,
        "Interest Expense": 1041000.0,
        "Interest Income": 5145000.0,
        "Normalized Income": 3804000.0,
        "Net Income From Continuing And Discontinued Operation": 3804000.0,
        "Total Expenses": 666588000.0,
        "Total Operating Income As Reported": 5309000.0,
        "Diluted Average Shares": 13092019.0,
        "Basic Average Shares": 13017820.0,
        "Diluted EPS": 0.29,
        "Basic EPS": 0.29,
        "Diluted NI Availto Com Stockholders": 3804000.0,
        "Net Income Common Stockholders": 3804000.0,
        "Net Income": 3804000.0,
        "Net Income Including Noncontrolling Interests": 3804000.0,
        "Net Income Continuous Operations": 3804000.0,
        "Tax Provision": -4087000.0,
        "Pretax Income": -283000.0,
        "Other Income Expense": -9696000.0,
        "Other Non Operating Income Expenses": -2685000.0,
        "Earnings From Equity Interest": -7011000.0,
        "Net Non Operating Interest Income Expense": 4104000.0,
        "Interest Expense Non Operating": 1041000.0,
        "Interest Income Non Operating": 5145000.0,
        "Operating Income": 5309000.0,
        "Operating Expense": 23774000.0,
        "Other Operating Expenses": 7787000.0,
        "Selling General And Administration": 15987000.0,
        "Gross Profit": 29083000.0,
        "Cost Of Revenue": 642814000.0,
        "Total Revenue": 671897000.0,
        "Operating Revenue": 669783000.0
    },
    "2024-12-31": {
        "Tax Effect Of Unusual Items": 0.0,
        "Tax Rate For Calcs": 0.21,
        "Normalized EBITDA": 48780000.0,
        "Net Income From Continuing Operation Net Minority Interest": -2129000.0,
        "Reconciled Depreciation": 42511000.0,
        "Reconciled Cost Of Revenue": 583265000.0,
        "EBITDA": 48780000.0,
        "EBIT": 6269000.0,
        "Net Interest Income": 4369000.0,
        "Interest Expense": 583000.0,
        "Interest Income": 4952000.0,
        "Normalized Income": -2129000.0,
        "Net Income From Continuing And Discontinued Operation": -2129000.0,
        "Total Expenses": 607356000.0,
        "Total Operating Income As Reported": 9991000.0,
        "Diluted Average Shares": 13020122.0,
        "Basic Average Shares": 13020122.0,
        "Diluted EPS": -0.16,
        "Basic EPS": -0.16,
        "Diluted NI Availto Com Stockholders": -2129000.0,
        "Net Income Common Stockholders": -2129000.0,
        "Net Income": -2129000.0,
        "Net Income Including Noncontrolling Interests": -2129000.0,
        "Net Income Continuous Operations": -2129000.0,
        "Tax Provision": 7815000.0,
        "Pretax Income": 5686000.0,
        "Other Income Expense": -8674000.0,
        "Other Non Operating Income Expenses": -2940000.0,
        "Earnings From Equity Interest": -5734000.0,
        "Net Non Operating Interest Income Expense": 4369000.0,
        "Interest Expense Non Operating": 583000.0,
        "Interest Income Non Operating": 4952000.0,
        "Operating Income": 9991000.0,
        "Operating Expense": 24091000.0,
        "Other Operating Expenses": 7260000.0,
        "Selling General And Administration": 16831000.0,
        "Gross Profit": 34082000.0,
        "Cost Of Revenue": 583265000.0,
        "Total Revenue": 617347000.0,
        "Operating Revenue": 615383000.0
    },
    "2025-03-31": {
        "Tax Effect Of Unusual Items": 0.0,
        "Tax Rate For Calcs": 0.252,
        "Normalized EBITDA": 646000.0,
        "Net Income From Continuing Operation Net Minority Interest": -33947000.0,
        "Reconciled Depreciation": 45267000.0,
        "Reconciled Cost Of Revenue": 549851000.0,
        "EBITDA": 646000.0,
        "EBIT": -44621000.0,
        "Net Interest Income": 3283000.0,
        "Interest Expense": 763000.0,
        "Interest Income": 4046000.0,
        "Normalized Income": -33947000.0,
        "Net Income From Continuing And Discontinued Operation": -33947000.0,
        "Total Expenses": 572132000.0,
        "Total Operating Income As Reported": -40175000.0,
        "Diluted Average Shares": 13047607.0,
        "Basic Average Shares": 13047607.0,
        "Diluted EPS": -2.6,
        "Basic EPS": -2.6,
        "Diluted NI Availto Com Stockholders": -33947000.0,
        "Net Income Common Stockholders": -33947000.0,
        "Net Income": -33947000.0,
        "Net Income Including Noncontrolling Interests": -33947000.0,
        "Net Income Continuous Operations": -33947000.0,
        "Tax Provision": -11437000.0,
        "Pretax Income": -45384000.0,
        "Other Income Expense": -8492000.0,
        "Other Non Operating Income Expenses": -3532000.0,
        "Earnings From Equity Interest": -4960000.0,
        "Net Non Operating Interest Income Expense": 3283000.0,
        "Interest Expense Non Operating": 763000.0,
        "Interest Income Non Operating": 4046000.0,
        "Operating Income": -40175000.0,
        "Operating Expense": 22281000.0,
        "Other Operating Expenses": 6857000.0,
        "Selling General And Administration": 15424000.0,
        "Gross Profit": -17894000.0,
        "Cost Of Revenue": 549851000.0,
        "Total Revenue": 531957000.0,
        "Operating Revenue": 529667000.0
    },
    "2025-06-30": {
        "Tax Effect Of Unusual Items": 0.0,
        "Tax Rate For Calcs": 0.201,
        "Normalized EBITDA": 40738000.0,
        "Net Income From Continuing Operation Net Minority Interest": -4954000.0,
        "Reconciled Depreciation": 46179000.0,
        "Reconciled Cost Of Revenue": 526132000.0,
        "EBITDA": 40738000.0,
        "EBIT": -5441000.0,
        "Net Interest Income": 3438000.0,
        "Interest Expense": 761000.0,
        "Interest Income": 4199000.0,
        "Normalized Income": -4954000.0,
        "Net Income From Continuing And Discontinued Operation": -4954000.0,
        "Total Expenses": 547619000.0,
        "Total Operating Income As Reported": 2655000.0,
        "Diluted Average Shares": 13057749.0,
        "Basic Average Shares": 13057749.0,
        "Diluted EPS": -0.38,
        "Basic EPS": -0.38,
        "Diluted NI Availto Com Stockholders": -4954000.0,
        "Net Income Common Stockholders": -4954000.0,
        "Net Income": -4954000.0,
        "Net Income Including Noncontrolling Interests": -4954000.0,
        "Net Income Continuous Operations": -4954000.0,
        "Tax Provision": -1248000.0,
        "Pretax Income": -6202000.0,
        "Other Income Expense": -12295000.0,
        "Other Non Operating Income Expenses": -3559000.0,
        "Earnings From Equity Interest": -8736000.0,
        "Net Non Operating Interest Income Expense": 3438000.0,
        "Interest Expense Non Operating": 761000.0,
        "Interest Income Non Operating": 4199000.0,
        "Operating Income": 2655000.0,
        "Operating Expense": 21487000.0,
        "Other Operating Expenses": 6271000.0,
        "Selling General And Administration": 15216000.0,
        "Gross Profit": 24142000.0,
        "Cost Of Revenue": 526132000.0,
        "Total Revenue": 550274000.0,
        "Operating Revenue": 548675000.0
    }
}