{
    "2023-06-30": {
        "Tax Effect Of Unusual Items": NaN,
        "Tax Rate For Calcs": NaN,
        "Normalized EBITDA": NaN,
        "Total Unusual Items": NaN,
        "Total Unusual Items Excluding Goodwill": NaN,
        "Net Income From Continuing Operation Net Minority Interest": NaN,
        "Reconciled Depreciation": NaN,
        "Reconciled Cost Of Revenue": NaN,
        "EBITDA": NaN,
        "EBIT": NaN,
        "Net Interest Income": NaN,
        "Interest Expense": NaN,
        "Normalized Income": NaN,
        "Net Income From Continuing And Discontinued Operation": NaN,
        "Total Expenses": NaN,
        "Total Operating Income As Reported": NaN,
        "Diluted Average Shares": NaN,
        "Basic Average Shares": NaN,
        "Diluted EPS": NaN,
        "Basic EPS": NaN,
        "Diluted NI Availto Com Stockholders": NaN,
        "Net Income Common Stockholders": NaN,
        "Otherunder Preferred Stock Dividend": NaN,
        "Net Income": NaN,
        "Minority Interests": NaN,
        "Net Income Including Noncontrolling Interests": NaN,
        "Net Income Continuous Operations": NaN,
        "Tax Provision": NaN,
        "Pretax Income": NaN,
        "Other Income Expense": NaN,
        "Other Non Operating Income Expenses": NaN,
        "Earnings From Equity Interest": NaN,
        "Gain On Sale Of Security": NaN,
        "Net Non Operating Interest Income Expense": NaN,
        "Interest Expense Non Operating": NaN,
        "Operating Income": NaN,
        "Operating Expense": NaN,
        "Other Operating Expenses": -577000.0,
        "Selling General And Administration": NaN,
        "Gross Profit": NaN,
        "Cost Of Revenue": NaN,
        "Total Revenue": NaN,
        "Operating Revenue": NaN
    },
    "2023-03-31": {
        "Tax Effect Of Unusual Items": NaN,
        "Tax Rate For Calcs": NaN,
        "Normalized EBITDA": NaN,
        "Total Unusual Items": NaN,
        "Total Unusual Items Excluding Goodwill": NaN,
        "Net Income From Continuing Operation Net Minority Interest": NaN,
        "Reconciled Depreciation": NaN,
        "Reconciled Cost Of Revenue": NaN,
        "EBITDA": NaN,
        "EBIT": NaN,
        "Net Interest Income": NaN,
        "Interest Expense": NaN,
        "Normalized Income": NaN,
        "Net Income From Continuing And Discontinued Operation": NaN,
        "Total Expenses": NaN,
        "Total Operating Income As Reported": NaN,
        "Diluted Average Shares": NaN,
        "Basic Average Shares": NaN,
        "Diluted EPS": NaN,
        "Basic EPS": NaN,
        "Diluted NI Availto Com Stockholders": NaN,
        "Net Income Common Stockholders": NaN,
        "Otherunder Preferred Stock Dividend": 27000.0,
        "Net Income": NaN,
        "Minority Interests": NaN,
        "Net Income Including Noncontrolling Interests": NaN,
        "Net Income Continuous Operations": NaN,
        "Tax Provision": NaN,
        "Pretax Income": NaN,
        "Other Income Expense": NaN,
        "Other Non Operating Income Expenses": NaN,
        "Earnings From Equity Interest": NaN,
        "Gain On Sale Of Security": NaN,
        "Net Non Operating Interest Income Expense": NaN,
        "Interest Expense Non Operating": NaN,
        "Operating Income": NaN,
        "Operating Expense": NaN,
        "Other Operating Expenses": 54000.0,
        "Selling General And Administration": NaN,
        "Gross Profit": NaN,
        "Cost Of Revenue": NaN,
        "Total Revenue": NaN,
        "Operating Revenue": NaN
    },
    "2022-12-31": {
        "Tax Effect Of Unusual Items": NaN,
        "Tax Rate For Calcs": NaN,
        "Normalized EBITDA": NaN,
        "Total Unusual Items": NaN,
        "Total Unusual Items Excluding Goodwill": NaN,
        "Net Income From Continuing Operation Net Minority Interest": NaN,
        "Reconciled Depreciation": NaN,
        "Reconciled Cost Of Revenue": NaN,
        "EBITDA": NaN,
        "EBIT": NaN,
        "Net Interest Income": NaN,
        "Interest Expense": NaN,
        "Normalized Income": NaN,
        "Net Income From Continuing And Discontinued Operation": NaN,
        "Total Expenses": NaN,
        "Total Operating Income As Reported": NaN,
        "Diluted Average Shares": NaN,
        "Basic Average Shares": NaN,
        "Diluted EPS": NaN,
        "Basic EPS": NaN,
        "Diluted NI Availto Com Stockholders": NaN,
        "Net Income Common Stockholders": NaN,
        "Otherunder Preferred Stock Dividend": NaN,
        "Net Income": NaN,
        "Minority Interests": NaN,
        "Net Income Including Noncontrolling Interests": NaN,
        "Net Income Continuous Operations": NaN,
        "Tax Provision": NaN,
        "Pretax Income": NaN,
        "Other Income Expense": NaN,
        "Other Non Operating Income Expenses": NaN,
        "Earnings From Equity Interest": NaN,
        "Gain On Sale Of Security": NaN,
        "Net Non Operating Interest Income Expense": NaN,
        "Interest Expense Non Operating": NaN,
        "Operating Income": NaN,
        "Operating Expense": NaN,
        "Other Operating Expenses": -579000.0,
        "Selling General And Administration": NaN,
        "Gross Profit": NaN,
        "Cost Of Revenue": NaN,
        "Total Revenue": NaN,
        "Operating Revenue": NaN
    },
    "2022-09-30": {
        "Tax Effect Of Unusual Items": NaN,
        "Tax Rate For Calcs": NaN,
        "Normalized EBITDA": NaN,
        "Total Unusual Items": NaN,
        "Total Unusual Items Excluding Goodwill": NaN,
        "Net Income From Continuing Operation Net Minority Interest": NaN,
        "Reconciled Depreciation": NaN,
        "Reconciled Cost Of Revenue": NaN,
        "EBITDA": NaN,
        "EBIT": NaN,
        "Net Interest Income": NaN,
        "Interest Expense": NaN,
        "Normalized Income": NaN,
        "Net Income From Continuing And Discontinued Operation": NaN,
        "Total Expenses": NaN,
        "Total Operating Income As Reported": NaN,
        "Diluted Average Shares": NaN,
        "Basic Average Shares": NaN,
        "Diluted EPS": NaN,
        "Basic EPS": NaN,
        "Diluted NI Availto Com Stockholders": NaN,
        "Net Income Common Stockholders": NaN,
        "Otherunder Preferred Stock Dividend": 27000.0,
        "Net Income": NaN,
        "Minority Interests": NaN,
        "Net Income Including Noncontrolling Interests": NaN,
        "Net Income Continuous Operations": NaN,
        "Tax Provision": NaN,
        "Pretax Income": NaN,
        "Other Income Expense": NaN,
        "Other Non Operating Income Expenses": NaN,
        "Earnings From Equity Interest": NaN,
        "Gain On Sale Of Security": NaN,
        "Net Non Operating Interest Income Expense": NaN,
        "Interest Expense Non Operating": NaN,
        "Operating Income": NaN,
        "Operating Expense": NaN,
        "Other Operating Expenses": NaN,
        "Selling General And Administration": NaN,
        "Gross Profit": NaN,
        "Cost Of Revenue": NaN,
        "Total Revenue": NaN,
        "Operating Revenue": NaN
    },
    "2022-06-30": {
        "Tax Effect Of Unusual Items": 0.0,
        "Tax Rate For Calcs": 0.130459,
        "Normalized EBITDA": 43054000.0,
        "Total Unusual Items": 469000.0,
        "Total Unusual Items Excluding Goodwill": 469000.0,
        "Net Income From Continuing Operation Net Minority Interest": 32216000.0,
        "Reconciled Depreciation": 13284000.0,
        "Reconciled Cost Of Revenue": 496094000.0,
        "EBITDA": 43054000.0,
        "EBIT": 43054000.0,
        "Net Interest Income": -7742000.0,
        "Interest Expense": 7742000.0,
        "Normalized Income": 32216000.0,
        "Net Income From Continuing And Discontinued Operation": 32216000.0,
        "Total Expenses": 534343000.0,
        "Total Operating Income As Reported": 43054000.0,
        "Diluted Average Shares": 53173000.0,
        "Basic Average Shares": 51818000.0,
        "Diluted EPS": 0.61,
        "Basic EPS": 0.62,
        "Diluted NI Availto Com Stockholders": 32216000.0,
        "Net Income Common Stockholders": 32216000.0,
        "Otherunder Preferred Stock Dividend": NaN,
        "Net Income": 32216000.0,
        "Minority Interests": -657000.0,
        "Net Income Including Noncontrolling Interests": 32873000.0,
        "Net Income Continuous Operations": 32873000.0,
        "Tax Provision": 4932000.0,
        "Pretax Income": 37805000.0,
        "Other Income Expense": -5249000.0,
        "Other Non Operating Income Expenses": -5249000.0,
        "Earnings From Equity Interest": NaN,
        "Gain On Sale Of Security": 469000.0,
        "Net Non Operating Interest Income Expense": -7742000.0,
        "Interest Expense Non Operating": 7742000.0,
        "Operating Income": 43054000.0,
        "Operating Expense": 38249000.0,
        "Other Operating Expenses": -2024000.0,
        "Selling General And Administration": 38249000.0,
        "Gross Profit": 81303000.0,
        "Cost Of Revenue": 496094000.0,
        "Total Revenue": 577397000.0,
        "Operating Revenue": 577397000.0
    },
    "2022-03-31": {
        "Diluted EPS": 0.32,
        "Total Revenue": 474,
        "Gross Profit": 68,
        "Operating Income": 29,
        "EBIT": 43,
        "Net Income": 17
    },
    "2021-12-31": {
        "Diluted EPS": 0.54,
        "Total Revenue": 416,
        "Gross Profit": 71,
        "Operating Income": 32,
        "EBIT": 45,
        "Net Income": 28
    },
    "2021-09-30": {
        "Diluted EPS": 0.33,
        "Total Revenue": 274,
        "Gross Profit": 59,
        "Operating Income": 24,
        "EBIT": 36,
        "Net Income": 17
    },
    "2021-06-30": {
        "Diluted EPS": 0.26,
        "Total Revenue": 274,
        "Gross Profit": 53,
        "Operating Income": 21,
        "EBIT": 34,
        "Net Income": 14
    },
    "2021-03-31": {
        "Diluted EPS": 0.22,
        "Total Revenue": 252,
        "Gross Profit": 47,
        "Operating Income": 18,
        "EBIT": 30,
        "Net Income": 11
    },
    "2020-12-31": {
        "Diluted EPS": 0.47,
        "Total Revenue": 314,
        "Gross Profit": 58,
        "Operating Income": 25,
        "EBIT": 36,
        "Net Income": 23
    },
    "2020-09-30": {
        "Diluted EPS": 0.41,
        "Total Revenue": 283,
        "Gross Profit": 51,
        "Operating Income": 25,
        "EBIT": 36,
        "Net Income": 20
    },
    "2020-06-30": {
        "Diluted EPS": 0.09,
        "Total Revenue": 223,
        "Gross Profit": 40,
        "Operating Income": 13,
        "EBIT": 24,
        "Net Income": 4
    },
    "2020-03-31": {
        "Diluted EPS": 0.13,
        "Total Revenue": 212,
        "Gross Profit": 38,
        "Operating Income": 10,
        "EBIT": 20,
        "Net Income": 6
    },
    "2019-12-31": {
        "Diluted EPS": 0.46,
        "Total Revenue": 307,
        "Gross Profit": 48,
        "Operating Income": 19,
        "EBIT": 29,
        "Net Income": 22
    },
    "2019-09-30": {
        "Diluted EPS": 0.19,
        "Total Revenue": 212,
        "Gross Profit": 45,
        "Operating Income": 13,
        "EBIT": 24,
        "Net Income": 9
    },
    "2019-06-30": {
        "Diluted EPS": 0.19,
        "Total Revenue": 198,
        "Gross Profit": 43,
        "Operating Income": 13,
        "EBIT": 24,
        "Net Income": 9
    },
    "2019-03-31": {
        "Diluted EPS": 0.09,
        "Total Revenue": 150,
        "Gross Profit": 33,
        "Operating Income": 7,
        "EBIT": 16,
        "Net Income": 4
    },
    "2018-12-31": {
        "Diluted EPS": 0.24,
        "Total Revenue": 217,
        "Gross Profit": 49,
        "Operating Income": 20,
        "EBIT": 29,
        "Net Income": 12
    },
    "2018-09-30": {
        "Diluted EPS": 0.23,
        "Total Revenue": 205,
        "Gross Profit": 46,
        "Operating Income": 17,
        "EBIT": 26,
        "Net Income": 11
    },
    "2018-06-30": {
        "Diluted EPS": 0.19,
        "Total Revenue": 197,
        "Gross Profit": 43,
        "Operating Income": 14,
        "EBIT": 22,
        "Net Income": 9
    },
    "2018-03-31": {
        "Diluted EPS": 0.15,
        "Total Revenue": 167,
        "Gross Profit": 35,
        "Operating Income": 8,
        "EBIT": 16,
        "Net Income": 7
    },
    "2017-12-31": {
        "Diluted EPS": 0.51,
        "Total Revenue": 211,
        "Gross Profit": 41,
        "Operating Income": 14,
        "EBIT": 21,
        "Net Income": 24
    },
    "2017-09-30": {
        "Diluted EPS": 0.19,
        "Total Revenue": 205,
        "Gross Profit": 41,
        "Operating Income": 14,
        "EBIT": 21,
        "Net Income": 8
    },
    "2017-06-30": {
        "Diluted EPS": 0.13,
        "Total Revenue": 167,
        "Gross Profit": 35,
        "Operating Income": 9,
        "EBIT": 15,
        "Net Income": 6
    },
    "2017-03-31": {
        "Diluted EPS": -0.01,
        "Total Revenue": 135,
        "Gross Profit": 26,
        "Operating Income": -1,
        "EBIT": 6,
        "Net Income": -1
    },
    "2016-12-31": {
        "Diluted EPS": 0.08,
        "Total Revenue": 174,
        "Gross Profit": 36,
        "Operating Income": 7,
        "EBIT": 14,
        "Net Income": 3
    },
    "2016-09-30": {
        "Diluted EPS": 0.12,
        "Total Revenue": 181,
        "Gross Profit": 39,
        "Operating Income": 10,
        "EBIT": 17,
        "Net Income": 6
    },
    "2016-06-30": {
        "Diluted EPS": 0.04,
        "Total Revenue": 163,
        "Gross Profit": 32,
        "Operating Income": 5,
        "EBIT": 11,
        "Net Income": 2
    },
    "2016-03-31": {
        "Diluted EPS": 0.02,
        "Total Revenue": 134,
        "Gross Profit": 28,
        "Operating Income": 2,
        "EBIT": 8,
        "Net Income": 1
    },
    "2015-12-31": {
        "Diluted EPS": -0.02,
        "Total Revenue": 174,
        "Gross Profit": 30,
        "Operating Income": -3,
        "EBIT": 4,
        "Net Income": -1
    },
    "2015-09-30": {
        "Diluted EPS": 0.09,
        "Total Revenue": 189,
        "Gross Profit": 36,
        "Operating Income": 10,
        "EBIT": 16,
        "Net Income": 4
    },
    "2015-06-30": {
        "Diluted EPS": 0.04,
        "Total Revenue": 152,
        "Gross Profit": 31,
        "Operating Income": 5,
        "EBIT": 11,
        "Net Income": 2
    },
    "2015-03-31": {
        "Diluted EPS": -0.09,
        "Total Revenue": 115,
        "Gross Profit": 20,
        "Operating Income": -4,
        "EBIT": 2,
        "Net Income": -4
    },
    "2014-12-31": {
        "Diluted EPS": 0.18,
        "Total Revenue": 181,
        "Gross Profit": 36,
        "Operating Income": 7,
        "EBIT": 13,
        "Net Income": 9
    },
    "2014-09-30": {
        "Diluted EPS": 0.16,
        "Total Revenue": 169,
        "Gross Profit": 35,
        "Operating Income": 9,
        "EBIT": 16,
        "Net Income": 7
    },
    "2014-06-30": {
        "Diluted EPS": 0.06,
        "Total Revenue": 143,
        "Gross Profit": 28,
        "Operating Income": 4,
        "EBIT": 10,
        "Net Income": 3
    },
    "2014-03-31": {
        "Diluted EPS": -0.18,
        "Total Revenue": 101,
        "Gross Profit": 18,
        "Operating Income": -7,
        "EBIT": -1,
        "Net Income": -8
    },
    "2013-12-31": {
        "Diluted EPS": 0.03,
        "Total Revenue": 176,
        "Gross Profit": 28,
        "Operating Income": 3,
        "EBIT": 8,
        "Net Income": 2
    },
    "2013-09-30": {
        "Diluted EPS": 0.1,
        "Total Revenue": 162,
        "Gross Profit": 30,
        "Operating Income": 8,
        "EBIT": 13,
        "Net Income": 5
    },
    "2013-06-30": {
        "Diluted EPS": -0.04,
        "Total Revenue": 126,
        "Gross Profit": 23,
        "Operating Income": -2,
        "EBIT": 3,
        "Net Income": -2
    },
    "2013-03-31": {
        "Diluted EPS": -0.04,
        "Total Revenue": 110,
        "Gross Profit": 22,
        "Operating Income": -2,
        "EBIT": 4,
        "Net Income": -2
    },
    "2012-12-31": {
        "Diluted EPS": 0.11,
        "Total Revenue": 157,
        "Gross Profit": 33,
        "Operating Income": 6,
        "EBIT": 11,
        "Net Income": 5
    },
    "2012-09-30": {
        "Diluted EPS": 0.15,
        "Total Revenue": 164,
        "Gross Profit": 35,
        "Operating Income": 11,
        "EBIT": 16,
        "Net Income": 7
    },
    "2012-06-30": {
        "Diluted EPS": 0.1,
        "Total Revenue": 164,
        "Gross Profit": 31,
        "Operating Income": 8,
        "EBIT": 13,
        "Net Income": 5
    },
    "2012-03-31": {
        "Diluted EPS": 0.04,
        "Total Revenue": 147,
        "Gross Profit": 29,
        "Operating Income": 3,
        "EBIT": 8,
        "Net Income": 2
    },
    "2011-12-31": {
        "Diluted EPS": 0.17,
        "Total Revenue": 188,
        "Gross Profit": 35,
        "Operating Income": 13,
        "EBIT": 18,
        "Net Income": 7
    },
    "2011-09-30": {
        "Diluted EPS": 0.27,
        "Total Revenue": 228,
        "Gross Profit": 40,
        "Operating Income": 16,
        "EBIT": 21,
        "Net Income": 12
    },
    "2011-06-30": {
        "Diluted EPS": 0.19,
        "Total Revenue": 165,
        "Gross Profit": 32,
        "Operating Income": 13,
        "EBIT": 16,
        "Net Income": 9
    },
    "2011-03-31": {
        "Diluted EPS": 0.12,
        "Total Revenue": 146,
        "Gross Profit": 28,
        "Operating Income": 8,
        "EBIT": 11,
        "Net Income": 5
    },
    "2010-12-31": {
        "Diluted EPS": 0.14,
        "Total Revenue": 179,
        "Gross Profit": 31,
        "Operating Income": 13,
        "EBIT": 15,
        "Net Income": 6
    },
    "2010-09-30": {
        "Diluted EPS": 0.28,
        "Total Revenue": 192,
        "Gross Profit": 35,
        "Operating Income": 19,
        "EBIT": 24,
        "Net Income": 12
    },
    "2010-06-30": {
        "Diluted EPS": 0.21,
        "Total Revenue": 141,
        "Gross Profit": 26,
        "Operating Income": 12,
        "EBIT": 14,
        "Net Income": 8
    },
    "2010-03-31": {
        "Diluted EPS": 0.03,
        "Total Revenue": 106,
        "Gross Profit": 18,
        "Operating Income": 3,
        "EBIT": 5,
        "Net Income": 1
    },
    "2009-12-31": {
        "Diluted EPS": 0.27,
        "Total Revenue": 133,
        "Gross Profit": 133,
        "Operating Income": 133,
        "EBIT": 135,
        "Net Income": 10
    },
    "2009-09-30": {
        "Diluted EPS": 0.23,
        "Total Revenue": 132,
        "Gross Profit": 24,
        "Operating Income": 12,
        "EBIT": 14,
        "Net Income": 8
    },
    "2009-06-30": {
        "Diluted EPS": 0.05,
        "Total Revenue": 89,
        "Gross Profit": 15,
        "Operating Income": 2,
        "EBIT": 2,
        "Net Income": 2
    },
    "2009-03-31": {
        "Diluted EPS": 0.01,
        "Total Revenue": 73,
        "Gross Profit": 73,
        "Operating Income": 73,
        "EBIT": 73,
        "Net Income": 0
    },
    "2023-09-30": {
        "Tax Effect Of Unusual Items": NaN,
        "Tax Rate For Calcs": NaN,
        "Normalized EBITDA": NaN,
        "Total Unusual Items": NaN,
        "Total Unusual Items Excluding Goodwill": NaN,
        "Net Income From Continuing Operation Net Minority Interest": NaN,
        "Reconciled Depreciation": NaN,
        "Reconciled Cost Of Revenue": NaN,
        "EBITDA": NaN,
        "EBIT": NaN,
        "Net Interest Income": NaN,
        "Interest Expense": NaN,
        "Normalized Income": NaN,
        "Net Income From Continuing And Discontinued Operation": NaN,
        "Total Expenses": NaN,
        "Total Operating Income As Reported": NaN,
        "Diluted Average Shares": NaN,
        "Basic Average Shares": NaN,
        "Diluted EPS": NaN,
        "Basic EPS": NaN,
        "Diluted NI Availto Com Stockholders": NaN,
        "Net Income Common Stockholders": NaN,
        "Otherunder Preferred Stock Dividend": 26000.0,
        "Net Income": NaN,
        "Minority Interests": NaN,
        "Net Income Including Noncontrolling Interests": NaN,
        "Net Income Continuous Operations": NaN,
        "Tax Provision": NaN,
        "Pretax Income": NaN,
        "Other Income Expense": NaN,
        "Other Non Operating Income Expenses": -2075000.0,
        "Earnings From Equity Interest": NaN,
        "Gain On Sale Of Security": NaN,
        "Net Non Operating Interest Income Expense": NaN,
        "Interest Expense Non Operating": NaN,
        "Operating Income": NaN,
        "Operating Expense": NaN,
        "Other Operating Expenses": NaN,
        "Selling General And Administration": NaN,
        "Gross Profit": NaN,
        "Cost Of Revenue": NaN,
        "Total Revenue": NaN,
        "Operating Revenue": NaN
    },
    "2023-12-31": {
        "Tax Effect Of Unusual Items": NaN,
        "Tax Rate For Calcs": NaN,
        "Normalized EBITDA": NaN,
        "Total Unusual Items": NaN,
        "Total Unusual Items Excluding Goodwill": NaN,
        "Net Income From Continuing Operation Net Minority Interest": NaN,
        "Reconciled Depreciation": NaN,
        "Reconciled Cost Of Revenue": NaN,
        "EBITDA": NaN,
        "EBIT": NaN,
        "Net Interest Income": NaN,
        "Interest Expense": NaN,
        "Normalized Income": NaN,
        "Net Income From Continuing And Discontinued Operation": NaN,
        "Total Expenses": NaN,
        "Total Operating Income As Reported": NaN,
        "Diluted Average Shares": NaN,
        "Basic Average Shares": NaN,
        "Diluted EPS": NaN,
        "Basic EPS": NaN,
        "Diluted NI Availto Com Stockholders": NaN,
        "Net Income Common Stockholders": NaN,
        "Otherunder Preferred Stock Dividend": NaN,
        "Net Income": NaN,
        "Minority Interests": NaN,
        "Net Income Including Noncontrolling Interests": NaN,
        "Net Income Continuous Operations": NaN,
        "Tax Provision": NaN,
        "Pretax Income": NaN,
        "Other Income Expense": NaN,
        "Other Non Operating Income Expenses": -2518000.0,
        "Earnings From Equity Interest": NaN,
        "Gain On Sale Of Security": NaN,
        "Net Non Operating Interest Income Expense": NaN,
        "Interest Expense Non Operating": NaN,
        "Operating Income": NaN,
        "Operating Expense": NaN,
        "Other Operating Expenses": -54000.0,
        "Selling General And Administration": NaN,
        "Gross Profit": NaN,
        "Cost Of Revenue": NaN,
        "Total Revenue": NaN,
        "Operating Revenue": NaN
    },
    "2024-03-31": {
        "Tax Effect Of Unusual Items": NaN,
        "Tax Rate For Calcs": NaN,
        "Normalized EBITDA": NaN,
        "Total Unusual Items": NaN,
        "Total Unusual Items Excluding Goodwill": NaN,
        "Net Income From Continuing Operation Net Minority Interest": NaN,
        "Reconciled Depreciation": NaN,
        "Reconciled Cost Of Revenue": NaN,
        "EBITDA": NaN,
        "EBIT": NaN,
        "Net Interest Income": NaN,
        "Interest Expense": NaN,
        "Normalized Income": NaN,
        "Net Income From Continuing And Discontinued Operation": NaN,
        "Total Expenses": NaN,
        "Total Operating Income As Reported": NaN,
        "Diluted Average Shares": NaN,
        "Basic Average Shares": NaN,
        "Diluted EPS": NaN,
        "Basic EPS": NaN,
        "Diluted NI Availto Com Stockholders": NaN,
        "Net Income Common Stockholders": NaN,
        "Otherunder Preferred Stock Dividend": 27000.0,
        "Net Income": NaN,
        "Minority Interests": NaN,
        "Net Income Including Noncontrolling Interests": NaN,
        "Net Income Continuous Operations": NaN,
        "Tax Provision": NaN,
        "Pretax Income": NaN,
        "Other Income Expense": NaN,
        "Other Non Operating Income Expenses": -169000.0,
        "Earnings From Equity Interest": NaN,
        "Gain On Sale Of Security": NaN,
        "Net Non Operating Interest Income Expense": NaN,
        "Interest Expense Non Operating": NaN,
        "Operating Income": NaN,
        "Operating Expense": NaN,
        "Other Operating Expenses": 181000.0,
        "Selling General And Administration": NaN,
        "Gross Profit": NaN,
        "Cost Of Revenue": NaN,
        "Total Revenue": NaN,
        "Operating Revenue": NaN
    },
    "2024-06-30": {
        "Tax Effect Of Unusual Items": NaN,
        "Tax Rate For Calcs": NaN,
        "Normalized EBITDA": NaN,
        "Total Unusual Items": NaN,
        "Total Unusual Items Excluding Goodwill": NaN,
        "Net Income From Continuing Operation Net Minority Interest": NaN,
        "Reconciled Depreciation": NaN,
        "Reconciled Cost Of Revenue": NaN,
        "EBITDA": NaN,
        "EBIT": NaN,
        "Net Interest Income": NaN,
        "Interest Expense": NaN,
        "Normalized Income": NaN,
        "Net Income From Continuing And Discontinued Operation": NaN,
        "Total Expenses": NaN,
        "Total Operating Income As Reported": NaN,
        "Diluted Average Shares": NaN,
        "Basic Average Shares": NaN,
        "Diluted EPS": NaN,
        "Basic EPS": NaN,
        "Diluted NI Availto Com Stockholders": NaN,
        "Net Income Common Stockholders": NaN,
        "Otherunder Preferred Stock Dividend": NaN,
        "Net Income": NaN,
        "Minority Interests": NaN,
        "Net Income Including Noncontrolling Interests": NaN,
        "Net Income Continuous Operations": NaN,
        "Tax Provision": NaN,
        "Pretax Income": NaN,
        "Other Income Expense": NaN,
        "Other Non Operating Income Expenses": -673000.0,
        "Earnings From Equity Interest": NaN,
        "Gain On Sale Of Security": NaN,
        "Net Non Operating Interest Income Expense": NaN,
        "Interest Expense Non Operating": NaN,
        "Operating Income": NaN,
        "Operating Expense": NaN,
        "Other Operating Expenses": NaN,
        "Selling General And Administration": NaN,
        "Gross Profit": NaN,
        "Cost Of Revenue": NaN,
        "Total Revenue": NaN,
        "Operating Revenue": NaN
    },
    "2024-09-30": {
        "Tax Effect Of Unusual Items": -311220.0,
        "Tax Rate For Calcs": 0.21,
        "Normalized EBITDA": 58801000.0,
        "Total Unusual Items": -1482000.0,
        "Total Unusual Items Excluding Goodwill": -1482000.0,
        "Net Income From Continuing Operation Net Minority Interest": 17599000.0,
        "Reconciled Depreciation": 23453000.0,
        "Reconciled Cost Of Revenue": 423734000.0,
        "EBITDA": 57319000.0,
        "EBIT": 33866000.0,
        "Net Interest Income": -20176000.0,
        "Interest Expense": 20176000.0,
        "Normalized Income": 18769780.0,
        "Net Income From Continuing And Discontinued Operation": 17599000.0,
        "Total Expenses": 465684000.0,
        "Total Operating Income As Reported": 35159000.0,
        "Diluted Average Shares": 53243000.0,
        "Basic Average Shares": 52413000.0,
        "Diluted EPS": 0.33,
        "Basic EPS": 0.34,
        "Diluted NI Availto Com Stockholders": 17573000.0,
        "Net Income Common Stockholders": 17573000.0,
        "Otherunder Preferred Stock Dividend": 26000.0,
        "Net Income": 17599000.0,
        "Minority Interests": 585000.0,
        "Net Income Including Noncontrolling Interests": 17014000.0,
        "Net Income Continuous Operations": 17014000.0,
        "Tax Provision": -3324000.0,
        "Pretax Income": 13690000.0,
        "Other Income Expense": -1323000.0,
        "Other Non Operating Income Expenses": -318000.0,
        "Earnings From Equity Interest": 159000.0,
        "Gain On Sale Of Security": -1482000.0,
        "Net Non Operating Interest Income Expense": -20176000.0,
        "Interest Expense Non Operating": 20176000.0,
        "Operating Income": 35189000.0,
        "Operating Expense": 41950000.0,
        "Other Operating Expenses": -189000.0,
        "Selling General And Administration": 42139000.0,
        "Gross Profit": 77139000.0,
        "Cost Of Revenue": 423734000.0,
        "Total Revenue": 500873000.0,
        "Operating Revenue": 500873000.0
    },
    "2024-12-31": {
        "Tax Effect Of Unusual Items": 4620420.0,
        "Tax Rate For Calcs": 0.21,
        "Normalized EBITDA": 45035000.0,
        "Total Unusual Items": 22002000.0,
        "Total Unusual Items Excluding Goodwill": 22002000.0,
        "Net Income From Continuing Operation Net Minority Interest": 37085000.0,
        "Reconciled Depreciation": 26545000.0,
        "Reconciled Cost Of Revenue": 465877000.0,
        "EBITDA": 67037000.0,
        "EBIT": 40492000.0,
        "Net Interest Income": -19258000.0,
        "Interest Expense": 19258000.0,
        "Normalized Income": 19703420.0,
        "Net Income From Continuing And Discontinued Operation": 37085000.0,
        "Total Expenses": 514245000.0,
        "Total Operating Income As Reported": 44640000.0,
        "Diluted Average Shares": 53257000.0,
        "Basic Average Shares": 52463000.0,
        "Diluted EPS": 0.7,
        "Basic EPS": 0.71,
        "Diluted NI Availto Com Stockholders": 37165000.0,
        "Net Income Common Stockholders": 37165000.0,
        "Otherunder Preferred Stock Dividend": NaN,
        "Net Income": 37085000.0,
        "Minority Interests": -825000.0,
        "Net Income Including Noncontrolling Interests": 37910000.0,
        "Net Income Continuous Operations": 37910000.0,
        "Tax Provision": -16676000.0,
        "Pretax Income": 21234000.0,
        "Other Income Expense": 22070000.0,
        "Other Non Operating Income Expenses": NaN,
        "Earnings From Equity Interest": 68000.0,
        "Gain On Sale Of Security": -3621000.0,
        "Net Non Operating Interest Income Expense": -19258000.0,
        "Interest Expense Non Operating": 19258000.0,
        "Operating Income": 18422000.0,
        "Operating Expense": 48368000.0,
        "Other Operating Expenses": 527000.0,
        "Selling General And Administration": 47841000.0,
        "Gross Profit": 66790000.0,
        "Cost Of Revenue": 465877000.0,
        "Total Revenue": 532667000.0,
        "Operating Revenue": 532667000.0
    },
    "2025-03-31": {
        "Tax Effect Of Unusual Items": 24360.0,
        "Tax Rate For Calcs": 0.21,
        "Normalized EBITDA": 39311000.0,
        "Total Unusual Items": 116000.0,
        "Total Unusual Items Excluding Goodwill": 116000.0,
        "Net Income From Continuing Operation Net Minority Interest": -5483000.0,
        "Reconciled Depreciation": 23940000.0,
        "Reconciled Cost Of Revenue": 300910000.0,
        "EBITDA": 39427000.0,
        "EBIT": 15487000.0,
        "Net Interest Income": -19905000.0,
        "Interest Expense": 19905000.0,
        "Normalized Income": -5574640.0,
        "Net Income From Continuing And Discontinued Operation": -5483000.0,
        "Total Expenses": 337719000.0,
        "Total Operating Income As Reported": 13692000.0,
        "Diluted Average Shares": 52544000.0,
        "Basic Average Shares": 52544000.0,
        "Diluted EPS": -0.1,
        "Basic EPS": -0.1,
        "Diluted NI Availto Com Stockholders": -5510000.0,
        "Net Income Common Stockholders": -5510000.0,
        "Otherunder Preferred Stock Dividend": 27000.0,
        "Net Income": -5483000.0,
        "Minority Interests": 123000.0,
        "Net Income Including Noncontrolling Interests": -5606000.0,
        "Net Income Continuous Operations": -5606000.0,
        "Tax Provision": 1188000.0,
        "Pretax Income": -4418000.0,
        "Other Income Expense": 377000.0,
        "Other Non Operating Income Expenses": NaN,
        "Earnings From Equity Interest": 261000.0,
        "Gain On Sale Of Security": 116000.0,
        "Net Non Operating Interest Income Expense": -19905000.0,
        "Interest Expense Non Operating": 19905000.0,
        "Operating Income": 15110000.0,
        "Operating Expense": 36809000.0,
        "Other Operating Expenses": -1679000.0,
        "Selling General And Administration": 38488000.0,
        "Gross Profit": 51919000.0,
        "Cost Of Revenue": 300910000.0,
        "Total Revenue": 352829000.0,
        "Operating Revenue": 333000000.0
    },
    "2025-06-30": {
        "Tax Effect Of Unusual Items": 1529220.0,
        "Tax Rate For Calcs": 0.21,
        "Normalized EBITDA": 51822000.0,
        "Total Unusual Items": 7282000.0,
        "Total Unusual Items Excluding Goodwill": 7282000.0,
        "Net Income From Continuing Operation Net Minority Interest": 12864000.0,
        "Reconciled Depreciation": 25199000.0,
        "Reconciled Cost Of Revenue": 398926000.0,
        "EBITDA": 59104000.0,
        "EBIT": 33905000.0,
        "Net Interest Income": -21287000.0,
        "Interest Expense": 21287000.0,
        "Normalized Income": 7111220.0,
        "Net Income From Continuing And Discontinued Operation": 12864000.0,
        "Total Expenses": 444660000.0,
        "Total Operating Income As Reported": 27774000.0,
        "Diluted Average Shares": 52821000.0,
        "Basic Average Shares": 52638000.0,
        "Diluted EPS": 0.24,
        "Basic EPS": 0.24,
        "Diluted NI Availto Com Stockholders": 12864000.0,
        "Net Income Common Stockholders": 12864000.0,
        "Otherunder Preferred Stock Dividend": NaN,
        "Net Income": 12864000.0,
        "Minority Interests": -2654000.0,
        "Net Income Including Noncontrolling Interests": 15518000.0,
        "Net Income Continuous Operations": 15518000.0,
        "Tax Provision": -2900000.0,
        "Pretax Income": 12618000.0,
        "Other Income Expense": 6281000.0,
        "Other Non Operating Income Expenses": -1151000.0,
        "Earnings From Equity Interest": 150000.0,
        "Gain On Sale Of Security": 7282000.0,
        "Net Non Operating Interest Income Expense": -21287000.0,
        "Interest Expense Non Operating": 21287000.0,
        "Operating Income": 27624000.0,
        "Operating Expense": 45734000.0,
        "Other Operating Expenses": NaN,
        "Selling General And Administration": 45734000.0,
        "Gross Profit": 73358000.0,
        "Cost Of Revenue": 398926000.0,
        "Total Revenue": 472284000.0,
        "Operating Revenue": 448952000.0
    },
    "2025-09-30": {
        "Tax Effect Of Unusual Items": -228060.0,
        "Tax Rate For Calcs": 0.21,
        "Normalized EBITDA": 68540000.0,
        "Total Unusual Items": -1086000.0,
        "Total Unusual Items Excluding Goodwill": -1086000.0,
        "Net Income From Continuing Operation Net Minority Interest": 18532000.0,
        "Reconciled Depreciation": 27235000.0,
        "Reconciled Cost Of Revenue": 441658000.0,
        "EBITDA": 67454000.0,
        "EBIT": 40219000.0,
        "Net Interest Income": -22057000.0,
        "Interest Expense": 22057000.0,
        "Normalized Income": 19389940.0,
        "Net Income From Continuing And Discontinued Operation": 18532000.0,
        "Total Expenses": 485030000.0,
        "Total Operating Income As Reported": 42350000.0,
        "Diluted Average Shares": 53370000.0,
        "Basic Average Shares": 52716000.0,
        "Diluted EPS": 0.35,
        "Basic EPS": 0.35,
        "Diluted NI Availto Com Stockholders": 18505000.0,
        "Net Income Common Stockholders": 18505000.0,
        "Otherunder Preferred Stock Dividend": 27000.0,
        "Net Income": 18532000.0,
        "Minority Interests": -3308000.0,
        "Net Income Including Noncontrolling Interests": 21840000.0,
        "Net Income Continuous Operations": 21840000.0,
        "Tax Provision": -3678000.0,
        "Pretax Income": 18162000.0,
        "Other Income Expense": -738000.0,
        "Other Non Operating Income Expenses": -1045000.0,
        "Earnings From Equity Interest": 1393000.0,
        "Gain On Sale Of Security": -1086000.0,
        "Net Non Operating Interest Income Expense": -22057000.0,
        "Interest Expense Non Operating": 22057000.0,
        "Operating Income": 40957000.0,
        "Operating Expense": 43372000.0,
        "Other Operating Expenses": NaN,
        "Selling General And Administration": 43372000.0,
        "Gross Profit": 84329000.0,
        "Cost Of Revenue": 441658000.0,
        "Total Revenue": 525987000.0,
        "Operating Revenue": 525987000.0
    }
}