{
    "2023-04-30": {
        "Tax Effect Of Unusual Items": 0.0,
        "Tax Rate For Calcs": 0.130685,
        "Normalized EBITDA": 3042000.0,
        "Net Income From Continuing Operation Net Minority Interest": 2867000.0,
        "Reconciled Depreciation": 772000.0,
        "Reconciled Cost Of Revenue": 11187000.0,
        "EBITDA": 3042000.0,
        "EBIT": 2270000.0,
        "Net Interest Income": 875000.0,
        "Interest Income": 875000.0,
        "Normalized Income": 2867000.0,
        "Net Income From Continuing And Discontinued Operation": 2867000.0,
        "Total Expenses": 27644000.0,
        "Total Operating Income As Reported": 2270000.0,
        "Diluted Average Shares": 33993000.0,
        "Basic Average Shares": 33916000.0,
        "Diluted EPS": 0.08,
        "Basic EPS": 0.08,
        "Diluted NI Availto Com Stockholders": 2867000.0,
        "Net Income Common Stockholders": 2867000.0,
        "Net Income": 2867000.0,
        "Net Income Including Noncontrolling Interests": 2867000.0,
        "Net Income Discontinuous Operations": NaN,
        "Net Income Continuous Operations": 2867000.0,
        "Tax Provision": 431000.0,
        "Pretax Income": 3298000.0,
        "Other Income Expense": 153000.0,
        "Other Non Operating Income Expenses": 153000.0,
        "Net Non Operating Interest Income Expense": 875000.0,
        "Interest Income Non Operating": 875000.0,
        "Operating Income": 2270000.0,
        "Operating Expense": 15710000.0,
        "Depreciation Amortization Depletion Income Statement": 25000.0,
        "Depreciation And Amortization In Income Statement": 25000.0,
        "Amortization": 25000.0,
        "Amortization Of Intangibles Income Statement": 25000.0,
        "Research And Development": 4547000.0,
        "Selling General And Administration": 11138000.0,
        "Selling And Marketing Expense": 5250000.0,
        "General And Administrative Expense": 5888000.0,
        "Other Gand A": 5888000.0,
        "Gross Profit": 17980000.0,
        "Cost Of Revenue": 11934000.0,
        "Total Revenue": 29914000.0,
        "Operating Revenue": 29914000.0
    },
    "2023-01-31": {
        "Tax Effect Of Unusual Items": NaN,
        "Tax Rate For Calcs": NaN,
        "Normalized EBITDA": NaN,
        "Net Income From Continuing Operation Net Minority Interest": NaN,
        "Reconciled Depreciation": NaN,
        "Reconciled Cost Of Revenue": NaN,
        "EBITDA": NaN,
        "EBIT": NaN,
        "Net Interest Income": NaN,
        "Interest Income": NaN,
        "Normalized Income": NaN,
        "Net Income From Continuing And Discontinued Operation": NaN,
        "Total Expenses": NaN,
        "Total Operating Income As Reported": NaN,
        "Diluted Average Shares": NaN,
        "Basic Average Shares": NaN,
        "Diluted EPS": NaN,
        "Basic EPS": NaN,
        "Diluted NI Availto Com Stockholders": NaN,
        "Net Income Common Stockholders": NaN,
        "Net Income": NaN,
        "Net Income Including Noncontrolling Interests": NaN,
        "Net Income Discontinuous Operations": 45000.0,
        "Net Income Continuous Operations": NaN,
        "Tax Provision": NaN,
        "Pretax Income": NaN,
        "Other Income Expense": NaN,
        "Other Non Operating Income Expenses": NaN,
        "Net Non Operating Interest Income Expense": NaN,
        "Interest Income Non Operating": NaN,
        "Operating Income": NaN,
        "Operating Expense": NaN,
        "Depreciation Amortization Depletion Income Statement": NaN,
        "Depreciation And Amortization In Income Statement": NaN,
        "Amortization": NaN,
        "Amortization Of Intangibles Income Statement": NaN,
        "Research And Development": NaN,
        "Selling General And Administration": NaN,
        "Selling And Marketing Expense": NaN,
        "General And Administrative Expense": NaN,
        "Other Gand A": NaN,
        "Gross Profit": NaN,
        "Cost Of Revenue": NaN,
        "Total Revenue": NaN,
        "Operating Revenue": NaN
    },
    "2022-10-31": {
        "Tax Effect Of Unusual Items": NaN,
        "Tax Rate For Calcs": NaN,
        "Normalized EBITDA": NaN,
        "Net Income From Continuing Operation Net Minority Interest": NaN,
        "Reconciled Depreciation": NaN,
        "Reconciled Cost Of Revenue": NaN,
        "EBITDA": NaN,
        "EBIT": NaN,
        "Net Interest Income": NaN,
        "Interest Income": NaN,
        "Normalized Income": NaN,
        "Net Income From Continuing And Discontinued Operation": NaN,
        "Total Expenses": NaN,
        "Total Operating Income As Reported": NaN,
        "Diluted Average Shares": NaN,
        "Basic Average Shares": NaN,
        "Diluted EPS": NaN,
        "Basic EPS": NaN,
        "Diluted NI Availto Com Stockholders": NaN,
        "Net Income Common Stockholders": NaN,
        "Net Income": NaN,
        "Net Income Including Noncontrolling Interests": NaN,
        "Net Income Discontinuous Operations": 189000.0,
        "Net Income Continuous Operations": NaN,
        "Tax Provision": NaN,
        "Pretax Income": NaN,
        "Other Income Expense": NaN,
        "Other Non Operating Income Expenses": NaN,
        "Net Non Operating Interest Income Expense": NaN,
        "Interest Income Non Operating": NaN,
        "Operating Income": NaN,
        "Operating Expense": NaN,
        "Depreciation Amortization Depletion Income Statement": NaN,
        "Depreciation And Amortization In Income Statement": NaN,
        "Amortization": NaN,
        "Amortization Of Intangibles Income Statement": NaN,
        "Research And Development": NaN,
        "Selling General And Administration": NaN,
        "Selling And Marketing Expense": NaN,
        "General And Administrative Expense": NaN,
        "Other Gand A": NaN,
        "Gross Profit": NaN,
        "Cost Of Revenue": NaN,
        "Total Revenue": NaN,
        "Operating Revenue": NaN
    },
    "2022-07-31": {
        "Tax Effect Of Unusual Items": 0.0,
        "Tax Rate For Calcs": 0.203,
        "Normalized EBITDA": 2581000.0,
        "Net Income From Continuing Operation Net Minority Interest": 2133000.0,
        "Reconciled Depreciation": 24000.0,
        "Reconciled Cost Of Revenue": 12584000.0,
        "EBITDA": 2581000.0,
        "EBIT": 2557000.0,
        "Net Interest Income": 119000.0,
        "Interest Income": 119000.0,
        "Normalized Income": 2133000.0,
        "Net Income From Continuing And Discontinued Operation": 2133000.0,
        "Total Expenses": 28739000.0,
        "Total Operating Income As Reported": 2557000.0,
        "Diluted Average Shares": 34007000.0,
        "Basic Average Shares": 33656000.0,
        "Diluted EPS": 0.06,
        "Basic EPS": 0.06,
        "Diluted NI Availto Com Stockholders": 2133000.0,
        "Net Income Common Stockholders": 2133000.0,
        "Net Income": 2133000.0,
        "Net Income Including Noncontrolling Interests": 2133000.0,
        "Net Income Continuous Operations": 2133000.0,
        "Tax Provision": 543000.0,
        "Pretax Income": 2676000.0,
        "Other Income Expense": -90000.0,
        "Other Non Operating Income Expenses": -90000.0,
        "Net Non Operating Interest Income Expense": 119000.0,
        "Total Other Finance Cost": NaN,
        "Interest Income Non Operating": 119000.0,
        "Operating Income": 2557000.0,
        "Operating Expense": 16155000.0,
        "Depreciation Amortization Depletion Income Statement": 24000.0,
        "Depreciation And Amortization In Income Statement": 24000.0,
        "Amortization": 24000.0,
        "Amortization Of Intangibles Income Statement": 24000.0,
        "Research And Development": 4454000.0,
        "Selling General And Administration": 11677000.0,
        "Selling And Marketing Expense": 5912000.0,
        "General And Administrative Expense": 5765000.0,
        "Other Gand A": 5765000.0,
        "Gross Profit": 18712000.0,
        "Cost Of Revenue": 12584000.0,
        "Total Revenue": 31296000.0,
        "Operating Revenue": 31296000.0
    },
    "2022-04-30": {
        "Diluted EPS": 0.09,
        "Total Revenue": 35,
        "Gross Profit": 22,
        "Operating Income": 5,
        "EBIT": 6,
        "Net Income": 4
    },
    "2022-01-31": {
        "Diluted EPS": 0.09,
        "Total Revenue": 32,
        "Gross Profit": 19,
        "Operating Income": 3,
        "EBIT": 4,
        "Net Income": 3
    },
    "2021-10-31": {
        "Diluted EPS": 0.1,
        "Total Revenue": 31,
        "Gross Profit": 18,
        "Operating Income": 3,
        "EBIT": 4,
        "Net Income": 3
    },
    "2021-07-31": {
        "Diluted EPS": 0.09,
        "Total Revenue": 29,
        "Gross Profit": 17,
        "Operating Income": 2,
        "EBIT": 3,
        "Net Income": 3
    },
    "2021-04-30": {
        "Diluted EPS": 0.09,
        "Total Revenue": 29,
        "Gross Profit": 17,
        "Operating Income": 2,
        "EBIT": 3,
        "Net Income": 3
    },
    "2021-01-31": {
        "Diluted EPS": 0.07,
        "Total Revenue": 28,
        "Gross Profit": 15,
        "Operating Income": 1,
        "EBIT": 2,
        "Net Income": 2
    },
    "2020-10-31": {
        "Diluted EPS": 0.02,
        "Total Revenue": 28,
        "Gross Profit": 15,
        "Operating Income": 1,
        "EBIT": 2,
        "Net Income": 1
    },
    "2020-07-31": {
        "Diluted EPS": 0.06,
        "Total Revenue": 27,
        "Gross Profit": 14,
        "Operating Income": 1,
        "EBIT": 3,
        "Net Income": 2
    },
    "2020-04-30": {
        "Diluted EPS": 0.02,
        "Total Revenue": 29,
        "Gross Profit": 16,
        "Operating Income": 2,
        "EBIT": 3,
        "Net Income": 1
    },
    "2020-01-31": {
        "Diluted EPS": 0.1,
        "Total Revenue": 31,
        "Gross Profit": 17,
        "Operating Income": 3,
        "EBIT": 5,
        "Net Income": 3
    },
    "2019-10-31": {
        "Diluted EPS": 0.05,
        "Total Revenue": 28,
        "Gross Profit": 15,
        "Operating Income": 1,
        "EBIT": 3,
        "Net Income": 2
    },
    "2019-07-31": {
        "Diluted EPS": 0.04,
        "Total Revenue": 27,
        "Gross Profit": 15,
        "Operating Income": 1,
        "EBIT": 3,
        "Net Income": 1
    },
    "2019-04-30": {
        "Diluted EPS": 0.07,
        "Total Revenue": 26,
        "Gross Profit": 14,
        "Operating Income": 1,
        "EBIT": 3,
        "Net Income": 2
    },
    "2019-01-31": {
        "Diluted EPS": 0.07,
        "Total Revenue": 27,
        "Gross Profit": 14,
        "Operating Income": 2,
        "EBIT": 4,
        "Net Income": 2
    },
    "2018-10-31": {
        "Diluted EPS": 0.04,
        "Total Revenue": 28,
        "Gross Profit": 15,
        "Operating Income": 2,
        "EBIT": 3,
        "Net Income": 1
    },
    "2018-07-31": {
        "Diluted EPS": 0.04,
        "Total Revenue": 27,
        "Gross Profit": 14,
        "Operating Income": 1,
        "EBIT": 2,
        "Net Income": 1
    },
    "2018-04-30": {
        "Diluted EPS": 0.05,
        "Total Revenue": 29,
        "Gross Profit": 16,
        "Operating Income": 2,
        "EBIT": 4,
        "Net Income": 1
    },
    "2018-01-31": {
        "Diluted EPS": 0.18,
        "Total Revenue": 30,
        "Gross Profit": 17,
        "Operating Income": 4,
        "EBIT": 6,
        "Net Income": 6
    },
    "2017-10-31": {
        "Diluted EPS": 0.08,
        "Total Revenue": 26,
        "Gross Profit": 14,
        "Operating Income": 3,
        "EBIT": 5,
        "Net Income": 2
    },
    "2017-07-31": {
        "Diluted EPS": 0.09,
        "Total Revenue": 27,
        "Gross Profit": 15,
        "Operating Income": 4,
        "EBIT": 5,
        "Net Income": 3
    },
    "2017-04-30": {
        "Diluted EPS": 0.34,
        "Total Revenue": 26,
        "Gross Profit": 14,
        "Operating Income": 3,
        "EBIT": 5,
        "Net Income": 10
    },
    "2017-01-31": {
        "Diluted EPS": 0.08,
        "Total Revenue": 26,
        "Gross Profit": 14,
        "Operating Income": 2,
        "EBIT": 4,
        "Net Income": 2
    },
    "2016-10-31": {
        "Diluted EPS": 0.01,
        "Total Revenue": 26,
        "Gross Profit": 13,
        "Operating Income": 1,
        "EBIT": 2,
        "Net Income": 0
    },
    "2016-07-31": {
        "Diluted EPS": 0.06,
        "Total Revenue": 27,
        "Gross Profit": 14,
        "Operating Income": 2,
        "EBIT": 3,
        "Net Income": 2
    },
    "2016-04-30": {
        "Diluted EPS": 0.12,
        "Total Revenue": 29,
        "Gross Profit": 16,
        "Operating Income": 4,
        "EBIT": 5,
        "Net Income": 3
    },
    "2016-01-31": {
        "Diluted EPS": 0.07,
        "Total Revenue": 27,
        "Gross Profit": 14,
        "Operating Income": 3,
        "EBIT": 4,
        "Net Income": 2
    },
    "2015-10-31": {
        "Diluted EPS": 0.07,
        "Total Revenue": 29,
        "Gross Profit": 15,
        "Operating Income": 3,
        "EBIT": 5,
        "Net Income": 2
    },
    "2015-07-31": {
        "Diluted EPS": 0.09,
        "Total Revenue": 29,
        "Gross Profit": 15,
        "Operating Income": 4,
        "EBIT": 5,
        "Net Income": 3
    },
    "2015-04-30": {
        "Diluted EPS": 0.09,
        "Total Revenue": 28,
        "Gross Profit": 14,
        "Operating Income": 3,
        "EBIT": 5,
        "Net Income": 3
    },
    "2015-01-31": {
        "Diluted EPS": 0.1,
        "Total Revenue": 26,
        "Gross Profit": 13,
        "Operating Income": 2,
        "EBIT": 4,
        "Net Income": 3
    },
    "2014-10-31": {
        "Diluted EPS": 0.04,
        "Total Revenue": 25,
        "Gross Profit": 12,
        "Operating Income": 1,
        "EBIT": 3,
        "Net Income": 1
    },
    "2014-07-31": {
        "Diluted EPS": 0.05,
        "Total Revenue": 25,
        "Gross Profit": 13,
        "Operating Income": 2,
        "EBIT": 4,
        "Net Income": 2
    },
    "2014-04-30": {
        "Diluted EPS": 0.09,
        "Total Revenue": 26,
        "Gross Profit": 15,
        "Operating Income": 3,
        "EBIT": 4,
        "Net Income": 3
    },
    "2014-01-31": {
        "Diluted EPS": 0.09,
        "Total Revenue": 24,
        "Gross Profit": 14,
        "Operating Income": 4,
        "EBIT": 4,
        "Net Income": 2
    },
    "2013-10-31": {
        "Diluted EPS": 0.13,
        "Total Revenue": 27,
        "Gross Profit": 16,
        "Operating Income": 5,
        "EBIT": 6,
        "Net Income": 4
    },
    "2013-07-31": {
        "Diluted EPS": 0.06,
        "Total Revenue": 23,
        "Gross Profit": 12,
        "Operating Income": 2,
        "EBIT": 3,
        "Net Income": 2
    },
    "2013-04-30": {
        "Diluted EPS": 0.11,
        "Total Revenue": 25,
        "Gross Profit": 14,
        "Operating Income": 4,
        "EBIT": 5,
        "Net Income": 3
    },
    "2013-01-31": {
        "Diluted EPS": 0.08,
        "Total Revenue": 23,
        "Gross Profit": 12,
        "Operating Income": 2,
        "EBIT": 3,
        "Net Income": 2
    },
    "2012-10-31": {
        "Diluted EPS": 0.1,
        "Total Revenue": 26,
        "Gross Profit": 15,
        "Operating Income": 4,
        "EBIT": 5,
        "Net Income": 3
    },
    "2012-07-31": {
        "Diluted EPS": 0.09,
        "Total Revenue": 26,
        "Gross Profit": 14,
        "Operating Income": 4,
        "EBIT": 5,
        "Net Income": 2
    },
    "2012-04-30": {
        "Diluted EPS": 0.12,
        "Total Revenue": 28,
        "Gross Profit": 15,
        "Operating Income": 5,
        "EBIT": 6,
        "Net Income": 3
    },
    "2012-01-31": {
        "Diluted EPS": 0.1,
        "Total Revenue": 25,
        "Gross Profit": 14,
        "Operating Income": 3,
        "EBIT": 4,
        "Net Income": 3
    },
    "2011-10-31": {
        "Diluted EPS": 0.11,
        "Total Revenue": 26,
        "Gross Profit": 15,
        "Operating Income": 5,
        "EBIT": 6,
        "Net Income": 3
    },
    "2011-07-31": {
        "Diluted EPS": 0.09,
        "Total Revenue": 24,
        "Gross Profit": 13,
        "Operating Income": 4,
        "EBIT": 5,
        "Net Income": 2
    },
    "2011-04-30": {
        "Diluted EPS": 0.1,
        "Total Revenue": 25,
        "Gross Profit": 14,
        "Operating Income": 4,
        "EBIT": 5,
        "Net Income": 3
    },
    "2011-01-31": {
        "Diluted EPS": 0.07,
        "Total Revenue": 20,
        "Gross Profit": 10,
        "Operating Income": 2,
        "EBIT": 3,
        "Net Income": 2
    },
    "2010-10-31": {
        "Diluted EPS": 0.06,
        "Total Revenue": 21,
        "Gross Profit": 11,
        "Operating Income": 2,
        "EBIT": 3,
        "Net Income": 1
    },
    "2010-07-31": {
        "Diluted EPS": 0.05,
        "Total Revenue": 19,
        "Gross Profit": 10,
        "Operating Income": 2,
        "EBIT": 3,
        "Net Income": 1
    },
    "2010-04-30": {
        "Diluted EPS": 0.05,
        "Total Revenue": 19,
        "Gross Profit": 10,
        "Operating Income": 1,
        "EBIT": 2,
        "Net Income": 1
    },
    "2010-01-31": {
        "Diluted EPS": 0.07,
        "Total Revenue": 20,
        "Gross Profit": 11,
        "Operating Income": 3,
        "EBIT": 4,
        "Net Income": 2
    },
    "2009-10-31": {
        "Diluted EPS": 0.05,
        "Total Revenue": 19,
        "Gross Profit": 10,
        "Operating Income": 2,
        "EBIT": 2,
        "Net Income": 1
    },
    "2009-07-31": {
        "Diluted EPS": 0.05,
        "Total Revenue": 18,
        "Gross Profit": 11,
        "Operating Income": 1,
        "EBIT": 2,
        "Net Income": 1
    },
    "2009-04-30": {
        "Diluted EPS": 0.05,
        "Total Revenue": 19,
        "Gross Profit": 11,
        "Operating Income": 2,
        "EBIT": 3,
        "Net Income": 1
    },
    "2009-01-31": {
        "Diluted EPS": 0.03,
        "Total Revenue": 20,
        "Gross Profit": 11,
        "Operating Income": 2,
        "EBIT": 3,
        "Net Income": 1
    },
    "2023-07-31": {
        "Tax Effect Of Unusual Items": 0.0,
        "Tax Rate For Calcs": 0.204,
        "Normalized EBITDA": 2298000.0,
        "Net Income From Continuing Operation Net Minority Interest": 2748000.0,
        "Reconciled Depreciation": 731000.0,
        "Reconciled Cost Of Revenue": 10886000.0,
        "EBITDA": 2298000.0,
        "EBIT": 1567000.0,
        "Net Interest Income": 1089000.0,
        "Interest Income": 1089000.0,
        "Normalized Income": 2748000.0,
        "Net Income From Continuing And Discontinued Operation": 2748000.0,
        "Total Expenses": 27601000.0,
        "Total Operating Income As Reported": 1567000.0,
        "Diluted Average Shares": 34160000.0,
        "Basic Average Shares": 34155000.0,
        "Diluted EPS": 0.08,
        "Basic EPS": 0.08,
        "Diluted NI Availto Com Stockholders": 2748000.0,
        "Net Income Common Stockholders": 2748000.0,
        "Net Income": 2748000.0,
        "Net Income Including Noncontrolling Interests": 2748000.0,
        "Net Income Discontinuous Operations": NaN,
        "Net Income Continuous Operations": 2748000.0,
        "Tax Provision": 706000.0,
        "Pretax Income": 3454000.0,
        "Other Income Expense": 798000.0,
        "Other Non Operating Income Expenses": 798000.0,
        "Net Non Operating Interest Income Expense": 1089000.0,
        "Interest Income Non Operating": 1089000.0,
        "Operating Income": 1567000.0,
        "Operating Expense": 16009000.0,
        "Depreciation Amortization Depletion Income Statement": 25000.0,
        "Depreciation And Amortization In Income Statement": 25000.0,
        "Amortization": 25000.0,
        "Amortization Of Intangibles Income Statement": 25000.0,
        "Research And Development": 4249000.0,
        "Selling General And Administration": 11735000.0,
        "Selling And Marketing Expense": 6148000.0,
        "General And Administrative Expense": 5587000.0,
        "Other Gand A": 5587000.0,
        "Gross Profit": 17576000.0,
        "Cost Of Revenue": 11592000.0,
        "Total Revenue": 29168000.0,
        "Operating Revenue": 29168000.0
    },
    "2023-10-31": {
        "Tax Effect Of Unusual Items": 0.0,
        "Tax Rate For Calcs": 0.048,
        "Normalized EBITDA": 2505000.0,
        "Net Income From Continuing Operation Net Minority Interest": 621000.0,
        "Reconciled Depreciation": 1276000.0,
        "Reconciled Cost Of Revenue": 8142000.0,
        "EBITDA": 2505000.0,
        "EBIT": 1229000.0,
        "Net Interest Income": 1073000.0,
        "Interest Income": 1073000.0,
        "Normalized Income": 621000.0,
        "Net Income From Continuing And Discontinued Operation": 2363000.0,
        "Total Expenses": 24461000.0,
        "Total Operating Income As Reported": 1229000.0,
        "Diluted Average Shares": 34094000.0,
        "Basic Average Shares": 34071000.0,
        "Diluted EPS": 0.07,
        "Basic EPS": 0.07,
        "Diluted NI Availto Com Stockholders": 2363000.0,
        "Net Income Common Stockholders": 2363000.0,
        "Net Income": 2363000.0,
        "Net Income Including Noncontrolling Interests": 2363000.0,
        "Net Income Discontinuous Operations": 1742000.0,
        "Net Income Continuous Operations": 621000.0,
        "Tax Provision": 31000.0,
        "Pretax Income": 652000.0,
        "Other Income Expense": -1650000.0,
        "Other Non Operating Income Expenses": -1650000.0,
        "Net Non Operating Interest Income Expense": 1073000.0,
        "Interest Income Non Operating": 1073000.0,
        "Operating Income": 1229000.0,
        "Operating Expense": 15172000.0,
        "Depreciation Amortization Depletion Income Statement": 129000.0,
        "Depreciation And Amortization In Income Statement": 129000.0,
        "Amortization": 129000.0,
        "Amortization Of Intangibles Income Statement": 129000.0,
        "Research And Development": 4269000.0,
        "Selling General And Administration": 10774000.0,
        "Selling And Marketing Expense": 5313000.0,
        "General And Administrative Expense": 5461000.0,
        "Other Gand A": 5461000.0,
        "Gross Profit": 16401000.0,
        "Cost Of Revenue": 9289000.0,
        "Total Revenue": 25690000.0,
        "Operating Revenue": 25690000.0
    },
    "2024-01-31": {
        "Tax Effect Of Unusual Items": 0.0,
        "Tax Rate For Calcs": 0.193,
        "Normalized EBITDA": 2449000.0,
        "Net Income From Continuing Operation Net Minority Interest": 4152000.0,
        "Reconciled Depreciation": 1634000.0,
        "Reconciled Cost Of Revenue": 7649000.0,
        "EBITDA": 2449000.0,
        "EBIT": 815000.0,
        "Net Interest Income": 777000.0,
        "Interest Income": 777000.0,
        "Normalized Income": 4152000.0,
        "Net Income From Continuing And Discontinued Operation": 4088000.0,
        "Total Expenses": 24721000.0,
        "Total Operating Income As Reported": 815000.0,
        "Diluted Average Shares": 33337000.0,
        "Basic Average Shares": 33292000.0,
        "Diluted EPS": 0.12,
        "Basic EPS": 0.12,
        "Diluted NI Availto Com Stockholders": 4088000.0,
        "Net Income Common Stockholders": 4088000.0,
        "Net Income": 4088000.0,
        "Net Income Including Noncontrolling Interests": 4088000.0,
        "Net Income Discontinuous Operations": -64000.0,
        "Net Income Continuous Operations": 4152000.0,
        "Tax Provision": 1080000.0,
        "Pretax Income": 5232000.0,
        "Other Income Expense": 3640000.0,
        "Other Non Operating Income Expenses": 3640000.0,
        "Net Non Operating Interest Income Expense": 777000.0,
        "Interest Income Non Operating": 777000.0,
        "Operating Income": 815000.0,
        "Operating Expense": 15631000.0,
        "Depreciation Amortization Depletion Income Statement": 193000.0,
        "Depreciation And Amortization In Income Statement": 193000.0,
        "Amortization": 193000.0,
        "Amortization Of Intangibles Income Statement": 193000.0,
        "Research And Development": 4546000.0,
        "Selling General And Administration": 10892000.0,
        "Selling And Marketing Expense": 5039000.0,
        "General And Administrative Expense": 5853000.0,
        "Other Gand A": 5853000.0,
        "Gross Profit": 16446000.0,
        "Cost Of Revenue": 9090000.0,
        "Total Revenue": 25536000.0,
        "Operating Revenue": 25536000.0
    },
    "2024-04-30": {
        "Tax Effect Of Unusual Items": 0.0,
        "Tax Rate For Calcs": 0.047088,
        "Normalized EBITDA": 1470000.0,
        "Net Income From Continuing Operation Net Minority Interest": 2307000.0,
        "Reconciled Depreciation": 798000.0,
        "Reconciled Cost Of Revenue": 8069000.0,
        "EBITDA": 1470000.0,
        "EBIT": 672000.0,
        "Net Interest Income": 882000.0,
        "Interest Income": 882000.0,
        "Normalized Income": 2307000.0,
        "Net Income From Continuing And Discontinued Operation": 2174000.0,
        "Total Expenses": 24716000.0,
        "Total Operating Income As Reported": 672000.0,
        "Diluted Average Shares": 33292000.0,
        "Basic Average Shares": 33220000.0,
        "Diluted EPS": 0.07,
        "Basic EPS": 0.07,
        "Diluted NI Availto Com Stockholders": 2174000.0,
        "Net Income Common Stockholders": 2174000.0,
        "Net Income": 2174000.0,
        "Net Income Including Noncontrolling Interests": 2174000.0,
        "Net Income Discontinuous Operations": -133000.0,
        "Net Income Continuous Operations": 2307000.0,
        "Tax Provision": 114000.0,
        "Pretax Income": 2421000.0,
        "Other Income Expense": 867000.0,
        "Other Non Operating Income Expenses": 867000.0,
        "Net Non Operating Interest Income Expense": 882000.0,
        "Interest Income Non Operating": 882000.0,
        "Operating Income": 672000.0,
        "Operating Expense": 16046000.0,
        "Depreciation Amortization Depletion Income Statement": 197000.0,
        "Depreciation And Amortization In Income Statement": 197000.0,
        "Amortization": 197000.0,
        "Amortization Of Intangibles Income Statement": 197000.0,
        "Research And Development": 4592000.0,
        "Selling General And Administration": 11257000.0,
        "Selling And Marketing Expense": 5360000.0,
        "General And Administrative Expense": 5897000.0,
        "Other Gand A": 5897000.0,
        "Gross Profit": 16718000.0,
        "Cost Of Revenue": 8670000.0,
        "Total Revenue": 25388000.0,
        "Operating Revenue": 25388000.0
    },
    "2024-07-31": {
        "Tax Effect Of Unusual Items": 0.0,
        "Tax Rate For Calcs": 0.310507,
        "Normalized EBITDA": 3032000.0,
        "Net Income From Continuing Operation Net Minority Interest": 2054000.0,
        "Reconciled Depreciation": 1188000.0,
        "Reconciled Cost Of Revenue": 7727000.0,
        "EBITDA": 3032000.0,
        "EBIT": 1844000.0,
        "Net Interest Income": 937000.0,
        "Interest Income": 937000.0,
        "Normalized Income": 2054000.0,
        "Net Income From Continuing And Discontinued Operation": 2054000.0,
        "Total Expenses": 24348000.0,
        "Total Operating Income As Reported": 1844000.0,
        "Diluted Average Shares": 33298000.0,
        "Basic Average Shares": 33284000.0,
        "Diluted EPS": 0.06,
        "Basic EPS": 0.06,
        "Diluted NI Availto Com Stockholders": 2054000.0,
        "Net Income Common Stockholders": 2054000.0,
        "Net Income": 2054000.0,
        "Net Income Including Noncontrolling Interests": 2054000.0,
        "Net Income Discontinuous Operations": 0.0,
        "Net Income Continuous Operations": 2054000.0,
        "Tax Provision": 925000.0,
        "Pretax Income": 2979000.0,
        "Other Income Expense": 198000.0,
        "Other Non Operating Income Expenses": 198000.0,
        "Net Non Operating Interest Income Expense": 937000.0,
        "Interest Income Non Operating": 937000.0,
        "Operating Income": 1844000.0,
        "Operating Expense": 15624000.0,
        "Depreciation Amortization Depletion Income Statement": 191000.0,
        "Depreciation And Amortization In Income Statement": 191000.0,
        "Amortization": 191000.0,
        "Amortization Of Intangibles Income Statement": 191000.0,
        "Research And Development": 4364000.0,
        "Selling General And Administration": 11069000.0,
        "Selling And Marketing Expense": 5636000.0,
        "General And Administrative Expense": 5433000.0,
        "Other Gand A": 5433000.0,
        "Gross Profit": 17468000.0,
        "Cost Of Revenue": 8724000.0,
        "Total Revenue": 26192000.0,
        "Operating Revenue": 26192000.0
    }
}