{
    "2023-06-30": {
        "Tax Effect Of Unusual Items": NaN,
        "Tax Rate For Calcs": NaN,
        "Total Unusual Items": NaN,
        "Total Unusual Items Excluding Goodwill": NaN,
        "Net Income From Continuing Operation Net Minority Interest": NaN,
        "Reconciled Depreciation": NaN,
        "Net Interest Income": NaN,
        "Interest Expense": NaN,
        "Interest Income": NaN,
        "Normalized Income": NaN,
        "Net Income From Continuing And Discontinued Operation": NaN,
        "Diluted Average Shares": NaN,
        "Basic Average Shares": NaN,
        "Diluted EPS": NaN,
        "Basic EPS": NaN,
        "Diluted NI Availto Com Stockholders": NaN,
        "Net Income Common Stockholders": NaN,
        "Net Income": NaN,
        "Minority Interests": NaN,
        "Net Income Including Noncontrolling Interests": NaN,
        "Net Income Continuous Operations": NaN,
        "Tax Provision": NaN,
        "Pretax Income": NaN,
        "Special Income Charges": NaN,
        "Other Special Charges": 1550000.0,
        "Gain On Sale Of Security": NaN,
        "Depreciation Amortization Depletion Income Statement": NaN,
        "Depreciation And Amortization In Income Statement": NaN,
        "Selling General And Administration": NaN,
        "Selling And Marketing Expense": NaN,
        "General And Administrative Expense": NaN,
        "Insurance And Claims": NaN,
        "Salaries And Wages": NaN,
        "Total Revenue": NaN,
        "Operating Revenue": NaN,
        "Occupancy And Equipment": NaN,
        "Professional Expense And Contract Services Expense": NaN,
        "Other Non Interest Expense": NaN
    },
    "2023-03-31": {
        "Tax Effect Of Unusual Items": 2766330.0,
        "Tax Rate For Calcs": 0.21,
        "Total Unusual Items": 13173000.0,
        "Total Unusual Items Excluding Goodwill": 13173000.0,
        "Net Income From Continuing Operation Net Minority Interest": 20186000.0,
        "Reconciled Depreciation": 1292000.0,
        "Net Interest Income": 82333000.0,
        "Interest Expense": 42797000.0,
        "Interest Income": 125130000.0,
        "Normalized Income": 9779330.0,
        "Net Income From Continuing And Discontinued Operation": 20186000.0,
        "Diluted Average Shares": NaN,
        "Basic Average Shares": NaN,
        "Diluted EPS": NaN,
        "Basic EPS": NaN,
        "Diluted NI Availto Com Stockholders": 20186000.0,
        "Net Income Common Stockholders": 20186000.0,
        "Net Income": 20186000.0,
        "Minority Interests": 244000.0,
        "Net Income Including Noncontrolling Interests": 19942000.0,
        "Net Income Continuous Operations": 19942000.0,
        "Tax Provision": 5301000.0,
        "Pretax Income": 25243000.0,
        "Special Income Charges": 13173000.0,
        "Other Special Charges": NaN,
        "Gain On Sale Of Security": -9246000.0,
        "Depreciation Amortization Depletion Income Statement": 1292000.0,
        "Depreciation And Amortization In Income Statement": 1292000.0,
        "Selling General And Administration": 40199000.0,
        "Selling And Marketing Expense": 2586000.0,
        "General And Administrative Expense": 37613000.0,
        "Insurance And Claims": 2737000.0,
        "Salaries And Wages": 34876000.0,
        "Total Revenue": 86903000.0,
        "Operating Revenue": 86903000.0,
        "Occupancy And Equipment": 6798000.0,
        "Professional Expense And Contract Services Expense": 7628000.0,
        "Other Non Interest Expense": 7216000.0
    },
    "2022-12-31": {
        "Tax Effect Of Unusual Items": NaN,
        "Tax Rate For Calcs": NaN,
        "Total Unusual Items": NaN,
        "Total Unusual Items Excluding Goodwill": NaN,
        "Net Income From Continuing Operation Net Minority Interest": NaN,
        "Reconciled Depreciation": NaN,
        "Net Interest Income": NaN,
        "Interest Expense": NaN,
        "Interest Income": NaN,
        "Normalized Income": NaN,
        "Net Income From Continuing And Discontinued Operation": NaN,
        "Diluted Average Shares": NaN,
        "Basic Average Shares": NaN,
        "Diluted EPS": NaN,
        "Basic EPS": NaN,
        "Diluted NI Availto Com Stockholders": NaN,
        "Net Income Common Stockholders": NaN,
        "Net Income": NaN,
        "Minority Interests": NaN,
        "Net Income Including Noncontrolling Interests": NaN,
        "Net Income Continuous Operations": NaN,
        "Tax Provision": NaN,
        "Pretax Income": NaN,
        "Special Income Charges": NaN,
        "Other Special Charges": 0.0,
        "Gain On Sale Of Security": NaN,
        "Depreciation Amortization Depletion Income Statement": NaN,
        "Depreciation And Amortization In Income Statement": NaN,
        "Selling General And Administration": NaN,
        "Selling And Marketing Expense": NaN,
        "General And Administrative Expense": NaN,
        "Insurance And Claims": NaN,
        "Salaries And Wages": NaN,
        "Total Revenue": NaN,
        "Operating Revenue": NaN,
        "Occupancy And Equipment": NaN,
        "Professional Expense And Contract Services Expense": NaN,
        "Other Non Interest Expense": NaN
    },
    "2022-09-30": {
        "Tax Effect Of Unusual Items": NaN,
        "Tax Rate For Calcs": NaN,
        "Total Unusual Items": NaN,
        "Total Unusual Items Excluding Goodwill": NaN,
        "Net Income From Continuing Operation Net Minority Interest": NaN,
        "Reconciled Depreciation": NaN,
        "Net Interest Income": NaN,
        "Interest Expense": NaN,
        "Interest Income": NaN,
        "Normalized Income": NaN,
        "Net Income From Continuing And Discontinued Operation": NaN,
        "Diluted Average Shares": NaN,
        "Basic Average Shares": NaN,
        "Diluted EPS": NaN,
        "Basic EPS": NaN,
        "Diluted NI Availto Com Stockholders": NaN,
        "Net Income Common Stockholders": NaN,
        "Net Income": NaN,
        "Minority Interests": NaN,
        "Net Income Including Noncontrolling Interests": NaN,
        "Net Income Continuous Operations": NaN,
        "Tax Provision": NaN,
        "Pretax Income": NaN,
        "Special Income Charges": NaN,
        "Other Special Charges": 289000.0,
        "Gain On Sale Of Security": NaN,
        "Depreciation Amortization Depletion Income Statement": NaN,
        "Depreciation And Amortization In Income Statement": NaN,
        "Selling General And Administration": NaN,
        "Selling And Marketing Expense": NaN,
        "General And Administrative Expense": NaN,
        "Insurance And Claims": NaN,
        "Salaries And Wages": NaN,
        "Total Revenue": NaN,
        "Operating Revenue": NaN
    },
    "2022-06-30": {
        "Tax Effect Of Unusual Items": 0.0,
        "Tax Rate For Calcs": 0.211,
        "Total Unusual Items": -2800000.0,
        "Total Unusual Items Excluding Goodwill": -2800000.0,
        "Net Income From Continuing Operation Net Minority Interest": 7674000.0,
        "Reconciled Depreciation": 1294000.0,
        "Net Interest Income": 58945000.0,
        "Interest Expense": 12222000.0,
        "Interest Income": 58945000.0,
        "Normalized Income": 7674000.0,
        "Net Income From Continuing And Discontinued Operation": 7674000.0,
        "Diluted Average Shares": 33914529.0,
        "Basic Average Shares": 33675930.0,
        "Diluted EPS": 0.25,
        "Basic EPS": 0.25,
        "Diluted NI Availto Com Stockholders": 7674000.0,
        "Net Income Common Stockholders": 7674000.0,
        "Otherunder Preferred Stock Dividend": NaN,
        "Net Income": 7674000.0,
        "Minority Interests": 72000.0,
        "Net Income Including Noncontrolling Interests": 7674000.0,
        "Net Income Continuous Operations": 7674000.0,
        "Tax Provision": 2033000.0,
        "Pretax Income": 7674000.0,
        "Special Income Charges": -2800000.0,
        "Other Special Charges": 2802000.0,
        "Impairment Of Capital Assets": NaN,
        "Gain On Sale Of Security": -738000.0,
        "Depreciation Amortization Depletion Income Statement": 1294000.0,
        "Depreciation And Amortization In Income Statement": 1294000.0,
        "Selling General And Administration": -12980000.0,
        "Selling And Marketing Expense": 3253000.0,
        "General And Administrative Expense": -16233000.0,
        "Other Gand A": 3214000.0,
        "Insurance And Claims": 1526000.0,
        "Salaries And Wages": 30212000.0,
        "Total Revenue": 58945000.0,
        "Operating Revenue": 58945000.0
    },
    "2022-03-31": {
        "Diluted EPS": 0.44,
        "Total Revenue": 79,
        "Gross Profit": 70,
        "Operating Income": 18,
        "EBIT": NaN,
        "Net Income": 15
    },
    "2021-12-31": {
        "Diluted EPS": 1.76,
        "Total Revenue": 142,
        "Gross Profit": 133,
        "Operating Income": 84,
        "EBIT": NaN,
        "Net Income": 65
    },
    "2021-09-30": {
        "Diluted EPS": 0.45,
        "Total Revenue": 75,
        "Gross Profit": 65,
        "Operating Income": 22,
        "EBIT": NaN,
        "Net Income": 17
    },
    "2021-06-30": {
        "Diluted EPS": 0.42,
        "Total Revenue": 77,
        "Gross Profit": 66,
        "Operating Income": 20,
        "EBIT": NaN,
        "Net Income": 16
    },
    "2021-03-31": {
        "Diluted EPS": 0.38,
        "Total Revenue": 74,
        "Gross Profit": 62,
        "Operating Income": 18,
        "EBIT": NaN,
        "Net Income": 14
    },
    "2020-12-31": {
        "Diluted EPS": 0.21,
        "Total Revenue": 75,
        "Gross Profit": 60,
        "Operating Income": 9,
        "EBIT": NaN,
        "Net Income": 8
    },
    "2020-09-30": {
        "Diluted EPS": 0.04,
        "Total Revenue": 82,
        "Gross Profit": 66,
        "Operating Income": 2,
        "EBIT": NaN,
        "Net Income": 2
    },
    "2020-06-30": {
        "Diluted EPS": -0.37,
        "Total Revenue": 84,
        "Gross Profit": 66,
        "Operating Income": -19,
        "EBIT": NaN,
        "Net Income": -15
    },
    "2020-03-31": {
        "Diluted EPS": 0.08,
        "Total Revenue": 93,
        "Gross Profit": 71,
        "Operating Income": 4,
        "EBIT": NaN,
        "Net Income": 3
    },
    "2019-12-31": {
        "Diluted EPS": 0.32,
        "Total Revenue": 91,
        "Gross Profit": 67,
        "Operating Income": 16,
        "EBIT": NaN,
        "Net Income": 13
    },
    "2019-09-30": {
        "Diluted EPS": 0.28,
        "Total Revenue": 92,
        "Gross Profit": 66,
        "Operating Income": 15,
        "EBIT": NaN,
        "Net Income": 12
    },
    "2019-06-30": {
        "Diluted EPS": 0.3,
        "Total Revenue": 93,
        "Gross Profit": 68,
        "Operating Income": 16,
        "EBIT": NaN,
        "Net Income": 13
    },
    "2019-03-31": {
        "Diluted EPS": 0.3,
        "Total Revenue": 93,
        "Gross Profit": 69,
        "Operating Income": 17,
        "EBIT": NaN,
        "Net Income": 13
    },
    "2018-12-31": {
        "Diluted EPS": 0.34,
        "Total Revenue": 94,
        "Gross Profit": 69,
        "Operating Income": 16,
        "EBIT": NaN,
        "Net Income": 14
    },
    "2018-09-30": {
        "Diluted EPS": 0.27,
        "Total Revenue": 93,
        "Gross Profit": 69,
        "Operating Income": 15,
        "EBIT": NaN,
        "Net Income": 12
    },
    "2018-06-30": {
        "Diluted EPS": 0.25,
        "Total Revenue": 91,
        "Gross Profit": 69,
        "Operating Income": 16,
        "EBIT": NaN,
        "Net Income": 10
    },
    "2018-03-31": {
        "Diluted EPS": 0.22,
        "Total Revenue": 86,
        "Gross Profit": 67,
        "Operating Income": 11,
        "EBIT": NaN,
        "Net Income": 9
    },
    "2017-12-31": {
        "Diluted EPS": 0.0,
        "Total Revenue": NaN,
        "Gross Profit": NaN,
        "Operating Income": NaN,
        "EBIT": NaN,
        "Net Income": NaN
    },
    "2017-09-30": {
        "Diluted EPS": 0.41,
        "Total Revenue": 96,
        "Gross Profit": 79,
        "Operating Income": 26,
        "EBIT": NaN,
        "Net Income": 17
    },
    "2017-06-30": {
        "Diluted EPS": 0.08,
        "Total Revenue": 84,
        "Gross Profit": 69,
        "Operating Income": 15,
        "EBIT": NaN,
        "Net Income": 10
    },
    "2016-12-31": {
        "Diluted EPS": 0.0,
        "Total Revenue": NaN,
        "Gross Profit": NaN,
        "Operating Income": NaN,
        "EBIT": NaN,
        "Net Income": NaN
    },
    "2023-09-30": {
        "Tax Effect Of Unusual Items": NaN,
        "Tax Rate For Calcs": NaN,
        "Total Unusual Items": NaN,
        "Total Unusual Items Excluding Goodwill": NaN,
        "Net Income From Continuing Operation Net Minority Interest": NaN,
        "Reconciled Depreciation": NaN,
        "Net Interest Income": NaN,
        "Interest Expense": NaN,
        "Interest Income": NaN,
        "Normalized Income": NaN,
        "Net Income From Continuing And Discontinued Operation": NaN,
        "Diluted Average Shares": 33696620.0,
        "Basic Average Shares": 33489560.0,
        "Diluted EPS": 0.66,
        "Basic EPS": 0.66,
        "Diluted NI Availto Com Stockholders": NaN,
        "Net Income Common Stockholders": NaN,
        "Net Income": NaN,
        "Minority Interests": NaN,
        "Net Income Including Noncontrolling Interests": NaN,
        "Net Income Continuous Operations": NaN,
        "Tax Provision": NaN,
        "Pretax Income": NaN,
        "Special Income Charges": NaN,
        "Other Special Charges": NaN,
        "Gain On Sale Of Security": NaN,
        "Depreciation Amortization Depletion Income Statement": NaN,
        "Depreciation And Amortization In Income Statement": NaN,
        "Selling General And Administration": NaN,
        "Selling And Marketing Expense": NaN,
        "General And Administrative Expense": NaN,
        "Insurance And Claims": NaN,
        "Salaries And Wages": NaN,
        "Total Revenue": NaN,
        "Operating Revenue": NaN,
        "Occupancy And Equipment": NaN,
        "Professional Expense And Contract Services Expense": NaN,
        "Other Non Interest Expense": NaN
    },
    "2023-12-31": {
        "Tax Effect Of Unusual Items": NaN,
        "Tax Rate For Calcs": NaN,
        "Total Unusual Items": NaN,
        "Total Unusual Items Excluding Goodwill": NaN,
        "Net Income From Continuing Operation Net Minority Interest": NaN,
        "Reconciled Depreciation": NaN,
        "Net Interest Income": NaN,
        "Interest Expense": NaN,
        "Interest Income": NaN,
        "Normalized Income": NaN,
        "Net Income From Continuing And Discontinued Operation": NaN,
        "Diluted Average Shares": NaN,
        "Basic Average Shares": NaN,
        "Diluted EPS": NaN,
        "Basic EPS": NaN,
        "Diluted NI Availto Com Stockholders": NaN,
        "Net Income Common Stockholders": NaN,
        "Net Income": NaN,
        "Minority Interests": 817000.0,
        "Net Income Including Noncontrolling Interests": NaN,
        "Net Income Continuous Operations": NaN,
        "Tax Provision": NaN,
        "Pretax Income": NaN,
        "Special Income Charges": NaN,
        "Other Special Charges": 0.0,
        "Gain On Sale Of Security": NaN,
        "Depreciation Amortization Depletion Income Statement": NaN,
        "Depreciation And Amortization In Income Statement": NaN,
        "Selling General And Administration": NaN,
        "Selling And Marketing Expense": NaN,
        "General And Administrative Expense": NaN,
        "Insurance And Claims": NaN,
        "Salaries And Wages": NaN,
        "Total Revenue": NaN,
        "Operating Revenue": NaN,
        "Occupancy And Equipment": NaN,
        "Professional Expense And Contract Services Expense": NaN,
        "Other Non Interest Expense": NaN
    },
    "2024-03-31": {
        "Tax Effect Of Unusual Items": NaN,
        "Tax Rate For Calcs": NaN,
        "Total Unusual Items": NaN,
        "Total Unusual Items Excluding Goodwill": NaN,
        "Net Income From Continuing Operation Net Minority Interest": NaN,
        "Reconciled Depreciation": NaN,
        "Net Interest Income": NaN,
        "Interest Expense": NaN,
        "Interest Income": NaN,
        "Normalized Income": NaN,
        "Net Income From Continuing And Discontinued Operation": NaN,
        "Diluted Average Shares": NaN,
        "Basic Average Shares": NaN,
        "Diluted EPS": NaN,
        "Basic EPS": NaN,
        "Diluted NI Availto Com Stockholders": NaN,
        "Net Income Common Stockholders": NaN,
        "Net Income": NaN,
        "Minority Interests": 0.0,
        "Net Income Including Noncontrolling Interests": NaN,
        "Net Income Continuous Operations": NaN,
        "Tax Provision": NaN,
        "Pretax Income": NaN,
        "Special Income Charges": NaN,
        "Gain On Sale Of Security": NaN,
        "Depreciation Amortization Depletion Income Statement": NaN,
        "Depreciation And Amortization In Income Statement": NaN,
        "Selling General And Administration": NaN,
        "Selling And Marketing Expense": NaN,
        "General And Administrative Expense": NaN,
        "Insurance And Claims": NaN,
        "Salaries And Wages": NaN,
        "Total Revenue": NaN,
        "Operating Revenue": NaN,
        "Occupancy And Equipment": NaN,
        "Professional Expense And Contract Services Expense": NaN,
        "Other Non Interest Expense": NaN
    },
    "2024-06-30": {
        "Tax Effect Of Unusual Items": NaN,
        "Tax Rate For Calcs": NaN,
        "Total Unusual Items": 189000.0,
        "Total Unusual Items Excluding Goodwill": 189000.0,
        "Net Income From Continuing Operation Net Minority Interest": NaN,
        "Reconciled Depreciation": NaN,
        "Net Interest Income": NaN,
        "Interest Expense": NaN,
        "Interest Income": NaN,
        "Normalized Income": NaN,
        "Net Income From Continuing And Discontinued Operation": NaN,
        "Diluted Average Shares": NaN,
        "Basic Average Shares": NaN,
        "Diluted EPS": NaN,
        "Basic EPS": NaN,
        "Diluted NI Availto Com Stockholders": NaN,
        "Net Income Common Stockholders": NaN,
        "Net Income": NaN,
        "Minority Interests": 0.0,
        "Net Income Including Noncontrolling Interests": NaN,
        "Net Income Continuous Operations": NaN,
        "Tax Provision": NaN,
        "Pretax Income": NaN,
        "Special Income Charges": 189000.0,
        "Gain On Sale Of Security": NaN,
        "Depreciation Amortization Depletion Income Statement": NaN,
        "Depreciation And Amortization In Income Statement": NaN,
        "Selling General And Administration": NaN,
        "Selling And Marketing Expense": NaN,
        "General And Administrative Expense": NaN,
        "Insurance And Claims": NaN,
        "Salaries And Wages": NaN,
        "Total Revenue": NaN,
        "Operating Revenue": NaN,
        "Occupancy And Equipment": NaN,
        "Professional Expense And Contract Services Expense": NaN,
        "Other Non Interest Expense": NaN
    },
    "2024-09-30": {
        "Tax Effect Of Unusual Items": 0.0,
        "Tax Rate For Calcs": 0.2218,
        "Total Unusual Items": 0.0,
        "Total Unusual Items Excluding Goodwill": 0.0,
        "Net Income From Continuing Operation Net Minority Interest": -48164000.0,
        "Reconciled Depreciation": 1737000.0,
        "Net Interest Income": 80999000.0,
        "Interest Expense": 70638000.0,
        "Interest Income": 151637000.0,
        "Normalized Income": -48164000.0,
        "Net Income From Continuing And Discontinued Operation": -48164000.0,
        "Diluted Average Shares": 33784999.0,
        "Basic Average Shares": 33784999.0,
        "Diluted EPS": -1.43,
        "Basic EPS": -1.43,
        "Diluted NI Availto Com Stockholders": -48164000.0,
        "Net Income Common Stockholders": -48164000.0,
        "Net Income": -48164000.0,
        "Minority Interests": 0.0,
        "Net Income Including Noncontrolling Interests": -48164000.0,
        "Net Income Continuous Operations": -48164000.0,
        "Tax Provision": -13728000.0,
        "Pretax Income": -61892000.0,
        "Special Income Charges": 0.0,
        "Gain On Sale Of Security": -66771000.0,
        "Depreciation Amortization Depletion Income Statement": 1737000.0,
        "Depreciation And Amortization In Income Statement": 1737000.0,
        "Selling General And Administration": 41310000.0,
        "Selling And Marketing Expense": 3468000.0,
        "General And Administrative Expense": 37842000.0,
        "Insurance And Claims": 2863000.0,
        "Salaries And Wages": 34979000.0,
        "Total Revenue": 31514000.0,
        "Operating Revenue": 31514000.0,
        "Occupancy And Equipment": 5891000.0,
        "Professional Expense And Contract Services Expense": 13711000.0,
        "Other Non Interest Expense": 11757000.0
    },
    "2024-12-31": {
        "Tax Effect Of Unusual Items": 891143.982689,
        "Tax Rate For Calcs": 0.063363,
        "Total Unusual Items": 14064000.0,
        "Total Unusual Items Excluding Goodwill": 14064000.0,
        "Net Income From Continuing Operation Net Minority Interest": 16881000.0,
        "Reconciled Depreciation": 1734000.0,
        "Net Interest Income": 87635000.0,
        "Interest Expense": 65283000.0,
        "Interest Income": 152918000.0,
        "Normalized Income": 3708143.982689,
        "Net Income From Continuing And Discontinued Operation": 16881000.0,
        "Diluted Average Shares": 42273778.0,
        "Basic Average Shares": 42069098.0,
        "Diluted EPS": 0.4,
        "Basic EPS": 0.4,
        "Diluted NI Availto Com Stockholders": 16881000.0,
        "Net Income Common Stockholders": 16881000.0,
        "Net Income": 16881000.0,
        "Minority Interests": 0.0,
        "Net Income Including Noncontrolling Interests": 16881000.0,
        "Net Income Continuous Operations": 16881000.0,
        "Tax Provision": 1142000.0,
        "Pretax Income": 18023000.0,
        "Special Income Charges": 14064000.0,
        "Gain On Sale Of Security": -7528000.0,
        "Depreciation Amortization Depletion Income Statement": 1734000.0,
        "Depreciation And Amortization In Income Statement": 1734000.0,
        "Selling General And Administration": 41923000.0,
        "Selling And Marketing Expense": 3703000.0,
        "General And Administrative Expense": 38220000.0,
        "Insurance And Claims": 2932000.0,
        "Salaries And Wages": 35288000.0,
        "Total Revenue": 84579000.0,
        "Operating Revenue": 84579000.0,
        "Occupancy And Equipment": 5719000.0,
        "Professional Expense And Contract Services Expense": 14304000.0,
        "Other Non Interest Expense": 7030000.0
    },
    "2025-03-31": {
        "Tax Effect Of Unusual Items": 0.0,
        "Tax Rate For Calcs": 0.225,
        "Total Unusual Items": NaN,
        "Total Unusual Items Excluding Goodwill": NaN,
        "Net Income From Continuing Operation Net Minority Interest": 11958000.0,
        "Reconciled Depreciation": 1588000.0,
        "Net Interest Income": 85904000.0,
        "Interest Expense": 60504000.0,
        "Interest Income": 146408000.0,
        "Normalized Income": 11958000.0,
        "Net Income From Continuing And Discontinued Operation": 11958000.0,
        "Diluted Average Shares": 42186759.0,
        "Basic Average Shares": 42015507.0,
        "Diluted EPS": 0.28,
        "Basic EPS": 0.28,
        "Diluted NI Availto Com Stockholders": 11958000.0,
        "Net Income Common Stockholders": 11958000.0,
        "Net Income": 11958000.0,
        "Minority Interests": NaN,
        "Net Income Including Noncontrolling Interests": 11958000.0,
        "Net Income Continuous Operations": 11958000.0,
        "Tax Provision": 3471000.0,
        "Pretax Income": 15429000.0,
        "Special Income Charges": NaN,
        "Gain On Sale Of Security": 1212000.0,
        "Depreciation Amortization Depletion Income Statement": 1588000.0,
        "Depreciation And Amortization In Income Statement": 1588000.0,
        "Selling General And Administration": 40218000.0,
        "Selling And Marketing Expense": 3635000.0,
        "General And Administrative Expense": 36583000.0,
        "Insurance And Claims": 3236000.0,
        "Salaries And Wages": 33347000.0,
        "Total Revenue": 105069000.0,
        "Operating Revenue": 105069000.0,
        "Occupancy And Equipment": 6136000.0,
        "Professional Expense And Contract Services Expense": 14682000.0,
        "Other Non Interest Expense": 8570000.0
    },
    "2025-06-30": {
        "Tax Effect Of Unusual Items": 0.0,
        "Tax Rate For Calcs": 0.228,
        "Total Unusual Items": 0.0,
        "Total Unusual Items Excluding Goodwill": 0.0,
        "Net Income From Continuing Operation Net Minority Interest": 23002000.0,
        "Reconciled Depreciation": 1551000.0,
        "Net Interest Income": 90479000.0,
        "Interest Expense": 60616000.0,
        "Interest Income": 151095000.0,
        "Normalized Income": 23002000.0,
        "Net Income From Continuing And Discontinued Operation": 23002000.0,
        "Diluted Average Shares": 41873551.0,
        "Basic Average Shares": 41805550.0,
        "Diluted EPS": 0.55,
        "Basic EPS": 0.55,
        "Diluted NI Availto Com Stockholders": 23002000.0,
        "Net Income Common Stockholders": 23002000.0,
        "Net Income": 23002000.0,
        "Minority Interests": NaN,
        "Net Income Including Noncontrolling Interests": 23002000.0,
        "Net Income Continuous Operations": 23002000.0,
        "Tax Provision": 6795000.0,
        "Pretax Income": 29797000.0,
        "Special Income Charges": 0.0,
        "Gain On Sale Of Security": 2018000.0,
        "Depreciation Amortization Depletion Income Statement": 1551000.0,
        "Depreciation And Amortization In Income Statement": 1551000.0,
        "Selling General And Administration": 43751000.0,
        "Selling And Marketing Expense": 4819000.0,
        "General And Administrative Expense": 38932000.0,
        "Insurance And Claims": 2896000.0,
        "Salaries And Wages": 36036000.0,
        "Total Revenue": 109144000.0,
        "Operating Revenue": 109144000.0,
        "Occupancy And Equipment": 5491000.0,
        "Professional Expense And Contract Services Expense": 13549000.0,
        "Other Non Interest Expense": 8945000.0
    },
    "2025-09-30": {
        "Tax Effect Of Unusual Items": 0.0,
        "Tax Rate For Calcs": 0.223695,
        "Total Unusual Items": 0.0,
        "Total Unusual Items Excluding Goodwill": 0.0,
        "Net Income From Continuing Operation Net Minority Interest": 14756000.0,
        "Reconciled Depreciation": 1487000.0,
        "Net Interest Income": 94152000.0,
        "Interest Expense": 58591000.0,
        "Interest Income": 152743000.0,
        "Normalized Income": 14756000.0,
        "Net Income From Continuing And Discontinued Operation": 14756000.0,
        "Diluted Average Shares": 41774101.0,
        "Basic Average Shares": 41590201.0,
        "Diluted EPS": 0.35,
        "Basic EPS": 0.35,
        "Diluted NI Availto Com Stockholders": 14756000.0,
        "Net Income Common Stockholders": 14756000.0,
        "Net Income": 14756000.0,
        "Minority Interests": NaN,
        "Net Income Including Noncontrolling Interests": 14756000.0,
        "Net Income Continuous Operations": 14756000.0,
        "Tax Provision": 4252000.0,
        "Pretax Income": 19008000.0,
        "Special Income Charges": 0.0,
        "Gain On Sale Of Security": 358000.0,
        "Depreciation Amortization Depletion Income Statement": 1487000.0,
        "Depreciation And Amortization In Income Statement": 1487000.0,
        "Selling General And Administration": 41630000.0,
        "Selling And Marketing Expense": 3987000.0,
        "General And Administrative Expense": 37643000.0,
        "Insurance And Claims": 2549000.0,
        "Salaries And Wages": 35094000.0,
        "Total Revenue": 108728000.0,
        "Operating Revenue": 108728000.0,
        "Occupancy And Equipment": 5211000.0,
        "Professional Expense And Contract Services Expense": 15997000.0,
        "Other Non Interest Expense": 10795000.0
    }
}