{
    "2023-03-31": {
        "Tax Effect Of Unusual Items": NaN,
        "Tax Rate For Calcs": NaN,
        "Normalized EBITDA": NaN,
        "Total Unusual Items": NaN,
        "Total Unusual Items Excluding Goodwill": NaN,
        "Net Income From Continuing Operation Net Minority Interest": NaN,
        "Reconciled Depreciation": NaN,
        "Reconciled Cost Of Revenue": NaN,
        "EBITDA": NaN,
        "EBIT": NaN,
        "Net Interest Income": NaN,
        "Interest Expense": NaN,
        "Normalized Income": NaN,
        "Net Income From Continuing And Discontinued Operation": NaN,
        "Total Expenses": NaN,
        "Total Operating Income As Reported": NaN,
        "Diluted Average Shares": NaN,
        "Basic Average Shares": NaN,
        "Diluted EPS": NaN,
        "Basic EPS": NaN,
        "Diluted NI Availto Com Stockholders": NaN,
        "Net Income Common Stockholders": NaN,
        "Net Income": NaN,
        "Net Income Including Noncontrolling Interests": NaN,
        "Net Income Continuous Operations": NaN,
        "Tax Provision": NaN,
        "Pretax Income": NaN,
        "Other Income Expense": NaN,
        "Other Non Operating Income Expenses": NaN,
        "Special Income Charges": NaN,
        "Securities Amortization": 5564000.0,
        "Net Non Operating Interest Income Expense": NaN,
        "Total Other Finance Cost": NaN,
        "Interest Expense Non Operating": NaN,
        "Operating Income": NaN,
        "Operating Expense": NaN,
        "Research And Development": 42000.0,
        "Selling General And Administration": NaN,
        "Gross Profit": NaN,
        "Cost Of Revenue": NaN,
        "Total Revenue": NaN,
        "Operating Revenue": NaN
    },
    "2022-12-31": {
        "Tax Effect Of Unusual Items": NaN,
        "Tax Rate For Calcs": NaN,
        "Normalized EBITDA": NaN,
        "Total Unusual Items": 0.0,
        "Total Unusual Items Excluding Goodwill": 0.0,
        "Net Income From Continuing Operation Net Minority Interest": NaN,
        "Reconciled Depreciation": NaN,
        "Reconciled Cost Of Revenue": NaN,
        "EBITDA": NaN,
        "EBIT": NaN,
        "Net Interest Income": NaN,
        "Interest Expense": NaN,
        "Normalized Income": NaN,
        "Net Income From Continuing And Discontinued Operation": NaN,
        "Total Expenses": NaN,
        "Total Operating Income As Reported": NaN,
        "Diluted Average Shares": NaN,
        "Basic Average Shares": NaN,
        "Diluted EPS": NaN,
        "Basic EPS": NaN,
        "Diluted NI Availto Com Stockholders": NaN,
        "Net Income Common Stockholders": NaN,
        "Net Income": NaN,
        "Net Income Including Noncontrolling Interests": NaN,
        "Net Income Continuous Operations": NaN,
        "Tax Provision": NaN,
        "Pretax Income": NaN,
        "Other Income Expense": NaN,
        "Other Non Operating Income Expenses": NaN,
        "Special Income Charges": 0.0,
        "Other Special Charges": 0.0,
        "Securities Amortization": 3968000.0,
        "Net Non Operating Interest Income Expense": NaN,
        "Total Other Finance Cost": NaN,
        "Interest Expense Non Operating": NaN,
        "Operating Income": NaN,
        "Operating Expense": NaN,
        "Research And Development": 41000.0,
        "Selling General And Administration": NaN,
        "Gross Profit": NaN,
        "Cost Of Revenue": NaN,
        "Total Revenue": NaN,
        "Operating Revenue": NaN
    },
    "2022-09-30": {
        "Tax Effect Of Unusual Items": NaN,
        "Tax Rate For Calcs": NaN,
        "Normalized EBITDA": NaN,
        "Total Unusual Items": -49386000.0,
        "Total Unusual Items Excluding Goodwill": -49386000.0,
        "Net Income From Continuing Operation Net Minority Interest": NaN,
        "Reconciled Depreciation": NaN,
        "Reconciled Cost Of Revenue": NaN,
        "EBITDA": NaN,
        "EBIT": NaN,
        "Net Interest Income": NaN,
        "Interest Expense": NaN,
        "Normalized Income": NaN,
        "Net Income From Continuing And Discontinued Operation": NaN,
        "Total Expenses": NaN,
        "Total Operating Income As Reported": NaN,
        "Diluted Average Shares": NaN,
        "Basic Average Shares": NaN,
        "Diluted EPS": NaN,
        "Basic EPS": NaN,
        "Diluted NI Availto Com Stockholders": NaN,
        "Net Income Common Stockholders": NaN,
        "Net Income": NaN,
        "Net Income Including Noncontrolling Interests": NaN,
        "Net Income Continuous Operations": NaN,
        "Tax Provision": NaN,
        "Pretax Income": NaN,
        "Other Income Expense": NaN,
        "Other Non Operating Income Expenses": NaN,
        "Special Income Charges": -49386000.0,
        "Other Special Charges": 49386000.0,
        "Securities Amortization": NaN,
        "Net Non Operating Interest Income Expense": NaN,
        "Total Other Finance Cost": NaN,
        "Interest Expense Non Operating": NaN,
        "Operating Income": NaN,
        "Operating Expense": NaN,
        "Other Operating Expenses": -428000.0,
        "Research And Development": NaN,
        "Selling General And Administration": NaN,
        "Gross Profit": NaN,
        "Cost Of Revenue": NaN,
        "Total Revenue": NaN,
        "Operating Revenue": NaN
    },
    "2022-06-30": {
        "Tax Effect Of Unusual Items": 560000.0,
        "Tax Rate For Calcs": 0.4,
        "Normalized EBITDA": 4828000.0,
        "Total Unusual Items": 1400000.0,
        "Total Unusual Items Excluding Goodwill": 1400000.0,
        "Net Income From Continuing Operation Net Minority Interest": -209000.0,
        "Reconciled Depreciation": 1336000.0,
        "Reconciled Cost Of Revenue": 66115000.0,
        "EBITDA": 6228000.0,
        "EBIT": 6228000.0,
        "Net Interest Income": -8174000.0,
        "Interest Expense": 6434000.0,
        "Normalized Income": -1049000.0,
        "Net Income From Continuing And Discontinued Operation": -209000.0,
        "Total Expenses": 73587000.0,
        "Total Operating Income As Reported": -7686000.0,
        "Diluted Average Shares": 34536000.0,
        "Basic Average Shares": 34536000.0,
        "Diluted EPS": -0.01,
        "Basic EPS": -0.01,
        "Diluted NI Availto Com Stockholders": -209000.0,
        "Net Income Common Stockholders": -209000.0,
        "Net Income": -209000.0,
        "Net Income Including Noncontrolling Interests": -209000.0,
        "Net Income Continuous Operations": -209000.0,
        "Tax Provision": 3000.0,
        "Pretax Income": -206000.0,
        "Other Income Expense": 15654000.0,
        "Other Non Operating Income Expenses": 14254000.0,
        "Special Income Charges": 1400000.0,
        "Other Special Charges": -1400000.0,
        "Net Non Operating Interest Income Expense": -8174000.0,
        "Total Other Finance Cost": 1740000.0,
        "Interest Expense Non Operating": 6434000.0,
        "Operating Income": -7686000.0,
        "Operating Expense": 7472000.0,
        "Other Operating Expenses": 360000.0,
        "Depreciation Amortization Depletion Income Statement": NaN,
        "Depreciation And Amortization In Income Statement": NaN,
        "Amortization": NaN,
        "Amortization Of Intangibles Income Statement": NaN,
        "Research And Development": 51000.0,
        "Selling General And Administration": 7061000.0,
        "Gross Profit": -214000.0,
        "Cost Of Revenue": 66115000.0,
        "Total Revenue": 65901000.0,
        "Operating Revenue": 65901000.0
    },
    "2022-03-31": {
        "Diluted EPS": -0.54,
        "Total Revenue": 52,
        "Gross Profit": -3,
        "Operating Income": -10,
        "EBIT": -7,
        "Net Income": -18
    },
    "2021-12-31": {
        "Diluted EPS": 0.04,
        "Total Revenue": 64,
        "Gross Profit": 13,
        "Operating Income": 5,
        "EBIT": 7,
        "Net Income": -1
    },
    "2021-09-30": {
        "Diluted EPS": -0.55,
        "Total Revenue": 50,
        "Gross Profit": -5,
        "Operating Income": -10,
        "EBIT": -7,
        "Net Income": -18
    },
    "2021-06-30": {
        "Diluted EPS": -0.34,
        "Total Revenue": 55,
        "Gross Profit": 4,
        "Operating Income": -2,
        "EBIT": 0,
        "Net Income": -11
    },
    "2021-03-31": {
        "Diluted EPS": -0.69,
        "Total Revenue": 43,
        "Gross Profit": -4,
        "Operating Income": -9,
        "EBIT": -6,
        "Net Income": -18
    },
    "2020-12-31": {
        "Diluted EPS": -0.67,
        "Total Revenue": 37,
        "Gross Profit": -3,
        "Operating Income": -8,
        "EBIT": -6,
        "Net Income": -15
    },
    "2020-09-30": {
        "Diluted EPS": -0.59,
        "Total Revenue": 41,
        "Gross Profit": 1,
        "Operating Income": -4,
        "EBIT": -2,
        "Net Income": -12
    },
    "2020-06-30": {
        "Diluted EPS": 0.1,
        "Total Revenue": 48,
        "Gross Profit": 14,
        "Operating Income": 10,
        "EBIT": 12,
        "Net Income": 2
    },
    "2020-03-31": {
        "Diluted EPS": -0.58,
        "Total Revenue": 39,
        "Gross Profit": 0,
        "Operating Income": -4,
        "EBIT": -2,
        "Net Income": -12
    },
    "2019-12-31": {
        "Diluted EPS": -0.33,
        "Total Revenue": 52,
        "Gross Profit": 6,
        "Operating Income": 1,
        "EBIT": 3,
        "Net Income": -7
    },
    "2019-09-30": {
        "Diluted EPS": -0.31,
        "Total Revenue": 57,
        "Gross Profit": 4,
        "Operating Income": -1,
        "EBIT": 1,
        "Net Income": -6
    },
    "2019-06-30": {
        "Diluted EPS": -0.63,
        "Total Revenue": 51,
        "Gross Profit": 3,
        "Operating Income": -1,
        "EBIT": 2,
        "Net Income": -13
    },
    "2019-03-31": {
        "Diluted EPS": -0.48,
        "Total Revenue": 42,
        "Gross Profit": 0,
        "Operating Income": -5,
        "EBIT": -2,
        "Net Income": -10
    },
    "2018-12-31": {
        "Diluted EPS": -0.56,
        "Total Revenue": 39,
        "Gross Profit": -2,
        "Operating Income": -7,
        "EBIT": -4,
        "Net Income": -11
    },
    "2018-09-30": {
        "Diluted EPS": -0.29,
        "Total Revenue": 45,
        "Gross Profit": 3,
        "Operating Income": -1,
        "EBIT": 1,
        "Net Income": -6
    },
    "2018-06-30": {
        "Diluted EPS": -0.27,
        "Total Revenue": 45,
        "Gross Profit": 3,
        "Operating Income": -1,
        "EBIT": 1,
        "Net Income": -5
    },
    "2018-03-31": {
        "Diluted EPS": -0.51,
        "Total Revenue": 43,
        "Gross Profit": 2,
        "Operating Income": -2,
        "EBIT": 4,
        "Net Income": -10
    },
    "2017-12-31": {
        "Diluted EPS": -0.42,
        "Total Revenue": 39,
        "Gross Profit": 0,
        "Operating Income": -3,
        "EBIT": -1,
        "Net Income": -8
    },
    "2017-09-30": {
        "Diluted EPS": -0.38,
        "Total Revenue": 39,
        "Gross Profit": 2,
        "Operating Income": -3,
        "EBIT": -1,
        "Net Income": -8
    },
    "2017-06-30": {
        "Diluted EPS": -0.3,
        "Total Revenue": 41,
        "Gross Profit": 2,
        "Operating Income": -2,
        "EBIT": 1,
        "Net Income": -6
    },
    "2017-03-31": {
        "Diluted EPS": -0.43,
        "Total Revenue": 32,
        "Gross Profit": -1,
        "Operating Income": -4,
        "EBIT": -1,
        "Net Income": -9
    },
    "2016-12-31": {
        "Diluted EPS": -0.07,
        "Total Revenue": 37,
        "Gross Profit": 4,
        "Operating Income": 1,
        "EBIT": 4,
        "Net Income": -1
    },
    "2016-09-30": {
        "Diluted EPS": -0.21,
        "Total Revenue": 39,
        "Gross Profit": 4,
        "Operating Income": 0,
        "EBIT": 3,
        "Net Income": -4
    },
    "2016-06-30": {
        "Diluted EPS": -0.25,
        "Total Revenue": 33,
        "Gross Profit": 2,
        "Operating Income": -1,
        "EBIT": 2,
        "Net Income": -5
    },
    "2016-03-31": {
        "Diluted EPS": -0.26,
        "Total Revenue": 33,
        "Gross Profit": 2,
        "Operating Income": -1,
        "EBIT": 2,
        "Net Income": -5
    },
    "2015-12-31": {
        "Diluted EPS": -0.34,
        "Total Revenue": 35,
        "Gross Profit": 1,
        "Operating Income": -1,
        "EBIT": 2,
        "Net Income": -6
    },
    "2015-09-30": {
        "Diluted EPS": -0.29,
        "Total Revenue": 39,
        "Gross Profit": 1,
        "Operating Income": -2,
        "EBIT": 1,
        "Net Income": -6
    },
    "2015-06-30": {
        "Diluted EPS": -0.32,
        "Total Revenue": 38,
        "Gross Profit": 2,
        "Operating Income": -1,
        "EBIT": 2,
        "Net Income": -6
    },
    "2015-03-31": {
        "Diluted EPS": -0.42,
        "Total Revenue": 35,
        "Gross Profit": 0,
        "Operating Income": -4,
        "EBIT": -1,
        "Net Income": -9
    },
    "2014-12-31": {
        "Diluted EPS": -0.15,
        "Total Revenue": 41,
        "Gross Profit": 2,
        "Operating Income": -1,
        "EBIT": 1,
        "Net Income": -4
    },
    "2014-09-30": {
        "Diluted EPS": 0.02,
        "Total Revenue": 48,
        "Gross Profit": 8,
        "Operating Income": 5,
        "EBIT": 7,
        "Net Income": 0
    },
    "2014-06-30": {
        "Diluted EPS": 0.13,
        "Total Revenue": 57,
        "Gross Profit": 11,
        "Operating Income": 8,
        "EBIT": 11,
        "Net Income": 3
    },
    "2014-03-31": {
        "Diluted EPS": 0.34,
        "Total Revenue": 61,
        "Gross Profit": 16,
        "Operating Income": 13,
        "EBIT": 16,
        "Net Income": 8
    },
    "2013-12-31": {
        "Diluted EPS": 5.06,
        "Total Revenue": 54,
        "Gross Profit": 11,
        "Operating Income": 8,
        "EBIT": 11,
        "Net Income": 3
    },
    "2013-09-30": {
        "Diluted EPS": -0.43,
        "Total Revenue": 57,
        "Gross Profit": 3,
        "Operating Income": -1,
        "EBIT": 2,
        "Net Income": -8
    },
    "2013-06-30": {
        "Diluted EPS": -0.51,
        "Total Revenue": 47,
        "Gross Profit": 4,
        "Operating Income": 0,
        "EBIT": 6,
        "Net Income": -10
    },
    "2013-03-31": {
        "Diluted EPS": -5.4,
        "Total Revenue": 19,
        "Gross Profit": 0,
        "Operating Income": -4,
        "EBIT": 0,
        "Net Income": -10
    },
    "2012-12-31": {
        "Diluted EPS": -0.18,
        "Total Revenue": 47,
        "Gross Profit": -2,
        "Operating Income": -7,
        "EBIT": -5,
        "Net Income": -7
    },
    "2012-09-30": {
        "Diluted EPS": 1.2,
        "Total Revenue": 53,
        "Gross Profit": -2,
        "Operating Income": -5,
        "EBIT": -2,
        "Net Income": 21
    },
    "2012-06-30": {
        "Diluted EPS": -0.7,
        "Total Revenue": 44,
        "Gross Profit": -2,
        "Operating Income": -5,
        "EBIT": -1,
        "Net Income": -10
    },
    "2012-03-31": {
        "Diluted EPS": -0.6,
        "Total Revenue": 44,
        "Gross Profit": -2,
        "Operating Income": -4,
        "EBIT": -3,
        "Net Income": -8
    },
    "2011-12-31": {
        "Diluted EPS": -0.1,
        "Total Revenue": 57,
        "Gross Profit": 4,
        "Operating Income": 2,
        "EBIT": 3,
        "Net Income": -2
    },
    "2011-09-30": {
        "Diluted EPS": -0.5,
        "Total Revenue": 57,
        "Gross Profit": 1,
        "Operating Income": -2,
        "EBIT": -1,
        "Net Income": -5
    },
    "2011-06-30": {
        "Diluted EPS": -0.7,
        "Total Revenue": 27,
        "Gross Profit": 0,
        "Operating Income": -2,
        "EBIT": 0,
        "Net Income": -6
    },
    "2011-03-31": {
        "Diluted EPS": -0.5,
        "Total Revenue": 1,
        "Gross Profit": 0,
        "Operating Income": -2,
        "EBIT": -1,
        "Net Income": -4
    },
    "2010-12-31": {
        "Diluted EPS": -0.3,
        "Total Revenue": 2,
        "Gross Profit": 0,
        "Operating Income": -2,
        "EBIT": -1,
        "Net Income": -3
    },
    "2010-09-30": {
        "Diluted EPS": -0.2,
        "Total Revenue": 2,
        "Gross Profit": 0,
        "Operating Income": -1,
        "EBIT": -1,
        "Net Income": -2
    },
    "2010-06-30": {
        "Diluted EPS": -0.3,
        "Total Revenue": 2,
        "Gross Profit": 0,
        "Operating Income": -1,
        "EBIT": -1,
        "Net Income": -2
    },
    "2010-03-31": {
        "Diluted EPS": -0.2,
        "Total Revenue": 2,
        "Gross Profit": 0,
        "Operating Income": -1,
        "EBIT": -1,
        "Net Income": -2
    },
    "2009-12-31": {
        "Diluted EPS": -0.3,
        "Total Revenue": 2,
        "Gross Profit": 0,
        "Operating Income": -2,
        "EBIT": -2,
        "Net Income": -2
    },
    "2009-09-30": {
        "Diluted EPS": -0.4,
        "Total Revenue": 4,
        "Gross Profit": 0,
        "Operating Income": -3,
        "EBIT": -3,
        "Net Income": -4
    },
    "2009-06-30": {
        "Diluted EPS": -0.3,
        "Total Revenue": 1,
        "Gross Profit": 0,
        "Operating Income": -2,
        "EBIT": -2,
        "Net Income": -2
    },
    "2009-03-31": {
        "Diluted EPS": -0.3,
        "Total Revenue": 3,
        "Gross Profit": 0,
        "Operating Income": -2,
        "EBIT": -1,
        "Net Income": -2
    },
    "2023-06-30": {
        "Tax Effect Of Unusual Items": NaN,
        "Tax Rate For Calcs": NaN,
        "Normalized EBITDA": NaN,
        "Total Unusual Items": 0.0,
        "Total Unusual Items Excluding Goodwill": 0.0,
        "Net Income From Continuing Operation Net Minority Interest": NaN,
        "Reconciled Depreciation": NaN,
        "Reconciled Cost Of Revenue": NaN,
        "EBITDA": NaN,
        "EBIT": NaN,
        "Net Interest Income": NaN,
        "Interest Expense": NaN,
        "Normalized Income": NaN,
        "Net Income From Continuing And Discontinued Operation": NaN,
        "Total Expenses": NaN,
        "Total Operating Income As Reported": NaN,
        "Diluted Average Shares": NaN,
        "Basic Average Shares": NaN,
        "Diluted EPS": NaN,
        "Basic EPS": NaN,
        "Diluted NI Availto Com Stockholders": NaN,
        "Net Income Common Stockholders": NaN,
        "Net Income": NaN,
        "Net Income Including Noncontrolling Interests": NaN,
        "Net Income Continuous Operations": NaN,
        "Tax Provision": NaN,
        "Pretax Income": NaN,
        "Other Income Expense": NaN,
        "Other Non Operating Income Expenses": NaN,
        "Special Income Charges": 0.0,
        "Securities Amortization": 6885000.0,
        "Net Non Operating Interest Income Expense": NaN,
        "Total Other Finance Cost": NaN,
        "Interest Expense Non Operating": NaN,
        "Operating Income": NaN,
        "Operating Expense": NaN,
        "Research And Development": 37000.0,
        "Selling General And Administration": NaN,
        "Gross Profit": NaN,
        "Cost Of Revenue": NaN,
        "Total Revenue": NaN,
        "Operating Revenue": NaN
    },
    "2023-09-30": {
        "Tax Effect Of Unusual Items": NaN,
        "Tax Rate For Calcs": NaN,
        "Normalized EBITDA": NaN,
        "Total Unusual Items": 0.0,
        "Total Unusual Items Excluding Goodwill": 0.0,
        "Net Income From Continuing Operation Net Minority Interest": NaN,
        "Reconciled Depreciation": NaN,
        "Reconciled Cost Of Revenue": NaN,
        "EBITDA": NaN,
        "EBIT": NaN,
        "Net Interest Income": NaN,
        "Interest Expense": NaN,
        "Normalized Income": NaN,
        "Net Income From Continuing And Discontinued Operation": NaN,
        "Total Expenses": NaN,
        "Total Operating Income As Reported": NaN,
        "Diluted Average Shares": NaN,
        "Basic Average Shares": NaN,
        "Diluted EPS": NaN,
        "Basic EPS": NaN,
        "Diluted NI Availto Com Stockholders": NaN,
        "Net Income Common Stockholders": NaN,
        "Net Income": NaN,
        "Net Income Including Noncontrolling Interests": NaN,
        "Net Income Continuous Operations": NaN,
        "Tax Provision": NaN,
        "Pretax Income": NaN,
        "Other Income Expense": NaN,
        "Other Non Operating Income Expenses": NaN,
        "Special Income Charges": 0.0,
        "Securities Amortization": NaN,
        "Net Non Operating Interest Income Expense": NaN,
        "Total Other Finance Cost": NaN,
        "Interest Expense Non Operating": NaN,
        "Operating Income": NaN,
        "Operating Expense": NaN,
        "Research And Development": 36000.0,
        "Selling General And Administration": NaN,
        "Gross Profit": NaN,
        "Cost Of Revenue": NaN,
        "Total Revenue": NaN,
        "Operating Revenue": NaN
    },
    "2023-12-31": {
        "Tax Effect Of Unusual Items": NaN,
        "Tax Rate For Calcs": NaN,
        "Normalized EBITDA": NaN,
        "Total Unusual Items": 0.0,
        "Total Unusual Items Excluding Goodwill": 0.0,
        "Net Income From Continuing Operation Net Minority Interest": NaN,
        "Reconciled Depreciation": NaN,
        "Reconciled Cost Of Revenue": NaN,
        "EBITDA": NaN,
        "EBIT": NaN,
        "Net Interest Income": NaN,
        "Interest Expense": NaN,
        "Normalized Income": NaN,
        "Net Income From Continuing And Discontinued Operation": NaN,
        "Total Expenses": NaN,
        "Total Operating Income As Reported": NaN,
        "Diluted Average Shares": NaN,
        "Basic Average Shares": NaN,
        "Diluted EPS": NaN,
        "Basic EPS": NaN,
        "Diluted NI Availto Com Stockholders": NaN,
        "Net Income Common Stockholders": NaN,
        "Net Income": NaN,
        "Net Income Including Noncontrolling Interests": NaN,
        "Net Income Continuous Operations": NaN,
        "Tax Provision": NaN,
        "Pretax Income": NaN,
        "Other Income Expense": NaN,
        "Other Non Operating Income Expenses": NaN,
        "Special Income Charges": 0.0,
        "Securities Amortization": NaN,
        "Net Non Operating Interest Income Expense": NaN,
        "Total Other Finance Cost": NaN,
        "Interest Expense Non Operating": NaN,
        "Operating Income": NaN,
        "Operating Expense": NaN,
        "Research And Development": 37000.0,
        "Selling General And Administration": NaN,
        "Gross Profit": NaN,
        "Cost Of Revenue": NaN,
        "Total Revenue": NaN,
        "Operating Revenue": NaN
    },
    "2024-03-31": {
        "Tax Effect Of Unusual Items": 0.0,
        "Tax Rate For Calcs": 0.21,
        "Normalized EBITDA": -12451000.0,
        "Total Unusual Items": NaN,
        "Total Unusual Items Excluding Goodwill": NaN,
        "Net Income From Continuing Operation Net Minority Interest": -24231000.0,
        "Reconciled Depreciation": 1810000.0,
        "Reconciled Cost Of Revenue": 73246000.0,
        "EBITDA": -12451000.0,
        "EBIT": -14261000.0,
        "Net Interest Income": -10513000.0,
        "Interest Expense": 9092000.0,
        "Normalized Income": -24231000.0,
        "Net Income From Continuing And Discontinued Operation": -24231000.0,
        "Total Expenses": 82096000.0,
        "Total Operating Income As Reported": -9462000.0,
        "Diluted Average Shares": 41889000.0,
        "Basic Average Shares": 41889000.0,
        "Diluted EPS": -0.58,
        "Basic EPS": -0.58,
        "Diluted NI Availto Com Stockholders": -24231000.0,
        "Net Income Common Stockholders": -24231000.0,
        "Net Income": -24231000.0,
        "Net Income Including Noncontrolling Interests": -24231000.0,
        "Net Income Continuous Operations": -24231000.0,
        "Tax Provision": 878000.0,
        "Pretax Income": -23353000.0,
        "Other Income Expense": -3378000.0,
        "Other Non Operating Income Expenses": -67000.0,
        "Special Income Charges": NaN,
        "Securities Amortization": 3311000.0,
        "Net Non Operating Interest Income Expense": -10513000.0,
        "Total Other Finance Cost": 1421000.0,
        "Interest Expense Non Operating": 9092000.0,
        "Operating Income": -9462000.0,
        "Operating Expense": 8850000.0,
        "Research And Development": NaN,
        "Selling General And Administration": 8850000.0,
        "Gross Profit": -612000.0,
        "Cost Of Revenue": 73246000.0,
        "Total Revenue": 72634000.0,
        "Operating Revenue": 72634000.0
    },
    "2024-06-30": {
        "Tax Effect Of Unusual Items": 0.0,
        "Tax Rate For Calcs": 0.21,
        "Normalized EBITDA": -16824000.0,
        "Net Income From Continuing Operation Net Minority Interest": -29174000.0,
        "Reconciled Depreciation": 2061000.0,
        "Reconciled Cost Of Revenue": 68367000.0,
        "EBITDA": -16824000.0,
        "EBIT": -18885000.0,
        "Net Interest Income": -11724000.0,
        "Interest Expense": 9904000.0,
        "Normalized Income": -29174000.0,
        "Net Income From Continuing And Discontinued Operation": -29174000.0,
        "Total Expenses": 80167000.0,
        "Total Operating Income As Reported": -13606000.0,
        "Diluted Average Shares": 44417000.0,
        "Basic Average Shares": 44417000.0,
        "Diluted EPS": -0.66,
        "Basic EPS": -0.66,
        "Diluted NI Availto Com Stockholders": -29174000.0,
        "Net Income Common Stockholders": -29174000.0,
        "Net Income": -29174000.0,
        "Net Income Including Noncontrolling Interests": -29174000.0,
        "Net Income Continuous Operations": -29174000.0,
        "Tax Provision": 385000.0,
        "Pretax Income": -28789000.0,
        "Other Income Expense": -3459000.0,
        "Other Non Operating Income Expenses": 18000.0,
        "Securities Amortization": 3477000.0,
        "Net Non Operating Interest Income Expense": -11724000.0,
        "Total Other Finance Cost": 1820000.0,
        "Interest Expense Non Operating": 9904000.0,
        "Operating Income": -13606000.0,
        "Operating Expense": 11800000.0,
        "Selling General And Administration": 11800000.0,
        "Gross Profit": -1806000.0,
        "Cost Of Revenue": 68367000.0,
        "Total Revenue": 66561000.0,
        "Operating Revenue": 66561000.0
    },
    "2024-09-30": {
        "Tax Effect Of Unusual Items": 0.0,
        "Tax Rate For Calcs": 0.21,
        "Normalized EBITDA": -5279000.0,
        "Net Income From Continuing Operation Net Minority Interest": -17935000.0,
        "Reconciled Depreciation": 2286000.0,
        "Reconciled Cost Of Revenue": 77563000.0,
        "EBITDA": -5279000.0,
        "EBIT": -7565000.0,
        "Net Interest Income": -11747000.0,
        "Interest Expense": 10096000.0,
        "Normalized Income": -17935000.0,
        "Net Income From Continuing And Discontinued Operation": -17935000.0,
        "Total Expenses": 85313000.0,
        "Total Operating Income As Reported": -3872000.0,
        "Diluted Average Shares": 47216000.0,
        "Basic Average Shares": 47216000.0,
        "Diluted EPS": -0.38,
        "Basic EPS": -0.38,
        "Diluted NI Availto Com Stockholders": -17935000.0,
        "Net Income Common Stockholders": -17935000.0,
        "Net Income": -17935000.0,
        "Net Income Including Noncontrolling Interests": -17935000.0,
        "Net Income Continuous Operations": -17935000.0,
        "Tax Provision": 274000.0,
        "Pretax Income": -17661000.0,
        "Other Income Expense": -2042000.0,
        "Other Non Operating Income Expenses": 1225000.0,
        "Securities Amortization": 3267000.0,
        "Net Non Operating Interest Income Expense": -11747000.0,
        "Total Other Finance Cost": 1651000.0,
        "Interest Expense Non Operating": 10096000.0,
        "Operating Income": -3872000.0,
        "Operating Expense": 7750000.0,
        "Selling General And Administration": 7750000.0,
        "Gross Profit": 3878000.0,
        "Cost Of Revenue": 77563000.0,
        "Total Revenue": 81441000.0,
        "Operating Revenue": 81441000.0
    },
    "2024-12-31": {
        "Tax Effect Of Unusual Items": 0.0,
        "Tax Rate For Calcs": 0.21,
        "Normalized EBITDA": -15270000.0,
        "Net Income From Continuing Operation Net Minority Interest": -16197000.0,
        "Reconciled Depreciation": 2230000.0,
        "Reconciled Cost Of Revenue": 49044000.0,
        "EBITDA": -15270000.0,
        "EBIT": -17500000.0,
        "Net Interest Income": -12637000.0,
        "Interest Expense": 11066000.0,
        "Normalized Income": -16197000.0,
        "Net Income From Continuing And Discontinued Operation": -16197000.0,
        "Total Expenses": 60480000.0,
        "Total Operating Income As Reported": -13476000.0,
        "Diluted Average Shares": 45612000.0,
        "Basic Average Shares": 45612000.0,
        "Diluted EPS": -0.36,
        "Basic EPS": -0.36,
        "Diluted NI Availto Com Stockholders": -16197000.0,
        "Net Income Common Stockholders": -16197000.0,
        "Net Income": -16197000.0,
        "Net Income Including Noncontrolling Interests": -16197000.0,
        "Net Income Continuous Operations": -16197000.0,
        "Tax Provision": -12369000.0,
        "Pretax Income": -28566000.0,
        "Other Income Expense": -2453000.0,
        "Other Non Operating Income Expenses": 190000.0,
        "Securities Amortization": 2643000.0,
        "Net Non Operating Interest Income Expense": -12637000.0,
        "Total Other Finance Cost": 1571000.0,
        "Interest Expense Non Operating": 11066000.0,
        "Operating Income": -13476000.0,
        "Operating Expense": 11436000.0,
        "Selling General And Administration": 11436000.0,
        "Gross Profit": -2040000.0,
        "Cost Of Revenue": 49044000.0,
        "Total Revenue": 47004000.0,
        "Operating Revenue": 47004000.0
    },
    "2025-03-31": {
        "Tax Effect Of Unusual Items": 0.0,
        "Tax Rate For Calcs": 0.216626,
        "Normalized EBITDA": -17925000.0,
        "Net Income From Continuing Operation Net Minority Interest": -24529000.0,
        "Reconciled Depreciation": 2369000.0,
        "Reconciled Cost Of Revenue": 47966000.0,
        "EBITDA": -17925000.0,
        "EBIT": -20294000.0,
        "Net Interest Income": -13693000.0,
        "Interest Expense": 11018000.0,
        "Normalized Income": -24529000.0,
        "Net Income From Continuing And Discontinued Operation": -24529000.0,
        "Total Expenses": 58441000.0,
        "Total Operating Income As Reported": -15555000.0,
        "Diluted Average Shares": 52584000.0,
        "Basic Average Shares": 52584000.0,
        "Diluted EPS": -0.47,
        "Basic EPS": -0.47,
        "Diluted NI Availto Com Stockholders": -24529000.0,
        "Net Income Common Stockholders": -24529000.0,
        "Net Income": -24529000.0,
        "Net Income Including Noncontrolling Interests": -24529000.0,
        "Net Income Continuous Operations": -24529000.0,
        "Tax Provision": -6783000.0,
        "Pretax Income": -31312000.0,
        "Other Income Expense": -2064000.0,
        "Other Non Operating Income Expenses": 215000.0,
        "Securities Amortization": 2279000.0,
        "Net Non Operating Interest Income Expense": -13693000.0,
        "Total Other Finance Cost": 2675000.0,
        "Interest Expense Non Operating": 11018000.0,
        "Operating Income": -15555000.0,
        "Operating Expense": 10475000.0,
        "Selling General And Administration": 10475000.0,
        "Gross Profit": -5080000.0,
        "Cost Of Revenue": 47966000.0,
        "Total Revenue": 42886000.0,
        "Operating Revenue": 42886000.0
    },
    "2025-06-30": {
        "Tax Effect Of Unusual Items": 0.0,
        "Tax Rate For Calcs": 0.022112,
        "Normalized EBITDA": -10327000.0,
        "Net Income From Continuing Operation Net Minority Interest": -23395000.0,
        "Reconciled Depreciation": 2362000.0,
        "Reconciled Cost Of Revenue": 55598000.0,
        "EBITDA": -10327000.0,
        "EBIT": -12689000.0,
        "Net Interest Income": -12330000.0,
        "Interest Expense": 11235000.0,
        "Normalized Income": -23395000.0,
        "Net Income From Continuing And Discontinued Operation": -23395000.0,
        "Total Expenses": 62917000.0,
        "Total Operating Income As Reported": -10674000.0,
        "Diluted Average Shares": 57676000.0,
        "Basic Average Shares": 57676000.0,
        "Diluted EPS": -0.41,
        "Basic EPS": -0.41,
        "Diluted NI Availto Com Stockholders": -23395000.0,
        "Net Income Common Stockholders": -23395000.0,
        "Net Income": -23395000.0,
        "Net Income Including Noncontrolling Interests": -23395000.0,
        "Net Income Continuous Operations": -23395000.0,
        "Tax Provision": -529000.0,
        "Pretax Income": -23924000.0,
        "Other Income Expense": -920000.0,
        "Other Non Operating Income Expenses": 1112000.0,
        "Securities Amortization": 2032000.0,
        "Net Non Operating Interest Income Expense": -12330000.0,
        "Total Other Finance Cost": 1095000.0,
        "Interest Expense Non Operating": 11235000.0,
        "Operating Income": -10674000.0,
        "Operating Expense": 7319000.0,
        "Selling General And Administration": 7319000.0,
        "Gross Profit": -3355000.0,
        "Cost Of Revenue": 55598000.0,
        "Total Revenue": 52243000.0,
        "Operating Revenue": 52243000.0
    },
    "2025-09-30": {
        "Tax Effect Of Unusual Items": 0.0,
        "Tax Rate For Calcs": 0.21,
        "Normalized EBITDA": -9515000.0,
        "Net Income From Continuing Operation Net Minority Interest": -23747000.0,
        "Reconciled Depreciation": 2337000.0,
        "Reconciled Cost Of Revenue": 59248000.0,
        "EBITDA": -9515000.0,
        "EBIT": -11852000.0,
        "Net Interest Income": -12950000.0,
        "Interest Expense": 11889000.0,
        "Normalized Income": -23747000.0,
        "Net Income From Continuing And Discontinued Operation": -23747000.0,
        "Total Expenses": 67698000.0,
        "Total Operating Income As Reported": -8508000.0,
        "Diluted Average Shares": 63699000.0,
        "Basic Average Shares": 63699000.0,
        "Diluted EPS": -0.37,
        "Basic EPS": -0.37,
        "Diluted NI Availto Com Stockholders": -23747000.0,
        "Net Income Common Stockholders": -23747000.0,
        "Net Income": -23747000.0,
        "Net Income Including Noncontrolling Interests": -23747000.0,
        "Net Income Continuous Operations": -23747000.0,
        "Tax Provision": 6000.0,
        "Pretax Income": -23741000.0,
        "Other Income Expense": -2283000.0,
        "Other Non Operating Income Expenses": -249000.0,
        "Securities Amortization": 2034000.0,
        "Net Non Operating Interest Income Expense": -12950000.0,
        "Total Other Finance Cost": 1061000.0,
        "Interest Expense Non Operating": 11889000.0,
        "Operating Income": -8508000.0,
        "Operating Expense": 8450000.0,
        "Selling General And Administration": 8450000.0,
        "Gross Profit": -58000.0,
        "Cost Of Revenue": 59248000.0,
        "Total Revenue": 59190000.0,
        "Operating Revenue": 59190000.0
    }
}