{
    "2023-04-30": {
        "Tax Effect Of Unusual Items": NaN,
        "Tax Rate For Calcs": NaN,
        "Normalized EBITDA": NaN,
        "Total Unusual Items": NaN,
        "Total Unusual Items Excluding Goodwill": NaN,
        "Net Income From Continuing Operation Net Minority Interest": NaN,
        "Reconciled Depreciation": NaN,
        "Reconciled Cost Of Revenue": NaN,
        "EBITDA": NaN,
        "EBIT": NaN,
        "Net Interest Income": NaN,
        "Interest Expense": NaN,
        "Normalized Income": NaN,
        "Net Income From Continuing And Discontinued Operation": NaN,
        "Total Expenses": NaN,
        "Total Operating Income As Reported": NaN,
        "Diluted Average Shares": NaN,
        "Basic Average Shares": NaN,
        "Diluted EPS": NaN,
        "Basic EPS": NaN,
        "Diluted NI Availto Com Stockholders": NaN,
        "Net Income Common Stockholders": NaN,
        "Net Income": NaN,
        "Net Income Including Noncontrolling Interests": NaN,
        "Net Income Continuous Operations": NaN,
        "Tax Provision": NaN,
        "Pretax Income": NaN,
        "Other Income Expense": NaN,
        "Other Non Operating Income Expenses": NaN,
        "Special Income Charges": NaN,
        "Other Special Charges": -2144000.0,
        "Restructuring And Mergern Acquisition": NaN,
        "Net Non Operating Interest Income Expense": NaN,
        "Interest Expense Non Operating": NaN,
        "Operating Income": NaN,
        "Operating Expense": NaN,
        "Selling General And Administration": NaN,
        "Selling And Marketing Expense": NaN,
        "General And Administrative Expense": NaN,
        "Other Gand A": NaN,
        "Salaries And Wages": -55000.0,
        "Gross Profit": NaN,
        "Cost Of Revenue": NaN,
        "Total Revenue": NaN,
        "Operating Revenue": NaN
    },
    "2023-01-31": {
        "Tax Effect Of Unusual Items": NaN,
        "Tax Rate For Calcs": NaN,
        "Normalized EBITDA": NaN,
        "Total Unusual Items": NaN,
        "Total Unusual Items Excluding Goodwill": NaN,
        "Net Income From Continuing Operation Net Minority Interest": NaN,
        "Reconciled Depreciation": NaN,
        "Reconciled Cost Of Revenue": NaN,
        "EBITDA": NaN,
        "EBIT": NaN,
        "Net Interest Income": NaN,
        "Interest Expense": NaN,
        "Normalized Income": NaN,
        "Net Income From Continuing And Discontinued Operation": NaN,
        "Total Expenses": NaN,
        "Total Operating Income As Reported": NaN,
        "Diluted Average Shares": NaN,
        "Basic Average Shares": NaN,
        "Diluted EPS": NaN,
        "Basic EPS": NaN,
        "Diluted NI Availto Com Stockholders": NaN,
        "Net Income Common Stockholders": NaN,
        "Net Income": NaN,
        "Net Income Including Noncontrolling Interests": NaN,
        "Net Income Continuous Operations": NaN,
        "Tax Provision": NaN,
        "Pretax Income": NaN,
        "Other Income Expense": NaN,
        "Other Non Operating Income Expenses": NaN,
        "Special Income Charges": NaN,
        "Other Special Charges": 293000.0,
        "Restructuring And Mergern Acquisition": NaN,
        "Net Non Operating Interest Income Expense": NaN,
        "Interest Expense Non Operating": NaN,
        "Operating Income": NaN,
        "Operating Expense": NaN,
        "Selling General And Administration": NaN,
        "Selling And Marketing Expense": NaN,
        "General And Administrative Expense": NaN,
        "Other Gand A": NaN,
        "Salaries And Wages": NaN,
        "Gross Profit": NaN,
        "Cost Of Revenue": NaN,
        "Total Revenue": NaN,
        "Operating Revenue": NaN
    },
    "2022-10-31": {
        "Tax Effect Of Unusual Items": NaN,
        "Tax Rate For Calcs": NaN,
        "Normalized EBITDA": NaN,
        "Total Unusual Items": NaN,
        "Total Unusual Items Excluding Goodwill": NaN,
        "Net Income From Continuing Operation Net Minority Interest": NaN,
        "Reconciled Depreciation": NaN,
        "Reconciled Cost Of Revenue": NaN,
        "EBITDA": NaN,
        "EBIT": NaN,
        "Net Interest Income": NaN,
        "Interest Expense": NaN,
        "Normalized Income": NaN,
        "Net Income From Continuing And Discontinued Operation": NaN,
        "Total Expenses": NaN,
        "Total Operating Income As Reported": NaN,
        "Diluted Average Shares": NaN,
        "Basic Average Shares": NaN,
        "Diluted EPS": NaN,
        "Basic EPS": NaN,
        "Diluted NI Availto Com Stockholders": NaN,
        "Net Income Common Stockholders": NaN,
        "Net Income": NaN,
        "Net Income Including Noncontrolling Interests": NaN,
        "Net Income Continuous Operations": NaN,
        "Tax Provision": NaN,
        "Pretax Income": NaN,
        "Other Income Expense": NaN,
        "Other Non Operating Income Expenses": NaN,
        "Special Income Charges": NaN,
        "Other Special Charges": -6000.0,
        "Restructuring And Mergern Acquisition": NaN,
        "Net Non Operating Interest Income Expense": NaN,
        "Interest Expense Non Operating": NaN,
        "Operating Income": NaN,
        "Operating Expense": NaN,
        "Selling General And Administration": NaN,
        "Selling And Marketing Expense": NaN,
        "General And Administrative Expense": NaN,
        "Other Gand A": NaN,
        "Salaries And Wages": NaN,
        "Gross Profit": NaN,
        "Cost Of Revenue": NaN,
        "Total Revenue": NaN,
        "Operating Revenue": NaN
    },
    "2022-07-31": {
        "Tax Effect Of Unusual Items": 59750.0,
        "Tax Rate For Calcs": 0.25,
        "Normalized EBITDA": 54422000.0,
        "Total Unusual Items": 239000.0,
        "Total Unusual Items Excluding Goodwill": 239000.0,
        "Net Income From Continuing Operation Net Minority Interest": 20070000.0,
        "Reconciled Depreciation": 23847000.0,
        "Reconciled Cost Of Revenue": 456146000.0,
        "EBITDA": 54661000.0,
        "EBIT": 30814000.0,
        "Net Interest Income": -4053000.0,
        "Interest Expense": 4053000.0,
        "Normalized Income": 19890750.0,
        "Net Income From Continuing And Discontinued Operation": 20070000.0,
        "Total Expenses": 512092000.0,
        "Total Operating Income As Reported": 30801000.0,
        "Diluted Average Shares": 16619916.0,
        "Basic Average Shares": 16583595.0,
        "Diluted EPS": 1.21,
        "Basic EPS": 1.21,
        "Diluted NI Availto Com Stockholders": 20070000.0,
        "Net Income Common Stockholders": 20070000.0,
        "Net Income": 20070000.0,
        "Net Income Including Noncontrolling Interests": 20070000.0,
        "Net Income Continuous Operations": 20070000.0,
        "Tax Provision": 6691000.0,
        "Pretax Income": 26761000.0,
        "Other Income Expense": 13000.0,
        "Other Non Operating Income Expenses": -226000.0,
        "Special Income Charges": 239000.0,
        "Other Special Charges": -239000.0,
        "Restructuring And Mergern Acquisition": 0.0,
        "Net Non Operating Interest Income Expense": -4053000.0,
        "Interest Expense Non Operating": 4053000.0,
        "Operating Income": 30801000.0,
        "Operating Expense": 55946000.0,
        "Selling General And Administration": 55946000.0,
        "Selling And Marketing Expense": 25766000.0,
        "General And Administrative Expense": 30180000.0,
        "Other Gand A": 30180000.0,
        "Gross Profit": 86747000.0,
        "Cost Of Revenue": 456146000.0,
        "Total Revenue": 542893000.0,
        "Operating Revenue": 542893000.0
    },
    "2022-04-30": {
        "Diluted EPS": 0.88,
        "Total Revenue": 502,
        "Gross Profit": 70,
        "Operating Income": 19,
        "EBIT": 43,
        "Net Income": 15
    },
    "2022-01-31": {
        "Diluted EPS": -2.97,
        "Total Revenue": 460,
        "Gross Profit": 52,
        "Operating Income": 5,
        "EBIT": 29,
        "Net Income": -49
    },
    "2021-10-31": {
        "Diluted EPS": 0.12,
        "Total Revenue": 453,
        "Gross Profit": 52,
        "Operating Income": 6,
        "EBIT": 30,
        "Net Income": 2
    },
    "2021-07-31": {
        "Diluted EPS": 0.18,
        "Total Revenue": 443,
        "Gross Profit": 53,
        "Operating Income": 6,
        "EBIT": 31,
        "Net Income": 3
    },
    "2021-04-30": {
        "Diluted EPS": 0.21,
        "Total Revenue": 473,
        "Gross Profit": 74,
        "Operating Income": 22,
        "EBIT": 47,
        "Net Income": 4
    },
    "2021-01-31": {
        "Diluted EPS": 1.08,
        "Total Revenue": 432,
        "Gross Profit": 77,
        "Operating Income": 30,
        "EBIT": 56,
        "Net Income": 18
    },
    "2020-10-31": {
        "Diluted EPS": 1.36,
        "Total Revenue": 449,
        "Gross Profit": 91,
        "Operating Income": 36,
        "EBIT": 62,
        "Net Income": 23
    },
    "2020-07-31": {
        "Diluted EPS": 0.94,
        "Total Revenue": 390,
        "Gross Profit": 80,
        "Operating Income": 26,
        "EBIT": 53,
        "Net Income": 16
    },
    "2020-04-30": {
        "Diluted EPS": 0.69,
        "Total Revenue": 399,
        "Gross Profit": 73,
        "Operating Income": 25,
        "EBIT": 51,
        "Net Income": 12
    },
    "2020-01-31": {
        "Diluted EPS": 0.75,
        "Total Revenue": 396,
        "Gross Profit": 72,
        "Operating Income": 24,
        "EBIT": 50,
        "Net Income": 13
    },
    "2019-10-31": {
        "Diluted EPS": 1.31,
        "Total Revenue": 428,
        "Gross Profit": 87,
        "Operating Income": 37,
        "EBIT": 62,
        "Net Income": 22
    },
    "2019-07-31": {
        "Diluted EPS": 1.59,
        "Total Revenue": 427,
        "Gross Profit": 95,
        "Operating Income": 44,
        "EBIT": 69,
        "Net Income": 27
    },
    "2019-04-30": {
        "Diluted EPS": 1.3,
        "Total Revenue": 407,
        "Gross Profit": 87,
        "Operating Income": 39,
        "EBIT": 63,
        "Net Income": 22
    },
    "2019-01-31": {
        "Diluted EPS": 1.07,
        "Total Revenue": 384,
        "Gross Profit": 77,
        "Operating Income": 27,
        "EBIT": 51,
        "Net Income": 18
    },
    "2018-10-31": {
        "Diluted EPS": 1.05,
        "Total Revenue": 425,
        "Gross Profit": 87,
        "Operating Income": 35,
        "EBIT": 60,
        "Net Income": 18
    },
    "2018-07-31": {
        "Diluted EPS": 1.41,
        "Total Revenue": 429,
        "Gross Profit": 96,
        "Operating Income": 41,
        "EBIT": 64,
        "Net Income": 25
    },
    "2018-04-30": {
        "Diluted EPS": 1.08,
        "Total Revenue": 406,
        "Gross Profit": 89,
        "Operating Income": 39,
        "EBIT": 62,
        "Net Income": 19
    },
    "2018-01-31": {
        "Diluted EPS": 0.12,
        "Total Revenue": 293,
        "Gross Profit": 50,
        "Operating Income": 8,
        "EBIT": 18,
        "Net Income": 2
    },
    "2017-10-31": {
        "Diluted EPS": 1.21,
        "Total Revenue": 275,
        "Gross Profit": 57,
        "Operating Income": 31,
        "EBIT": 36,
        "Net Income": 20
    },
    "2017-07-31": {
        "Diluted EPS": 1.36,
        "Total Revenue": 277,
        "Gross Profit": 58,
        "Operating Income": 31,
        "EBIT": 36,
        "Net Income": 22
    },
    "2017-04-30": {
        "Diluted EPS": 1.06,
        "Total Revenue": 259,
        "Gross Profit": 58,
        "Operating Income": 26,
        "EBIT": 31,
        "Net Income": 17
    },
    "2017-01-31": {
        "Diluted EPS": 0.89,
        "Total Revenue": 249,
        "Gross Profit": 52,
        "Operating Income": 22,
        "EBIT": 26,
        "Net Income": 15
    },
    "2016-10-31": {
        "Diluted EPS": 1.07,
        "Total Revenue": 264,
        "Gross Profit": 56,
        "Operating Income": 28,
        "EBIT": 33,
        "Net Income": 18
    },
    "2016-07-31": {
        "Diluted EPS": 1.32,
        "Total Revenue": 258,
        "Gross Profit": 59,
        "Operating Income": 32,
        "EBIT": 36,
        "Net Income": 22
    },
    "2016-04-30": {
        "Diluted EPS": 0.82,
        "Total Revenue": 241,
        "Gross Profit": 49,
        "Operating Income": 22,
        "EBIT": 27,
        "Net Income": 13
    },
    "2016-01-31": {
        "Diluted EPS": 0.73,
        "Total Revenue": 219,
        "Gross Profit": 45,
        "Operating Income": 19,
        "EBIT": 23,
        "Net Income": 12
    },
    "2015-10-31": {
        "Diluted EPS": 1.1,
        "Total Revenue": 256,
        "Gross Profit": 56,
        "Operating Income": 29,
        "EBIT": 32,
        "Net Income": 18
    },
    "2015-07-31": {
        "Diluted EPS": 0.92,
        "Total Revenue": 231,
        "Gross Profit": 50,
        "Operating Income": 24,
        "EBIT": 27,
        "Net Income": 15
    },
    "2015-04-30": {
        "Diluted EPS": 0.69,
        "Total Revenue": 207,
        "Gross Profit": 43,
        "Operating Income": 18,
        "EBIT": 22,
        "Net Income": 11
    },
    "2015-01-31": {
        "Diluted EPS": 0.45,
        "Total Revenue": 189,
        "Gross Profit": 35,
        "Operating Income": 11,
        "EBIT": 15,
        "Net Income": 7
    },
    "2014-10-31": {
        "Diluted EPS": 0.48,
        "Total Revenue": 218,
        "Gross Profit": 37,
        "Operating Income": 12,
        "EBIT": 16,
        "Net Income": 8
    },
    "2014-07-31": {
        "Diluted EPS": 0.59,
        "Total Revenue": 212,
        "Gross Profit": 37,
        "Operating Income": 13,
        "EBIT": 17,
        "Net Income": 9
    },
    "2014-04-30": {
        "Diluted EPS": 0.36,
        "Total Revenue": 189,
        "Gross Profit": 32,
        "Operating Income": 9,
        "EBIT": 13,
        "Net Income": 6
    },
    "2014-01-31": {
        "Diluted EPS": 0.18,
        "Total Revenue": 169,
        "Gross Profit": 26,
        "Operating Income": 5,
        "EBIT": 9,
        "Net Income": 3
    },
    "2013-10-31": {
        "Diluted EPS": 0.34,
        "Total Revenue": 191,
        "Gross Profit": 32,
        "Operating Income": 9,
        "EBIT": 12,
        "Net Income": 5
    },
    "2013-07-31": {
        "Diluted EPS": 0.43,
        "Total Revenue": 178,
        "Gross Profit": 34,
        "Operating Income": 11,
        "EBIT": 14,
        "Net Income": 7
    },
    "2013-04-30": {
        "Diluted EPS": 0.35,
        "Total Revenue": 171,
        "Gross Profit": 32,
        "Operating Income": 9,
        "EBIT": 12,
        "Net Income": 5
    },
    "2013-01-31": {
        "Diluted EPS": 0.14,
        "Total Revenue": 151,
        "Gross Profit": 24,
        "Operating Income": 4,
        "EBIT": 7,
        "Net Income": 2
    },
    "2012-10-31": {
        "Diluted EPS": 0.13,
        "Total Revenue": 160,
        "Gross Profit": 25,
        "Operating Income": 4,
        "EBIT": 7,
        "Net Income": 2
    },
    "2012-07-31": {
        "Diluted EPS": 0.04,
        "Total Revenue": 148,
        "Gross Profit": 22,
        "Operating Income": 1,
        "EBIT": 5,
        "Net Income": 1
    },
    "2012-04-30": {
        "Diluted EPS": -0.42,
        "Total Revenue": 136,
        "Gross Profit": 17,
        "Operating Income": -9,
        "EBIT": -3,
        "Net Income": -6
    },
    "2012-01-31": {
        "Diluted EPS": -0.63,
        "Total Revenue": 120,
        "Gross Profit": 15,
        "Operating Income": -16,
        "EBIT": -10,
        "Net Income": -9
    },
    "2011-10-31": {
        "Diluted EPS": -0.21,
        "Total Revenue": 128,
        "Gross Profit": 16,
        "Operating Income": -5,
        "EBIT": 1,
        "Net Income": -3
    },
    "2011-07-31": {
        "Diluted EPS": -0.19,
        "Total Revenue": 131,
        "Gross Profit": 18,
        "Operating Income": -4,
        "EBIT": 2,
        "Net Income": -3
    },
    "2011-04-30": {
        "Diluted EPS": -0.23,
        "Total Revenue": 124,
        "Gross Profit": 16,
        "Operating Income": -4,
        "EBIT": 2,
        "Net Income": -3
    },
    "2011-01-31": {
        "Diluted EPS": -0.41,
        "Total Revenue": 111,
        "Gross Profit": 12,
        "Operating Income": -9,
        "EBIT": -3,
        "Net Income": -6
    },
    "2010-10-31": {
        "Diluted EPS": -0.52,
        "Total Revenue": 108,
        "Gross Profit": 10,
        "Operating Income": -12,
        "EBIT": -5,
        "Net Income": -7
    },
    "2010-07-31": {
        "Diluted EPS": -0.24,
        "Total Revenue": 109,
        "Gross Profit": 14,
        "Operating Income": -6,
        "EBIT": 2,
        "Net Income": -3
    },
    "2010-04-30": {
        "Diluted EPS": -0.12,
        "Total Revenue": 112,
        "Gross Profit": 19,
        "Operating Income": -4,
        "EBIT": 3,
        "Net Income": -2
    },
    "2010-01-31": {
        "Diluted EPS": -0.64,
        "Total Revenue": 89,
        "Gross Profit": 6,
        "Operating Income": -15,
        "EBIT": -7,
        "Net Income": -9
    },
    "2009-10-31": {
        "Diluted EPS": -0.37,
        "Total Revenue": 104,
        "Gross Profit": 13,
        "Operating Income": -8,
        "EBIT": -1,
        "Net Income": -5
    },
    "2009-07-31": {
        "Diluted EPS": -0.45,
        "Total Revenue": 101,
        "Gross Profit": 12,
        "Operating Income": -10,
        "EBIT": -2,
        "Net Income": -6
    },
    "2009-04-30": {
        "Diluted EPS": -0.21,
        "Total Revenue": 141,
        "Gross Profit": 28,
        "Operating Income": -6,
        "EBIT": 3,
        "Net Income": -3
    },
    "2009-01-31": {
        "Diluted EPS": 0.0,
        "Total Revenue": 131,
        "Gross Profit": 20,
        "Operating Income": 0,
        "EBIT": 8,
        "Net Income": 0
    },
    "2023-07-31": {
        "Tax Effect Of Unusual Items": NaN,
        "Tax Rate For Calcs": NaN,
        "Normalized EBITDA": NaN,
        "Total Unusual Items": NaN,
        "Total Unusual Items Excluding Goodwill": NaN,
        "Net Income From Continuing Operation Net Minority Interest": NaN,
        "Reconciled Depreciation": NaN,
        "Reconciled Cost Of Revenue": NaN,
        "EBITDA": NaN,
        "EBIT": NaN,
        "Net Interest Income": NaN,
        "Interest Expense": NaN,
        "Normalized Income": NaN,
        "Net Income From Continuing And Discontinued Operation": NaN,
        "Total Expenses": NaN,
        "Total Operating Income As Reported": NaN,
        "Diluted Average Shares": NaN,
        "Basic Average Shares": NaN,
        "Diluted EPS": NaN,
        "Basic EPS": NaN,
        "Diluted NI Availto Com Stockholders": NaN,
        "Net Income Common Stockholders": NaN,
        "Net Income": NaN,
        "Net Income Including Noncontrolling Interests": NaN,
        "Net Income Continuous Operations": NaN,
        "Tax Provision": NaN,
        "Pretax Income": NaN,
        "Other Income Expense": NaN,
        "Other Non Operating Income Expenses": NaN,
        "Special Income Charges": NaN,
        "Restructuring And Mergern Acquisition": NaN,
        "Net Non Operating Interest Income Expense": NaN,
        "Interest Expense Non Operating": NaN,
        "Operating Income": NaN,
        "Operating Expense": NaN,
        "Selling General And Administration": NaN,
        "Selling And Marketing Expense": NaN,
        "General And Administrative Expense": NaN,
        "Other Gand A": NaN,
        "Salaries And Wages": 0.0,
        "Gross Profit": NaN,
        "Cost Of Revenue": NaN,
        "Total Revenue": NaN,
        "Operating Revenue": NaN
    },
    "2023-10-31": {
        "Tax Effect Of Unusual Items": NaN,
        "Tax Rate For Calcs": NaN,
        "Normalized EBITDA": NaN,
        "Total Unusual Items": NaN,
        "Total Unusual Items Excluding Goodwill": NaN,
        "Net Income From Continuing Operation Net Minority Interest": NaN,
        "Reconciled Depreciation": NaN,
        "Reconciled Cost Of Revenue": NaN,
        "EBITDA": NaN,
        "EBIT": NaN,
        "Net Interest Income": NaN,
        "Interest Expense": NaN,
        "Normalized Income": NaN,
        "Net Income From Continuing And Discontinued Operation": NaN,
        "Total Expenses": NaN,
        "Total Operating Income As Reported": NaN,
        "Diluted Average Shares": NaN,
        "Basic Average Shares": NaN,
        "Diluted EPS": NaN,
        "Basic EPS": NaN,
        "Diluted NI Availto Com Stockholders": NaN,
        "Net Income Common Stockholders": NaN,
        "Net Income": NaN,
        "Net Income Including Noncontrolling Interests": NaN,
        "Net Income Continuous Operations": NaN,
        "Tax Provision": NaN,
        "Pretax Income": NaN,
        "Other Income Expense": NaN,
        "Other Non Operating Income Expenses": NaN,
        "Special Income Charges": NaN,
        "Restructuring And Mergern Acquisition": NaN,
        "Net Non Operating Interest Income Expense": NaN,
        "Interest Expense Non Operating": NaN,
        "Operating Income": NaN,
        "Operating Expense": NaN,
        "Selling General And Administration": NaN,
        "Selling And Marketing Expense": NaN,
        "General And Administrative Expense": NaN,
        "Other Gand A": NaN,
        "Salaries And Wages": 0.0,
        "Gross Profit": NaN,
        "Cost Of Revenue": NaN,
        "Total Revenue": NaN,
        "Operating Revenue": NaN
    },
    "2024-01-31": {
        "Tax Effect Of Unusual Items": NaN,
        "Tax Rate For Calcs": NaN,
        "Normalized EBITDA": NaN,
        "Total Unusual Items": NaN,
        "Total Unusual Items Excluding Goodwill": NaN,
        "Net Income From Continuing Operation Net Minority Interest": NaN,
        "Reconciled Depreciation": NaN,
        "Reconciled Cost Of Revenue": NaN,
        "EBITDA": NaN,
        "EBIT": NaN,
        "Net Interest Income": NaN,
        "Interest Expense": NaN,
        "Normalized Income": NaN,
        "Net Income From Continuing And Discontinued Operation": NaN,
        "Total Expenses": NaN,
        "Total Operating Income As Reported": NaN,
        "Diluted Average Shares": NaN,
        "Basic Average Shares": NaN,
        "Diluted EPS": NaN,
        "Basic EPS": NaN,
        "Diluted NI Availto Com Stockholders": NaN,
        "Net Income Common Stockholders": NaN,
        "Net Income": NaN,
        "Net Income Including Noncontrolling Interests": NaN,
        "Net Income Continuous Operations": NaN,
        "Tax Provision": NaN,
        "Pretax Income": NaN,
        "Other Income Expense": NaN,
        "Other Non Operating Income Expenses": NaN,
        "Special Income Charges": NaN,
        "Restructuring And Mergern Acquisition": NaN,
        "Net Non Operating Interest Income Expense": NaN,
        "Interest Expense Non Operating": NaN,
        "Operating Income": NaN,
        "Operating Expense": NaN,
        "Selling General And Administration": NaN,
        "Selling And Marketing Expense": NaN,
        "General And Administrative Expense": NaN,
        "Other Gand A": NaN,
        "Salaries And Wages": 0.0,
        "Gross Profit": NaN,
        "Cost Of Revenue": NaN,
        "Total Revenue": NaN,
        "Operating Revenue": NaN
    },
    "2024-04-30": {
        "Tax Effect Of Unusual Items": NaN,
        "Tax Rate For Calcs": NaN,
        "Normalized EBITDA": NaN,
        "Total Unusual Items": NaN,
        "Total Unusual Items Excluding Goodwill": NaN,
        "Net Income From Continuing Operation Net Minority Interest": NaN,
        "Reconciled Depreciation": NaN,
        "Reconciled Cost Of Revenue": NaN,
        "EBITDA": NaN,
        "EBIT": NaN,
        "Net Interest Income": NaN,
        "Interest Expense": NaN,
        "Normalized Income": NaN,
        "Net Income From Continuing And Discontinued Operation": NaN,
        "Total Expenses": NaN,
        "Total Operating Income As Reported": NaN,
        "Diluted Average Shares": NaN,
        "Basic Average Shares": NaN,
        "Diluted EPS": NaN,
        "Basic EPS": NaN,
        "Diluted NI Availto Com Stockholders": NaN,
        "Net Income Common Stockholders": NaN,
        "Net Income": NaN,
        "Net Income Including Noncontrolling Interests": NaN,
        "Net Income Continuous Operations": NaN,
        "Tax Provision": NaN,
        "Pretax Income": NaN,
        "Other Income Expense": NaN,
        "Other Non Operating Income Expenses": NaN,
        "Special Income Charges": NaN,
        "Restructuring And Mergern Acquisition": NaN,
        "Net Non Operating Interest Income Expense": NaN,
        "Interest Expense Non Operating": NaN,
        "Operating Income": NaN,
        "Operating Expense": NaN,
        "Selling General And Administration": NaN,
        "Selling And Marketing Expense": NaN,
        "General And Administrative Expense": NaN,
        "Other Gand A": NaN,
        "Salaries And Wages": 0.0,
        "Gross Profit": NaN,
        "Cost Of Revenue": NaN,
        "Total Revenue": NaN,
        "Operating Revenue": NaN
    },
    "2024-07-31": {
        "Tax Effect Of Unusual Items": 0.0,
        "Tax Rate For Calcs": 0.24974,
        "Normalized EBITDA": 54589000.0,
        "Total Unusual Items": 0.0,
        "Total Unusual Items Excluding Goodwill": 0.0,
        "Net Income From Continuing Operation Net Minority Interest": 29633000.0,
        "Reconciled Depreciation": 12802000.0,
        "Reconciled Cost Of Revenue": 366262000.0,
        "EBITDA": 54589000.0,
        "EBIT": 41787000.0,
        "Net Interest Income": -2290000.0,
        "Interest Expense": 2290000.0,
        "Normalized Income": 29633000.0,
        "Net Income From Continuing And Discontinued Operation": 29633000.0,
        "Total Expenses": 412101000.0,
        "Total Operating Income As Reported": 47027000.0,
        "Diluted Average Shares": 15673570.0,
        "Basic Average Shares": 15428962.0,
        "Diluted EPS": 1.89,
        "Basic EPS": 1.920609,
        "Diluted NI Availto Com Stockholders": 29633000.0,
        "Net Income Common Stockholders": 29633000.0,
        "Net Income": 29633000.0,
        "Net Income Including Noncontrolling Interests": 29633000.0,
        "Net Income Continuous Operations": 29633000.0,
        "Tax Provision": 9864000.0,
        "Pretax Income": 39497000.0,
        "Other Income Expense": -5240000.0,
        "Other Non Operating Income Expenses": -5240000.0,
        "Special Income Charges": 0.0,
        "Restructuring And Mergern Acquisition": 0.0,
        "Net Non Operating Interest Income Expense": -2290000.0,
        "Interest Expense Non Operating": 2290000.0,
        "Operating Income": 47027000.0,
        "Operating Expense": 45839000.0,
        "Selling General And Administration": 45839000.0,
        "Selling And Marketing Expense": 24337000.0,
        "General And Administrative Expense": 21502000.0,
        "Other Gand A": 21502000.0,
        "Salaries And Wages": NaN,
        "Gross Profit": 92866000.0,
        "Cost Of Revenue": 366262000.0,
        "Total Revenue": 459128000.0,
        "Operating Revenue": 459128000.0
    },
    "2024-10-31": {
        "Tax Effect Of Unusual Items": -248127.0,
        "Tax Rate For Calcs": 0.219,
        "Normalized EBITDA": 52500000.0,
        "Total Unusual Items": -1133000.0,
        "Total Unusual Items Excluding Goodwill": -1133000.0,
        "Net Income From Continuing Operation Net Minority Interest": 27686000.0,
        "Reconciled Depreciation": 13466000.0,
        "Reconciled Cost Of Revenue": 366771000.0,
        "EBITDA": 51367000.0,
        "EBIT": 37901000.0,
        "Net Interest Income": -2448000.0,
        "Interest Expense": 2448000.0,
        "Normalized Income": 28570873.0,
        "Net Income From Continuing And Discontinued Operation": 27686000.0,
        "Total Expenses": 408746000.0,
        "Total Operating Income As Reported": 42603000.0,
        "Diluted Average Shares": 15435311.0,
        "Basic Average Shares": 15161275.0,
        "Diluted EPS": 1.79,
        "Basic EPS": 1.8261,
        "Diluted NI Availto Com Stockholders": 27686000.0,
        "Net Income Common Stockholders": 27686000.0,
        "Net Income": 27686000.0,
        "Net Income Including Noncontrolling Interests": 27686000.0,
        "Net Income Continuous Operations": 27686000.0,
        "Tax Provision": 7767000.0,
        "Pretax Income": 35453000.0,
        "Other Income Expense": -5835000.0,
        "Other Non Operating Income Expenses": -4702000.0,
        "Special Income Charges": -1133000.0,
        "Restructuring And Mergern Acquisition": 1133000.0,
        "Net Non Operating Interest Income Expense": -2448000.0,
        "Interest Expense Non Operating": 2448000.0,
        "Operating Income": 43736000.0,
        "Operating Expense": 41975000.0,
        "Selling General And Administration": 41975000.0,
        "Selling And Marketing Expense": 21738000.0,
        "General And Administrative Expense": 20237000.0,
        "Other Gand A": 20237000.0,
        "Salaries And Wages": NaN,
        "Gross Profit": 85711000.0,
        "Cost Of Revenue": 366771000.0,
        "Total Revenue": 452482000.0,
        "Operating Revenue": 452482000.0
    },
    "2025-01-31": {
        "Tax Effect Of Unusual Items": -83200.0,
        "Tax Rate For Calcs": 0.16,
        "Normalized EBITDA": 37635000.0,
        "Total Unusual Items": -520000.0,
        "Total Unusual Items Excluding Goodwill": -520000.0,
        "Net Income From Continuing Operation Net Minority Interest": 16571000.0,
        "Reconciled Depreciation": 14583000.0,
        "Reconciled Cost Of Revenue": 337816000.0,
        "EBITDA": 37115000.0,
        "EBIT": 22532000.0,
        "Net Interest Income": -2816000.0,
        "Interest Expense": 2816000.0,
        "Normalized Income": 17007800.0,
        "Net Income From Continuing And Discontinued Operation": 16571000.0,
        "Total Expenses": 375985000.0,
        "Total Operating Income As Reported": 21075000.0,
        "Diluted Average Shares": 15159442.0,
        "Basic Average Shares": 15030004.0,
        "Diluted EPS": 1.09,
        "Basic EPS": 1.102528,
        "Diluted NI Availto Com Stockholders": 16571000.0,
        "Net Income Common Stockholders": 16571000.0,
        "Net Income": 16571000.0,
        "Net Income Including Noncontrolling Interests": 16571000.0,
        "Net Income Continuous Operations": 16571000.0,
        "Tax Provision": 3145000.0,
        "Pretax Income": 19716000.0,
        "Other Income Expense": 937000.0,
        "Other Non Operating Income Expenses": 1457000.0,
        "Special Income Charges": -520000.0,
        "Restructuring And Mergern Acquisition": 520000.0,
        "Net Non Operating Interest Income Expense": -2816000.0,
        "Interest Expense Non Operating": 2816000.0,
        "Operating Income": 21595000.0,
        "Operating Expense": 38169000.0,
        "Selling General And Administration": 38169000.0,
        "Selling And Marketing Expense": 19537000.0,
        "General And Administrative Expense": 18632000.0,
        "Other Gand A": 18632000.0,
        "Salaries And Wages": NaN,
        "Gross Profit": 59764000.0,
        "Cost Of Revenue": 337816000.0,
        "Total Revenue": 397580000.0,
        "Operating Revenue": 397580000.0
    },
    "2025-04-30": {
        "Tax Effect Of Unusual Items": -582877.635542,
        "Tax Rate For Calcs": 0.197854,
        "Normalized EBITDA": 52666000.0,
        "Total Unusual Items": -2946000.0,
        "Total Unusual Items Excluding Goodwill": -2946000.0,
        "Net Income From Continuing Operation Net Minority Interest": 25566000.0,
        "Reconciled Depreciation": 15061000.0,
        "Reconciled Cost Of Revenue": 332186000.0,
        "EBITDA": 49720000.0,
        "EBIT": 34659000.0,
        "Net Interest Income": -2787000.0,
        "Interest Expense": 2787000.0,
        "Normalized Income": 27929122.364458,
        "Net Income From Continuing And Discontinued Operation": 25566000.0,
        "Total Expenses": 367905000.0,
        "Total Operating Income As Reported": 29534000.0,
        "Diluted Average Shares": 14912419.0,
        "Basic Average Shares": 14612706.0,
        "Diluted EPS": 1.71,
        "Basic EPS": 1.749573,
        "Diluted NI Availto Com Stockholders": 25566000.0,
        "Net Income Common Stockholders": 25566000.0,
        "Net Income": 25566000.0,
        "Net Income Including Noncontrolling Interests": 25566000.0,
        "Net Income Continuous Operations": 25566000.0,
        "Tax Provision": 6306000.0,
        "Pretax Income": 31872000.0,
        "Other Income Expense": 2169000.0,
        "Other Non Operating Income Expenses": 5115000.0,
        "Special Income Charges": -2946000.0,
        "Restructuring And Mergern Acquisition": 2956000.0,
        "Net Non Operating Interest Income Expense": -2787000.0,
        "Interest Expense Non Operating": 2787000.0,
        "Operating Income": 32490000.0,
        "Operating Expense": 35719000.0,
        "Selling General And Administration": 35719000.0,
        "Selling And Marketing Expense": 20626000.0,
        "General And Administrative Expense": 15093000.0,
        "Other Gand A": 15093000.0,
        "Salaries And Wages": NaN,
        "Gross Profit": 68209000.0,
        "Cost Of Revenue": 332186000.0,
        "Total Revenue": 400395000.0,
        "Operating Revenue": 400395000.0
    },
    "2025-07-31": {
        "Tax Effect Of Unusual Items": -212076.0,
        "Tax Rate For Calcs": 0.258,
        "Normalized EBITDA": 40444000.0,
        "Total Unusual Items": -822000.0,
        "Total Unusual Items Excluding Goodwill": -822000.0,
        "Net Income From Continuing Operation Net Minority Interest": 14595000.0,
        "Reconciled Depreciation": 15811000.0,
        "Reconciled Cost Of Revenue": 335556000.0,
        "EBITDA": 39622000.0,
        "EBIT": 23811000.0,
        "Net Interest Income": -4136000.0,
        "Interest Expense": 4136000.0,
        "Normalized Income": 15204924.0,
        "Net Income From Continuing And Discontinued Operation": 14595000.0,
        "Total Expenses": 382032000.0,
        "Total Operating Income As Reported": 20192000.0,
        "Diluted Average Shares": 14569734.0,
        "Basic Average Shares": 14558035.0,
        "Diluted EPS": 1.0,
        "Basic EPS": 1.002539,
        "Diluted NI Availto Com Stockholders": 14595000.0,
        "Net Income Common Stockholders": 14595000.0,
        "Net Income": 14595000.0,
        "Net Income Including Noncontrolling Interests": 14595000.0,
        "Net Income Continuous Operations": 14595000.0,
        "Tax Provision": 5080000.0,
        "Pretax Income": 19675000.0,
        "Other Income Expense": 2797000.0,
        "Other Non Operating Income Expenses": 3619000.0,
        "Special Income Charges": -822000.0,
        "Restructuring And Mergern Acquisition": 822000.0,
        "Net Non Operating Interest Income Expense": -4136000.0,
        "Interest Expense Non Operating": 4136000.0,
        "Operating Income": 21014000.0,
        "Operating Expense": 46476000.0,
        "Selling General And Administration": 46476000.0,
        "Selling And Marketing Expense": 23563000.0,
        "General And Administrative Expense": 22913000.0,
        "Other Gand A": 22913000.0,
        "Salaries And Wages": NaN,
        "Gross Profit": 67490000.0,
        "Cost Of Revenue": 335556000.0,
        "Total Revenue": 403046000.0,
        "Operating Revenue": 403046000.0
    },
    "2025-10-31": {
        "Tax Effect Of Unusual Items": -459270.0,
        "Tax Rate For Calcs": 0.315,
        "Normalized EBITDA": 31274000.0,
        "Total Unusual Items": -1458000.0,
        "Total Unusual Items Excluding Goodwill": -1458000.0,
        "Net Income From Continuing Operation Net Minority Interest": 6097000.0,
        "Reconciled Depreciation": 16388000.0,
        "Reconciled Cost Of Revenue": 334734000.0,
        "EBITDA": 29816000.0,
        "EBIT": 13428000.0,
        "Net Interest Income": -4531000.0,
        "Interest Expense": 4531000.0,
        "Normalized Income": 7095730.0,
        "Net Income From Continuing And Discontinued Operation": 6097000.0,
        "Total Expenses": 380830000.0,
        "Total Operating Income As Reported": 12349000.0,
        "Diluted Average Shares": 14622814.0,
        "Basic Average Shares": 14569170.0,
        "Diluted EPS": 0.418486,
        "Basic EPS": 0.418486,
        "Diluted NI Availto Com Stockholders": 6097000.0,
        "Net Income Common Stockholders": 6097000.0,
        "Net Income": 6097000.0,
        "Net Income Including Noncontrolling Interests": 6097000.0,
        "Net Income Continuous Operations": 6097000.0,
        "Tax Provision": 2800000.0,
        "Pretax Income": 8897000.0,
        "Other Income Expense": -379000.0,
        "Other Non Operating Income Expenses": 1079000.0,
        "Special Income Charges": -1458000.0,
        "Restructuring And Mergern Acquisition": 1458000.0,
        "Net Non Operating Interest Income Expense": -4531000.0,
        "Interest Expense Non Operating": 4531000.0,
        "Operating Income": 13807000.0,
        "Operating Expense": 46096000.0,
        "Selling General And Administration": 46096000.0,
        "Selling And Marketing Expense": 21728000.0,
        "General And Administrative Expense": 24368000.0,
        "Other Gand A": 24368000.0,
        "Salaries And Wages": NaN,
        "Gross Profit": 59903000.0,
        "Cost Of Revenue": 334734000.0,
        "Total Revenue": 394637000.0,
        "Operating Revenue": 394637000.0
    }
}