{
    "2023-03-31": {
        "Tax Effect Of Unusual Items": NaN,
        "Tax Rate For Calcs": NaN,
        "Normalized EBITDA": NaN,
        "Total Unusual Items": NaN,
        "Total Unusual Items Excluding Goodwill": NaN,
        "Net Income From Continuing Operation Net Minority Interest": NaN,
        "Reconciled Depreciation": NaN,
        "Reconciled Cost Of Revenue": NaN,
        "EBITDA": NaN,
        "EBIT": NaN,
        "Net Interest Income": NaN,
        "Interest Expense": NaN,
        "Normalized Income": NaN,
        "Net Income From Continuing And Discontinued Operation": NaN,
        "Total Expenses": NaN,
        "Diluted Average Shares": NaN,
        "Basic Average Shares": NaN,
        "Diluted EPS": NaN,
        "Basic EPS": NaN,
        "Diluted NI Availto Com Stockholders": NaN,
        "Net Income Common Stockholders": NaN,
        "Net Income": NaN,
        "Minority Interests": NaN,
        "Net Income Including Noncontrolling Interests": NaN,
        "Net Income Discontinuous Operations": 0.0,
        "Net Income Continuous Operations": NaN,
        "Tax Provision": NaN,
        "Pretax Income": NaN,
        "Other Income Expense": NaN,
        "Other Non Operating Income Expenses": NaN,
        "Special Income Charges": NaN,
        "Write Off": NaN,
        "Net Non Operating Interest Income Expense": NaN,
        "Interest Expense Non Operating": NaN,
        "Operating Income": NaN,
        "Operating Expense": NaN,
        "Selling General And Administration": NaN,
        "General And Administrative Expense": NaN,
        "Other Gand A": NaN,
        "Gross Profit": NaN,
        "Cost Of Revenue": NaN,
        "Total Revenue": NaN,
        "Operating Revenue": NaN
    },
    "2022-12-31": {
        "Tax Effect Of Unusual Items": NaN,
        "Tax Rate For Calcs": NaN,
        "Normalized EBITDA": NaN,
        "Total Unusual Items": NaN,
        "Total Unusual Items Excluding Goodwill": NaN,
        "Net Income From Continuing Operation Net Minority Interest": NaN,
        "Reconciled Depreciation": NaN,
        "Reconciled Cost Of Revenue": NaN,
        "EBITDA": NaN,
        "EBIT": NaN,
        "Net Interest Income": NaN,
        "Interest Expense": NaN,
        "Normalized Income": NaN,
        "Net Income From Continuing And Discontinued Operation": NaN,
        "Total Expenses": NaN,
        "Diluted Average Shares": NaN,
        "Basic Average Shares": NaN,
        "Diluted EPS": NaN,
        "Basic EPS": NaN,
        "Diluted NI Availto Com Stockholders": NaN,
        "Net Income Common Stockholders": NaN,
        "Net Income": NaN,
        "Minority Interests": NaN,
        "Net Income Including Noncontrolling Interests": NaN,
        "Net Income Discontinuous Operations": -6074000.0,
        "Net Income Continuous Operations": NaN,
        "Tax Provision": NaN,
        "Pretax Income": NaN,
        "Other Income Expense": NaN,
        "Other Non Operating Income Expenses": NaN,
        "Special Income Charges": NaN,
        "Write Off": NaN,
        "Net Non Operating Interest Income Expense": NaN,
        "Interest Expense Non Operating": NaN,
        "Operating Income": NaN,
        "Operating Expense": NaN,
        "Selling General And Administration": NaN,
        "General And Administrative Expense": NaN,
        "Other Gand A": NaN,
        "Gross Profit": NaN,
        "Cost Of Revenue": NaN,
        "Total Revenue": NaN,
        "Operating Revenue": NaN
    },
    "2022-09-30": {
        "Tax Effect Of Unusual Items": NaN,
        "Tax Rate For Calcs": NaN,
        "Normalized EBITDA": NaN,
        "Total Unusual Items": NaN,
        "Total Unusual Items Excluding Goodwill": NaN,
        "Net Income From Continuing Operation Net Minority Interest": NaN,
        "Reconciled Depreciation": NaN,
        "Reconciled Cost Of Revenue": NaN,
        "EBITDA": NaN,
        "EBIT": NaN,
        "Net Interest Income": NaN,
        "Interest Expense": NaN,
        "Normalized Income": NaN,
        "Net Income From Continuing And Discontinued Operation": NaN,
        "Total Expenses": NaN,
        "Diluted Average Shares": NaN,
        "Basic Average Shares": NaN,
        "Diluted EPS": NaN,
        "Basic EPS": NaN,
        "Diluted NI Availto Com Stockholders": NaN,
        "Net Income Common Stockholders": NaN,
        "Net Income": NaN,
        "Minority Interests": NaN,
        "Net Income Including Noncontrolling Interests": NaN,
        "Net Income Discontinuous Operations": NaN,
        "Net Income Continuous Operations": NaN,
        "Tax Provision": NaN,
        "Pretax Income": NaN,
        "Other Income Expense": NaN,
        "Other Non Operating Income Expenses": NaN,
        "Special Income Charges": NaN,
        "Write Off": NaN,
        "Earnings From Equity Interest": 681000.0,
        "Net Non Operating Interest Income Expense": NaN,
        "Interest Expense Non Operating": NaN,
        "Operating Income": NaN,
        "Operating Expense": NaN,
        "Selling General And Administration": NaN,
        "General And Administrative Expense": NaN,
        "Other Gand A": NaN,
        "Gross Profit": NaN,
        "Cost Of Revenue": NaN,
        "Total Revenue": NaN,
        "Operating Revenue": NaN
    },
    "2022-06-30": {
        "Tax Effect Of Unusual Items": 0.0,
        "Tax Rate For Calcs": 0.133,
        "Normalized EBITDA": 168642000.0,
        "Total Unusual Items": NaN,
        "Total Unusual Items Excluding Goodwill": NaN,
        "Net Income From Continuing Operation Net Minority Interest": 80544000.0,
        "Reconciled Depreciation": 33568000.0,
        "Reconciled Cost Of Revenue": 4219776000.0,
        "EBITDA": 168642000.0,
        "EBIT": 135074000.0,
        "Net Interest Income": -16921000.0,
        "Interest Expense": 16921000.0,
        "Normalized Income": 80544000.0,
        "Net Income From Continuing And Discontinued Operation": 79805000.0,
        "Total Expenses": 4332335000.0,
        "Diluted Average Shares": 34416000.0,
        "Basic Average Shares": 33850000.0,
        "Diluted EPS": 2.32,
        "Basic EPS": 2.36,
        "Diluted NI Availto Com Stockholders": 79805000.0,
        "Net Income Common Stockholders": 79805000.0,
        "Net Income": 79805000.0,
        "Minority Interests": -21856000.0,
        "Net Income Including Noncontrolling Interests": 101661000.0,
        "Net Income Discontinuous Operations": -739000.0,
        "Net Income Continuous Operations": 102400000.0,
        "Tax Provision": 15753000.0,
        "Pretax Income": 118153000.0,
        "Other Income Expense": 16792000.0,
        "Other Non Operating Income Expenses": 22826000.0,
        "Special Income Charges": NaN,
        "Write Off": NaN,
        "Earnings From Equity Interest": -6034000.0,
        "Net Non Operating Interest Income Expense": -16921000.0,
        "Interest Expense Non Operating": 16921000.0,
        "Operating Income": 118282000.0,
        "Operating Expense": 112559000.0,
        "Selling General And Administration": 112559000.0,
        "General And Administrative Expense": 112559000.0,
        "Other Gand A": 112559000.0,
        "Gross Profit": 230841000.0,
        "Cost Of Revenue": 4219776000.0,
        "Total Revenue": 4450617000.0,
        "Operating Revenue": 4450617000.0
    },
    "2023-06-30": {
        "Tax Effect Of Unusual Items": NaN,
        "Tax Rate For Calcs": NaN,
        "Normalized EBITDA": NaN,
        "Total Unusual Items": NaN,
        "Total Unusual Items Excluding Goodwill": NaN,
        "Net Income From Continuing Operation Net Minority Interest": NaN,
        "Reconciled Depreciation": NaN,
        "Reconciled Cost Of Revenue": NaN,
        "EBITDA": NaN,
        "EBIT": NaN,
        "Net Interest Income": NaN,
        "Interest Expense": NaN,
        "Normalized Income": NaN,
        "Net Income From Continuing And Discontinued Operation": NaN,
        "Total Expenses": NaN,
        "Diluted Average Shares": NaN,
        "Basic Average Shares": NaN,
        "Diluted EPS": NaN,
        "Basic EPS": NaN,
        "Diluted NI Availto Com Stockholders": NaN,
        "Net Income Common Stockholders": NaN,
        "Net Income": NaN,
        "Minority Interests": NaN,
        "Net Income Including Noncontrolling Interests": NaN,
        "Net Income Discontinuous Operations": 0.0,
        "Net Income Continuous Operations": NaN,
        "Tax Provision": NaN,
        "Pretax Income": NaN,
        "Other Income Expense": NaN,
        "Other Non Operating Income Expenses": NaN,
        "Special Income Charges": NaN,
        "Write Off": NaN,
        "Net Non Operating Interest Income Expense": NaN,
        "Interest Expense Non Operating": NaN,
        "Operating Income": NaN,
        "Operating Expense": NaN,
        "Selling General And Administration": NaN,
        "General And Administrative Expense": NaN,
        "Other Gand A": NaN,
        "Gross Profit": NaN,
        "Cost Of Revenue": NaN,
        "Total Revenue": NaN,
        "Operating Revenue": NaN
    },
    "2022-03-31": {
        "Diluted EPS": 0.16,
        "Total Revenue": NaN,
        "Gross Profit": 120,
        "Operating Income": 18,
        "EBIT": 52,
        "Net Income": 6
    },
    "2021-12-31": {
        "Diluted EPS": 0.86,
        "Total Revenue": NaN,
        "Gross Profit": 194,
        "Operating Income": 75,
        "EBIT": 112,
        "Net Income": 30
    },
    "2021-09-30": {
        "Diluted EPS": 0.46,
        "Total Revenue": NaN,
        "Gross Profit": 122,
        "Operating Income": 12,
        "EBIT": 59,
        "Net Income": 16
    },
    "2021-06-30": {
        "Diluted EPS": 1.3,
        "Total Revenue": NaN,
        "Gross Profit": 163,
        "Operating Income": 58,
        "EBIT": 105,
        "Net Income": 43
    },
    "2021-03-31": {
        "Diluted EPS": 0.45,
        "Total Revenue": NaN,
        "Gross Profit": 113,
        "Operating Income": 16,
        "EBIT": 64,
        "Net Income": 15
    },
    "2020-12-31": {
        "Diluted EPS": 0.49,
        "Total Revenue": NaN,
        "Gross Profit": 104,
        "Operating Income": 14,
        "EBIT": 61,
        "Net Income": 16
    },
    "2020-09-30": {
        "Diluted EPS": -0.03,
        "Total Revenue": NaN,
        "Gross Profit": 93,
        "Operating Income": 1,
        "EBIT": 48,
        "Net Income": -1
    },
    "2020-06-30": {
        "Diluted EPS": 0.92,
        "Total Revenue": NaN,
        "Gross Profit": 106,
        "Operating Income": 16,
        "EBIT": 63,
        "Net Income": 30
    },
    "2020-03-31": {
        "Diluted EPS": -1.15,
        "Total Revenue": NaN,
        "Gross Profit": 63,
        "Operating Income": -42,
        "EBIT": 5,
        "Net Income": -38
    },
    "2019-12-31": {
        "Diluted EPS": 0.2,
        "Total Revenue": NaN,
        "Gross Profit": 81,
        "Operating Income": -39,
        "EBIT": 9,
        "Net Income": 7
    },
    "2019-09-30": {
        "Diluted EPS": -0.13,
        "Total Revenue": NaN,
        "Gross Profit": 109,
        "Operating Income": 2,
        "EBIT": 36,
        "Net Income": -4
    },
    "2019-06-30": {
        "Diluted EPS": 0.91,
        "Total Revenue": NaN,
        "Gross Profit": 161,
        "Operating Income": 51,
        "EBIT": 81,
        "Net Income": 30
    },
    "2019-03-31": {
        "Diluted EPS": -0.43,
        "Total Revenue": NaN,
        "Gross Profit": 110,
        "Operating Income": -4,
        "EBIT": 30,
        "Net Income": -14
    },
    "2018-12-31": {
        "Diluted EPS": 0.83,
        "Total Revenue": 813,
        "Gross Profit": 94,
        "Operating Income": 26,
        "EBIT": 49,
        "Net Income": 24
    },
    "2018-09-30": {
        "Diluted EPS": -0.07,
        "Total Revenue": 686,
        "Gross Profit": 54,
        "Operating Income": -12,
        "EBIT": 11,
        "Net Income": -2
    },
    "2018-06-30": {
        "Diluted EPS": 0.76,
        "Total Revenue": 911,
        "Gross Profit": 90,
        "Operating Income": 24,
        "EBIT": 47,
        "Net Income": 22
    },
    "2018-03-31": {
        "Diluted EPS": -0.06,
        "Total Revenue": 636,
        "Gross Profit": 64,
        "Operating Income": -1,
        "EBIT": 22,
        "Net Income": -2
    },
    "2017-12-31": {
        "Diluted EPS": 2.46,
        "Total Revenue": NaN,
        "Gross Profit": 85,
        "Operating Income": -11,
        "EBIT": 28,
        "Net Income": 70
    },
    "2017-09-30": {
        "Diluted EPS": 0.09,
        "Total Revenue": 837,
        "Gross Profit": 70,
        "Operating Income": 2,
        "EBIT": 23,
        "Net Income": 3
    },
    "2017-06-30": {
        "Diluted EPS": -0.94,
        "Total Revenue": 994,
        "Gross Profit": 88,
        "Operating Income": -24,
        "EBIT": 40,
        "Net Income": -27
    },
    "2017-03-31": {
        "Diluted EPS": -0.11,
        "Total Revenue": 852,
        "Gross Profit": 76,
        "Operating Income": -5,
        "EBIT": 16,
        "Net Income": -3
    },
    "2016-12-31": {
        "Diluted EPS": 0.36,
        "Total Revenue": NaN,
        "Gross Profit": 104,
        "Operating Income": 13,
        "EBIT": 35,
        "Net Income": 10
    },
    "2016-09-30": {
        "Diluted EPS": 0.06,
        "Total Revenue": 860,
        "Gross Profit": 77,
        "Operating Income": -2,
        "EBIT": 19,
        "Net Income": 2
    },
    "2016-06-30": {
        "Diluted EPS": 0.51,
        "Total Revenue": NaN,
        "Gross Profit": 97,
        "Operating Income": 22,
        "EBIT": 42,
        "Net Income": 14
    },
    "2016-03-31": {
        "Diluted EPS": -0.52,
        "Total Revenue": 888,
        "Gross Profit": 68,
        "Operating Income": -12,
        "EBIT": 9,
        "Net Income": -15
    },
    "2015-12-31": {
        "Diluted EPS": -1.65,
        "Total Revenue": NaN,
        "Gross Profit": 99,
        "Operating Income": -96,
        "EBIT": -20,
        "Net Income": -47
    },
    "2015-09-30": {
        "Diluted EPS": -0.04,
        "Total Revenue": 909,
        "Gross Profit": 85,
        "Operating Income": -4,
        "EBIT": 19,
        "Net Income": -1
    },
    "2015-06-30": {
        "Diluted EPS": 1.09,
        "Total Revenue": NaN,
        "Gross Profit": 108,
        "Operating Income": 24,
        "EBIT": 44,
        "Net Income": 31
    },
    "2015-03-31": {
        "Diluted EPS": 0.14,
        "Total Revenue": 918,
        "Gross Profit": 83,
        "Operating Income": 5,
        "EBIT": 22,
        "Net Income": 4
    },
    "2014-12-31": {
        "Diluted EPS": 0.89,
        "Total Revenue": NaN,
        "Gross Profit": 114,
        "Operating Income": 19,
        "EBIT": 37,
        "Net Income": 26
    },
    "2014-09-30": {
        "Diluted EPS": 0.59,
        "Total Revenue": 953,
        "Gross Profit": 85,
        "Operating Income": 8,
        "EBIT": 24,
        "Net Income": 17
    },
    "2014-06-30": {
        "Diluted EPS": 1.56,
        "Total Revenue": NaN,
        "Gross Profit": 121,
        "Operating Income": 45,
        "EBIT": 60,
        "Net Income": 44
    },
    "2014-03-31": {
        "Diluted EPS": 0.8,
        "Total Revenue": NaN,
        "Gross Profit": 77,
        "Operating Income": 6,
        "EBIT": 20,
        "Net Income": 23
    },
    "2013-12-31": {
        "Diluted EPS": 1.07,
        "Total Revenue": NaN,
        "Gross Profit": 110,
        "Operating Income": 24,
        "EBIT": 37,
        "Net Income": 31
    },
    "2013-09-30": {
        "Diluted EPS": 0.61,
        "Total Revenue": NaN,
        "Gross Profit": 73,
        "Operating Income": 4,
        "EBIT": 17,
        "Net Income": 17
    },
    "2013-06-30": {
        "Diluted EPS": 1.05,
        "Total Revenue": NaN,
        "Gross Profit": 103,
        "Operating Income": 42,
        "EBIT": 55,
        "Net Income": 29
    },
    "2013-03-31": {
        "Diluted EPS": 0.45,
        "Total Revenue": NaN,
        "Gross Profit": 79,
        "Operating Income": 17,
        "EBIT": 32,
        "Net Income": 13
    },
    "2012-12-31": {
        "Diluted EPS": 0.53,
        "Total Revenue": NaN,
        "Gross Profit": 91,
        "Operating Income": 22,
        "EBIT": 35,
        "Net Income": 15
    },
    "2012-09-30": {
        "Diluted EPS": 0.6,
        "Total Revenue": NaN,
        "Gross Profit": 78,
        "Operating Income": 20,
        "EBIT": 33,
        "Net Income": 17
    },
    "2012-06-30": {
        "Diluted EPS": 1.04,
        "Total Revenue": NaN,
        "Gross Profit": 103,
        "Operating Income": 43,
        "EBIT": 55,
        "Net Income": 29
    },
    "2012-03-31": {
        "Diluted EPS": 0.65,
        "Total Revenue": NaN,
        "Gross Profit": 86,
        "Operating Income": 26,
        "EBIT": 36,
        "Net Income": 18
    },
    "2011-12-31": {
        "Diluted EPS": 0.76,
        "Total Revenue": NaN,
        "Gross Profit": 86,
        "Operating Income": 23,
        "EBIT": 34,
        "Net Income": 22
    },
    "2011-09-30": {
        "Diluted EPS": 0.39,
        "Total Revenue": 939,
        "Gross Profit": 65,
        "Operating Income": 10,
        "EBIT": 21,
        "Net Income": 11
    },
    "2011-06-30": {
        "Diluted EPS": 1.61,
        "Total Revenue": NaN,
        "Gross Profit": 123,
        "Operating Income": 65,
        "EBIT": 75,
        "Net Income": 45
    },
    "2011-03-31": {
        "Diluted EPS": 0.62,
        "Total Revenue": NaN,
        "Gross Profit": 79,
        "Operating Income": 25,
        "EBIT": 35,
        "Net Income": 17
    },
    "2010-12-31": {
        "Diluted EPS": 0.92,
        "Total Revenue": NaN,
        "Gross Profit": 82,
        "Operating Income": 34,
        "EBIT": 45,
        "Net Income": 26
    },
    "2010-09-30": {
        "Diluted EPS": 0.05,
        "Total Revenue": 707,
        "Gross Profit": 53,
        "Operating Income": 3,
        "EBIT": 12,
        "Net Income": 1
    },
    "2010-06-30": {
        "Diluted EPS": 0.91,
        "Total Revenue": 811,
        "Gross Profit": 88,
        "Operating Income": 36,
        "EBIT": 46,
        "Net Income": 25
    },
    "2010-03-31": {
        "Diluted EPS": 0.44,
        "Total Revenue": 722,
        "Gross Profit": 59,
        "Operating Income": 13,
        "EBIT": 23,
        "Net Income": 12
    },
    "2009-12-31": {
        "Diluted EPS": 0.58,
        "Total Revenue": 916,
        "Gross Profit": 70,
        "Operating Income": 15,
        "EBIT": 26,
        "Net Income": 16
    },
    "2009-09-30": {
        "Diluted EPS": 0.05,
        "Total Revenue": 601,
        "Gross Profit": 51,
        "Operating Income": 0,
        "EBIT": 9,
        "Net Income": 1
    },
    "2009-06-30": {
        "Diluted EPS": 0.58,
        "Total Revenue": 811,
        "Gross Profit": 73,
        "Operating Income": 27,
        "EBIT": 35,
        "Net Income": 16
    },
    "2009-03-31": {
        "Diluted EPS": 0.18,
        "Total Revenue": 697,
        "Gross Profit": 61,
        "Operating Income": 15,
        "EBIT": 23,
        "Net Income": 5
    },
    "2023-09-30": {
        "Tax Effect Of Unusual Items": NaN,
        "Tax Rate For Calcs": NaN,
        "Normalized EBITDA": NaN,
        "Total Unusual Items": NaN,
        "Total Unusual Items Excluding Goodwill": NaN,
        "Net Income From Continuing Operation Net Minority Interest": NaN,
        "Reconciled Depreciation": NaN,
        "Reconciled Cost Of Revenue": NaN,
        "EBITDA": NaN,
        "EBIT": NaN,
        "Net Interest Income": NaN,
        "Interest Expense": NaN,
        "Normalized Income": NaN,
        "Net Income From Continuing And Discontinued Operation": NaN,
        "Total Expenses": NaN,
        "Diluted Average Shares": NaN,
        "Basic Average Shares": NaN,
        "Diluted EPS": NaN,
        "Basic EPS": NaN,
        "Diluted NI Availto Com Stockholders": NaN,
        "Net Income Common Stockholders": NaN,
        "Net Income": NaN,
        "Minority Interests": NaN,
        "Net Income Including Noncontrolling Interests": NaN,
        "Net Income Discontinuous Operations": 0.0,
        "Net Income Continuous Operations": NaN,
        "Tax Provision": NaN,
        "Pretax Income": NaN,
        "Other Income Expense": NaN,
        "Other Non Operating Income Expenses": NaN,
        "Special Income Charges": NaN,
        "Write Off": NaN,
        "Net Non Operating Interest Income Expense": NaN,
        "Interest Expense Non Operating": NaN,
        "Operating Income": NaN,
        "Operating Expense": NaN,
        "Selling General And Administration": NaN,
        "General And Administrative Expense": NaN,
        "Other Gand A": NaN,
        "Gross Profit": NaN,
        "Cost Of Revenue": NaN,
        "Total Revenue": NaN,
        "Operating Revenue": NaN
    },
    "2023-12-31": {
        "Tax Effect Of Unusual Items": NaN,
        "Tax Rate For Calcs": NaN,
        "Normalized EBITDA": NaN,
        "Total Unusual Items": 26323000.0,
        "Total Unusual Items Excluding Goodwill": 26323000.0,
        "Net Income From Continuing Operation Net Minority Interest": NaN,
        "Reconciled Depreciation": NaN,
        "Reconciled Cost Of Revenue": NaN,
        "EBITDA": NaN,
        "EBIT": NaN,
        "Net Interest Income": NaN,
        "Interest Expense": NaN,
        "Normalized Income": NaN,
        "Net Income From Continuing And Discontinued Operation": NaN,
        "Total Expenses": NaN,
        "Diluted Average Shares": NaN,
        "Basic Average Shares": NaN,
        "Diluted EPS": NaN,
        "Basic EPS": NaN,
        "Diluted NI Availto Com Stockholders": NaN,
        "Net Income Common Stockholders": NaN,
        "Net Income": NaN,
        "Minority Interests": NaN,
        "Net Income Including Noncontrolling Interests": NaN,
        "Net Income Discontinuous Operations": 0.0,
        "Net Income Continuous Operations": NaN,
        "Tax Provision": NaN,
        "Pretax Income": NaN,
        "Other Income Expense": NaN,
        "Other Non Operating Income Expenses": NaN,
        "Special Income Charges": 26323000.0,
        "Write Off": 0.0,
        "Net Non Operating Interest Income Expense": NaN,
        "Interest Expense Non Operating": NaN,
        "Operating Income": NaN,
        "Operating Expense": NaN,
        "Selling General And Administration": 132712000.0,
        "General And Administrative Expense": 132712000.0,
        "Other Gand A": 132712000.0,
        "Gross Profit": NaN,
        "Cost Of Revenue": NaN,
        "Total Revenue": NaN,
        "Operating Revenue": NaN
    },
    "2024-03-31": {
        "Tax Effect Of Unusual Items": NaN,
        "Tax Rate For Calcs": NaN,
        "Normalized EBITDA": NaN,
        "Total Unusual Items": 0.0,
        "Total Unusual Items Excluding Goodwill": 0.0,
        "Net Income From Continuing Operation Net Minority Interest": NaN,
        "Reconciled Depreciation": NaN,
        "Reconciled Cost Of Revenue": NaN,
        "EBITDA": NaN,
        "EBIT": NaN,
        "Net Interest Income": NaN,
        "Interest Expense": NaN,
        "Normalized Income": NaN,
        "Net Income From Continuing And Discontinued Operation": NaN,
        "Total Expenses": NaN,
        "Diluted Average Shares": NaN,
        "Basic Average Shares": NaN,
        "Diluted EPS": NaN,
        "Basic EPS": NaN,
        "Diluted NI Availto Com Stockholders": NaN,
        "Net Income Common Stockholders": NaN,
        "Net Income": NaN,
        "Minority Interests": NaN,
        "Net Income Including Noncontrolling Interests": NaN,
        "Net Income Continuous Operations": NaN,
        "Tax Provision": NaN,
        "Pretax Income": NaN,
        "Other Income Expense": NaN,
        "Other Non Operating Income Expenses": NaN,
        "Special Income Charges": 0.0,
        "Write Off": 0.0,
        "Net Non Operating Interest Income Expense": NaN,
        "Interest Expense Non Operating": NaN,
        "Operating Income": NaN,
        "Operating Expense": NaN,
        "Selling General And Administration": 119358000.0,
        "General And Administrative Expense": 119358000.0,
        "Other Gand A": 119358000.0,
        "Gross Profit": NaN,
        "Cost Of Revenue": NaN,
        "Total Revenue": NaN,
        "Operating Revenue": NaN
    },
    "2024-06-30": {
        "Tax Effect Of Unusual Items": NaN,
        "Tax Rate For Calcs": NaN,
        "Normalized EBITDA": NaN,
        "Total Unusual Items": 0.0,
        "Total Unusual Items Excluding Goodwill": 0.0,
        "Net Income From Continuing Operation Net Minority Interest": NaN,
        "Reconciled Depreciation": NaN,
        "Reconciled Cost Of Revenue": NaN,
        "EBITDA": NaN,
        "EBIT": NaN,
        "Net Interest Income": NaN,
        "Interest Expense": NaN,
        "Normalized Income": NaN,
        "Net Income From Continuing And Discontinued Operation": NaN,
        "Total Expenses": NaN,
        "Diluted Average Shares": NaN,
        "Basic Average Shares": NaN,
        "Diluted EPS": NaN,
        "Basic EPS": NaN,
        "Diluted NI Availto Com Stockholders": NaN,
        "Net Income Common Stockholders": NaN,
        "Net Income": NaN,
        "Minority Interests": NaN,
        "Net Income Including Noncontrolling Interests": NaN,
        "Net Income Continuous Operations": NaN,
        "Tax Provision": NaN,
        "Pretax Income": NaN,
        "Other Income Expense": NaN,
        "Other Non Operating Income Expenses": NaN,
        "Special Income Charges": 0.0,
        "Write Off": 0.0,
        "Net Non Operating Interest Income Expense": NaN,
        "Interest Expense Non Operating": NaN,
        "Operating Income": NaN,
        "Operating Expense": NaN,
        "Selling General And Administration": NaN,
        "General And Administrative Expense": NaN,
        "Other Gand A": NaN,
        "Gross Profit": NaN,
        "Cost Of Revenue": NaN,
        "Total Revenue": NaN,
        "Operating Revenue": NaN
    },
    "2024-09-30": {
        "Tax Effect Of Unusual Items": 0.0,
        "Tax Rate For Calcs": 0.173,
        "Normalized EBITDA": 100961000.0,
        "Total Unusual Items": 0.0,
        "Total Unusual Items Excluding Goodwill": 0.0,
        "Net Income From Continuing Operation Net Minority Interest": 27365000.0,
        "Reconciled Depreciation": 30408000.0,
        "Reconciled Cost Of Revenue": 2443863000.0,
        "EBITDA": 100961000.0,
        "EBIT": 70553000.0,
        "Net Interest Income": -8361000.0,
        "Interest Expense": 8361000.0,
        "Normalized Income": 27365000.0,
        "Net Income From Continuing And Discontinued Operation": 27365000.0,
        "Total Expenses": 2564357000.0,
        "Diluted Average Shares": 34206250.0,
        "Basic Average Shares": 34206250.0,
        "Diluted EPS": 0.8,
        "Basic EPS": 0.8,
        "Diluted NI Availto Com Stockholders": 27365000.0,
        "Net Income Common Stockholders": 27365000.0,
        "Net Income": 27365000.0,
        "Minority Interests": -24096000.0,
        "Net Income Including Noncontrolling Interests": 51461000.0,
        "Net Income Continuous Operations": 51461000.0,
        "Tax Provision": 10731000.0,
        "Pretax Income": 62192000.0,
        "Other Income Expense": 13922000.0,
        "Other Non Operating Income Expenses": 13922000.0,
        "Special Income Charges": 0.0,
        "Write Off": 0.0,
        "Net Non Operating Interest Income Expense": -8361000.0,
        "Interest Expense Non Operating": 8361000.0,
        "Operating Income": 56631000.0,
        "Operating Expense": 120494000.0,
        "Selling General And Administration": 120494000.0,
        "General And Administrative Expense": 120494000.0,
        "Other Gand A": 120494000.0,
        "Gross Profit": 177125000.0,
        "Cost Of Revenue": 2443863000.0,
        "Total Revenue": 2620988000.0,
        "Operating Revenue": 2620988000.0
    },
    "2024-12-31": {
        "Tax Effect Of Unusual Items": 2521295.286245,
        "Tax Rate For Calcs": 0.19548,
        "Normalized EBITDA": 100796000.0,
        "Total Unusual Items": 12898000.0,
        "Total Unusual Items Excluding Goodwill": 12898000.0,
        "Net Income From Continuing Operation Net Minority Interest": 45090000.0,
        "Reconciled Depreciation": 36178000.0,
        "Reconciled Cost Of Revenue": 2910028000.0,
        "EBITDA": 113694000.0,
        "EBIT": 77516000.0,
        "Net Interest Income": 10827000.0,
        "Interest Expense": 10266000.0,
        "Normalized Income": 34713295.286245,
        "Net Income From Continuing And Discontinued Operation": 45090000.0,
        "Total Expenses": 3057182000.0,
        "Diluted Average Shares": 34419847.0,
        "Basic Average Shares": 34159091.0,
        "Diluted EPS": 1.31,
        "Basic EPS": 1.32,
        "Diluted NI Availto Com Stockholders": 45090000.0,
        "Net Income Common Stockholders": 45090000.0,
        "Net Income": 45090000.0,
        "Minority Interests": -9014000.0,
        "Net Income Including Noncontrolling Interests": 54104000.0,
        "Net Income Continuous Operations": 54104000.0,
        "Tax Provision": 13146000.0,
        "Pretax Income": 67250000.0,
        "Other Income Expense": -9533000.0,
        "Other Non Operating Income Expenses": -22431000.0,
        "Special Income Charges": 12898000.0,
        "Write Off": 0.0,
        "Net Non Operating Interest Income Expense": 10827000.0,
        "Interest Expense Non Operating": 10266000.0,
        "Operating Income": 65956000.0,
        "Operating Expense": 147154000.0,
        "Selling General And Administration": 147154000.0,
        "General And Administrative Expense": 147154000.0,
        "Other Gand A": 147154000.0,
        "Gross Profit": 213110000.0,
        "Cost Of Revenue": 2910028000.0,
        "Total Revenue": 3123138000.0,
        "Operating Revenue": 3123138000.0
    },
    "2025-03-31": {
        "Tax Effect Of Unusual Items": 0.0,
        "Tax Rate For Calcs": 0.21,
        "Normalized EBITDA": 50649000.0,
        "Total Unusual Items": NaN,
        "Total Unusual Items Excluding Goodwill": NaN,
        "Net Income From Continuing Operation Net Minority Interest": 284000.0,
        "Reconciled Depreciation": 34340000.0,
        "Reconciled Cost Of Revenue": 2506226000.0,
        "EBITDA": 50649000.0,
        "EBIT": 16309000.0,
        "Net Interest Income": -13096000.0,
        "Interest Expense": 13096000.0,
        "Normalized Income": 284000.0,
        "Net Income From Continuing And Discontinued Operation": 284000.0,
        "Total Expenses": 2651980000.0,
        "Diluted Average Shares": 28400000.0,
        "Basic Average Shares": 28400000.0,
        "Diluted EPS": 0.01,
        "Basic EPS": 0.01,
        "Diluted NI Availto Com Stockholders": 284000.0,
        "Net Income Common Stockholders": 284000.0,
        "Net Income": 284000.0,
        "Minority Interests": -5047000.0,
        "Net Income Including Noncontrolling Interests": 5331000.0,
        "Net Income Continuous Operations": 5331000.0,
        "Tax Provision": -2118000.0,
        "Pretax Income": 3213000.0,
        "Other Income Expense": 9191000.0,
        "Other Non Operating Income Expenses": 9191000.0,
        "Special Income Charges": NaN,
        "Write Off": NaN,
        "Net Non Operating Interest Income Expense": -13096000.0,
        "Interest Expense Non Operating": 13096000.0,
        "Operating Income": 7118000.0,
        "Operating Expense": 145754000.0,
        "Selling General And Administration": 145754000.0,
        "General And Administrative Expense": 145754000.0,
        "Other Gand A": 145754000.0,
        "Gross Profit": 152872000.0,
        "Cost Of Revenue": 2506226000.0,
        "Total Revenue": 2659098000.0,
        "Operating Revenue": 2659098000.0
    },
    "2025-06-30": {
        "Tax Effect Of Unusual Items": 0.0,
        "Tax Rate For Calcs": 0.323,
        "Normalized EBITDA": 69401000.0,
        "Total Unusual Items": NaN,
        "Total Unusual Items Excluding Goodwill": NaN,
        "Net Income From Continuing Operation Net Minority Interest": 7857000.0,
        "Reconciled Depreciation": 33071000.0,
        "Reconciled Cost Of Revenue": 2977453000.0,
        "EBITDA": 69401000.0,
        "EBIT": 36330000.0,
        "Net Interest Income": -11495000.0,
        "Interest Expense": 11495000.0,
        "Normalized Income": 7857000.0,
        "Net Income From Continuing And Discontinued Operation": 7857000.0,
        "Total Expenses": 3112042000.0,
        "Diluted Average Shares": 34160870.0,
        "Basic Average Shares": 34160870.0,
        "Diluted EPS": 0.23,
        "Basic EPS": 0.23,
        "Diluted NI Availto Com Stockholders": 7857000.0,
        "Net Income Common Stockholders": 7857000.0,
        "Net Income": 7857000.0,
        "Minority Interests": -8950000.0,
        "Net Income Including Noncontrolling Interests": 16807000.0,
        "Net Income Continuous Operations": 16807000.0,
        "Tax Provision": 8028000.0,
        "Pretax Income": 24835000.0,
        "Other Income Expense": 12503000.0,
        "Other Non Operating Income Expenses": 12503000.0,
        "Special Income Charges": NaN,
        "Write Off": NaN,
        "Net Non Operating Interest Income Expense": -11495000.0,
        "Interest Expense Non Operating": 11495000.0,
        "Operating Income": 23827000.0,
        "Operating Expense": 134589000.0,
        "Selling General And Administration": NaN,
        "General And Administrative Expense": NaN,
        "Other Gand A": NaN,
        "Gross Profit": 158416000.0,
        "Cost Of Revenue": 2977453000.0,
        "Total Revenue": 3135869000.0,
        "Operating Revenue": 3135869000.0
    },
    "2025-09-30": {
        "Tax Effect Of Unusual Items": 0.0,
        "Tax Rate For Calcs": 0.21,
        "Normalized EBITDA": 68968000.0,
        "Total Unusual Items": NaN,
        "Total Unusual Items Excluding Goodwill": NaN,
        "Net Income From Continuing Operation Net Minority Interest": 20138000.0,
        "Reconciled Depreciation": 32647000.0,
        "Reconciled Cost Of Revenue": 2506840000.0,
        "EBITDA": 68968000.0,
        "EBIT": 36321000.0,
        "Net Interest Income": -10478000.0,
        "Interest Expense": 10478000.0,
        "Normalized Income": 20138000.0,
        "Net Income From Continuing And Discontinued Operation": 20138000.0,
        "Total Expenses": 2679394000.0,
        "Diluted Average Shares": 34184000.0,
        "Basic Average Shares": 34010000.0,
        "Diluted EPS": 0.59,
        "Basic EPS": 0.59,
        "Diluted NI Availto Com Stockholders": 20138000.0,
        "Net Income Common Stockholders": 20138000.0,
        "Net Income": 20138000.0,
        "Minority Interests": -5933000.0,
        "Net Income Including Noncontrolling Interests": 26071000.0,
        "Net Income Continuous Operations": 26071000.0,
        "Tax Provision": -228000.0,
        "Pretax Income": 25843000.0,
        "Other Income Expense": 38003000.0,
        "Other Non Operating Income Expenses": 38003000.0,
        "Special Income Charges": NaN,
        "Write Off": NaN,
        "Net Non Operating Interest Income Expense": -10478000.0,
        "Interest Expense Non Operating": 10478000.0,
        "Operating Income": -1682000.0,
        "Operating Expense": 172554000.0,
        "Selling General And Administration": 172554000.0,
        "General And Administrative Expense": 172554000.0,
        "Other Gand A": 172554000.0,
        "Gross Profit": 170872000.0,
        "Cost Of Revenue": 2506840000.0,
        "Total Revenue": 2677712000.0,
        "Operating Revenue": 2677712000.0
    }
}