{
    "2023-04-30": {
        "Tax Effect Of Unusual Items": NaN,
        "Tax Rate For Calcs": NaN,
        "Normalized EBITDA": NaN,
        "Total Unusual Items": -4436000.0,
        "Total Unusual Items Excluding Goodwill": -4436000.0,
        "Net Income From Continuing Operation Net Minority Interest": NaN,
        "Reconciled Depreciation": NaN,
        "Reconciled Cost Of Revenue": NaN,
        "EBITDA": NaN,
        "EBIT": NaN,
        "Net Interest Income": NaN,
        "Interest Expense": NaN,
        "Interest Income": NaN,
        "Normalized Income": NaN,
        "Net Income From Continuing And Discontinued Operation": NaN,
        "Total Expenses": NaN,
        "Total Operating Income As Reported": NaN,
        "Diluted Average Shares": NaN,
        "Basic Average Shares": NaN,
        "Diluted EPS": NaN,
        "Basic EPS": NaN,
        "Diluted NI Availto Com Stockholders": NaN,
        "Net Income Common Stockholders": NaN,
        "Net Income": NaN,
        "Minority Interests": NaN,
        "Net Income Including Noncontrolling Interests": NaN,
        "Net Income Continuous Operations": NaN,
        "Tax Provision": NaN,
        "Pretax Income": NaN,
        "Other Income Expense": -4436000.0,
        "Special Income Charges": -4436000.0,
        "Impairment Of Capital Assets": 4436000.0,
        "Net Non Operating Interest Income Expense": NaN,
        "Interest Expense Non Operating": NaN,
        "Interest Income Non Operating": NaN,
        "Operating Income": NaN,
        "Operating Expense": NaN,
        "Other Operating Expenses": NaN,
        "Selling General And Administration": NaN,
        "Selling And Marketing Expense": NaN,
        "General And Administrative Expense": NaN,
        "Other Gand A": NaN,
        "Gross Profit": NaN,
        "Cost Of Revenue": NaN,
        "Total Revenue": NaN,
        "Operating Revenue": NaN
    },
    "2023-01-31": {
        "Tax Effect Of Unusual Items": NaN,
        "Tax Rate For Calcs": NaN,
        "Normalized EBITDA": NaN,
        "Total Unusual Items": -4695000.0,
        "Total Unusual Items Excluding Goodwill": -4695000.0,
        "Net Income From Continuing Operation Net Minority Interest": NaN,
        "Reconciled Depreciation": NaN,
        "Reconciled Cost Of Revenue": NaN,
        "EBITDA": NaN,
        "EBIT": NaN,
        "Net Interest Income": NaN,
        "Interest Expense": NaN,
        "Interest Income": NaN,
        "Normalized Income": NaN,
        "Net Income From Continuing And Discontinued Operation": NaN,
        "Total Expenses": NaN,
        "Total Operating Income As Reported": NaN,
        "Diluted Average Shares": NaN,
        "Basic Average Shares": NaN,
        "Diluted EPS": NaN,
        "Basic EPS": NaN,
        "Diluted NI Availto Com Stockholders": NaN,
        "Net Income Common Stockholders": NaN,
        "Net Income": NaN,
        "Minority Interests": NaN,
        "Net Income Including Noncontrolling Interests": NaN,
        "Net Income Continuous Operations": NaN,
        "Tax Provision": NaN,
        "Pretax Income": NaN,
        "Other Income Expense": -4695000.0,
        "Special Income Charges": -4695000.0,
        "Impairment Of Capital Assets": 4695000.0,
        "Net Non Operating Interest Income Expense": NaN,
        "Interest Expense Non Operating": NaN,
        "Interest Income Non Operating": NaN,
        "Operating Income": NaN,
        "Operating Expense": NaN,
        "Other Operating Expenses": NaN,
        "Selling General And Administration": NaN,
        "Selling And Marketing Expense": NaN,
        "General And Administrative Expense": NaN,
        "Other Gand A": NaN,
        "Gross Profit": NaN,
        "Cost Of Revenue": NaN,
        "Total Revenue": NaN,
        "Operating Revenue": NaN
    },
    "2022-10-31": {
        "Tax Effect Of Unusual Items": NaN,
        "Tax Rate For Calcs": NaN,
        "Normalized EBITDA": NaN,
        "Total Unusual Items": -3744000.0,
        "Total Unusual Items Excluding Goodwill": -3744000.0,
        "Net Income From Continuing Operation Net Minority Interest": NaN,
        "Reconciled Depreciation": NaN,
        "Reconciled Cost Of Revenue": NaN,
        "EBITDA": NaN,
        "EBIT": NaN,
        "Net Interest Income": NaN,
        "Interest Expense": NaN,
        "Interest Income": NaN,
        "Normalized Income": NaN,
        "Net Income From Continuing And Discontinued Operation": NaN,
        "Total Expenses": NaN,
        "Total Operating Income As Reported": NaN,
        "Diluted Average Shares": NaN,
        "Basic Average Shares": NaN,
        "Diluted EPS": NaN,
        "Basic EPS": NaN,
        "Diluted NI Availto Com Stockholders": NaN,
        "Net Income Common Stockholders": NaN,
        "Net Income": NaN,
        "Minority Interests": NaN,
        "Net Income Including Noncontrolling Interests": NaN,
        "Net Income Continuous Operations": NaN,
        "Tax Provision": NaN,
        "Pretax Income": NaN,
        "Other Income Expense": -3744000.0,
        "Special Income Charges": -3744000.0,
        "Impairment Of Capital Assets": 3744000.0,
        "Net Non Operating Interest Income Expense": NaN,
        "Interest Expense Non Operating": NaN,
        "Interest Income Non Operating": NaN,
        "Operating Income": NaN,
        "Operating Expense": NaN,
        "Other Operating Expenses": NaN,
        "Selling General And Administration": NaN,
        "Selling And Marketing Expense": NaN,
        "General And Administrative Expense": 133201000.0,
        "Other Gand A": 133201000.0,
        "Gross Profit": NaN,
        "Cost Of Revenue": NaN,
        "Total Revenue": NaN,
        "Operating Revenue": NaN
    },
    "2022-07-31": {
        "Tax Effect Of Unusual Items": -868000.0,
        "Tax Rate For Calcs": 0.4,
        "Normalized EBITDA": -21000.0,
        "Total Unusual Items": -2170000.0,
        "Total Unusual Items Excluding Goodwill": -2170000.0,
        "Net Income From Continuing Operation Net Minority Interest": -16834000.0,
        "Reconciled Depreciation": 31655000.0,
        "Reconciled Cost Of Revenue": 339200000.0,
        "EBITDA": -2191000.0,
        "EBIT": -2191000.0,
        "Net Interest Income": -6917000.0,
        "Interest Expense": 6917000.0,
        "Interest Income": 743000.0,
        "Normalized Income": -15532000.0,
        "Net Income From Continuing And Discontinued Operation": -16834000.0,
        "Total Expenses": 805112000.0,
        "Total Operating Income As Reported": -2191000.0,
        "Diluted Average Shares": 50441000.0,
        "Basic Average Shares": 50441000.0,
        "Diluted EPS": -0.33,
        "Basic EPS": -0.33,
        "Diluted NI Availto Com Stockholders": -16834000.0,
        "Net Income Common Stockholders": -16834000.0,
        "Net Income": -16834000.0,
        "Minority Interests": -2092000.0,
        "Net Income Including Noncontrolling Interests": -14742000.0,
        "Net Income Continuous Operations": -14742000.0,
        "Tax Provision": 5634000.0,
        "Pretax Income": -9108000.0,
        "Other Income Expense": -2170000.0,
        "Special Income Charges": -2170000.0,
        "Impairment Of Capital Assets": 2170000.0,
        "Net Non Operating Interest Income Expense": -6917000.0,
        "Interest Expense Non Operating": 6917000.0,
        "Interest Income Non Operating": 743000.0,
        "Operating Income": -21000.0,
        "Operating Expense": 465912000.0,
        "Other Operating Expenses": 953000.0,
        "Selling General And Administration": 464959000.0,
        "Selling And Marketing Expense": 340791000.0,
        "General And Administrative Expense": 124168000.0,
        "Other Gand A": 124168000.0,
        "Gross Profit": 465891000.0,
        "Cost Of Revenue": 339200000.0,
        "Total Revenue": 805091000.0,
        "Operating Revenue": 805091000.0
    },
    "2022-04-30": {
        "Diluted EPS": -0.32,
        "Total Revenue": 813,
        "Gross Profit": 450,
        "Operating Income": -10,
        "EBIT": 24,
        "Net Income": -16
    },
    "2022-01-31": {
        "Diluted EPS": 1.1,
        "Total Revenue": NaN,
        "Gross Profit": 677,
        "Operating Income": 98,
        "EBIT": 134,
        "Net Income": 66
    },
    "2021-10-31": {
        "Diluted EPS": 0.77,
        "Total Revenue": 905,
        "Gross Profit": 576,
        "Operating Income": 73,
        "EBIT": 108,
        "Net Income": 47
    },
    "2021-07-31": {
        "Diluted EPS": 1.69,
        "Total Revenue": 865,
        "Gross Profit": 563,
        "Operating Income": 115,
        "EBIT": 149,
        "Net Income": 109
    },
    "2021-04-30": {
        "Diluted EPS": 0.64,
        "Total Revenue": 781,
        "Gross Profit": 495,
        "Operating Income": 57,
        "EBIT": 95,
        "Net Income": 42
    },
    "2021-01-31": {
        "Diluted EPS": 1.33,
        "Total Revenue": NaN,
        "Gross Profit": 679,
        "Operating Income": 116,
        "EBIT": 155,
        "Net Income": 82
    },
    "2020-10-31": {
        "Diluted EPS": 0.66,
        "Total Revenue": 820,
        "Gross Profit": 524,
        "Operating Income": 59,
        "EBIT": 103,
        "Net Income": 42
    },
    "2020-07-31": {
        "Diluted EPS": 0.09,
        "Total Revenue": 698,
        "Gross Profit": 424,
        "Operating Income": 14,
        "EBIT": 53,
        "Net Income": 5
    },
    "2020-04-30": {
        "Diluted EPS": -3.9,
        "Total Revenue": 485,
        "Gross Profit": 264,
        "Operating Income": -209,
        "EBIT": -165,
        "Net Income": -244
    },
    "2020-01-31": {
        "Diluted EPS": 1.27,
        "Total Revenue": NaN,
        "Gross Profit": 689,
        "Operating Income": 122,
        "EBIT": 171,
        "Net Income": 83
    },
    "2019-10-31": {
        "Diluted EPS": 0.1,
        "Total Revenue": 863,
        "Gross Profit": 519,
        "Operating Income": 14,
        "EBIT": 58,
        "Net Income": 7
    },
    "2019-07-31": {
        "Diluted EPS": -0.48,
        "Total Revenue": 841,
        "Gross Profit": 499,
        "Operating Income": -39,
        "EBIT": 1,
        "Net Income": -31
    },
    "2019-04-30": {
        "Diluted EPS": -0.29,
        "Total Revenue": 734,
        "Gross Profit": 444,
        "Operating Income": -27,
        "EBIT": 14,
        "Net Income": -19
    },
    "2019-01-31": {
        "Diluted EPS": 1.41,
        "Total Revenue": NaN,
        "Gross Profit": 683,
        "Operating Income": 130,
        "EBIT": 166,
        "Net Income": 97
    },
    "2018-10-31": {
        "Diluted EPS": 0.35,
        "Total Revenue": 861,
        "Gross Profit": 528,
        "Operating Income": 40,
        "EBIT": 77,
        "Net Income": 24
    },
    "2018-07-31": {
        "Diluted EPS": -0.06,
        "Total Revenue": 842,
        "Gross Profit": 507,
        "Operating Income": 0,
        "EBIT": 40,
        "Net Income": -4
    },
    "2018-04-30": {
        "Diluted EPS": -0.62,
        "Total Revenue": 731,
        "Gross Profit": 442,
        "Operating Income": -42,
        "EBIT": 0,
        "Net Income": -42
    },
    "2018-01-31": {
        "Diluted EPS": 1.09,
        "Total Revenue": NaN,
        "Gross Profit": 697,
        "Operating Income": 140,
        "EBIT": 183,
        "Net Income": 74
    },
    "2017-10-31": {
        "Diluted EPS": 0.15,
        "Total Revenue": 859,
        "Gross Profit": 527,
        "Operating Income": 23,
        "EBIT": 67,
        "Net Income": 10
    },
    "2017-07-31": {
        "Diluted EPS": -0.23,
        "Total Revenue": 779,
        "Gross Profit": 461,
        "Operating Income": -21,
        "EBIT": 21,
        "Net Income": -15
    },
    "2017-04-30": {
        "Diluted EPS": -0.91,
        "Total Revenue": 661,
        "Gross Profit": 399,
        "Operating Income": -70,
        "EBIT": -26,
        "Net Income": -62
    },
    "2017-01-31": {
        "Diluted EPS": 0.72,
        "Total Revenue": NaN,
        "Gross Profit": 615,
        "Operating Income": 61,
        "EBIT": 104,
        "Net Income": 49
    },
    "2016-10-31": {
        "Diluted EPS": 0.12,
        "Total Revenue": 822,
        "Gross Profit": 511,
        "Operating Income": 20,
        "EBIT": 60,
        "Net Income": 8
    },
    "2016-07-31": {
        "Diluted EPS": -0.19,
        "Total Revenue": 783,
        "Gross Profit": 477,
        "Operating Income": -11,
        "EBIT": 32,
        "Net Income": -13
    },
    "2016-04-30": {
        "Diluted EPS": -0.59,
        "Total Revenue": 685,
        "Gross Profit": 426,
        "Operating Income": -55,
        "EBIT": -11,
        "Net Income": -40
    },
    "2016-01-31": {
        "Diluted EPS": 0.83,
        "Total Revenue": NaN,
        "Gross Profit": 676,
        "Operating Income": 120,
        "EBIT": 166,
        "Net Income": 58
    },
    "2015-10-31": {
        "Diluted EPS": 0.6,
        "Total Revenue": 879,
        "Gross Profit": 560,
        "Operating Income": 41,
        "EBIT": 86,
        "Net Income": 42
    },
    "2015-07-31": {
        "Diluted EPS": -0.01,
        "Total Revenue": 818,
        "Gross Profit": 510,
        "Operating Income": 2,
        "EBIT": 50,
        "Net Income": -1
    },
    "2015-04-30": {
        "Diluted EPS": -0.91,
        "Total Revenue": 709,
        "Gross Profit": 412,
        "Operating Income": -90,
        "EBIT": -45,
        "Net Income": -63
    },
    "2015-01-31": {
        "Diluted EPS": 0.61,
        "Total Revenue": NaN,
        "Gross Profit": 682,
        "Operating Income": 92,
        "EBIT": 135,
        "Net Income": 44
    },
    "2014-10-31": {
        "Diluted EPS": 0.25,
        "Total Revenue": 911,
        "Gross Profit": 567,
        "Operating Income": 33,
        "EBIT": 81,
        "Net Income": 18
    },
    "2014-07-31": {
        "Diluted EPS": 0.17,
        "Total Revenue": 891,
        "Gross Profit": 553,
        "Operating Income": 19,
        "EBIT": 70,
        "Net Income": 13
    },
    "2014-04-30": {
        "Diluted EPS": -0.32,
        "Total Revenue": 822,
        "Gross Profit": 512,
        "Operating Income": -32,
        "EBIT": 15,
        "Net Income": -24
    },
    "2014-01-31": {
        "Diluted EPS": 0.84,
        "Total Revenue": NaN,
        "Gross Profit": 767,
        "Operating Income": 111,
        "EBIT": 151,
        "Net Income": 66
    },
    "2013-10-31": {
        "Diluted EPS": -0.2,
        "Total Revenue": NaN,
        "Gross Profit": 651,
        "Operating Income": -35,
        "EBIT": 15,
        "Net Income": -16
    },
    "2013-07-31": {
        "Diluted EPS": 0.14,
        "Total Revenue": 946,
        "Gross Profit": 604,
        "Operating Income": 19,
        "EBIT": 70,
        "Net Income": 11
    },
    "2013-04-30": {
        "Diluted EPS": -0.09,
        "Total Revenue": 839,
        "Gross Profit": 553,
        "Operating Income": -14,
        "EBIT": 35,
        "Net Income": -7
    },
    "2013-01-31": {
        "Diluted EPS": 1.88,
        "Total Revenue": NaN,
        "Gross Profit": 931,
        "Operating Income": 245,
        "EBIT": 292,
        "Net Income": 157
    },
    "2012-10-31": {
        "Diluted EPS": 1.02,
        "Total Revenue": NaN,
        "Gross Profit": 753,
        "Operating Income": 133,
        "EBIT": 179,
        "Net Income": 84
    },
    "2012-07-31": {
        "Diluted EPS": 0.2,
        "Total Revenue": 951,
        "Gross Profit": 592,
        "Operating Income": 25,
        "EBIT": 68,
        "Net Income": 17
    },
    "2012-04-30": {
        "Diluted EPS": -0.25,
        "Total Revenue": 921,
        "Gross Profit": 541,
        "Operating Income": -29,
        "EBIT": 14,
        "Net Income": -21
    },
    "2012-01-31": {
        "Diluted EPS": 0.41,
        "Total Revenue": NaN,
        "Gross Profit": 777,
        "Operating Income": 56,
        "EBIT": 100,
        "Net Income": 36
    },
    "2011-10-31": {
        "Diluted EPS": 0.57,
        "Total Revenue": NaN,
        "Gross Profit": 647,
        "Operating Income": 80,
        "EBIT": 126,
        "Net Income": 51
    },
    "2011-07-31": {
        "Diluted EPS": 0.35,
        "Total Revenue": 917,
        "Gross Profit": 583,
        "Operating Income": 47,
        "EBIT": 95,
        "Net Income": 32
    },
    "2011-04-30": {
        "Diluted EPS": 0.28,
        "Total Revenue": 837,
        "Gross Profit": 544,
        "Operating Income": 39,
        "EBIT": 85,
        "Net Income": 25
    },
    "2011-01-31": {
        "Diluted EPS": 1.08,
        "Total Revenue": NaN,
        "Gross Profit": 736,
        "Operating Income": 150,
        "EBIT": 198,
        "Net Income": 98
    },
    "2010-10-31": {
        "Diluted EPS": 0.56,
        "Total Revenue": 886,
        "Gross Profit": 564,
        "Operating Income": 78,
        "EBIT": 122,
        "Net Income": 50
    },
    "2010-07-31": {
        "Diluted EPS": 0.22,
        "Total Revenue": 746,
        "Gross Profit": 485,
        "Operating Income": 28,
        "EBIT": 72,
        "Net Income": 19
    },
    "2010-04-30": {
        "Diluted EPS": -0.13,
        "Total Revenue": 688,
        "Gross Profit": 431,
        "Operating Income": -19,
        "EBIT": 26,
        "Net Income": -12
    },
    "2010-01-31": {
        "Diluted EPS": 0.54,
        "Total Revenue": 936,
        "Gross Profit": 595,
        "Operating Income": 95,
        "EBIT": 143,
        "Net Income": 47
    },
    "2009-10-31": {
        "Diluted EPS": 0.44,
        "Total Revenue": 754,
        "Gross Profit": 483,
        "Operating Income": 47,
        "EBIT": 95,
        "Net Income": 39
    },
    "2009-07-31": {
        "Diluted EPS": -0.3,
        "Total Revenue": 637,
        "Gross Profit": 425,
        "Operating Income": 9,
        "EBIT": 56,
        "Net Income": -27
    },
    "2009-04-30": {
        "Diluted EPS": -0.68,
        "Total Revenue": 602,
        "Gross Profit": 381,
        "Operating Income": -34,
        "EBIT": 15,
        "Net Income": -59
    },
    "2009-01-31": {
        "Diluted EPS": 0.77,
        "Total Revenue": 942,
        "Gross Profit": 612,
        "Operating Income": 184,
        "EBIT": 232,
        "Net Income": 68
    },
    "2023-07-31": {
        "Tax Effect Of Unusual Items": NaN,
        "Tax Rate For Calcs": NaN,
        "Normalized EBITDA": NaN,
        "Total Unusual Items": 0.0,
        "Total Unusual Items Excluding Goodwill": 0.0,
        "Net Income From Continuing Operation Net Minority Interest": NaN,
        "Reconciled Depreciation": NaN,
        "Reconciled Cost Of Revenue": NaN,
        "EBITDA": NaN,
        "EBIT": NaN,
        "Net Interest Income": NaN,
        "Interest Expense": NaN,
        "Interest Income": NaN,
        "Normalized Income": NaN,
        "Net Income From Continuing And Discontinued Operation": NaN,
        "Total Expenses": NaN,
        "Total Operating Income As Reported": NaN,
        "Diluted Average Shares": NaN,
        "Basic Average Shares": NaN,
        "Diluted EPS": NaN,
        "Basic EPS": NaN,
        "Diluted NI Availto Com Stockholders": NaN,
        "Net Income Common Stockholders": NaN,
        "Net Income": NaN,
        "Minority Interests": NaN,
        "Net Income Including Noncontrolling Interests": NaN,
        "Net Income Continuous Operations": NaN,
        "Tax Provision": NaN,
        "Pretax Income": NaN,
        "Special Income Charges": 0.0,
        "Impairment Of Capital Assets": 0.0,
        "Net Non Operating Interest Income Expense": NaN,
        "Interest Expense Non Operating": NaN,
        "Interest Income Non Operating": NaN,
        "Operating Income": NaN,
        "Operating Expense": NaN,
        "Other Operating Expenses": NaN,
        "Selling General And Administration": NaN,
        "Selling And Marketing Expense": NaN,
        "General And Administrative Expense": NaN,
        "Other Gand A": NaN,
        "Gross Profit": NaN,
        "Cost Of Revenue": NaN,
        "Total Revenue": NaN,
        "Operating Revenue": NaN
    },
    "2023-10-31": {
        "Tax Effect Of Unusual Items": NaN,
        "Tax Rate For Calcs": NaN,
        "Normalized EBITDA": NaN,
        "Total Unusual Items": 0.0,
        "Total Unusual Items Excluding Goodwill": 0.0,
        "Net Income From Continuing Operation Net Minority Interest": NaN,
        "Reconciled Depreciation": NaN,
        "Reconciled Cost Of Revenue": NaN,
        "EBITDA": NaN,
        "EBIT": NaN,
        "Net Interest Income": NaN,
        "Interest Expense": NaN,
        "Interest Income": NaN,
        "Normalized Income": NaN,
        "Net Income From Continuing And Discontinued Operation": NaN,
        "Total Expenses": NaN,
        "Total Operating Income As Reported": NaN,
        "Diluted Average Shares": NaN,
        "Basic Average Shares": NaN,
        "Diluted EPS": NaN,
        "Basic EPS": NaN,
        "Diluted NI Availto Com Stockholders": NaN,
        "Net Income Common Stockholders": NaN,
        "Net Income": NaN,
        "Minority Interests": NaN,
        "Net Income Including Noncontrolling Interests": NaN,
        "Net Income Continuous Operations": NaN,
        "Tax Provision": NaN,
        "Pretax Income": NaN,
        "Special Income Charges": 0.0,
        "Impairment Of Capital Assets": 0.0,
        "Net Non Operating Interest Income Expense": NaN,
        "Interest Expense Non Operating": NaN,
        "Interest Income Non Operating": NaN,
        "Operating Income": NaN,
        "Operating Expense": NaN,
        "Other Operating Expenses": NaN,
        "Selling General And Administration": NaN,
        "Selling And Marketing Expense": NaN,
        "General And Administrative Expense": NaN,
        "Other Gand A": NaN,
        "Gross Profit": NaN,
        "Cost Of Revenue": NaN,
        "Total Revenue": NaN,
        "Operating Revenue": NaN
    },
    "2024-01-31": {
        "Tax Effect Of Unusual Items": 0.0,
        "Tax Rate For Calcs": 0.29229,
        "Normalized EBITDA": 269888000.0,
        "Total Unusual Items": NaN,
        "Total Unusual Items Excluding Goodwill": NaN,
        "Net Income From Continuing Operation Net Minority Interest": 158447000.0,
        "Reconciled Depreciation": 35557000.0,
        "Reconciled Cost Of Revenue": 539338000.0,
        "EBITDA": 269888000.0,
        "EBIT": 234331000.0,
        "Net Interest Income": 4839000.0,
        "Interest Expense": 6691000.0,
        "Interest Income": 11530000.0,
        "Normalized Income": 158447000.0,
        "Net Income From Continuing And Discontinued Operation": 158447000.0,
        "Total Expenses": 1234542000.0,
        "Total Operating Income As Reported": 222801000.0,
        "Diluted Average Shares": 53399000.0,
        "Basic Average Shares": 50559000.0,
        "Diluted EPS": 2.97,
        "Basic EPS": 3.13,
        "Diluted NI Availto Com Stockholders": 158447000.0,
        "Net Income Common Stockholders": 158447000.0,
        "Net Income": 158447000.0,
        "Minority Interests": -2656000.0,
        "Net Income Including Noncontrolling Interests": 161103000.0,
        "Net Income Continuous Operations": 161103000.0,
        "Tax Provision": 66537000.0,
        "Pretax Income": 227640000.0,
        "Special Income Charges": NaN,
        "Impairment Of Capital Assets": NaN,
        "Net Non Operating Interest Income Expense": 4839000.0,
        "Interest Expense Non Operating": 6691000.0,
        "Interest Income Non Operating": 11530000.0,
        "Operating Income": 218365000.0,
        "Operating Expense": 695204000.0,
        "Other Operating Expenses": -1541000.0,
        "Selling General And Administration": 696745000.0,
        "Selling And Marketing Expense": 503511000.0,
        "General And Administrative Expense": 193234000.0,
        "Other Gand A": 193234000.0,
        "Gross Profit": 913569000.0,
        "Cost Of Revenue": 539338000.0,
        "Total Revenue": 1452907000.0,
        "Operating Revenue": 1452907000.0
    },
    "2024-04-30": {
        "Tax Effect Of Unusual Items": 0.0,
        "Tax Rate For Calcs": 0.147,
        "Normalized EBITDA": 178341000.0,
        "Total Unusual Items": NaN,
        "Total Unusual Items Excluding Goodwill": NaN,
        "Net Income From Continuing Operation Net Minority Interest": 113850000.0,
        "Reconciled Depreciation": 37689000.0,
        "Reconciled Cost Of Revenue": 343273000.0,
        "EBITDA": 178341000.0,
        "EBIT": 140652000.0,
        "Net Interest Income": 5023000.0,
        "Interest Expense": 5780000.0,
        "Interest Income": 10803000.0,
        "Normalized Income": 113850000.0,
        "Net Income From Continuing And Discontinued Operation": 113850000.0,
        "Total Expenses": 890881000.0,
        "Total Operating Income As Reported": 129849000.0,
        "Diluted Average Shares": 53276000.0,
        "Basic Average Shares": 50893000.0,
        "Diluted EPS": 2.14,
        "Basic EPS": 2.24,
        "Diluted NI Availto Com Stockholders": 113850000.0,
        "Net Income Common Stockholders": 113850000.0,
        "Net Income": 113850000.0,
        "Minority Interests": -1228000.0,
        "Net Income Including Noncontrolling Interests": 115078000.0,
        "Net Income Continuous Operations": 115078000.0,
        "Tax Provision": 19794000.0,
        "Pretax Income": 134872000.0,
        "Special Income Charges": NaN,
        "Impairment Of Capital Assets": NaN,
        "Net Non Operating Interest Income Expense": 5023000.0,
        "Interest Expense Non Operating": 5780000.0,
        "Interest Income Non Operating": 10803000.0,
        "Operating Income": 129849000.0,
        "Operating Expense": 547608000.0,
        "Other Operating Expenses": -1958000.0,
        "Selling General And Administration": 549566000.0,
        "Selling And Marketing Expense": 371686000.0,
        "General And Administrative Expense": 177880000.0,
        "Other Gand A": 177880000.0,
        "Gross Profit": 677457000.0,
        "Cost Of Revenue": 343273000.0,
        "Total Revenue": 1020730000.0,
        "Operating Revenue": 1020730000.0
    },
    "2024-07-31": {
        "Tax Effect Of Unusual Items": 0.0,
        "Tax Rate For Calcs": 0.251,
        "Normalized EBITDA": 225372000.0,
        "Total Unusual Items": NaN,
        "Total Unusual Items Excluding Goodwill": NaN,
        "Net Income From Continuing Operation Net Minority Interest": 133168000.0,
        "Reconciled Depreciation": 39355000.0,
        "Reconciled Cost Of Revenue": 397712000.0,
        "EBITDA": 225372000.0,
        "EBIT": 186017000.0,
        "Net Interest Income": 5203000.0,
        "Interest Expense": 5189000.0,
        "Interest Income": 10392000.0,
        "Normalized Income": 133168000.0,
        "Net Income From Continuing And Discontinued Operation": 133168000.0,
        "Total Expenses": 958349000.0,
        "Total Operating Income As Reported": 175625000.0,
        "Diluted Average Shares": 53279000.0,
        "Basic Average Shares": 51246000.0,
        "Diluted EPS": 2.5,
        "Basic EPS": 2.6,
        "Diluted NI Availto Com Stockholders": 133168000.0,
        "Net Income Common Stockholders": 133168000.0,
        "Net Income": 133168000.0,
        "Minority Interests": -2211000.0,
        "Net Income Including Noncontrolling Interests": 135379000.0,
        "Net Income Continuous Operations": 135379000.0,
        "Tax Provision": 45449000.0,
        "Pretax Income": 180828000.0,
        "Special Income Charges": NaN,
        "Impairment Of Capital Assets": NaN,
        "Net Non Operating Interest Income Expense": 5203000.0,
        "Interest Expense Non Operating": 5189000.0,
        "Interest Income Non Operating": 10392000.0,
        "Operating Income": 175625000.0,
        "Operating Expense": 560637000.0,
        "Other Operating Expenses": -67000.0,
        "Selling General And Administration": 560704000.0,
        "Selling And Marketing Expense": 390233000.0,
        "General And Administrative Expense": 170471000.0,
        "Other Gand A": 170471000.0,
        "Gross Profit": 736262000.0,
        "Cost Of Revenue": 397712000.0,
        "Total Revenue": 1133974000.0,
        "Operating Revenue": 1133974000.0
    },
    "2024-10-31": {
        "Tax Effect Of Unusual Items": 0.0,
        "Tax Rate For Calcs": 0.288,
        "Normalized EBITDA": 228150000.0,
        "Total Unusual Items": NaN,
        "Total Unusual Items Excluding Goodwill": NaN,
        "Net Income From Continuing Operation Net Minority Interest": 131979000.0,
        "Reconciled Depreciation": 39566000.0,
        "Reconciled Cost Of Revenue": 422034000.0,
        "EBITDA": 228150000.0,
        "EBIT": 188584000.0,
        "Net Interest Income": 8733000.0,
        "Interest Expense": 569000.0,
        "Interest Income": 9302000.0,
        "Normalized Income": 131979000.0,
        "Net Income From Continuing And Discontinued Operation": 131979000.0,
        "Total Expenses": 1029684000.0,
        "Total Operating Income As Reported": 179282000.0,
        "Diluted Average Shares": 52869000.0,
        "Basic Average Shares": 50951000.0,
        "Diluted EPS": 2.5,
        "Basic EPS": 2.59,
        "Diluted NI Availto Com Stockholders": 131979000.0,
        "Net Income Common Stockholders": 131979000.0,
        "Net Income": 131979000.0,
        "Minority Interests": -1885000.0,
        "Net Income Including Noncontrolling Interests": 133864000.0,
        "Net Income Continuous Operations": 133864000.0,
        "Tax Provision": 54151000.0,
        "Pretax Income": 188015000.0,
        "Special Income Charges": NaN,
        "Impairment Of Capital Assets": NaN,
        "Net Non Operating Interest Income Expense": 8733000.0,
        "Interest Expense Non Operating": 569000.0,
        "Interest Income Non Operating": 9302000.0,
        "Operating Income": 179282000.0,
        "Operating Expense": 607650000.0,
        "Other Operating Expenses": -1586000.0,
        "Selling General And Administration": 609236000.0,
        "Selling And Marketing Expense": 419235000.0,
        "General And Administrative Expense": 190001000.0,
        "Other Gand A": 190001000.0,
        "Gross Profit": 786932000.0,
        "Cost Of Revenue": 422034000.0,
        "Total Revenue": 1208966000.0,
        "Operating Revenue": 1208966000.0
    },
    "2025-01-31": {
        "Tax Effect Of Unusual Items": 0.0,
        "Tax Rate For Calcs": 0.284067,
        "Normalized EBITDA": 302664000.0,
        "Total Unusual Items": NaN,
        "Total Unusual Items Excluding Goodwill": NaN,
        "Net Income From Continuing Operation Net Minority Interest": 187226000.0,
        "Reconciled Depreciation": 37163000.0,
        "Reconciled Cost Of Revenue": 610907000.0,
        "EBITDA": 302664000.0,
        "EBIT": 265501000.0,
        "Net Interest Income": 8898000.0,
        "Interest Expense": 539000.0,
        "Interest Income": 9437000.0,
        "Normalized Income": 187226000.0,
        "Net Income From Continuing And Discontinued Operation": 187226000.0,
        "Total Expenses": 1328853000.0,
        "Total Operating Income As Reported": 256064000.0,
        "Diluted Average Shares": 52461000.0,
        "Basic Average Shares": 50265000.0,
        "Diluted EPS": 3.57,
        "Basic EPS": 3.72,
        "Diluted NI Availto Com Stockholders": 187226000.0,
        "Net Income Common Stockholders": 187226000.0,
        "Net Income": 187226000.0,
        "Minority Interests": -2469000.0,
        "Net Income Including Noncontrolling Interests": 189695000.0,
        "Net Income Continuous Operations": 189695000.0,
        "Tax Provision": 75267000.0,
        "Pretax Income": 264962000.0,
        "Special Income Charges": NaN,
        "Impairment Of Capital Assets": NaN,
        "Net Non Operating Interest Income Expense": 8898000.0,
        "Interest Expense Non Operating": 539000.0,
        "Interest Income Non Operating": 9437000.0,
        "Operating Income": 256064000.0,
        "Operating Expense": 717946000.0,
        "Other Operating Expenses": -3021000.0,
        "Selling General And Administration": 720967000.0,
        "Selling And Marketing Expense": 508834000.0,
        "General And Administrative Expense": 212133000.0,
        "Other Gand A": 212133000.0,
        "Gross Profit": 974010000.0,
        "Cost Of Revenue": 610907000.0,
        "Total Revenue": 1584917000.0,
        "Operating Revenue": 1584917000.0
    }
}