{
    "2023-03-31": {
        "Tax Effect Of Unusual Items": NaN,
        "Tax Rate For Calcs": NaN,
        "Normalized EBITDA": NaN,
        "Total Unusual Items": 387000.0,
        "Total Unusual Items Excluding Goodwill": 387000.0,
        "Net Income From Continuing Operation Net Minority Interest": NaN,
        "Reconciled Depreciation": NaN,
        "Reconciled Cost Of Revenue": NaN,
        "EBITDA": NaN,
        "EBIT": NaN,
        "Net Interest Income": NaN,
        "Interest Expense": NaN,
        "Interest Income": NaN,
        "Normalized Income": NaN,
        "Net Income From Continuing And Discontinued Operation": NaN,
        "Total Expenses": NaN,
        "Total Operating Income As Reported": NaN,
        "Diluted Average Shares": NaN,
        "Basic Average Shares": NaN,
        "Diluted EPS": NaN,
        "Basic EPS": NaN,
        "Diluted NI Availto Com Stockholders": NaN,
        "Net Income Common Stockholders": NaN,
        "Net Income": NaN,
        "Minority Interests": NaN,
        "Net Income Including Noncontrolling Interests": NaN,
        "Net Income Discontinuous Operations": NaN,
        "Net Income Continuous Operations": NaN,
        "Tax Provision": NaN,
        "Pretax Income": NaN,
        "Other Income Expense": NaN,
        "Other Non Operating Income Expenses": NaN,
        "Gain On Sale Of Security": 387000.0,
        "Net Non Operating Interest Income Expense": NaN,
        "Interest Expense Non Operating": NaN,
        "Interest Income Non Operating": NaN,
        "Operating Income": NaN,
        "Operating Expense": NaN,
        "Depreciation Amortization Depletion Income Statement": NaN,
        "Depreciation And Amortization In Income Statement": NaN,
        "Amortization": NaN,
        "Amortization Of Intangibles Income Statement": NaN,
        "Depreciation Income Statement": NaN,
        "Research And Development": NaN,
        "Selling General And Administration": NaN,
        "Selling And Marketing Expense": NaN,
        "General And Administrative Expense": NaN,
        "Other Gand A": NaN,
        "Gross Profit": NaN,
        "Cost Of Revenue": NaN,
        "Total Revenue": NaN,
        "Operating Revenue": NaN
    },
    "2022-12-31": {
        "Tax Effect Of Unusual Items": NaN,
        "Tax Rate For Calcs": NaN,
        "Normalized EBITDA": NaN,
        "Total Unusual Items": -22797000.0,
        "Total Unusual Items Excluding Goodwill": -22797000.0,
        "Net Income From Continuing Operation Net Minority Interest": NaN,
        "Reconciled Depreciation": NaN,
        "Reconciled Cost Of Revenue": NaN,
        "EBITDA": NaN,
        "EBIT": NaN,
        "Net Interest Income": NaN,
        "Interest Expense": NaN,
        "Interest Income": NaN,
        "Normalized Income": NaN,
        "Net Income From Continuing And Discontinued Operation": NaN,
        "Total Expenses": NaN,
        "Total Operating Income As Reported": NaN,
        "Diluted Average Shares": NaN,
        "Basic Average Shares": NaN,
        "Diluted EPS": NaN,
        "Basic EPS": NaN,
        "Diluted NI Availto Com Stockholders": NaN,
        "Net Income Common Stockholders": NaN,
        "Net Income": NaN,
        "Minority Interests": NaN,
        "Net Income Including Noncontrolling Interests": NaN,
        "Net Income Discontinuous Operations": NaN,
        "Net Income Continuous Operations": NaN,
        "Tax Provision": NaN,
        "Pretax Income": NaN,
        "Other Income Expense": NaN,
        "Other Non Operating Income Expenses": NaN,
        "Special Income Charges": -26005000.0,
        "Gain On Sale Of Business": 0.0,
        "Gain On Sale Of Security": 3208000.0,
        "Net Non Operating Interest Income Expense": NaN,
        "Interest Expense Non Operating": NaN,
        "Interest Income Non Operating": NaN,
        "Operating Income": NaN,
        "Operating Expense": NaN,
        "Depreciation Amortization Depletion Income Statement": NaN,
        "Depreciation And Amortization In Income Statement": NaN,
        "Amortization": NaN,
        "Amortization Of Intangibles Income Statement": NaN,
        "Depreciation Income Statement": NaN,
        "Research And Development": NaN,
        "Selling General And Administration": NaN,
        "Selling And Marketing Expense": NaN,
        "General And Administrative Expense": NaN,
        "Other Gand A": NaN,
        "Gross Profit": NaN,
        "Cost Of Revenue": NaN,
        "Total Revenue": NaN,
        "Operating Revenue": NaN
    },
    "2022-09-30": {
        "Tax Effect Of Unusual Items": NaN,
        "Tax Rate For Calcs": NaN,
        "Normalized EBITDA": NaN,
        "Total Unusual Items": NaN,
        "Total Unusual Items Excluding Goodwill": NaN,
        "Net Income From Continuing Operation Net Minority Interest": NaN,
        "Reconciled Depreciation": NaN,
        "Reconciled Cost Of Revenue": NaN,
        "EBITDA": NaN,
        "EBIT": NaN,
        "Net Interest Income": NaN,
        "Interest Expense": NaN,
        "Interest Income": NaN,
        "Normalized Income": NaN,
        "Net Income From Continuing And Discontinued Operation": NaN,
        "Total Expenses": NaN,
        "Total Operating Income As Reported": NaN,
        "Diluted Average Shares": NaN,
        "Basic Average Shares": NaN,
        "Diluted EPS": NaN,
        "Basic EPS": NaN,
        "Diluted NI Availto Com Stockholders": NaN,
        "Net Income Common Stockholders": NaN,
        "Net Income": NaN,
        "Minority Interests": NaN,
        "Net Income Including Noncontrolling Interests": NaN,
        "Net Income Discontinuous Operations": NaN,
        "Net Income Continuous Operations": NaN,
        "Tax Provision": NaN,
        "Pretax Income": NaN,
        "Other Income Expense": NaN,
        "Other Non Operating Income Expenses": NaN,
        "Special Income Charges": 0.0,
        "Gain On Sale Of Business": 0.0,
        "Gain On Sale Of Security": NaN,
        "Net Non Operating Interest Income Expense": NaN,
        "Interest Expense Non Operating": NaN,
        "Interest Income Non Operating": NaN,
        "Operating Income": NaN,
        "Operating Expense": NaN,
        "Depreciation Amortization Depletion Income Statement": NaN,
        "Depreciation And Amortization In Income Statement": NaN,
        "Amortization": NaN,
        "Amortization Of Intangibles Income Statement": NaN,
        "Depreciation Income Statement": NaN,
        "Research And Development": NaN,
        "Selling General And Administration": NaN,
        "Selling And Marketing Expense": NaN,
        "General And Administrative Expense": NaN,
        "Other Gand A": NaN,
        "Gross Profit": NaN,
        "Cost Of Revenue": NaN,
        "Total Revenue": NaN,
        "Operating Revenue": NaN
    },
    "2022-06-30": {
        "Tax Effect Of Unusual Items": -294320.0,
        "Tax Rate For Calcs": 0.13,
        "Normalized EBITDA": -3214000.0,
        "Total Unusual Items": -2264000.0,
        "Total Unusual Items Excluding Goodwill": -2264000.0,
        "Net Income From Continuing Operation Net Minority Interest": -24232000.0,
        "Reconciled Depreciation": 17158000.0,
        "Reconciled Cost Of Revenue": 127771000.0,
        "EBITDA": -5478000.0,
        "EBIT": -22636000.0,
        "Net Interest Income": -4511000.0,
        "Interest Expense": 5026000.0,
        "Interest Income": 515000.0,
        "Normalized Income": -22262320.0,
        "Net Income From Continuing And Discontinued Operation": -24232000.0,
        "Total Expenses": 536668000.0,
        "Total Operating Income As Reported": -20886000.0,
        "Diluted Average Shares": 502453000.0,
        "Basic Average Shares": 502453000.0,
        "Diluted EPS": -0.05,
        "Basic EPS": -0.05,
        "Diluted NI Availto Com Stockholders": -24232000.0,
        "Net Income Common Stockholders": -24232000.0,
        "Net Income": -24232000.0,
        "Minority Interests": -235000.0,
        "Net Income Including Noncontrolling Interests": -23997000.0,
        "Net Income Continuous Operations": -23997000.0,
        "Tax Provision": -3665000.0,
        "Pretax Income": -27662000.0,
        "Other Income Expense": -2265000.0,
        "Other Non Operating Income Expenses": -1000.0,
        "Special Income Charges": 0.0,
        "Gain On Sale Of Business": 0.0,
        "Impairment Of Capital Assets": NaN,
        "Gain On Sale Of Security": -2264000.0,
        "Net Non Operating Interest Income Expense": -4511000.0,
        "Interest Expense Non Operating": 5026000.0,
        "Interest Income Non Operating": 515000.0,
        "Operating Income": -20886000.0,
        "Operating Expense": 408897000.0,
        "Depreciation Amortization Depletion Income Statement": 17158000.0,
        "Depreciation And Amortization In Income Statement": 17158000.0,
        "Amortization": 3804000.0,
        "Amortization Of Intangibles Income Statement": 3804000.0,
        "Depreciation Income Statement": 13354000.0,
        "Research And Development": 20954000.0,
        "Selling General And Administration": 370785000.0,
        "Selling And Marketing Expense": 251159000.0,
        "General And Administrative Expense": 119626000.0,
        "Other Gand A": 119626000.0,
        "Gross Profit": 388011000.0,
        "Cost Of Revenue": 127771000.0,
        "Total Revenue": 515782000.0,
        "Operating Revenue": 515782000.0
    },
    "2022-03-31": {
        "Diluted EPS": -0.07,
        "Total Revenue": 436,
        "Gross Profit": 337,
        "Operating Income": -34,
        "EBIT": -16,
        "Net Income": -33
    },
    "2021-12-31": {
        "Diluted EPS": -0.05,
        "Total Revenue": 416,
        "Gross Profit": 313,
        "Operating Income": -29,
        "EBIT": -12,
        "Net Income": -26
    },
    "2021-09-30": {
        "Diluted EPS": -0.03,
        "Total Revenue": 462,
        "Gross Profit": 362,
        "Operating Income": -15,
        "EBIT": 4,
        "Net Income": -17
    },
    "2021-06-30": {
        "Diluted EPS": -0.06,
        "Total Revenue": 421,
        "Gross Profit": 351,
        "Operating Income": -33,
        "EBIT": -14,
        "Net Income": -30
    },
    "2021-03-31": {
        "Diluted EPS": 0.0,
        "Total Revenue": 387,
        "Gross Profit": 333,
        "Operating Income": 0,
        "EBIT": 21,
        "Net Income": 2
    },
    "2020-12-31": {
        "Diluted EPS": -0.02,
        "Total Revenue": 359,
        "Gross Profit": 309,
        "Operating Income": -5,
        "EBIT": 13,
        "Net Income": -14
    },
    "2020-09-30": {
        "Diluted EPS": 0.01,
        "Total Revenue": 390,
        "Gross Profit": 342,
        "Operating Income": -3,
        "EBIT": 24,
        "Net Income": 4
    },
    "2020-06-30": {
        "Diluted EPS": 0.02,
        "Total Revenue": 375,
        "Gross Profit": 334,
        "Operating Income": 18,
        "EBIT": 43,
        "Net Income": 13
    },
    "2020-03-31": {
        "Diluted EPS": -0.02,
        "Total Revenue": 344,
        "Gross Profit": 310,
        "Operating Income": -16,
        "EBIT": 9,
        "Net Income": -9
    },
    "2019-12-31": {
        "Diluted EPS": 0.0,
        "Total Revenue": 322,
        "Gross Profit": 309,
        "Operating Income": 6,
        "EBIT": 32,
        "Net Income": 0
    },
    "2019-09-30": {
        "Diluted EPS": 0.04,
        "Total Revenue": 357,
        "Gross Profit": 344,
        "Operating Income": 25,
        "EBIT": 50,
        "Net Income": 18
    },
    "2019-06-30": {
        "Diluted EPS": 0.01,
        "Total Revenue": 344,
        "Gross Profit": 333,
        "Operating Income": 11,
        "EBIT": 34,
        "Net Income": 7
    },
    "2019-03-31": {
        "Diluted EPS": 0.02,
        "Total Revenue": 303,
        "Gross Profit": 293,
        "Operating Income": -4,
        "EBIT": 18,
        "Net Income": 10
    },
    "2018-12-31": {
        "Diluted EPS": 0.07,
        "Total Revenue": 279,
        "Gross Profit": 266,
        "Operating Income": 18,
        "EBIT": 39,
        "Net Income": 37
    },
    "2018-09-30": {
        "Diluted EPS": 0.05,
        "Total Revenue": 303,
        "Gross Profit": 289,
        "Operating Income": 34,
        "EBIT": 55,
        "Net Income": 27
    },
    "2018-06-30": {
        "Diluted EPS": 0.05,
        "Total Revenue": 295,
        "Gross Profit": 280,
        "Operating Income": 23,
        "EBIT": 45,
        "Net Income": 23
    },
    "2018-03-31": {
        "Diluted EPS": -0.02,
        "Total Revenue": 255,
        "Gross Profit": 242,
        "Operating Income": -11,
        "EBIT": 12,
        "Net Income": -9
    },
    "2017-12-31": {
        "Diluted EPS": -0.13,
        "Total Revenue": 223,
        "Gross Profit": 212,
        "Operating Income": -34,
        "EBIT": -13,
        "Net Income": -58
    },
    "2017-09-30": {
        "Diluted EPS": -0.17,
        "Total Revenue": 182,
        "Gross Profit": 174,
        "Operating Income": -113,
        "EBIT": -106,
        "Net Income": -72
    },
    "2017-06-30": {
        "Diluted EPS": 0.0,
        "Total Revenue": 181,
        "Gross Profit": 173,
        "Operating Income": -3,
        "EBIT": 3,
        "Net Income": 0
    },
    "2017-03-31": {
        "Diluted EPS": 0.06,
        "Total Revenue": 151,
        "Gross Profit": 144,
        "Operating Income": 1,
        "EBIT": 6,
        "Net Income": 27
    },
    "2016-12-31": {
        "Diluted EPS": 0.02,
        "Total Revenue": 198,
        "Gross Profit": 202,
        "Operating Income": 13,
        "EBIT": 17,
        "Net Income": 8
    },
    "2016-09-30": {
        "Diluted EPS": 0.01,
        "Total Revenue": 134,
        "Gross Profit": 127,
        "Operating Income": 9,
        "EBIT": 11,
        "Net Income": 5
    },
    "2016-06-30": {
        "Diluted EPS": 0.08,
        "Total Revenue": 83,
        "Gross Profit": 73,
        "Operating Income": 6,
        "EBIT": 10,
        "Net Income": 5
    },
    "2016-03-31": {
        "Diluted EPS": -0.08,
        "Total Revenue": 84,
        "Gross Profit": 72,
        "Operating Income": -4,
        "EBIT": -2,
        "Net Income": -5
    },
    "2015-12-31": {
        "Diluted EPS": 0.07,
        "Total Revenue": 103,
        "Gross Profit": 124,
        "Operating Income": 0,
        "EBIT": 5,
        "Net Income": 3
    },
    "2015-09-30": {
        "Diluted EPS": 0.0,
        "Total Revenue": 87,
        "Gross Profit": 73,
        "Operating Income": 1,
        "EBIT": 3,
        "Net Income": 0
    },
    "2015-06-30": {
        "Diluted EPS": -0.14,
        "Total Revenue": 87,
        "Gross Profit": 72,
        "Operating Income": -8,
        "EBIT": -6,
        "Net Income": -8
    },
    "2015-03-31": {
        "Diluted EPS": 0.07,
        "Total Revenue": 84,
        "Gross Profit": 70,
        "Operating Income": 5,
        "EBIT": 7,
        "Net Income": 4
    },
    "2014-12-31": {
        "Diluted EPS": 0.25,
        "Total Revenue": 82,
        "Gross Profit": 69,
        "Operating Income": 16,
        "EBIT": 18,
        "Net Income": 15
    },
    "2014-09-30": {
        "Diluted EPS": -0.09,
        "Total Revenue": 81,
        "Gross Profit": 67,
        "Operating Income": -5,
        "EBIT": -3,
        "Net Income": -5
    },
    "2014-06-30": {
        "Diluted EPS": -0.31,
        "Total Revenue": 79,
        "Gross Profit": 65,
        "Operating Income": -18,
        "EBIT": -17,
        "Net Income": -18
    },
    "2014-03-31": {
        "Diluted EPS": -0.06,
        "Total Revenue": 73,
        "Gross Profit": 61,
        "Operating Income": -3,
        "EBIT": -2,
        "Net Income": -4
    },
    "2013-12-31": {
        "Diluted EPS": 0.05,
        "Total Revenue": 69,
        "Gross Profit": 58,
        "Operating Income": 3,
        "EBIT": 5,
        "Net Income": 3
    },
    "2013-09-30": {
        "Diluted EPS": -0.23,
        "Total Revenue": 66,
        "Gross Profit": 54,
        "Operating Income": -13,
        "EBIT": -12,
        "Net Income": -14
    },
    "2013-06-30": {
        "Diluted EPS": -0.25,
        "Total Revenue": 59,
        "Gross Profit": 49,
        "Operating Income": -14,
        "EBIT": -13,
        "Net Income": -14
    },
    "2013-03-31": {
        "Diluted EPS": -0.14,
        "Total Revenue": 52,
        "Gross Profit": 44,
        "Operating Income": -7,
        "EBIT": -6,
        "Net Income": -8
    },
    "2012-12-31": {
        "Diluted EPS": 0.05,
        "Total Revenue": 46,
        "Gross Profit": 39,
        "Operating Income": 3,
        "EBIT": 4,
        "Net Income": 2
    },
    "2012-09-30": {
        "Diluted EPS": -0.32,
        "Total Revenue": 42,
        "Gross Profit": 35,
        "Operating Income": -18,
        "EBIT": -17,
        "Net Income": -18
    },
    "2012-06-30": {
        "Diluted EPS": -0.41,
        "Total Revenue": 37,
        "Gross Profit": 30,
        "Operating Income": -23,
        "EBIT": -22,
        "Net Income": -23
    },
    "2012-03-31": {
        "Diluted EPS": -0.24,
        "Total Revenue": 31,
        "Gross Profit": 25,
        "Operating Income": -13,
        "EBIT": -12,
        "Net Income": -13
    },
    "2011-12-31": {
        "Diluted EPS": -0.14,
        "Total Revenue": 27,
        "Gross Profit": 23,
        "Operating Income": -5,
        "EBIT": -5,
        "Net Income": -6
    },
    "2011-09-30": {
        "Diluted EPS": -0.66,
        "Total Revenue": 24,
        "Gross Profit": 19,
        "Operating Income": -15,
        "EBIT": -14,
        "Net Income": -17
    },
    "2011-06-30": {
        "Diluted EPS": -0.6,
        "Total Revenue": 21,
        "Gross Profit": 17,
        "Operating Income": -15,
        "EBIT": -15,
        "Net Income": -16
    },
    "2011-03-31": {
        "Diluted EPS": -0.34,
        "Total Revenue": 18,
        "Gross Profit": 14,
        "Operating Income": -9,
        "EBIT": -8,
        "Net Income": -10
    },
    "2010-12-31": {
        "Diluted EPS": 0.0,
        "Total Revenue": NaN,
        "Gross Profit": NaN,
        "Operating Income": NaN,
        "EBIT": NaN,
        "Net Income": NaN
    },
    "2009-12-31": {
        "Diluted EPS": 0.0,
        "Total Revenue": NaN,
        "Gross Profit": NaN,
        "Operating Income": NaN,
        "EBIT": NaN,
        "Net Income": NaN
    },
    "2023-06-30": {
        "Tax Effect Of Unusual Items": NaN,
        "Tax Rate For Calcs": NaN,
        "Normalized EBITDA": NaN,
        "Total Unusual Items": 1039000.0,
        "Total Unusual Items Excluding Goodwill": 1039000.0,
        "Net Income From Continuing Operation Net Minority Interest": NaN,
        "Reconciled Depreciation": NaN,
        "Reconciled Cost Of Revenue": NaN,
        "EBITDA": NaN,
        "EBIT": NaN,
        "Net Interest Income": NaN,
        "Interest Expense": NaN,
        "Interest Income": NaN,
        "Normalized Income": NaN,
        "Net Income From Continuing And Discontinued Operation": NaN,
        "Total Expenses": NaN,
        "Total Operating Income As Reported": NaN,
        "Diluted Average Shares": NaN,
        "Basic Average Shares": NaN,
        "Diluted EPS": NaN,
        "Basic EPS": NaN,
        "Diluted NI Availto Com Stockholders": NaN,
        "Net Income Common Stockholders": NaN,
        "Net Income": NaN,
        "Minority Interests": NaN,
        "Net Income Including Noncontrolling Interests": NaN,
        "Net Income Discontinuous Operations": NaN,
        "Net Income Continuous Operations": NaN,
        "Tax Provision": NaN,
        "Pretax Income": NaN,
        "Other Income Expense": NaN,
        "Other Non Operating Income Expenses": NaN,
        "Gain On Sale Of Security": 1039000.0,
        "Net Non Operating Interest Income Expense": NaN,
        "Interest Expense Non Operating": NaN,
        "Interest Income Non Operating": NaN,
        "Operating Income": NaN,
        "Operating Expense": NaN,
        "Depreciation Amortization Depletion Income Statement": NaN,
        "Depreciation And Amortization In Income Statement": NaN,
        "Amortization": NaN,
        "Amortization Of Intangibles Income Statement": NaN,
        "Depreciation Income Statement": NaN,
        "Research And Development": NaN,
        "Selling General And Administration": NaN,
        "Selling And Marketing Expense": NaN,
        "General And Administrative Expense": NaN,
        "Other Gand A": NaN,
        "Gross Profit": NaN,
        "Cost Of Revenue": NaN,
        "Total Revenue": NaN,
        "Operating Revenue": NaN
    },
    "2023-09-30": {
        "Tax Effect Of Unusual Items": NaN,
        "Tax Rate For Calcs": NaN,
        "Normalized EBITDA": NaN,
        "Total Unusual Items": -993000.0,
        "Total Unusual Items Excluding Goodwill": -993000.0,
        "Net Income From Continuing Operation Net Minority Interest": NaN,
        "Reconciled Depreciation": NaN,
        "Reconciled Cost Of Revenue": NaN,
        "EBITDA": NaN,
        "EBIT": NaN,
        "Net Interest Income": NaN,
        "Interest Expense": NaN,
        "Interest Income": NaN,
        "Normalized Income": NaN,
        "Net Income From Continuing And Discontinued Operation": NaN,
        "Total Expenses": NaN,
        "Total Operating Income As Reported": NaN,
        "Diluted Average Shares": NaN,
        "Basic Average Shares": NaN,
        "Diluted EPS": NaN,
        "Basic EPS": NaN,
        "Diluted NI Availto Com Stockholders": NaN,
        "Net Income Common Stockholders": NaN,
        "Net Income": NaN,
        "Minority Interests": NaN,
        "Net Income Including Noncontrolling Interests": NaN,
        "Net Income Discontinuous Operations": -2335000.0,
        "Net Income Continuous Operations": NaN,
        "Tax Provision": NaN,
        "Pretax Income": NaN,
        "Other Income Expense": NaN,
        "Other Non Operating Income Expenses": NaN,
        "Gain On Sale Of Security": -993000.0,
        "Net Non Operating Interest Income Expense": NaN,
        "Interest Expense Non Operating": NaN,
        "Interest Income Non Operating": NaN,
        "Operating Income": NaN,
        "Operating Expense": NaN,
        "Depreciation Amortization Depletion Income Statement": NaN,
        "Depreciation And Amortization In Income Statement": NaN,
        "Amortization": NaN,
        "Amortization Of Intangibles Income Statement": NaN,
        "Depreciation Income Statement": NaN,
        "Research And Development": NaN,
        "Selling General And Administration": NaN,
        "Selling And Marketing Expense": NaN,
        "General And Administrative Expense": NaN,
        "Other Gand A": NaN,
        "Gross Profit": NaN,
        "Cost Of Revenue": NaN,
        "Total Revenue": NaN,
        "Operating Revenue": NaN
    },
    "2023-12-31": {
        "Tax Effect Of Unusual Items": 169050.0,
        "Tax Rate For Calcs": 0.21,
        "Normalized EBITDA": 38889000.0,
        "Total Unusual Items": 805000.0,
        "Total Unusual Items Excluding Goodwill": 805000.0,
        "Net Income From Continuing Operation Net Minority Interest": 4704000.0,
        "Reconciled Depreciation": 23394000.0,
        "Reconciled Cost Of Revenue": -39893000.0,
        "EBITDA": 39694000.0,
        "EBIT": 16300000.0,
        "Net Interest Income": -338000.0,
        "Interest Expense": 5037000.0,
        "Interest Income": 4699000.0,
        "Normalized Income": 4068050.0,
        "Net Income From Continuing And Discontinued Operation": -5560000.0,
        "Total Expenses": 208673000.0,
        "Total Operating Income As Reported": 10763000.0,
        "Diluted Average Shares": 55570000.0,
        "Basic Average Shares": 55570000.0,
        "Diluted EPS": -0.1,
        "Basic EPS": -0.1,
        "Diluted NI Availto Com Stockholders": -5560000.0,
        "Net Income Common Stockholders": -5560000.0,
        "Net Income": -5560000.0,
        "Minority Interests": -15000.0,
        "Net Income Including Noncontrolling Interests": -5545000.0,
        "Net Income Discontinuous Operations": NaN,
        "Net Income Continuous Operations": 4719000.0,
        "Tax Provision": 6544000.0,
        "Pretax Income": 11263000.0,
        "Other Income Expense": 838000.0,
        "Other Non Operating Income Expenses": 33000.0,
        "Gain On Sale Of Security": 805000.0,
        "Net Non Operating Interest Income Expense": -338000.0,
        "Interest Expense Non Operating": 5037000.0,
        "Interest Income Non Operating": 4699000.0,
        "Operating Income": 10763000.0,
        "Operating Expense": 248566000.0,
        "Depreciation Amortization Depletion Income Statement": 23394000.0,
        "Depreciation And Amortization In Income Statement": 23394000.0,
        "Amortization": 0.0,
        "Amortization Of Intangibles Income Statement": 0.0,
        "Depreciation Income Statement": 23394000.0,
        "Research And Development": 24185000.0,
        "Selling General And Administration": 200987000.0,
        "Selling And Marketing Expense": 143577000.0,
        "General And Administrative Expense": 57410000.0,
        "Other Gand A": 57410000.0,
        "Gross Profit": 259329000.0,
        "Cost Of Revenue": -39893000.0,
        "Total Revenue": 219436000.0,
        "Operating Revenue": 219436000.0
    },
    "2024-03-31": {
        "Tax Effect Of Unusual Items": 0.0,
        "Tax Rate For Calcs": 0.21,
        "Normalized EBITDA": 31049000.0,
        "Total Unusual Items": NaN,
        "Total Unusual Items Excluding Goodwill": NaN,
        "Net Income From Continuing Operation Net Minority Interest": -1631000.0,
        "Reconciled Depreciation": 23849000.0,
        "Reconciled Cost Of Revenue": 12497000.0,
        "EBITDA": 31049000.0,
        "EBIT": 7200000.0,
        "Net Interest Income": -329000.0,
        "Interest Expense": 5038000.0,
        "Interest Income": 4709000.0,
        "Normalized Income": -1631000.0,
        "Net Income From Continuing And Discontinued Operation": -1631000.0,
        "Total Expenses": 302674000.0,
        "Total Operating Income As Reported": 2716000.0,
        "Diluted Average Shares": 50262700.0,
        "Basic Average Shares": 50262700.0,
        "Diluted EPS": -0.03245,
        "Basic EPS": -0.03245,
        "Diluted NI Availto Com Stockholders": -1631000.0,
        "Net Income Common Stockholders": -1631000.0,
        "Net Income": -1631000.0,
        "Minority Interests": -314000.0,
        "Net Income Including Noncontrolling Interests": -1317000.0,
        "Net Income Discontinuous Operations": 0.0,
        "Net Income Continuous Operations": -1317000.0,
        "Tax Provision": 3479000.0,
        "Pretax Income": 2162000.0,
        "Other Income Expense": -225000.0,
        "Other Non Operating Income Expenses": -225000.0,
        "Gain On Sale Of Security": NaN,
        "Net Non Operating Interest Income Expense": -329000.0,
        "Interest Expense Non Operating": 5038000.0,
        "Interest Income Non Operating": 4709000.0,
        "Operating Income": 2716000.0,
        "Operating Expense": 290177000.0,
        "Depreciation Amortization Depletion Income Statement": 23849000.0,
        "Depreciation And Amortization In Income Statement": 23849000.0,
        "Amortization": 0.0,
        "Amortization Of Intangibles Income Statement": 0.0,
        "Depreciation Income Statement": 23849000.0,
        "Research And Development": 23756000.0,
        "Selling General And Administration": 242572000.0,
        "Selling And Marketing Expense": 157051000.0,
        "General And Administrative Expense": 85521000.0,
        "Other Gand A": 85521000.0,
        "Gross Profit": 292893000.0,
        "Cost Of Revenue": 12497000.0,
        "Total Revenue": 305390000.0,
        "Operating Revenue": 305390000.0
    },
    "2024-06-30": {
        "Tax Effect Of Unusual Items": 0.0,
        "Tax Rate For Calcs": 0.21,
        "Normalized EBITDA": 38081000.0,
        "Total Unusual Items": NaN,
        "Total Unusual Items Excluding Goodwill": NaN,
        "Net Income From Continuing Operation Net Minority Interest": 3760000.0,
        "Reconciled Depreciation": 24324000.0,
        "Reconciled Cost Of Revenue": 14152000.0,
        "EBITDA": 38081000.0,
        "EBIT": 13757000.0,
        "Net Interest Income": 45000.0,
        "Interest Expense": 5041000.0,
        "Interest Income": 5086000.0,
        "Normalized Income": 3760000.0,
        "Net Income From Continuing And Discontinued Operation": 3760000.0,
        "Total Expenses": 305947000.0,
        "Total Operating Income As Reported": 9187000.0,
        "Diluted Average Shares": 37600000.0,
        "Basic Average Shares": 37600000.0,
        "Diluted EPS": 0.1,
        "Basic EPS": 0.1,
        "Diluted NI Availto Com Stockholders": 3760000.0,
        "Net Income Common Stockholders": 3760000.0,
        "Net Income": 3760000.0,
        "Minority Interests": -328000.0,
        "Net Income Including Noncontrolling Interests": 4088000.0,
        "Net Income Discontinuous Operations": 0.0,
        "Net Income Continuous Operations": 4088000.0,
        "Tax Provision": 4628000.0,
        "Pretax Income": 8716000.0,
        "Other Income Expense": -516000.0,
        "Other Non Operating Income Expenses": -516000.0,
        "Gain On Sale Of Security": NaN,
        "Net Non Operating Interest Income Expense": 45000.0,
        "Interest Expense Non Operating": 5041000.0,
        "Interest Income Non Operating": 5086000.0,
        "Operating Income": 9187000.0,
        "Operating Expense": 291795000.0,
        "Depreciation Amortization Depletion Income Statement": 24324000.0,
        "Depreciation And Amortization In Income Statement": 24324000.0,
        "Amortization": 0.0,
        "Amortization Of Intangibles Income Statement": 0.0,
        "Depreciation Income Statement": 24324000.0,
        "Research And Development": 24779000.0,
        "Selling General And Administration": 242692000.0,
        "Selling And Marketing Expense": 158323000.0,
        "General And Administrative Expense": 84369000.0,
        "Other Gand A": 84369000.0,
        "Gross Profit": 300982000.0,
        "Cost Of Revenue": 14152000.0,
        "Total Revenue": 315134000.0,
        "Operating Revenue": 315134000.0
    },
    "2024-09-30": {
        "Tax Effect Of Unusual Items": 0.0,
        "Tax Rate For Calcs": 0.21,
        "Normalized EBITDA": 31364000.0,
        "Total Unusual Items": NaN,
        "Total Unusual Items Excluding Goodwill": NaN,
        "Net Income From Continuing Operation Net Minority Interest": 35161000.0,
        "Reconciled Depreciation": 17568000.0,
        "Reconciled Cost Of Revenue": 14750000.0,
        "EBITDA": 31364000.0,
        "EBIT": 13796000.0,
        "Net Interest Income": 49000.0,
        "Interest Expense": 5045000.0,
        "Interest Income": 5094000.0,
        "Normalized Income": 35161000.0,
        "Net Income From Continuing And Discontinued Operation": 35161000.0,
        "Total Expenses": 288902000.0,
        "Total Operating Income As Reported": 7817000.0,
        "Diluted Average Shares": 50531400.0,
        "Basic Average Shares": 49847700.0,
        "Diluted EPS": 0.7,
        "Basic EPS": 0.7,
        "Diluted NI Availto Com Stockholders": 35161000.0,
        "Net Income Common Stockholders": 35161000.0,
        "Net Income": 35161000.0,
        "Minority Interests": -202000.0,
        "Net Income Including Noncontrolling Interests": 35363000.0,
        "Net Income Discontinuous Operations": 0.0,
        "Net Income Continuous Operations": 35363000.0,
        "Tax Provision": -26612000.0,
        "Pretax Income": 8751000.0,
        "Other Income Expense": 885000.0,
        "Other Non Operating Income Expenses": 885000.0,
        "Gain On Sale Of Security": NaN,
        "Net Non Operating Interest Income Expense": 49000.0,
        "Interest Expense Non Operating": 5045000.0,
        "Interest Income Non Operating": 5094000.0,
        "Operating Income": 7817000.0,
        "Operating Expense": 274152000.0,
        "Depreciation Amortization Depletion Income Statement": 17568000.0,
        "Depreciation And Amortization In Income Statement": 17568000.0,
        "Amortization": 0.0,
        "Amortization Of Intangibles Income Statement": 0.0,
        "Depreciation Income Statement": 17568000.0,
        "Research And Development": 24314000.0,
        "Selling General And Administration": 232270000.0,
        "Selling And Marketing Expense": 155443000.0,
        "General And Administrative Expense": 76827000.0,
        "Other Gand A": 76827000.0,
        "Gross Profit": 281969000.0,
        "Cost Of Revenue": 14750000.0,
        "Total Revenue": 296719000.0,
        "Operating Revenue": 296719000.0
    },
    "2024-12-31": {
        "Tax Effect Of Unusual Items": 0.0,
        "Tax Rate For Calcs": 0.21,
        "Normalized EBITDA": 28404000.0,
        "Total Unusual Items": NaN,
        "Total Unusual Items Excluding Goodwill": NaN,
        "Net Income From Continuing Operation Net Minority Interest": -1286000.0,
        "Reconciled Depreciation": 22911000.0,
        "Reconciled Cost Of Revenue": 16179000.0,
        "EBITDA": 28404000.0,
        "EBIT": 5493000.0,
        "Net Interest Income": -352000.0,
        "Interest Expense": 5045000.0,
        "Interest Income": 4693000.0,
        "Normalized Income": -1286000.0,
        "Net Income From Continuing And Discontinued Operation": -1286000.0,
        "Total Expenses": 265704000.0,
        "Total Operating Income As Reported": 2165000.0,
        "Diluted Average Shares": 49781324.0,
        "Basic Average Shares": 49781324.0,
        "Diluted EPS": 0.0,
        "Basic EPS": 0.0,
        "Diluted NI Availto Com Stockholders": -1286000.0,
        "Net Income Common Stockholders": -1286000.0,
        "Net Income": -1286000.0,
        "Minority Interests": 0.0,
        "Net Income Including Noncontrolling Interests": -1286000.0,
        "Net Income Discontinuous Operations": 0.0,
        "Net Income Continuous Operations": -1286000.0,
        "Tax Provision": 1734000.0,
        "Pretax Income": 448000.0,
        "Other Income Expense": -1365000.0,
        "Other Non Operating Income Expenses": -684000.0,
        "Gain On Sale Of Security": NaN,
        "Net Non Operating Interest Income Expense": -352000.0,
        "Interest Expense Non Operating": 5045000.0,
        "Interest Income Non Operating": 4693000.0,
        "Operating Income": 2165000.0,
        "Operating Expense": 249525000.0,
        "Depreciation Amortization Depletion Income Statement": 22911000.0,
        "Depreciation And Amortization In Income Statement": 22911000.0,
        "Amortization": 2600000.0,
        "Amortization Of Intangibles Income Statement": 2600000.0,
        "Depreciation Income Statement": 20311000.0,
        "Research And Development": 22511000.0,
        "Selling General And Administration": 204103000.0,
        "Selling And Marketing Expense": 130821000.0,
        "General And Administrative Expense": 73282000.0,
        "Other Gand A": 73282000.0,
        "Gross Profit": 251690000.0,
        "Cost Of Revenue": 16179000.0,
        "Total Revenue": 267869000.0,
        "Operating Revenue": 267869000.0
    }
}