{
    "2023-05-31": {
        "Tax Effect Of Unusual Items": NaN,
        "Tax Rate For Calcs": NaN,
        "Normalized EBITDA": NaN,
        "Total Unusual Items": NaN,
        "Total Unusual Items Excluding Goodwill": NaN,
        "Net Income From Continuing Operation Net Minority Interest": NaN,
        "Reconciled Depreciation": NaN,
        "Reconciled Cost Of Revenue": NaN,
        "EBITDA": NaN,
        "EBIT": NaN,
        "Net Interest Income": NaN,
        "Interest Expense": 901000.0,
        "Interest Income": NaN,
        "Normalized Income": NaN,
        "Net Income From Continuing And Discontinued Operation": NaN,
        "Total Expenses": NaN,
        "Total Operating Income As Reported": NaN,
        "Diluted Average Shares": NaN,
        "Basic Average Shares": NaN,
        "Diluted EPS": NaN,
        "Basic EPS": NaN,
        "Diluted NI Availto Com Stockholders": NaN,
        "Net Income Common Stockholders": NaN,
        "Net Income": NaN,
        "Net Income Including Noncontrolling Interests": NaN,
        "Net Income Continuous Operations": NaN,
        "Tax Provision": NaN,
        "Pretax Income": NaN,
        "Other Income Expense": NaN,
        "Other Non Operating Income Expenses": NaN,
        "Special Income Charges": NaN,
        "Gain On Sale Of Ppe": NaN,
        "Gain On Sale Of Business": NaN,
        "Other Special Charges": NaN,
        "Impairment Of Capital Assets": NaN,
        "Restructuring And Mergern Acquisition": NaN,
        "Net Non Operating Interest Income Expense": NaN,
        "Total Other Finance Cost": NaN,
        "Interest Expense Non Operating": 901000.0,
        "Interest Income Non Operating": NaN,
        "Operating Income": NaN,
        "Operating Expense": NaN,
        "Depreciation Amortization Depletion Income Statement": NaN,
        "Depreciation And Amortization In Income Statement": NaN,
        "Amortization": NaN,
        "Amortization Of Intangibles Income Statement": NaN,
        "Research And Development": NaN,
        "Selling General And Administration": NaN,
        "Selling And Marketing Expense": NaN,
        "General And Administrative Expense": NaN,
        "Other Gand A": NaN,
        "Gross Profit": NaN,
        "Cost Of Revenue": NaN,
        "Total Revenue": NaN,
        "Operating Revenue": NaN
    },
    "2023-02-28": {
        "Tax Effect Of Unusual Items": NaN,
        "Tax Rate For Calcs": NaN,
        "Normalized EBITDA": NaN,
        "Total Unusual Items": NaN,
        "Total Unusual Items Excluding Goodwill": NaN,
        "Net Income From Continuing Operation Net Minority Interest": NaN,
        "Reconciled Depreciation": NaN,
        "Reconciled Cost Of Revenue": NaN,
        "EBITDA": NaN,
        "EBIT": NaN,
        "Net Interest Income": NaN,
        "Interest Expense": 736000.0,
        "Interest Income": NaN,
        "Normalized Income": NaN,
        "Net Income From Continuing And Discontinued Operation": NaN,
        "Total Expenses": NaN,
        "Total Operating Income As Reported": NaN,
        "Diluted Average Shares": NaN,
        "Basic Average Shares": NaN,
        "Diluted EPS": NaN,
        "Basic EPS": NaN,
        "Diluted NI Availto Com Stockholders": NaN,
        "Net Income Common Stockholders": NaN,
        "Net Income": NaN,
        "Net Income Including Noncontrolling Interests": NaN,
        "Net Income Continuous Operations": NaN,
        "Tax Provision": NaN,
        "Pretax Income": NaN,
        "Other Income Expense": NaN,
        "Other Non Operating Income Expenses": NaN,
        "Special Income Charges": NaN,
        "Gain On Sale Of Ppe": NaN,
        "Gain On Sale Of Business": NaN,
        "Other Special Charges": NaN,
        "Impairment Of Capital Assets": 0.0,
        "Restructuring And Mergern Acquisition": NaN,
        "Net Non Operating Interest Income Expense": NaN,
        "Total Other Finance Cost": 736000.0,
        "Interest Expense Non Operating": 736000.0,
        "Interest Income Non Operating": NaN,
        "Operating Income": NaN,
        "Operating Expense": NaN,
        "Depreciation Amortization Depletion Income Statement": NaN,
        "Depreciation And Amortization In Income Statement": NaN,
        "Amortization": NaN,
        "Amortization Of Intangibles Income Statement": NaN,
        "Research And Development": NaN,
        "Selling General And Administration": NaN,
        "Selling And Marketing Expense": NaN,
        "General And Administrative Expense": NaN,
        "Other Gand A": NaN,
        "Gross Profit": NaN,
        "Cost Of Revenue": NaN,
        "Total Revenue": NaN,
        "Operating Revenue": NaN
    },
    "2022-11-30": {
        "Tax Effect Of Unusual Items": NaN,
        "Tax Rate For Calcs": NaN,
        "Normalized EBITDA": NaN,
        "Total Unusual Items": NaN,
        "Total Unusual Items Excluding Goodwill": NaN,
        "Net Income From Continuing Operation Net Minority Interest": NaN,
        "Reconciled Depreciation": NaN,
        "Reconciled Cost Of Revenue": NaN,
        "EBITDA": NaN,
        "EBIT": NaN,
        "Net Interest Income": NaN,
        "Interest Expense": 684000.0,
        "Interest Income": NaN,
        "Normalized Income": NaN,
        "Net Income From Continuing And Discontinued Operation": NaN,
        "Total Expenses": NaN,
        "Total Operating Income As Reported": NaN,
        "Diluted Average Shares": NaN,
        "Basic Average Shares": NaN,
        "Diluted EPS": NaN,
        "Basic EPS": NaN,
        "Diluted NI Availto Com Stockholders": NaN,
        "Net Income Common Stockholders": NaN,
        "Net Income": NaN,
        "Net Income Including Noncontrolling Interests": NaN,
        "Net Income Continuous Operations": NaN,
        "Tax Provision": NaN,
        "Pretax Income": NaN,
        "Other Income Expense": NaN,
        "Other Non Operating Income Expenses": NaN,
        "Special Income Charges": NaN,
        "Gain On Sale Of Ppe": NaN,
        "Gain On Sale Of Business": 0.0,
        "Other Special Charges": NaN,
        "Impairment Of Capital Assets": NaN,
        "Restructuring And Mergern Acquisition": NaN,
        "Net Non Operating Interest Income Expense": NaN,
        "Total Other Finance Cost": 684000.0,
        "Interest Expense Non Operating": 684000.0,
        "Interest Income Non Operating": NaN,
        "Operating Income": NaN,
        "Operating Expense": NaN,
        "Depreciation Amortization Depletion Income Statement": NaN,
        "Depreciation And Amortization In Income Statement": NaN,
        "Amortization": NaN,
        "Amortization Of Intangibles Income Statement": NaN,
        "Research And Development": NaN,
        "Selling General And Administration": NaN,
        "Selling And Marketing Expense": NaN,
        "General And Administrative Expense": NaN,
        "Other Gand A": NaN,
        "Gross Profit": NaN,
        "Cost Of Revenue": NaN,
        "Total Revenue": NaN,
        "Operating Revenue": NaN
    },
    "2022-08-31": {
        "Tax Effect Of Unusual Items": NaN,
        "Tax Rate For Calcs": NaN,
        "Normalized EBITDA": NaN,
        "Total Unusual Items": NaN,
        "Total Unusual Items Excluding Goodwill": NaN,
        "Net Income From Continuing Operation Net Minority Interest": NaN,
        "Reconciled Depreciation": NaN,
        "Reconciled Cost Of Revenue": NaN,
        "EBITDA": NaN,
        "EBIT": NaN,
        "Net Interest Income": NaN,
        "Interest Expense": 381000.0,
        "Interest Income": NaN,
        "Normalized Income": NaN,
        "Net Income From Continuing And Discontinued Operation": NaN,
        "Total Expenses": NaN,
        "Total Operating Income As Reported": NaN,
        "Diluted Average Shares": NaN,
        "Basic Average Shares": NaN,
        "Diluted EPS": NaN,
        "Basic EPS": NaN,
        "Diluted NI Availto Com Stockholders": NaN,
        "Net Income Common Stockholders": NaN,
        "Net Income": NaN,
        "Net Income Including Noncontrolling Interests": NaN,
        "Net Income Continuous Operations": NaN,
        "Tax Provision": NaN,
        "Pretax Income": NaN,
        "Other Income Expense": NaN,
        "Other Non Operating Income Expenses": NaN,
        "Special Income Charges": NaN,
        "Gain On Sale Of Ppe": NaN,
        "Gain On Sale Of Business": 0.0,
        "Other Special Charges": NaN,
        "Impairment Of Capital Assets": NaN,
        "Restructuring And Mergern Acquisition": NaN,
        "Net Non Operating Interest Income Expense": NaN,
        "Total Other Finance Cost": NaN,
        "Interest Expense Non Operating": 381000.0,
        "Interest Income Non Operating": NaN,
        "Operating Income": NaN,
        "Operating Expense": NaN,
        "Depreciation Amortization Depletion Income Statement": NaN,
        "Depreciation And Amortization In Income Statement": NaN,
        "Amortization": NaN,
        "Amortization Of Intangibles Income Statement": NaN,
        "Research And Development": NaN,
        "Selling General And Administration": NaN,
        "Selling And Marketing Expense": NaN,
        "General And Administrative Expense": NaN,
        "Other Gand A": NaN,
        "Gross Profit": NaN,
        "Cost Of Revenue": NaN,
        "Total Revenue": NaN,
        "Operating Revenue": NaN
    },
    "2022-05-31": {
        "Tax Effect Of Unusual Items": -148733.075435,
        "Tax Rate For Calcs": 0.067698,
        "Normalized EBITDA": 3328000.0,
        "Total Unusual Items": -2197000.0,
        "Total Unusual Items Excluding Goodwill": -2197000.0,
        "Net Income From Continuing Operation Net Minority Interest": -6266000.0,
        "Reconciled Depreciation": 7667000.0,
        "Reconciled Cost Of Revenue": 37729000.0,
        "EBIT": -6536000.0,
        "Net Interest Income": -185000.0,
        "Interest Expense": 185000.0,
        "Normalized Income": -4217733.075435,
        "Net Income From Continuing And Discontinued Operation": -6266000.0,
        "Total Expenses": 91198000.0,
        "Total Operating Income As Reported": -6397000.0,
        "Diluted Average Shares": 39160676.0,
        "Basic Average Shares": 39160676.0,
        "Diluted EPS": -0.16,
        "Basic EPS": -0.16,
        "Diluted NI Availto Com Stockholders": -6266000.0,
        "Net Income Common Stockholders": -6266000.0,
        "Net Income": -6266000.0,
        "Net Income Including Noncontrolling Interests": -6266000.0,
        "Net Income Continuous Operations": -6266000.0,
        "Tax Provision": -455000.0,
        "Pretax Income": -6721000.0,
        "Other Income Expense": -2336000.0,
        "Other Non Operating Income Expenses": -139000.0,
        "Special Income Charges": -2197000.0,
        "Gain On Sale Of Business": 0.0,
        "Other Special Charges": 1788000.0,
        "Impairment Of Capital Assets": NaN,
        "Restructuring And Mergern Acquisition": 2197000.0,
        "Net Non Operating Interest Income Expense": -185000.0,
        "Interest Expense Non Operating": 185000.0,
        "Operating Income": -4200000.0,
        "Operating Expense": 50655000.0,
        "Depreciation Amortization Depletion Income Statement": 4853000.0,
        "Depreciation And Amortization In Income Statement": 4853000.0,
        "Amortization": 4853000.0,
        "Amortization Of Intangibles Income Statement": 4853000.0,
        "Research And Development": 7866000.0,
        "Selling General And Administration": 37936000.0,
        "Selling And Marketing Expense": 26833000.0,
        "General And Administrative Expense": 11103000.0,
        "Other Gand A": 11103000.0,
        "Gross Profit": 46455000.0,
        "Cost Of Revenue": 40543000.0,
        "Total Revenue": 86998000.0,
        "Operating Revenue": 86998000.0
    },
    "2022-02-28": {
        "Diluted EPS": -0.13,
        "Total Revenue": 74,
        "Gross Profit": 39,
        "Operating Income": -5,
        "EBIT": 2,
        "Net Income": -5
    },
    "2021-11-30": {
        "Diluted EPS": -0.21,
        "Total Revenue": 78,
        "Gross Profit": 41,
        "Operating Income": -9,
        "EBIT": -1,
        "Net Income": -8
    },
    "2021-08-31": {
        "Diluted EPS": -0.18,
        "Total Revenue": 77,
        "Gross Profit": 40,
        "Operating Income": -8,
        "EBIT": -1,
        "Net Income": -7
    },
    "2021-05-31": {
        "Diluted EPS": -0.51,
        "Total Revenue": 77,
        "Gross Profit": 42,
        "Operating Income": -22,
        "EBIT": -15,
        "Net Income": -19
    },
    "2021-02-28": {
        "Diluted EPS": -0.09,
        "Total Revenue": 71,
        "Gross Profit": 39,
        "Operating Income": -4,
        "EBIT": 3,
        "Net Income": -4
    },
    "2020-11-30": {
        "Diluted EPS": -0.11,
        "Total Revenue": 73,
        "Gross Profit": 40,
        "Operating Income": -5,
        "EBIT": 2,
        "Net Income": -4
    },
    "2020-08-31": {
        "Diluted EPS": -0.11,
        "Total Revenue": 70,
        "Gross Profit": 36,
        "Operating Income": -5,
        "EBIT": 1,
        "Net Income": -4
    },
    "2020-05-31": {
        "Diluted EPS": -4.14,
        "Total Revenue": 58,
        "Gross Profit": 30,
        "Operating Income": -157,
        "EBIT": 8,
        "Net Income": -157
    },
    "2020-02-29": {
        "Diluted EPS": -0.15,
        "Total Revenue": 70,
        "Gross Profit": 40,
        "Operating Income": -6,
        "EBIT": 0,
        "Net Income": -6
    },
    "2019-11-30": {
        "Diluted EPS": -0.07,
        "Total Revenue": 70,
        "Gross Profit": 42,
        "Operating Income": -3,
        "EBIT": 2,
        "Net Income": -3
    },
    "2019-08-31": {
        "Diluted EPS": -0.03,
        "Total Revenue": 66,
        "Gross Profit": 38,
        "Operating Income": -1,
        "EBIT": 4,
        "Net Income": -1
    },
    "2019-05-31": {
        "Diluted EPS": 1.57,
        "Total Revenue": 71,
        "Gross Profit": 41,
        "Operating Income": 3,
        "EBIT": 10,
        "Net Income": 59
    },
    "2019-02-28": {
        "Diluted EPS": 0.02,
        "Total Revenue": 66,
        "Gross Profit": 38,
        "Operating Income": -4,
        "EBIT": 3,
        "Net Income": 1
    },
    "2018-11-30": {
        "Diluted EPS": 0.06,
        "Total Revenue": 70,
        "Gross Profit": 41,
        "Operating Income": -3,
        "EBIT": 4,
        "Net Income": 2
    },
    "2018-08-31": {
        "Diluted EPS": -0.01,
        "Total Revenue": 64,
        "Gross Profit": 36,
        "Operating Income": -6,
        "EBIT": -1,
        "Net Income": 0
    },
    "2018-05-31": {
        "Diluted EPS": 0.06,
        "Total Revenue": 6,
        "Gross Profit": 14,
        "Operating Income": -20,
        "EBIT": -15,
        "Net Income": 2
    },
    "2018-02-28": {
        "Diluted EPS": 0.37,
        "Total Revenue": 84,
        "Gross Profit": 45,
        "Operating Income": 5,
        "EBIT": 11,
        "Net Income": 14
    },
    "2017-11-30": {
        "Diluted EPS": 0.01,
        "Total Revenue": 87,
        "Gross Profit": 43,
        "Operating Income": 1,
        "EBIT": 7,
        "Net Income": 0
    },
    "2017-08-31": {
        "Diluted EPS": -0.0,
        "Total Revenue": 85,
        "Gross Profit": 41,
        "Operating Income": 0,
        "EBIT": 6,
        "Net Income": 0
    },
    "2017-05-31": {
        "Diluted EPS": -0.35,
        "Total Revenue": 7,
        "Gross Profit": 10,
        "Operating Income": -35,
        "EBIT": -29,
        "Net Income": -13
    },
    "2017-02-28": {
        "Diluted EPS": 0.08,
        "Total Revenue": 86,
        "Gross Profit": 44,
        "Operating Income": 5,
        "EBIT": 11,
        "Net Income": 3
    },
    "2016-11-30": {
        "Diluted EPS": 0.37,
        "Total Revenue": 89,
        "Gross Profit": 45,
        "Operating Income": 16,
        "EBIT": 22,
        "Net Income": 14
    },
    "2016-08-31": {
        "Diluted EPS": 0.04,
        "Total Revenue": 88,
        "Gross Profit": 45,
        "Operating Income": 4,
        "EBIT": 10,
        "Net Income": 1
    },
    "2016-05-31": {
        "Diluted EPS": -1.2,
        "Total Revenue": 93,
        "Gross Profit": 42,
        "Operating Income": -2,
        "EBIT": 5,
        "Net Income": -43
    },
    "2016-02-29": {
        "Diluted EPS": 0.02,
        "Total Revenue": 87,
        "Gross Profit": 44,
        "Operating Income": 2,
        "EBIT": 9,
        "Net Income": 1
    },
    "2015-11-30": {
        "Diluted EPS": -0.01,
        "Total Revenue": 89,
        "Gross Profit": 46,
        "Operating Income": 1,
        "EBIT": 8,
        "Net Income": 0
    },
    "2015-08-31": {
        "Diluted EPS": -0.02,
        "Total Revenue": 84,
        "Gross Profit": 43,
        "Operating Income": 0,
        "EBIT": 7,
        "Net Income": -1
    },
    "2015-05-31": {
        "Diluted EPS": -0.02,
        "Total Revenue": 90,
        "Gross Profit": 44,
        "Operating Income": -1,
        "EBIT": 12,
        "Net Income": -1
    },
    "2015-02-28": {
        "Diluted EPS": -0.12,
        "Total Revenue": 87,
        "Gross Profit": 38,
        "Operating Income": -10,
        "EBIT": -1,
        "Net Income": -4
    },
    "2014-11-30": {
        "Diluted EPS": 0.04,
        "Total Revenue": 92,
        "Gross Profit": 48,
        "Operating Income": 5,
        "EBIT": 12,
        "Net Income": 1
    },
    "2014-08-31": {
        "Diluted EPS": 0.01,
        "Total Revenue": 87,
        "Gross Profit": 46,
        "Operating Income": 3,
        "EBIT": 10,
        "Net Income": 0
    },
    "2014-05-31": {
        "Diluted EPS": -0.04,
        "Total Revenue": 94,
        "Gross Profit": 48,
        "Operating Income": 1,
        "EBIT": 8,
        "Net Income": -2
    },
    "2014-02-28": {
        "Diluted EPS": 0.13,
        "Total Revenue": 88,
        "Gross Profit": 45,
        "Operating Income": 7,
        "EBIT": 14,
        "Net Income": 5
    },
    "2013-11-30": {
        "Diluted EPS": -0.01,
        "Total Revenue": 89,
        "Gross Profit": 45,
        "Operating Income": 1,
        "EBIT": 9,
        "Net Income": 0
    },
    "2013-08-31": {
        "Diluted EPS": -0.01,
        "Total Revenue": 84,
        "Gross Profit": 43,
        "Operating Income": 1,
        "EBIT": 7,
        "Net Income": 0
    },
    "2013-05-31": {
        "Diluted EPS": -0.04,
        "Total Revenue": 90,
        "Gross Profit": 44,
        "Operating Income": 0,
        "EBIT": 9,
        "Net Income": -1
    },
    "2013-02-28": {
        "Diluted EPS": -0.03,
        "Total Revenue": 82,
        "Gross Profit": 41,
        "Operating Income": 0,
        "EBIT": 7,
        "Net Income": -1
    },
    "2012-11-30": {
        "Diluted EPS": 0.06,
        "Total Revenue": 87,
        "Gross Profit": 44,
        "Operating Income": 5,
        "EBIT": 11,
        "Net Income": 2
    },
    "2012-08-31": {
        "Diluted EPS": -0.02,
        "Total Revenue": 83,
        "Gross Profit": 39,
        "Operating Income": 1,
        "EBIT": 10,
        "Net Income": -1
    },
    "2012-05-31": {
        "Diluted EPS": -0.27,
        "Total Revenue": 58,
        "Gross Profit": 31,
        "Operating Income": -8,
        "EBIT": -1,
        "Net Income": -7
    },
    "2012-02-29": {
        "Diluted EPS": -0.07,
        "Total Revenue": 52,
        "Gross Profit": 29,
        "Operating Income": -3,
        "EBIT": 0,
        "Net Income": -2
    },
    "2011-11-30": {
        "Diluted EPS": 0.09,
        "Total Revenue": 58,
        "Gross Profit": 33,
        "Operating Income": 4,
        "EBIT": 7,
        "Net Income": 2
    },
    "2011-08-31": {
        "Diluted EPS": 0.05,
        "Total Revenue": 54,
        "Gross Profit": 32,
        "Operating Income": 3,
        "EBIT": 6,
        "Net Income": 1
    },
    "2011-05-31": {
        "Diluted EPS": -0.04,
        "Total Revenue": 56,
        "Gross Profit": 32,
        "Operating Income": -2,
        "EBIT": 8,
        "Net Income": -1
    },
    "2011-02-28": {
        "Diluted EPS": 0.15,
        "Total Revenue": 55,
        "Gross Profit": 32,
        "Operating Income": 5,
        "EBIT": 8,
        "Net Income": 4
    },
    "2010-11-30": {
        "Diluted EPS": 0.13,
        "Total Revenue": 53,
        "Gross Profit": 32,
        "Operating Income": 5,
        "EBIT": 8,
        "Net Income": 3
    },
    "2010-08-31": {
        "Diluted EPS": 0.08,
        "Total Revenue": 52,
        "Gross Profit": 30,
        "Operating Income": 3,
        "EBIT": 7,
        "Net Income": 2
    },
    "2010-05-31": {
        "Diluted EPS": 0.15,
        "Total Revenue": 60,
        "Gross Profit": 35,
        "Operating Income": 6,
        "EBIT": 10,
        "Net Income": 4
    },
    "2010-02-28": {
        "Diluted EPS": 0.13,
        "Total Revenue": 52,
        "Gross Profit": 30,
        "Operating Income": 6,
        "EBIT": 9,
        "Net Income": 3
    },
    "2009-11-30": {
        "Diluted EPS": 0.13,
        "Total Revenue": 53,
        "Gross Profit": 32,
        "Operating Income": 5,
        "EBIT": 9,
        "Net Income": 3
    },
    "2009-08-31": {
        "Diluted EPS": 0.09,
        "Total Revenue": 50,
        "Gross Profit": 30,
        "Operating Income": 4,
        "EBIT": 7,
        "Net Income": 2
    },
    "2009-05-31": {
        "Diluted EPS": 0.12,
        "Total Revenue": 53,
        "Gross Profit": 33,
        "Operating Income": 5,
        "EBIT": 8,
        "Net Income": 3
    },
    "2009-02-28": {
        "Diluted EPS": 0.08,
        "Total Revenue": 49,
        "Gross Profit": 30,
        "Operating Income": 3,
        "EBIT": 6,
        "Net Income": 2
    },
    "2023-08-31": {
        "Tax Effect Of Unusual Items": NaN,
        "Tax Rate For Calcs": NaN,
        "Normalized EBITDA": NaN,
        "Total Unusual Items": NaN,
        "Total Unusual Items Excluding Goodwill": NaN,
        "Net Income From Continuing Operation Net Minority Interest": NaN,
        "Reconciled Depreciation": NaN,
        "Reconciled Cost Of Revenue": NaN,
        "EBITDA": NaN,
        "EBIT": NaN,
        "Net Interest Income": NaN,
        "Interest Income": NaN,
        "Normalized Income": NaN,
        "Net Income From Continuing And Discontinued Operation": NaN,
        "Total Expenses": NaN,
        "Total Operating Income As Reported": NaN,
        "Diluted Average Shares": NaN,
        "Basic Average Shares": NaN,
        "Diluted EPS": NaN,
        "Basic EPS": NaN,
        "Diluted NI Availto Com Stockholders": NaN,
        "Net Income Common Stockholders": NaN,
        "Net Income": NaN,
        "Net Income Including Noncontrolling Interests": NaN,
        "Net Income Continuous Operations": NaN,
        "Tax Provision": NaN,
        "Pretax Income": NaN,
        "Other Income Expense": NaN,
        "Other Non Operating Income Expenses": NaN,
        "Special Income Charges": NaN,
        "Gain On Sale Of Ppe": NaN,
        "Gain On Sale Of Business": 145000.0,
        "Other Special Charges": NaN,
        "Impairment Of Capital Assets": NaN,
        "Restructuring And Mergern Acquisition": NaN,
        "Net Non Operating Interest Income Expense": NaN,
        "Total Other Finance Cost": NaN,
        "Interest Income Non Operating": NaN,
        "Operating Income": NaN,
        "Operating Expense": NaN,
        "Depreciation Amortization Depletion Income Statement": NaN,
        "Depreciation And Amortization In Income Statement": NaN,
        "Amortization": NaN,
        "Amortization Of Intangibles Income Statement": NaN,
        "Research And Development": NaN,
        "Selling General And Administration": NaN,
        "Selling And Marketing Expense": NaN,
        "General And Administrative Expense": NaN,
        "Other Gand A": NaN,
        "Gross Profit": NaN,
        "Cost Of Revenue": NaN,
        "Total Revenue": NaN,
        "Operating Revenue": NaN
    },
    "2023-11-30": {
        "Tax Effect Of Unusual Items": NaN,
        "Tax Rate For Calcs": NaN,
        "Normalized EBITDA": NaN,
        "Total Unusual Items": NaN,
        "Total Unusual Items Excluding Goodwill": NaN,
        "Net Income From Continuing Operation Net Minority Interest": NaN,
        "Reconciled Depreciation": NaN,
        "Reconciled Cost Of Revenue": NaN,
        "EBITDA": NaN,
        "EBIT": NaN,
        "Net Interest Income": NaN,
        "Interest Income": 534000.0,
        "Normalized Income": NaN,
        "Net Income From Continuing And Discontinued Operation": NaN,
        "Total Expenses": NaN,
        "Total Operating Income As Reported": NaN,
        "Diluted Average Shares": NaN,
        "Basic Average Shares": NaN,
        "Diluted EPS": NaN,
        "Basic EPS": NaN,
        "Diluted NI Availto Com Stockholders": NaN,
        "Net Income Common Stockholders": NaN,
        "Net Income": NaN,
        "Net Income Including Noncontrolling Interests": NaN,
        "Net Income Continuous Operations": NaN,
        "Tax Provision": NaN,
        "Pretax Income": NaN,
        "Other Income Expense": NaN,
        "Other Non Operating Income Expenses": NaN,
        "Special Income Charges": NaN,
        "Gain On Sale Of Ppe": NaN,
        "Gain On Sale Of Business": 177000.0,
        "Other Special Charges": NaN,
        "Impairment Of Capital Assets": NaN,
        "Restructuring And Mergern Acquisition": NaN,
        "Net Non Operating Interest Income Expense": NaN,
        "Total Other Finance Cost": -534000.0,
        "Interest Income Non Operating": 534000.0,
        "Operating Income": NaN,
        "Operating Expense": NaN,
        "Depreciation Amortization Depletion Income Statement": NaN,
        "Depreciation And Amortization In Income Statement": NaN,
        "Amortization": NaN,
        "Amortization Of Intangibles Income Statement": NaN,
        "Research And Development": NaN,
        "Selling General And Administration": NaN,
        "Selling And Marketing Expense": NaN,
        "General And Administrative Expense": NaN,
        "Other Gand A": NaN,
        "Gross Profit": NaN,
        "Cost Of Revenue": NaN,
        "Total Revenue": NaN,
        "Operating Revenue": NaN
    },
    "2024-02-29": {
        "Tax Effect Of Unusual Items": NaN,
        "Tax Rate For Calcs": NaN,
        "Normalized EBITDA": NaN,
        "Total Unusual Items": NaN,
        "Total Unusual Items Excluding Goodwill": NaN,
        "Net Income From Continuing Operation Net Minority Interest": NaN,
        "Reconciled Depreciation": NaN,
        "Reconciled Cost Of Revenue": NaN,
        "EBITDA": NaN,
        "EBIT": NaN,
        "Net Interest Income": NaN,
        "Interest Income": 394000.0,
        "Normalized Income": NaN,
        "Net Income From Continuing And Discontinued Operation": NaN,
        "Total Expenses": NaN,
        "Total Operating Income As Reported": NaN,
        "Diluted Average Shares": NaN,
        "Basic Average Shares": NaN,
        "Diluted EPS": NaN,
        "Basic EPS": NaN,
        "Diluted NI Availto Com Stockholders": NaN,
        "Net Income Common Stockholders": NaN,
        "Net Income": NaN,
        "Net Income Including Noncontrolling Interests": NaN,
        "Net Income Continuous Operations": NaN,
        "Tax Provision": NaN,
        "Pretax Income": NaN,
        "Other Income Expense": NaN,
        "Other Non Operating Income Expenses": NaN,
        "Special Income Charges": NaN,
        "Gain On Sale Of Ppe": NaN,
        "Other Special Charges": 23314000.0,
        "Impairment Of Capital Assets": 165736000.0,
        "Restructuring And Mergern Acquisition": NaN,
        "Net Non Operating Interest Income Expense": NaN,
        "Total Other Finance Cost": -394000.0,
        "Interest Income Non Operating": 394000.0,
        "Operating Income": NaN,
        "Operating Expense": NaN,
        "Depreciation Amortization Depletion Income Statement": NaN,
        "Depreciation And Amortization In Income Statement": NaN,
        "Amortization": NaN,
        "Amortization Of Intangibles Income Statement": NaN,
        "Research And Development": NaN,
        "Selling General And Administration": NaN,
        "Selling And Marketing Expense": NaN,
        "General And Administrative Expense": NaN,
        "Other Gand A": NaN,
        "Gross Profit": NaN,
        "Cost Of Revenue": NaN,
        "Total Revenue": NaN,
        "Operating Revenue": NaN
    },
    "2024-05-31": {
        "Tax Effect Of Unusual Items": -423000.353582,
        "Tax Rate For Calcs": 0.048936,
        "Normalized EBITDA": 9656000.0,
        "Total Unusual Items": -8644000.0,
        "Total Unusual Items Excluding Goodwill": -8644000.0,
        "Net Income From Continuing Operation Net Minority Interest": -13449000.0,
        "Reconciled Depreciation": 6817000.0,
        "Reconciled Cost Of Revenue": 28222000.0,
        "EBITDA": 1012000.0,
        "EBIT": -5805000.0,
        "Net Interest Income": 567000.0,
        "Interest Income": NaN,
        "Normalized Income": -5228000.353582,
        "Net Income From Continuing And Discontinued Operation": -13449000.0,
        "Total Expenses": 76785000.0,
        "Total Operating Income As Reported": -14449000.0,
        "Diluted Average Shares": 40427000.0,
        "Basic Average Shares": 40427000.0,
        "Diluted EPS": -0.33,
        "Basic EPS": -0.33,
        "Diluted NI Availto Com Stockholders": -13449000.0,
        "Net Income Common Stockholders": -13449000.0,
        "Net Income": -13449000.0,
        "Net Income Including Noncontrolling Interests": -13449000.0,
        "Net Income Continuous Operations": -13449000.0,
        "Tax Provision": -692000.0,
        "Pretax Income": -14141000.0,
        "Other Income Expense": -8903000.0,
        "Other Non Operating Income Expenses": -259000.0,
        "Special Income Charges": -8644000.0,
        "Gain On Sale Of Ppe": 0.0,
        "Other Special Charges": 4489000.0,
        "Impairment Of Capital Assets": 0.0,
        "Restructuring And Mergern Acquisition": 4155000.0,
        "Net Non Operating Interest Income Expense": 567000.0,
        "Total Other Finance Cost": -567000.0,
        "Interest Income Non Operating": NaN,
        "Operating Income": -5805000.0,
        "Operating Expense": 44320000.0,
        "Depreciation Amortization Depletion Income Statement": 2574000.0,
        "Depreciation And Amortization In Income Statement": 2574000.0,
        "Amortization": 2574000.0,
        "Amortization Of Intangibles Income Statement": 2574000.0,
        "Research And Development": 6724000.0,
        "Selling General And Administration": 35022000.0,
        "Selling And Marketing Expense": 24581000.0,
        "General And Administrative Expense": 10441000.0,
        "Other Gand A": 10441000.0,
        "Gross Profit": 38515000.0,
        "Cost Of Revenue": 32465000.0,
        "Total Revenue": 70980000.0,
        "Operating Revenue": 70980000.0
    },
    "2024-08-31": {
        "Tax Effect Of Unusual Items": -921270.0,
        "Tax Rate For Calcs": 0.21,
        "Normalized EBITDA": 2461000.0,
        "Total Unusual Items": -4387000.0,
        "Total Unusual Items Excluding Goodwill": -4387000.0,
        "Net Income From Continuing Operation Net Minority Interest": -12798000.0,
        "Reconciled Depreciation": 6785000.0,
        "Reconciled Cost Of Revenue": 26552000.0,
        "EBITDA": -1926000.0,
        "EBIT": -8711000.0,
        "Net Interest Income": 606000.0,
        "Interest Income": 606000.0,
        "Normalized Income": -9332270.0,
        "Net Income From Continuing And Discontinued Operation": -12798000.0,
        "Total Expenses": 76202000.0,
        "Total Operating Income As Reported": -13098000.0,
        "Diluted Average Shares": 40653000.0,
        "Basic Average Shares": 40653000.0,
        "Diluted EPS": -0.31,
        "Basic EPS": -0.31,
        "Diluted NI Availto Com Stockholders": -12798000.0,
        "Net Income Common Stockholders": -12798000.0,
        "Net Income": -12798000.0,
        "Net Income Including Noncontrolling Interests": -12798000.0,
        "Net Income Continuous Operations": -12798000.0,
        "Tax Provision": 133000.0,
        "Pretax Income": -12665000.0,
        "Other Income Expense": -4560000.0,
        "Other Non Operating Income Expenses": -173000.0,
        "Special Income Charges": -4387000.0,
        "Gain On Sale Of Ppe": 0.0,
        "Other Special Charges": 507000.0,
        "Impairment Of Capital Assets": NaN,
        "Restructuring And Mergern Acquisition": 3880000.0,
        "Net Non Operating Interest Income Expense": 606000.0,
        "Total Other Finance Cost": NaN,
        "Interest Income Non Operating": 606000.0,
        "Operating Income": -8711000.0,
        "Operating Expense": 45435000.0,
        "Depreciation Amortization Depletion Income Statement": 2570000.0,
        "Depreciation And Amortization In Income Statement": 2570000.0,
        "Amortization": 2570000.0,
        "Amortization Of Intangibles Income Statement": 2570000.0,
        "Research And Development": 6285000.0,
        "Selling General And Administration": 36580000.0,
        "Selling And Marketing Expense": 25605000.0,
        "General And Administrative Expense": 10975000.0,
        "Other Gand A": 10975000.0,
        "Gross Profit": 36724000.0,
        "Cost Of Revenue": 30767000.0,
        "Total Revenue": 67491000.0,
        "Operating Revenue": 67491000.0
    },
    "2024-11-30": {
        "Tax Effect Of Unusual Items": -60240.0,
        "Tax Rate For Calcs": 0.01,
        "Normalized EBITDA": 7817000.0,
        "Total Unusual Items": -6024000.0,
        "Total Unusual Items Excluding Goodwill": -6024000.0,
        "Net Income From Continuing Operation Net Minority Interest": -10738000.0,
        "Reconciled Depreciation": 6863000.0,
        "Reconciled Cost Of Revenue": 28638000.0,
        "EBITDA": 1793000.0,
        "EBIT": -5070000.0,
        "Net Interest Income": 234000.0,
        "Interest Income": 234000.0,
        "Normalized Income": -4774240.0,
        "Net Income From Continuing And Discontinued Operation": -10738000.0,
        "Total Expenses": 77915000.0,
        "Total Operating Income As Reported": -11094000.0,
        "Diluted Average Shares": 40922000.0,
        "Basic Average Shares": 40922000.0,
        "Diluted EPS": -0.26,
        "Basic EPS": -0.26,
        "Diluted NI Availto Com Stockholders": -10738000.0,
        "Net Income Common Stockholders": -10738000.0,
        "Net Income": -10738000.0,
        "Net Income Including Noncontrolling Interests": -10738000.0,
        "Net Income Continuous Operations": -10738000.0,
        "Tax Provision": -110000.0,
        "Pretax Income": -10848000.0,
        "Other Income Expense": -6012000.0,
        "Other Non Operating Income Expenses": 12000.0,
        "Special Income Charges": -6024000.0,
        "Gain On Sale Of Ppe": 0.0,
        "Other Special Charges": 56000.0,
        "Impairment Of Capital Assets": NaN,
        "Restructuring And Mergern Acquisition": 5968000.0,
        "Net Non Operating Interest Income Expense": 234000.0,
        "Total Other Finance Cost": NaN,
        "Interest Income Non Operating": 234000.0,
        "Operating Income": -5070000.0,
        "Operating Expense": 44976000.0,
        "Depreciation Amortization Depletion Income Statement": 2562000.0,
        "Depreciation And Amortization In Income Statement": 2562000.0,
        "Amortization": 2562000.0,
        "Amortization Of Intangibles Income Statement": 2562000.0,
        "Research And Development": 6434000.0,
        "Selling General And Administration": 35980000.0,
        "Selling And Marketing Expense": 25589000.0,
        "General And Administrative Expense": 10391000.0,
        "Other Gand A": 10391000.0,
        "Gross Profit": 39906000.0,
        "Cost Of Revenue": 32939000.0,
        "Total Revenue": 72845000.0,
        "Operating Revenue": 72845000.0
    },
    "2025-02-28": {
        "Tax Effect Of Unusual Items": 0.0,
        "Tax Rate For Calcs": 0.0,
        "Normalized EBITDA": 2997000.0,
        "Total Unusual Items": -3326000.0,
        "Total Unusual Items Excluding Goodwill": -3326000.0,
        "Net Income From Continuing Operation Net Minority Interest": -4407000.0,
        "Reconciled Depreciation": 6319000.0,
        "Reconciled Cost Of Revenue": 29426000.0,
        "EBITDA": -329000.0,
        "EBIT": -6648000.0,
        "Net Interest Income": 135000.0,
        "Interest Income": 135000.0,
        "Normalized Income": -1081000.0,
        "Net Income From Continuing And Discontinued Operation": -4407000.0,
        "Total Expenses": 78652000.0,
        "Total Operating Income As Reported": -9974000.0,
        "Diluted Average Shares": 40853000.0,
        "Basic Average Shares": 40853000.0,
        "Diluted EPS": -0.11,
        "Basic EPS": -0.11,
        "Diluted NI Availto Com Stockholders": -4407000.0,
        "Net Income Common Stockholders": -4407000.0,
        "Net Income": -4407000.0,
        "Net Income Including Noncontrolling Interests": -4407000.0,
        "Net Income Continuous Operations": -4407000.0,
        "Tax Provision": -2000.0,
        "Pretax Income": -4409000.0,
        "Other Income Expense": 2104000.0,
        "Other Non Operating Income Expenses": 5430000.0,
        "Special Income Charges": -3326000.0,
        "Gain On Sale Of Ppe": 0.0,
        "Other Special Charges": NaN,
        "Impairment Of Capital Assets": 0.0,
        "Restructuring And Mergern Acquisition": 3326000.0,
        "Net Non Operating Interest Income Expense": 135000.0,
        "Total Other Finance Cost": NaN,
        "Interest Income Non Operating": 135000.0,
        "Operating Income": -6648000.0,
        "Operating Expense": 45505000.0,
        "Depreciation Amortization Depletion Income Statement": 2598000.0,
        "Depreciation And Amortization In Income Statement": 2598000.0,
        "Amortization": 2598000.0,
        "Amortization Of Intangibles Income Statement": 2598000.0,
        "Research And Development": 6913000.0,
        "Selling General And Administration": 35994000.0,
        "Selling And Marketing Expense": 25504000.0,
        "General And Administrative Expense": 10490000.0,
        "Other Gand A": 10490000.0,
        "Gross Profit": 38857000.0,
        "Cost Of Revenue": 33147000.0,
        "Total Revenue": 72004000.0,
        "Operating Revenue": 72004000.0
    },
    "2025-05-31": {
        "Tax Effect Of Unusual Items": -21162.02946,
        "Tax Rate For Calcs": 0.00982,
        "Normalized EBITDA": 4355000.0,
        "Total Unusual Items": -2155000.0,
        "Total Unusual Items Excluding Goodwill": -2155000.0,
        "Net Income From Continuing Operation Net Minority Interest": -6050000.0,
        "Reconciled Depreciation": 5833000.0,
        "Reconciled Cost Of Revenue": 34695000.0,
        "EBITDA": 2200000.0,
        "EBIT": -3633000.0,
        "Net Interest Income": 3000.0,
        "Interest Income": NaN,
        "Normalized Income": -3916162.02946,
        "Net Income From Continuing And Discontinued Operation": -6050000.0,
        "Total Expenses": 83791000.0,
        "Total Operating Income As Reported": -5788000.0,
        "Diluted Average Shares": 40984000.0,
        "Basic Average Shares": 40984000.0,
        "Diluted EPS": -0.15,
        "Basic EPS": -0.15,
        "Diluted NI Availto Com Stockholders": -6050000.0,
        "Net Income Common Stockholders": -6050000.0,
        "Net Income": -6050000.0,
        "Net Income Including Noncontrolling Interests": -6050000.0,
        "Net Income Continuous Operations": -6050000.0,
        "Tax Provision": -60000.0,
        "Pretax Income": -6110000.0,
        "Other Income Expense": -2480000.0,
        "Other Non Operating Income Expenses": -325000.0,
        "Special Income Charges": -2155000.0,
        "Gain On Sale Of Ppe": 0.0,
        "Other Special Charges": 309000.0,
        "Impairment Of Capital Assets": 0.0,
        "Restructuring And Mergern Acquisition": 1846000.0,
        "Net Non Operating Interest Income Expense": 3000.0,
        "Total Other Finance Cost": NaN,
        "Interest Income Non Operating": NaN,
        "Operating Income": -3633000.0,
        "Operating Expense": 45851000.0,
        "Depreciation Amortization Depletion Income Statement": 2588000.0,
        "Depreciation And Amortization In Income Statement": 2588000.0,
        "Amortization": 2588000.0,
        "Amortization Of Intangibles Income Statement": 2588000.0,
        "Research And Development": 6590000.0,
        "Selling General And Administration": 36673000.0,
        "Selling And Marketing Expense": 26437000.0,
        "General And Administrative Expense": 10236000.0,
        "Other Gand A": 10236000.0,
        "Gross Profit": 42218000.0,
        "Cost Of Revenue": 37940000.0,
        "Total Revenue": 80158000.0,
        "Operating Revenue": 80158000.0
    }
}