{
    "2023-03-31": {
        "Tax Effect Of Unusual Items": 0.0,
        "Tax Rate For Calcs": 0.0,
        "Normalized EBITDA": -16039000.0,
        "Net Income From Continuing Operation Net Minority Interest": -15323000.0,
        "EBITDA": -16039000.0,
        "EBIT": -16039000.0,
        "Net Interest Income": NaN,
        "Interest Income": NaN,
        "Normalized Income": -15323000.0,
        "Net Income From Continuing And Discontinued Operation": -15323000.0,
        "Total Expenses": 16039000.0,
        "Total Operating Income As Reported": -16039000.0,
        "Diluted Average Shares": 19385646.0,
        "Basic Average Shares": 19385646.0,
        "Diluted EPS": -0.79,
        "Basic EPS": -0.79,
        "Diluted NI Availto Com Stockholders": -15323000.0,
        "Net Income Common Stockholders": -15323000.0,
        "Otherunder Preferred Stock Dividend": NaN,
        "Net Income": -15323000.0,
        "Net Income Including Noncontrolling Interests": -15323000.0,
        "Net Income Continuous Operations": -15323000.0,
        "Pretax Income": -15323000.0,
        "Other Income Expense": 716000.0,
        "Other Non Operating Income Expenses": 716000.0,
        "Net Non Operating Interest Income Expense": NaN,
        "Interest Income Non Operating": NaN,
        "Operating Income": -16039000.0,
        "Operating Expense": 16039000.0,
        "Research And Development": 11985000.0,
        "Selling General And Administration": 4054000.0,
        "General And Administrative Expense": 4054000.0,
        "Other Gand A": 4054000.0,
        "Total Revenue": 0.0,
        "Operating Revenue": 0.0
    },
    "2022-12-31": {
        "Tax Effect Of Unusual Items": NaN,
        "Tax Rate For Calcs": NaN,
        "Normalized EBITDA": NaN,
        "Net Income From Continuing Operation Net Minority Interest": NaN,
        "EBITDA": NaN,
        "EBIT": NaN,
        "Net Interest Income": 630000.0,
        "Interest Income": 630000.0,
        "Normalized Income": NaN,
        "Net Income From Continuing And Discontinued Operation": NaN,
        "Total Expenses": NaN,
        "Total Operating Income As Reported": NaN,
        "Diluted Average Shares": NaN,
        "Basic Average Shares": NaN,
        "Diluted EPS": NaN,
        "Basic EPS": NaN,
        "Diluted NI Availto Com Stockholders": NaN,
        "Net Income Common Stockholders": NaN,
        "Otherunder Preferred Stock Dividend": NaN,
        "Net Income": NaN,
        "Net Income Including Noncontrolling Interests": NaN,
        "Net Income Continuous Operations": NaN,
        "Pretax Income": NaN,
        "Other Income Expense": NaN,
        "Other Non Operating Income Expenses": NaN,
        "Net Non Operating Interest Income Expense": 630000.0,
        "Interest Income Non Operating": 630000.0,
        "Operating Income": NaN,
        "Operating Expense": NaN,
        "Research And Development": NaN,
        "Selling General And Administration": NaN,
        "General And Administrative Expense": NaN,
        "Other Gand A": NaN,
        "Total Revenue": NaN,
        "Operating Revenue": NaN
    },
    "2022-09-30": {
        "Tax Effect Of Unusual Items": NaN,
        "Tax Rate For Calcs": NaN,
        "Normalized EBITDA": NaN,
        "Net Income From Continuing Operation Net Minority Interest": NaN,
        "EBITDA": NaN,
        "EBIT": NaN,
        "Net Interest Income": 466000.0,
        "Interest Income": 466000.0,
        "Normalized Income": NaN,
        "Net Income From Continuing And Discontinued Operation": NaN,
        "Total Expenses": NaN,
        "Total Operating Income As Reported": NaN,
        "Diluted Average Shares": NaN,
        "Basic Average Shares": NaN,
        "Diluted EPS": NaN,
        "Basic EPS": NaN,
        "Diluted NI Availto Com Stockholders": NaN,
        "Net Income Common Stockholders": NaN,
        "Otherunder Preferred Stock Dividend": 0.0,
        "Net Income": NaN,
        "Net Income Including Noncontrolling Interests": NaN,
        "Net Income Continuous Operations": NaN,
        "Pretax Income": NaN,
        "Other Income Expense": NaN,
        "Other Non Operating Income Expenses": NaN,
        "Net Non Operating Interest Income Expense": 466000.0,
        "Interest Income Non Operating": 466000.0,
        "Operating Income": NaN,
        "Operating Expense": NaN,
        "Research And Development": NaN,
        "Selling General And Administration": NaN,
        "General And Administrative Expense": NaN,
        "Other Gand A": NaN,
        "Total Revenue": NaN,
        "Operating Revenue": NaN
    },
    "2022-06-30": {
        "Tax Effect Of Unusual Items": 0.0,
        "Tax Rate For Calcs": 0.0,
        "Normalized EBITDA": -10333000.0,
        "Net Income From Continuing Operation Net Minority Interest": -10120000.0,
        "EBITDA": -10333000.0,
        "EBIT": -10333000.0,
        "Net Interest Income": 228000.0,
        "Interest Income": 228000.0,
        "Normalized Income": -10120000.0,
        "Net Income From Continuing And Discontinued Operation": -10120000.0,
        "Total Expenses": 10333000.0,
        "Total Operating Income As Reported": -10333000.0,
        "Diluted Average Shares": 19402658.0,
        "Basic Average Shares": 19402658.0,
        "Diluted EPS": -0.521578,
        "Basic EPS": -0.521578,
        "Diluted NI Availto Com Stockholders": -10120000.0,
        "Net Income Common Stockholders": -10120000.0,
        "Otherunder Preferred Stock Dividend": 0.0,
        "Net Income": -10120000.0,
        "Net Income Including Noncontrolling Interests": -10120000.0,
        "Net Income Continuous Operations": -10120000.0,
        "Pretax Income": -10120000.0,
        "Other Income Expense": -15000.0,
        "Other Non Operating Income Expenses": -15000.0,
        "Net Non Operating Interest Income Expense": 228000.0,
        "Interest Income Non Operating": 228000.0,
        "Operating Income": -10333000.0,
        "Operating Expense": 10333000.0,
        "Research And Development": 6698000.0,
        "Selling General And Administration": 3635000.0,
        "General And Administrative Expense": 3635000.0,
        "Other Gand A": 3635000.0,
        "Total Revenue": 0.0,
        "Operating Revenue": 0.0
    },
    "2022-03-31": {
        "Diluted EPS": -2.98,
        "Total Revenue": NaN,
        "Gross Profit": NaN,
        "Operating Income": -8,
        "EBIT": -8,
        "Net Income": -9
    },
    "2021-12-31": {
        "Diluted EPS": -3.6,
        "Total Revenue": NaN,
        "Gross Profit": NaN,
        "Operating Income": -8,
        "EBIT": -8,
        "Net Income": -8
    },
    "2021-09-30": {
        "Diluted EPS": -3.35,
        "Total Revenue": NaN,
        "Gross Profit": NaN,
        "Operating Income": -7,
        "EBIT": -7,
        "Net Income": -9
    },
    "2021-06-30": {
        "Diluted EPS": -2.62,
        "Total Revenue": NaN,
        "Gross Profit": NaN,
        "Operating Income": -5,
        "EBIT": -5,
        "Net Income": -7
    },
    "2021-03-31": {
        "Diluted EPS": -1.07,
        "Total Revenue": NaN,
        "Gross Profit": NaN,
        "Operating Income": -2,
        "EBIT": -2,
        "Net Income": -3
    },
    "2020-12-31": {
        "Diluted EPS": 0.0,
        "Total Revenue": NaN,
        "Gross Profit": NaN,
        "Operating Income": NaN,
        "EBIT": NaN,
        "Net Income": NaN
    },
    "2023-06-30": {
        "Tax Effect Of Unusual Items": NaN,
        "Tax Rate For Calcs": NaN,
        "Normalized EBITDA": NaN,
        "Total Unusual Items": NaN,
        "Total Unusual Items Excluding Goodwill": NaN,
        "Net Income From Continuing Operation Net Minority Interest": NaN,
        "EBITDA": NaN,
        "EBIT": NaN,
        "Normalized Income": NaN,
        "Net Income From Continuing And Discontinued Operation": NaN,
        "Total Expenses": NaN,
        "Total Operating Income As Reported": NaN,
        "Diluted Average Shares": NaN,
        "Basic Average Shares": NaN,
        "Diluted EPS": NaN,
        "Basic EPS": NaN,
        "Diluted NI Availto Com Stockholders": NaN,
        "Net Income Common Stockholders": NaN,
        "Otherunder Preferred Stock Dividend": 0.0,
        "Net Income": NaN,
        "Net Income Including Noncontrolling Interests": NaN,
        "Net Income Continuous Operations": NaN,
        "Pretax Income": NaN,
        "Other Income Expense": NaN,
        "Other Non Operating Income Expenses": NaN,
        "Special Income Charges": NaN,
        "Restructuring And Mergern Acquisition": NaN,
        "Operating Income": NaN,
        "Operating Expense": NaN,
        "Research And Development": NaN,
        "Selling General And Administration": NaN,
        "General And Administrative Expense": NaN,
        "Other Gand A": NaN,
        "Total Revenue": NaN,
        "Operating Revenue": NaN
    },
    "2023-09-30": {
        "Tax Effect Of Unusual Items": NaN,
        "Tax Rate For Calcs": NaN,
        "Normalized EBITDA": NaN,
        "Total Unusual Items": 0.0,
        "Total Unusual Items Excluding Goodwill": 0.0,
        "Net Income From Continuing Operation Net Minority Interest": NaN,
        "EBITDA": NaN,
        "EBIT": NaN,
        "Net Interest Income": NaN,
        "Interest Income": NaN,
        "Normalized Income": NaN,
        "Net Income From Continuing And Discontinued Operation": NaN,
        "Total Expenses": NaN,
        "Total Operating Income As Reported": NaN,
        "Diluted Average Shares": NaN,
        "Basic Average Shares": NaN,
        "Diluted EPS": NaN,
        "Basic EPS": NaN,
        "Diluted NI Availto Com Stockholders": NaN,
        "Net Income Common Stockholders": NaN,
        "Net Income": NaN,
        "Net Income Including Noncontrolling Interests": NaN,
        "Net Income Continuous Operations": NaN,
        "Pretax Income": NaN,
        "Other Income Expense": NaN,
        "Other Non Operating Income Expenses": 1473000.0,
        "Special Income Charges": 0.0,
        "Restructuring And Mergern Acquisition": 0.0,
        "Net Non Operating Interest Income Expense": NaN,
        "Interest Income Non Operating": NaN,
        "Operating Income": NaN,
        "Operating Expense": NaN,
        "Research And Development": NaN,
        "Selling General And Administration": NaN,
        "General And Administrative Expense": NaN,
        "Other Gand A": NaN,
        "Total Revenue": NaN,
        "Operating Revenue": NaN
    },
    "2023-12-31": {
        "Tax Effect Of Unusual Items": NaN,
        "Tax Rate For Calcs": NaN,
        "Normalized EBITDA": NaN,
        "Total Unusual Items": NaN,
        "Total Unusual Items Excluding Goodwill": NaN,
        "Net Income From Continuing Operation Net Minority Interest": NaN,
        "EBITDA": NaN,
        "EBIT": NaN,
        "Net Interest Income": NaN,
        "Interest Income": NaN,
        "Normalized Income": NaN,
        "Net Income From Continuing And Discontinued Operation": NaN,
        "Total Expenses": NaN,
        "Total Operating Income As Reported": NaN,
        "Diluted Average Shares": NaN,
        "Basic Average Shares": NaN,
        "Diluted EPS": NaN,
        "Basic EPS": NaN,
        "Diluted NI Availto Com Stockholders": NaN,
        "Net Income Common Stockholders": NaN,
        "Net Income": NaN,
        "Net Income Including Noncontrolling Interests": NaN,
        "Net Income Continuous Operations": NaN,
        "Pretax Income": NaN,
        "Other Income Expense": 1917000.0,
        "Other Non Operating Income Expenses": 1917000.0,
        "Special Income Charges": NaN,
        "Restructuring And Mergern Acquisition": NaN,
        "Net Non Operating Interest Income Expense": NaN,
        "Interest Income Non Operating": NaN,
        "Operating Income": NaN,
        "Operating Expense": NaN,
        "Research And Development": NaN,
        "Selling General And Administration": NaN,
        "General And Administrative Expense": NaN,
        "Other Gand A": NaN,
        "Total Revenue": NaN,
        "Operating Revenue": NaN
    },
    "2024-03-31": {
        "Tax Effect Of Unusual Items": 0.0,
        "Tax Rate For Calcs": 0.0,
        "Normalized EBITDA": -18296000.0,
        "Total Unusual Items": NaN,
        "Total Unusual Items Excluding Goodwill": NaN,
        "Net Income From Continuing Operation Net Minority Interest": -16617000.0,
        "EBITDA": -18296000.0,
        "EBIT": -18296000.0,
        "Net Interest Income": 1678000.0,
        "Interest Income": 1678000.0,
        "Normalized Income": -16617000.0,
        "Net Income From Continuing And Discontinued Operation": -16617000.0,
        "Total Expenses": 18296000.0,
        "Total Operating Income As Reported": -18296000.0,
        "Diluted Average Shares": 29763278.0,
        "Basic Average Shares": 29763278.0,
        "Diluted EPS": -0.56,
        "Basic EPS": -0.56,
        "Diluted NI Availto Com Stockholders": -16617000.0,
        "Net Income Common Stockholders": -16617000.0,
        "Net Income": -16617000.0,
        "Net Income Including Noncontrolling Interests": -16617000.0,
        "Net Income Continuous Operations": -16617000.0,
        "Pretax Income": -16617000.0,
        "Other Income Expense": 1000.0,
        "Other Non Operating Income Expenses": 1000.0,
        "Special Income Charges": NaN,
        "Restructuring And Mergern Acquisition": NaN,
        "Net Non Operating Interest Income Expense": 1678000.0,
        "Interest Income Non Operating": 1678000.0,
        "Operating Income": -18296000.0,
        "Operating Expense": 18296000.0,
        "Research And Development": 14655000.0,
        "Selling General And Administration": 3641000.0,
        "General And Administrative Expense": 3641000.0,
        "Other Gand A": 3641000.0,
        "Total Revenue": 0.0,
        "Operating Revenue": 0.0
    },
    "2024-06-30": {
        "Tax Effect Of Unusual Items": 0.0,
        "Tax Rate For Calcs": 0.0,
        "Normalized EBITDA": -15880000.0,
        "Total Unusual Items": NaN,
        "Total Unusual Items Excluding Goodwill": NaN,
        "Net Income From Continuing Operation Net Minority Interest": -14435000.0,
        "EBITDA": -15880000.0,
        "EBIT": -15880000.0,
        "Net Interest Income": NaN,
        "Interest Income": NaN,
        "Normalized Income": -14435000.0,
        "Net Income From Continuing And Discontinued Operation": -14435000.0,
        "Total Expenses": 15880000.0,
        "Total Operating Income As Reported": -15880000.0,
        "Diluted Average Shares": 29824725.0,
        "Basic Average Shares": 29824725.0,
        "Diluted EPS": -0.48,
        "Basic EPS": -0.48,
        "Diluted NI Availto Com Stockholders": -14435000.0,
        "Net Income Common Stockholders": -14435000.0,
        "Net Income": -14435000.0,
        "Net Income Including Noncontrolling Interests": -14435000.0,
        "Net Income Continuous Operations": -14435000.0,
        "Pretax Income": -14435000.0,
        "Other Income Expense": 1445000.0,
        "Other Non Operating Income Expenses": 1445000.0,
        "Special Income Charges": NaN,
        "Restructuring And Mergern Acquisition": NaN,
        "Net Non Operating Interest Income Expense": NaN,
        "Interest Income Non Operating": NaN,
        "Operating Income": -15880000.0,
        "Operating Expense": 15880000.0,
        "Research And Development": 12149000.0,
        "Selling General And Administration": 3731000.0,
        "General And Administrative Expense": 3731000.0,
        "Other Gand A": 3731000.0,
        "Total Revenue": 0.0,
        "Operating Revenue": 0.0
    },
    "2024-09-30": {
        "Tax Effect Of Unusual Items": 0.0,
        "Tax Rate For Calcs": 0.0,
        "Normalized EBITDA": -9528000.0,
        "Total Unusual Items": -2243000.0,
        "Total Unusual Items Excluding Goodwill": -2243000.0,
        "Net Income From Continuing Operation Net Minority Interest": -12747000.0,
        "EBITDA": -11771000.0,
        "EBIT": -11771000.0,
        "Net Interest Income": NaN,
        "Interest Income": NaN,
        "Normalized Income": -10504000.0,
        "Net Income From Continuing And Discontinued Operation": -12747000.0,
        "Total Expenses": 11771000.0,
        "Total Operating Income As Reported": -14014000.0,
        "Diluted Average Shares": 29841169.0,
        "Basic Average Shares": 29841169.0,
        "Diluted EPS": -0.43,
        "Basic EPS": -0.43,
        "Diluted NI Availto Com Stockholders": -12747000.0,
        "Net Income Common Stockholders": -12747000.0,
        "Net Income": -12747000.0,
        "Net Income Including Noncontrolling Interests": -12747000.0,
        "Net Income Continuous Operations": -12747000.0,
        "Pretax Income": -12747000.0,
        "Other Income Expense": -976000.0,
        "Other Non Operating Income Expenses": 1267000.0,
        "Special Income Charges": -2243000.0,
        "Restructuring And Mergern Acquisition": 2243000.0,
        "Net Non Operating Interest Income Expense": NaN,
        "Interest Income Non Operating": NaN,
        "Operating Income": -11771000.0,
        "Operating Expense": 11771000.0,
        "Research And Development": 8287000.0,
        "Selling General And Administration": 3484000.0,
        "General And Administrative Expense": 3484000.0,
        "Other Gand A": 3484000.0,
        "Total Revenue": 0.0,
        "Operating Revenue": 0.0
    },
    "2024-12-31": {
        "Tax Effect Of Unusual Items": 0.0,
        "Tax Rate For Calcs": 0.0,
        "Normalized EBITDA": -8616000.0,
        "Total Unusual Items": 9000.0,
        "Total Unusual Items Excluding Goodwill": 9000.0,
        "Net Income From Continuing Operation Net Minority Interest": -7522000.0,
        "EBITDA": -8607000.0,
        "EBIT": -8607000.0,
        "Net Interest Income": NaN,
        "Interest Income": NaN,
        "Normalized Income": -7531000.0,
        "Net Income From Continuing And Discontinued Operation": -7522000.0,
        "Total Expenses": 8607000.0,
        "Total Operating Income As Reported": -8598000.0,
        "Diluted Average Shares": 29882993.0,
        "Basic Average Shares": 29882993.0,
        "Diluted EPS": -0.25,
        "Basic EPS": -0.25,
        "Diluted NI Availto Com Stockholders": -7522000.0,
        "Net Income Common Stockholders": -7522000.0,
        "Net Income": -7522000.0,
        "Net Income Including Noncontrolling Interests": -7522000.0,
        "Net Income Continuous Operations": -7522000.0,
        "Pretax Income": -7522000.0,
        "Other Income Expense": -4382000.0,
        "Other Non Operating Income Expenses": NaN,
        "Special Income Charges": 9000.0,
        "Restructuring And Mergern Acquisition": -9000.0,
        "Net Non Operating Interest Income Expense": NaN,
        "Interest Income Non Operating": NaN,
        "Operating Income": -8607000.0,
        "Operating Expense": 8607000.0,
        "Research And Development": 5397000.0,
        "Selling General And Administration": 3210000.0,
        "General And Administrative Expense": 3210000.0,
        "Other Gand A": 3210000.0,
        "Total Revenue": 0.0,
        "Operating Revenue": 0.0
    },
    "2025-03-31": {
        "Tax Effect Of Unusual Items": 0.0,
        "Tax Rate For Calcs": 0.0,
        "Normalized EBITDA": -11537000.0,
        "Total Unusual Items": NaN,
        "Total Unusual Items Excluding Goodwill": NaN,
        "Net Income From Continuing Operation Net Minority Interest": -10649000.0,
        "EBITDA": -11537000.0,
        "EBIT": -11537000.0,
        "Net Interest Income": 888000.0,
        "Interest Income": 888000.0,
        "Normalized Income": -10649000.0,
        "Net Income From Continuing And Discontinued Operation": -10649000.0,
        "Total Expenses": 11537000.0,
        "Total Operating Income As Reported": -11537000.0,
        "Diluted Average Shares": 30053659.0,
        "Basic Average Shares": 30053659.0,
        "Diluted EPS": -0.35,
        "Basic EPS": -0.35,
        "Diluted NI Availto Com Stockholders": -10649000.0,
        "Net Income Common Stockholders": -10649000.0,
        "Net Income": -10649000.0,
        "Net Income Including Noncontrolling Interests": -10649000.0,
        "Net Income Continuous Operations": -10649000.0,
        "Pretax Income": -10649000.0,
        "Other Income Expense": NaN,
        "Other Non Operating Income Expenses": NaN,
        "Special Income Charges": NaN,
        "Restructuring And Mergern Acquisition": NaN,
        "Net Non Operating Interest Income Expense": 888000.0,
        "Interest Income Non Operating": 888000.0,
        "Operating Income": -11537000.0,
        "Operating Expense": 11537000.0,
        "Research And Development": 7690000.0,
        "Selling General And Administration": 3847000.0,
        "General And Administrative Expense": 3847000.0,
        "Other Gand A": 3847000.0,
        "Total Revenue": 0.0,
        "Operating Revenue": 0.0
    }
}