{
    "2023-06-30": {
        "Tax Effect Of Unusual Items": NaN,
        "Tax Rate For Calcs": NaN,
        "Normalized EBITDA": NaN,
        "Total Unusual Items": NaN,
        "Total Unusual Items Excluding Goodwill": NaN,
        "Net Income From Continuing Operation Net Minority Interest": NaN,
        "Reconciled Depreciation": NaN,
        "Reconciled Cost Of Revenue": NaN,
        "EBITDA": NaN,
        "EBIT": NaN,
        "Net Interest Income": NaN,
        "Interest Expense": NaN,
        "Normalized Income": NaN,
        "Net Income From Continuing And Discontinued Operation": NaN,
        "Total Expenses": NaN,
        "Diluted Average Shares": NaN,
        "Basic Average Shares": NaN,
        "Diluted EPS": NaN,
        "Basic EPS": NaN,
        "Diluted NI Availto Com Stockholders": NaN,
        "Net Income Common Stockholders": NaN,
        "Net Income": NaN,
        "Net Income Including Noncontrolling Interests": NaN,
        "Net Income Continuous Operations": NaN,
        "Tax Provision": NaN,
        "Pretax Income": NaN,
        "Other Income Expense": NaN,
        "Other Non Operating Income Expenses": NaN,
        "Special Income Charges": NaN,
        "Write Off": 0.0,
        "Net Non Operating Interest Income Expense": NaN,
        "Interest Expense Non Operating": NaN,
        "Operating Income": NaN,
        "Operating Expense": NaN,
        "Selling General And Administration": NaN,
        "Gross Profit": NaN,
        "Cost Of Revenue": NaN,
        "Total Revenue": NaN,
        "Operating Revenue": NaN
    },
    "2023-03-31": {
        "Tax Effect Of Unusual Items": NaN,
        "Tax Rate For Calcs": NaN,
        "Normalized EBITDA": NaN,
        "Total Unusual Items": NaN,
        "Total Unusual Items Excluding Goodwill": NaN,
        "Net Income From Continuing Operation Net Minority Interest": NaN,
        "Reconciled Depreciation": NaN,
        "Reconciled Cost Of Revenue": NaN,
        "EBITDA": NaN,
        "EBIT": NaN,
        "Net Interest Income": NaN,
        "Interest Expense": NaN,
        "Normalized Income": NaN,
        "Net Income From Continuing And Discontinued Operation": NaN,
        "Total Expenses": NaN,
        "Diluted Average Shares": NaN,
        "Basic Average Shares": NaN,
        "Diluted EPS": NaN,
        "Basic EPS": NaN,
        "Diluted NI Availto Com Stockholders": NaN,
        "Net Income Common Stockholders": NaN,
        "Net Income": NaN,
        "Net Income Including Noncontrolling Interests": NaN,
        "Net Income Continuous Operations": NaN,
        "Tax Provision": NaN,
        "Pretax Income": NaN,
        "Other Income Expense": NaN,
        "Other Non Operating Income Expenses": NaN,
        "Special Income Charges": NaN,
        "Write Off": 15600000.0,
        "Net Non Operating Interest Income Expense": NaN,
        "Interest Expense Non Operating": NaN,
        "Operating Income": NaN,
        "Operating Expense": NaN,
        "Selling General And Administration": NaN,
        "Gross Profit": NaN,
        "Cost Of Revenue": NaN,
        "Total Revenue": NaN,
        "Operating Revenue": NaN
    },
    "2022-12-31": {
        "Tax Effect Of Unusual Items": 0.0,
        "Tax Rate For Calcs": 0.21,
        "Normalized EBITDA": -219100000.0,
        "Total Unusual Items": NaN,
        "Total Unusual Items Excluding Goodwill": NaN,
        "Net Income From Continuing Operation Net Minority Interest": -120100000.0,
        "Reconciled Depreciation": 20400000.0,
        "Reconciled Cost Of Revenue": 587500000.0,
        "EBITDA": -219100000.0,
        "EBIT": -239500000.0,
        "Net Interest Income": -3400000.0,
        "Interest Expense": 3400000.0,
        "Normalized Income": -120100000.0,
        "Net Income From Continuing And Discontinued Operation": -120100000.0,
        "Total Expenses": 756400000.0,
        "Diluted Average Shares": 153158000.0,
        "Basic Average Shares": 151179079.0,
        "Diluted EPS": -0.794422,
        "Basic EPS": -0.794422,
        "Diluted NI Availto Com Stockholders": -120100000.0,
        "Net Income Common Stockholders": -120100000.0,
        "Net Income": -120100000.0,
        "Net Income Including Noncontrolling Interests": -120100000.0,
        "Net Income Continuous Operations": -120100000.0,
        "Tax Provision": -122800000.0,
        "Pretax Income": -242900000.0,
        "Other Income Expense": -419200000.0,
        "Other Non Operating Income Expenses": -419200000.0,
        "Special Income Charges": NaN,
        "Write Off": NaN,
        "Net Non Operating Interest Income Expense": -3400000.0,
        "Interest Expense Non Operating": 3400000.0,
        "Operating Income": 179700000.0,
        "Operating Expense": 168900000.0,
        "Selling General And Administration": 168900000.0,
        "Gross Profit": 348600000.0,
        "Cost Of Revenue": 587500000.0,
        "Total Revenue": 936100000.0,
        "Operating Revenue": 936100000.0
    },
    "2022-09-30": {
        "Tax Effect Of Unusual Items": NaN,
        "Tax Rate For Calcs": NaN,
        "Normalized EBITDA": NaN,
        "Total Unusual Items": NaN,
        "Total Unusual Items Excluding Goodwill": NaN,
        "Net Income From Continuing Operation Net Minority Interest": NaN,
        "Reconciled Depreciation": NaN,
        "Reconciled Cost Of Revenue": NaN,
        "EBITDA": NaN,
        "EBIT": NaN,
        "Net Interest Income": NaN,
        "Interest Expense": NaN,
        "Normalized Income": NaN,
        "Net Income From Continuing And Discontinued Operation": NaN,
        "Total Expenses": NaN,
        "Diluted Average Shares": NaN,
        "Basic Average Shares": NaN,
        "Diluted EPS": NaN,
        "Basic EPS": NaN,
        "Diluted NI Availto Com Stockholders": NaN,
        "Net Income Common Stockholders": NaN,
        "Net Income": NaN,
        "Net Income Including Noncontrolling Interests": NaN,
        "Net Income Continuous Operations": NaN,
        "Tax Provision": NaN,
        "Pretax Income": NaN,
        "Other Income Expense": NaN,
        "Other Non Operating Income Expenses": NaN,
        "Special Income Charges": NaN,
        "Write Off": 0.0,
        "Net Non Operating Interest Income Expense": NaN,
        "Interest Expense Non Operating": NaN,
        "Operating Income": NaN,
        "Operating Expense": NaN,
        "Selling General And Administration": NaN,
        "Gross Profit": NaN,
        "Cost Of Revenue": NaN,
        "Total Revenue": NaN,
        "Operating Revenue": NaN
    },
    "2022-06-30": {
        "Tax Effect Of Unusual Items": 0.0,
        "Tax Rate For Calcs": 0.23654,
        "Normalized EBITDA": 185400000.0,
        "Total Unusual Items": NaN,
        "Total Unusual Items Excluding Goodwill": NaN,
        "Net Income From Continuing Operation Net Minority Interest": 126200000.0,
        "Reconciled Depreciation": 18000000.0,
        "Reconciled Cost Of Revenue": 631500000.0,
        "EBITDA": 185400000.0,
        "EBIT": 167400000.0,
        "Net Interest Income": -2100000.0,
        "Interest Expense": 2100000.0,
        "Normalized Income": 126200000.0,
        "Net Income From Continuing And Discontinued Operation": 126200000.0,
        "Total Expenses": 798200000.0,
        "Diluted Average Shares": 156631672.0,
        "Basic Average Shares": 155692240.0,
        "Diluted EPS": 0.81,
        "Basic EPS": 0.81,
        "Diluted NI Availto Com Stockholders": 126200000.0,
        "Net Income Common Stockholders": 126200000.0,
        "Net Income": 126200000.0,
        "Net Income Including Noncontrolling Interests": 126200000.0,
        "Net Income Continuous Operations": 126200000.0,
        "Tax Provision": 39100000.0,
        "Pretax Income": 165300000.0,
        "Other Income Expense": -300000.0,
        "Other Non Operating Income Expenses": -300000.0,
        "Special Income Charges": NaN,
        "Write Off": NaN,
        "Net Non Operating Interest Income Expense": -2100000.0,
        "Interest Expense Non Operating": 2100000.0,
        "Operating Income": 167700000.0,
        "Operating Expense": 166700000.0,
        "Selling General And Administration": 166700000.0,
        "Gross Profit": 334400000.0,
        "Cost Of Revenue": 631500000.0,
        "Total Revenue": 965900000.0,
        "Operating Revenue": 965900000.0
    },
    "2022-03-31": {
        "Diluted EPS": 0.76,
        "Total Revenue": 978,
        "Gross Profit": 342,
        "Operating Income": 162,
        "EBIT": 182,
        "Net Income": 120
    },
    "2021-12-31": {
        "Diluted EPS": 0.87,
        "Total Revenue": 996,
        "Gross Profit": 361,
        "Operating Income": 176,
        "EBIT": 196,
        "Net Income": 140
    },
    "2021-09-30": {
        "Diluted EPS": 0.82,
        "Total Revenue": 915,
        "Gross Profit": 340,
        "Operating Income": 163,
        "EBIT": 182,
        "Net Income": 132
    },
    "2021-06-30": {
        "Diluted EPS": 0.73,
        "Total Revenue": 860,
        "Gross Profit": 321,
        "Operating Income": 148,
        "EBIT": 168,
        "Net Income": 118
    },
    "2021-03-31": {
        "Diluted EPS": 0.6,
        "Total Revenue": 769,
        "Gross Profit": 289,
        "Operating Income": 122,
        "EBIT": 142,
        "Net Income": 98
    },
    "2020-12-31": {
        "Diluted EPS": 0.73,
        "Total Revenue": 835,
        "Gross Profit": 324,
        "Operating Income": 153,
        "EBIT": 172,
        "Net Income": 120
    },
    "2020-09-30": {
        "Diluted EPS": 0.65,
        "Total Revenue": 760,
        "Gross Profit": 297,
        "Operating Income": 136,
        "EBIT": 157,
        "Net Income": 105
    },
    "2020-06-30": {
        "Diluted EPS": 0.42,
        "Total Revenue": 664,
        "Gross Profit": 248,
        "Operating Income": 86,
        "EBIT": 105,
        "Net Income": 68
    },
    "2020-03-31": {
        "Diluted EPS": 0.32,
        "Total Revenue": 637,
        "Gross Profit": 240,
        "Operating Income": 66,
        "EBIT": 86,
        "Net Income": 52
    },
    "2019-12-31": {
        "Diluted EPS": 0.55,
        "Total Revenue": 751,
        "Gross Profit": 295,
        "Operating Income": 115,
        "EBIT": 135,
        "Net Income": 91
    },
    "2019-09-30": {
        "Diluted EPS": 0.53,
        "Total Revenue": 728,
        "Gross Profit": 284,
        "Operating Income": 112,
        "EBIT": 132,
        "Net Income": 87
    },
    "2019-06-30": {
        "Diluted EPS": 0.61,
        "Total Revenue": 765,
        "Gross Profit": 309,
        "Operating Income": 130,
        "EBIT": 148,
        "Net Income": 102
    },
    "2019-03-31": {
        "Diluted EPS": 0.53,
        "Total Revenue": 748,
        "Gross Profit": 293,
        "Operating Income": 108,
        "EBIT": 128,
        "Net Income": 89
    },
    "2018-12-31": {
        "Diluted EPS": 0.74,
        "Total Revenue": 813,
        "Gross Profit": 337,
        "Operating Income": 144,
        "EBIT": 163,
        "Net Income": 126
    },
    "2018-09-30": {
        "Diluted EPS": 0.61,
        "Total Revenue": 754,
        "Gross Profit": 306,
        "Operating Income": 128,
        "EBIT": 146,
        "Net Income": 105
    },
    "2018-06-30": {
        "Diluted EPS": 0.66,
        "Total Revenue": 833,
        "Gross Profit": 341,
        "Operating Income": 144,
        "EBIT": 161,
        "Net Income": 115
    },
    "2018-03-31": {
        "Diluted EPS": 0.57,
        "Total Revenue": 788,
        "Gross Profit": 322,
        "Operating Income": 129,
        "EBIT": 147,
        "Net Income": 99
    },
    "2017-12-31": {
        "Diluted EPS": 0.13,
        "Total Revenue": 769,
        "Gross Profit": 322,
        "Operating Income": 138,
        "EBIT": 156,
        "Net Income": 23
    },
    "2017-09-30": {
        "Diluted EPS": 0.54,
        "Total Revenue": 750,
        "Gross Profit": 305,
        "Operating Income": 128,
        "EBIT": 146,
        "Net Income": 94
    },
    "2017-06-30": {
        "Diluted EPS": 0.53,
        "Total Revenue": 738,
        "Gross Profit": 304,
        "Operating Income": 126,
        "EBIT": 143,
        "Net Income": 92
    },
    "2017-03-31": {
        "Diluted EPS": 0.5,
        "Total Revenue": 740,
        "Gross Profit": 301,
        "Operating Income": 118,
        "EBIT": 135,
        "Net Income": 88
    },
    "2016-12-31": {
        "Diluted EPS": 0.48,
        "Total Revenue": 698,
        "Gross Profit": 285,
        "Operating Income": 106,
        "EBIT": 123,
        "Net Income": 83
    },
    "2016-09-30": {
        "Diluted EPS": 0.47,
        "Total Revenue": 684,
        "Gross Profit": 283,
        "Operating Income": 119,
        "EBIT": 135,
        "Net Income": 83
    },
    "2016-06-30": {
        "Diluted EPS": 0.49,
        "Total Revenue": 667,
        "Gross Profit": 284,
        "Operating Income": 124,
        "EBIT": 140,
        "Net Income": 87
    },
    "2016-03-31": {
        "Diluted EPS": 0.41,
        "Total Revenue": 637,
        "Gross Profit": 263,
        "Operating Income": 103,
        "EBIT": 120,
        "Net Income": 74
    },
    "2015-12-31": {
        "Diluted EPS": 0.45,
        "Total Revenue": 639,
        "Gross Profit": 263,
        "Operating Income": 108,
        "EBIT": 123,
        "Net Income": 80
    },
    "2015-09-30": {
        "Diluted EPS": 0.41,
        "Total Revenue": 625,
        "Gross Profit": 256,
        "Operating Income": 107,
        "EBIT": 122,
        "Net Income": 74
    },
    "2015-06-30": {
        "Diluted EPS": 0.4,
        "Total Revenue": 654,
        "Gross Profit": 262,
        "Operating Income": 103,
        "EBIT": 119,
        "Net Income": 71
    },
    "2015-03-31": {
        "Diluted EPS": 0.33,
        "Total Revenue": 619,
        "Gross Profit": 229,
        "Operating Income": 82,
        "EBIT": 98,
        "Net Income": 58
    },
    "2014-12-31": {
        "Diluted EPS": 0.29,
        "Total Revenue": 627,
        "Gross Profit": 232,
        "Operating Income": 74,
        "EBIT": 89,
        "Net Income": 53
    },
    "2014-09-30": {
        "Diluted EPS": 0.28,
        "Total Revenue": 582,
        "Gross Profit": 215,
        "Operating Income": 70,
        "EBIT": 85,
        "Net Income": 51
    },
    "2014-06-30": {
        "Diluted EPS": 0.32,
        "Total Revenue": 595,
        "Gross Profit": 216,
        "Operating Income": 79,
        "EBIT": 94,
        "Net Income": 57
    },
    "2014-03-31": {
        "Diluted EPS": 0.26,
        "Total Revenue": 552,
        "Gross Profit": 196,
        "Operating Income": 65,
        "EBIT": 80,
        "Net Income": 47
    },
    "2013-12-31": {
        "Diluted EPS": 0.23,
        "Total Revenue": 559,
        "Gross Profit": 200,
        "Operating Income": 61,
        "EBIT": 78,
        "Net Income": 42
    },
    "2013-09-30": {
        "Diluted EPS": 0.25,
        "Total Revenue": 536,
        "Gross Profit": 197,
        "Operating Income": 63,
        "EBIT": 77,
        "Net Income": 46
    },
    "2013-06-30": {
        "Diluted EPS": 0.23,
        "Total Revenue": 549,
        "Gross Profit": 198,
        "Operating Income": 66,
        "EBIT": 80,
        "Net Income": 42
    },
    "2013-03-31": {
        "Diluted EPS": 0.21,
        "Total Revenue": 510,
        "Gross Profit": 179,
        "Operating Income": 59,
        "EBIT": 73,
        "Net Income": 39
    },
    "2012-12-31": {
        "Diluted EPS": 0.34,
        "Total Revenue": 524,
        "Gross Profit": 186,
        "Operating Income": 58,
        "EBIT": 72,
        "Net Income": 39
    },
    "2012-09-30": {
        "Diluted EPS": 0.2,
        "Total Revenue": 462,
        "Gross Profit": 157,
        "Operating Income": 52,
        "EBIT": 66,
        "Net Income": 37
    },
    "2012-06-30": {
        "Diluted EPS": 0.19,
        "Total Revenue": 484,
        "Gross Profit": 161,
        "Operating Income": 52,
        "EBIT": 65,
        "Net Income": 35
    },
    "2012-03-31": {
        "Diluted EPS": 0.13,
        "Total Revenue": 469,
        "Gross Profit": 149,
        "Operating Income": 44,
        "EBIT": 57,
        "Net Income": 48
    },
    "2011-12-31": {
        "Diluted EPS": 0.17,
        "Total Revenue": 476,
        "Gross Profit": 155,
        "Operating Income": 38,
        "EBIT": 51,
        "Net Income": 32
    },
    "2011-09-30": {
        "Diluted EPS": 0.98,
        "Total Revenue": 412,
        "Gross Profit": 119,
        "Operating Income": 27,
        "EBIT": 38,
        "Net Income": 182
    },
    "2011-06-30": {
        "Diluted EPS": 0.27,
        "Total Revenue": 405,
        "Gross Profit": 112,
        "Operating Income": 38,
        "EBIT": 49,
        "Net Income": 50
    },
    "2011-03-31": {
        "Diluted EPS": 0.22,
        "Total Revenue": 417,
        "Gross Profit": 127,
        "Operating Income": 38,
        "EBIT": 49,
        "Net Income": 41
    },
    "2010-12-31": {
        "Diluted EPS": 0.18,
        "Total Revenue": 370,
        "Gross Profit": 116,
        "Operating Income": 30,
        "EBIT": 42,
        "Net Income": 32
    },
    "2010-09-30": {
        "Diluted EPS": 0.17,
        "Total Revenue": 377,
        "Gross Profit": 107,
        "Operating Income": 25,
        "EBIT": 35,
        "Net Income": 32
    },
    "2010-06-30": {
        "Diluted EPS": 0.09,
        "Total Revenue": 375,
        "Gross Profit": 114,
        "Operating Income": 30,
        "EBIT": 40,
        "Net Income": 17
    },
    "2010-03-31": {
        "Diluted EPS": 0.17,
        "Total Revenue": 367,
        "Gross Profit": 108,
        "Operating Income": 31,
        "EBIT": 41,
        "Net Income": 31
    },
    "2009-12-31": {
        "Diluted EPS": 0.13,
        "Total Revenue": 362,
        "Gross Profit": 111,
        "Operating Income": 31,
        "EBIT": 19,
        "Net Income": 23
    },
    "2009-09-30": {
        "Diluted EPS": 0.19,
        "Total Revenue": 502,
        "Gross Profit": 139,
        "Operating Income": 46,
        "EBIT": 63,
        "Net Income": 35
    },
    "2009-06-30": {
        "Diluted EPS": 0.14,
        "Total Revenue": 499,
        "Gross Profit": 122,
        "Operating Income": 34,
        "EBIT": 51,
        "Net Income": 21
    },
    "2009-03-31": {
        "Diluted EPS": 0.05,
        "Total Revenue": 482,
        "Gross Profit": 101,
        "Operating Income": 17,
        "EBIT": 33,
        "Net Income": 3
    },
    "2023-09-30": {
        "Tax Effect Of Unusual Items": NaN,
        "Tax Rate For Calcs": NaN,
        "Normalized EBITDA": NaN,
        "Total Unusual Items": NaN,
        "Total Unusual Items Excluding Goodwill": NaN,
        "Net Income From Continuing Operation Net Minority Interest": NaN,
        "Reconciled Depreciation": NaN,
        "Reconciled Cost Of Revenue": NaN,
        "EBITDA": NaN,
        "EBIT": NaN,
        "Net Interest Income": NaN,
        "Interest Expense": NaN,
        "Normalized Income": NaN,
        "Net Income From Continuing And Discontinued Operation": NaN,
        "Total Expenses": NaN,
        "Diluted Average Shares": NaN,
        "Basic Average Shares": NaN,
        "Diluted EPS": NaN,
        "Basic EPS": NaN,
        "Diluted NI Availto Com Stockholders": NaN,
        "Net Income Common Stockholders": NaN,
        "Net Income": NaN,
        "Net Income Including Noncontrolling Interests": NaN,
        "Net Income Continuous Operations": NaN,
        "Tax Provision": NaN,
        "Pretax Income": NaN,
        "Other Income Expense": NaN,
        "Other Non Operating Income Expenses": NaN,
        "Special Income Charges": NaN,
        "Write Off": 0.0,
        "Net Non Operating Interest Income Expense": NaN,
        "Interest Expense Non Operating": NaN,
        "Operating Income": NaN,
        "Operating Expense": NaN,
        "Selling General And Administration": NaN,
        "Gross Profit": NaN,
        "Cost Of Revenue": NaN,
        "Total Revenue": NaN,
        "Operating Revenue": NaN
    },
    "2023-12-31": {
        "Tax Effect Of Unusual Items": NaN,
        "Tax Rate For Calcs": NaN,
        "Normalized EBITDA": NaN,
        "Total Unusual Items": -3200000.0,
        "Total Unusual Items Excluding Goodwill": -3200000.0,
        "Net Income From Continuing Operation Net Minority Interest": NaN,
        "Reconciled Depreciation": NaN,
        "Reconciled Cost Of Revenue": NaN,
        "EBITDA": NaN,
        "EBIT": NaN,
        "Net Interest Income": NaN,
        "Interest Expense": NaN,
        "Normalized Income": NaN,
        "Net Income From Continuing And Discontinued Operation": NaN,
        "Total Expenses": NaN,
        "Diluted Average Shares": NaN,
        "Basic Average Shares": NaN,
        "Diluted EPS": NaN,
        "Basic EPS": NaN,
        "Diluted NI Availto Com Stockholders": NaN,
        "Net Income Common Stockholders": NaN,
        "Net Income": NaN,
        "Net Income Including Noncontrolling Interests": NaN,
        "Net Income Continuous Operations": NaN,
        "Tax Provision": NaN,
        "Pretax Income": NaN,
        "Other Income Expense": NaN,
        "Other Non Operating Income Expenses": NaN,
        "Special Income Charges": -3200000.0,
        "Write Off": NaN,
        "Net Non Operating Interest Income Expense": NaN,
        "Interest Expense Non Operating": NaN,
        "Operating Income": NaN,
        "Operating Expense": NaN,
        "Selling General And Administration": NaN,
        "Gross Profit": NaN,
        "Cost Of Revenue": NaN,
        "Total Revenue": NaN,
        "Operating Revenue": NaN
    },
    "2024-03-31": {
        "Tax Effect Of Unusual Items": 0.0,
        "Tax Rate For Calcs": 0.234043,
        "Normalized EBITDA": 213300000.0,
        "Total Unusual Items": 0.0,
        "Total Unusual Items Excluding Goodwill": 0.0,
        "Net Income From Continuing Operation Net Minority Interest": 147600000.0,
        "Reconciled Depreciation": 19600000.0,
        "Reconciled Cost Of Revenue": 594100000.0,
        "EBITDA": 213300000.0,
        "EBIT": 193700000.0,
        "Net Interest Income": -1000000.0,
        "Interest Expense": 1000000.0,
        "Normalized Income": 147600000.0,
        "Net Income From Continuing And Discontinued Operation": 147600000.0,
        "Total Expenses": 786300000.0,
        "Diluted Average Shares": 148297481.0,
        "Basic Average Shares": 147178955.0,
        "Diluted EPS": 1.0,
        "Basic EPS": 1.0,
        "Diluted NI Availto Com Stockholders": 147600000.0,
        "Net Income Common Stockholders": 147600000.0,
        "Net Income": 147600000.0,
        "Net Income Including Noncontrolling Interests": 147600000.0,
        "Net Income Continuous Operations": 147600000.0,
        "Tax Provision": 45100000.0,
        "Pretax Income": 192700000.0,
        "Other Income Expense": 1200000.0,
        "Other Non Operating Income Expenses": 1200000.0,
        "Special Income Charges": 0.0,
        "Write Off": 0.0,
        "Net Non Operating Interest Income Expense": -1000000.0,
        "Interest Expense Non Operating": 1000000.0,
        "Operating Income": 192500000.0,
        "Operating Expense": 192200000.0,
        "Selling General And Administration": 192200000.0,
        "Gross Profit": 384700000.0,
        "Cost Of Revenue": 594100000.0,
        "Total Revenue": 978800000.0,
        "Operating Revenue": 978800000.0
    },
    "2024-06-30": {
        "Tax Effect Of Unusual Items": 0.0,
        "Tax Rate For Calcs": 0.244,
        "Normalized EBITDA": 228000000.0,
        "Total Unusual Items": 0.0,
        "Total Unusual Items Excluding Goodwill": 0.0,
        "Net Income From Continuing Operation Net Minority Interest": 156200000.0,
        "Reconciled Depreciation": 19600000.0,
        "Reconciled Cost Of Revenue": 628300000.0,
        "EBITDA": 228000000.0,
        "EBIT": 208400000.0,
        "Net Interest Income": -1800000.0,
        "Interest Expense": 1800000.0,
        "Normalized Income": 156200000.0,
        "Net Income From Continuing And Discontinued Operation": 156200000.0,
        "Total Expenses": 816800000.0,
        "Diluted Average Shares": 147599585.0,
        "Basic Average Shares": 146465276.0,
        "Diluted EPS": 1.06,
        "Basic EPS": 1.07,
        "Diluted NI Availto Com Stockholders": 156200000.0,
        "Net Income Common Stockholders": 156200000.0,
        "Net Income": 156200000.0,
        "Net Income Including Noncontrolling Interests": 156200000.0,
        "Net Income Continuous Operations": 156200000.0,
        "Tax Provision": 50400000.0,
        "Pretax Income": 206600000.0,
        "Other Income Expense": 900000.0,
        "Other Non Operating Income Expenses": 900000.0,
        "Special Income Charges": 0.0,
        "Write Off": 0.0,
        "Net Non Operating Interest Income Expense": -1800000.0,
        "Interest Expense Non Operating": 1800000.0,
        "Operating Income": 207500000.0,
        "Operating Expense": 188500000.0,
        "Selling General And Administration": 188500000.0,
        "Gross Profit": 396000000.0,
        "Cost Of Revenue": 628300000.0,
        "Total Revenue": 1024300000.0,
        "Operating Revenue": 1024300000.0
    },
    "2024-09-30": {
        "Tax Effect Of Unusual Items": 0.0,
        "Tax Rate For Calcs": 0.233,
        "Normalized EBITDA": 178400000.0,
        "Total Unusual Items": 0.0,
        "Total Unusual Items Excluding Goodwill": 0.0,
        "Net Income From Continuing Operation Net Minority Interest": 120100000.0,
        "Reconciled Depreciation": 20300000.0,
        "Reconciled Cost Of Revenue": 565300000.0,
        "EBITDA": 178400000.0,
        "EBIT": 158100000.0,
        "Net Interest Income": -1500000.0,
        "Interest Expense": 1500000.0,
        "Normalized Income": 120100000.0,
        "Net Income From Continuing And Discontinued Operation": 120100000.0,
        "Total Expenses": 741900000.0,
        "Diluted Average Shares": 146700340.0,
        "Basic Average Shares": 145577396.0,
        "Diluted EPS": 0.82,
        "Basic EPS": 0.82,
        "Diluted NI Availto Com Stockholders": 120100000.0,
        "Net Income Common Stockholders": 120100000.0,
        "Net Income": 120100000.0,
        "Net Income Including Noncontrolling Interests": 120100000.0,
        "Net Income Continuous Operations": 120100000.0,
        "Tax Provision": 36500000.0,
        "Pretax Income": 156600000.0,
        "Other Income Expense": -2600000.0,
        "Other Non Operating Income Expenses": -2600000.0,
        "Special Income Charges": 0.0,
        "Write Off": 0.0,
        "Net Non Operating Interest Income Expense": -1500000.0,
        "Interest Expense Non Operating": 1500000.0,
        "Operating Income": 160700000.0,
        "Operating Expense": 176600000.0,
        "Selling General And Administration": 176600000.0,
        "Gross Profit": 337300000.0,
        "Cost Of Revenue": 565300000.0,
        "Total Revenue": 902600000.0,
        "Operating Revenue": 902600000.0
    },
    "2024-12-31": {
        "Tax Effect Of Unusual Items": -4293866.299104,
        "Tax Rate For Calcs": 0.24397,
        "Normalized EBITDA": 184400000.0,
        "Total Unusual Items": -17600000.0,
        "Total Unusual Items Excluding Goodwill": -17600000.0,
        "Net Income From Continuing Operation Net Minority Interest": 109700000.0,
        "Reconciled Depreciation": 19300000.0,
        "Reconciled Cost Of Revenue": 574300000.0,
        "EBITDA": 166800000.0,
        "EBIT": 147500000.0,
        "Net Interest Income": -2400000.0,
        "Interest Expense": 2400000.0,
        "Normalized Income": 123006133.700896,
        "Net Income From Continuing And Discontinued Operation": 109700000.0,
        "Total Expenses": 756300000.0,
        "Diluted Average Shares": 146266667.0,
        "Basic Average Shares": 145758000.0,
        "Diluted EPS": 0.75,
        "Basic EPS": 0.752617,
        "Diluted NI Availto Com Stockholders": 109700000.0,
        "Net Income Common Stockholders": 109700000.0,
        "Net Income": 109700000.0,
        "Net Income Including Noncontrolling Interests": 109700000.0,
        "Net Income Continuous Operations": 109700000.0,
        "Tax Provision": 35400000.0,
        "Pretax Income": 145100000.0,
        "Other Income Expense": -8600000.0,
        "Other Non Operating Income Expenses": 9000000.0,
        "Special Income Charges": -17600000.0,
        "Write Off": NaN,
        "Net Non Operating Interest Income Expense": -2400000.0,
        "Interest Expense Non Operating": 2400000.0,
        "Operating Income": 156100000.0,
        "Operating Expense": 182000000.0,
        "Selling General And Administration": 182000000.0,
        "Gross Profit": 338100000.0,
        "Cost Of Revenue": 574300000.0,
        "Total Revenue": 912400000.0,
        "Operating Revenue": 912400000.0
    },
    "2025-03-31": {
        "Tax Effect Of Unusual Items": 0.0,
        "Tax Rate For Calcs": 0.245721,
        "Normalized EBITDA": 204700000.0,
        "Total Unusual Items": NaN,
        "Total Unusual Items Excluding Goodwill": NaN,
        "Net Income From Continuing Operation Net Minority Interest": 136600000.0,
        "Reconciled Depreciation": 20700000.0,
        "Reconciled Cost Of Revenue": 588500000.0,
        "EBITDA": 204700000.0,
        "EBIT": 184000000.0,
        "Net Interest Income": -2900000.0,
        "Interest Expense": 2900000.0,
        "Normalized Income": 136600000.0,
        "Net Income From Continuing And Discontinued Operation": 136600000.0,
        "Total Expenses": 781100000.0,
        "Diluted Average Shares": 144407720.0,
        "Basic Average Shares": 143579588.0,
        "Diluted EPS": 0.95,
        "Basic EPS": 0.95,
        "Diluted NI Availto Com Stockholders": 136600000.0,
        "Net Income Common Stockholders": 136600000.0,
        "Net Income": 136600000.0,
        "Net Income Including Noncontrolling Interests": 136600000.0,
        "Net Income Continuous Operations": 136600000.0,
        "Tax Provision": 44500000.0,
        "Pretax Income": 181100000.0,
        "Other Income Expense": 1200000.0,
        "Other Non Operating Income Expenses": 1200000.0,
        "Special Income Charges": NaN,
        "Write Off": NaN,
        "Net Non Operating Interest Income Expense": -2900000.0,
        "Interest Expense Non Operating": 2900000.0,
        "Operating Income": 182800000.0,
        "Operating Expense": 192600000.0,
        "Selling General And Administration": 192600000.0,
        "Gross Profit": 375400000.0,
        "Cost Of Revenue": 588500000.0,
        "Total Revenue": 963900000.0,
        "Operating Revenue": 963900000.0
    }
}