{
    "2023-03-31": {
        "Tax Effect Of Unusual Items": NaN,
        "Tax Rate For Calcs": NaN,
        "Normalized EBITDA": NaN,
        "Total Unusual Items": 0.0,
        "Total Unusual Items Excluding Goodwill": 0.0,
        "Net Income From Continuing Operation Net Minority Interest": NaN,
        "Reconciled Depreciation": NaN,
        "Reconciled Cost Of Revenue": NaN,
        "EBITDA": NaN,
        "EBIT": NaN,
        "Net Interest Income": NaN,
        "Interest Income": NaN,
        "Normalized Income": NaN,
        "Net Income From Continuing And Discontinued Operation": NaN,
        "Total Expenses": NaN,
        "Total Operating Income As Reported": NaN,
        "Diluted Average Shares": NaN,
        "Basic Average Shares": NaN,
        "Diluted EPS": NaN,
        "Basic EPS": NaN,
        "Diluted NI Availto Com Stockholders": NaN,
        "Net Income Common Stockholders": NaN,
        "Net Income": NaN,
        "Minority Interests": 0.0,
        "Net Income Including Noncontrolling Interests": NaN,
        "Net Income Continuous Operations": NaN,
        "Earnings From Equity Interest Net Of Tax": NaN,
        "Tax Provision": NaN,
        "Pretax Income": NaN,
        "Other Income Expense": NaN,
        "Other Non Operating Income Expenses": NaN,
        "Special Income Charges": 0.0,
        "Gain On Sale Of Business": 0.0,
        "Earnings From Equity Interest": 0.0,
        "Net Non Operating Interest Income Expense": NaN,
        "Total Other Finance Cost": -5000.0,
        "Interest Income Non Operating": NaN,
        "Operating Income": NaN,
        "Operating Expense": NaN,
        "Research And Development": NaN,
        "Selling General And Administration": NaN,
        "Gross Profit": NaN,
        "Cost Of Revenue": NaN,
        "Total Revenue": NaN,
        "Operating Revenue": NaN
    },
    "2022-12-31": {
        "Tax Effect Of Unusual Items": NaN,
        "Tax Rate For Calcs": NaN,
        "Normalized EBITDA": NaN,
        "Total Unusual Items": 0.0,
        "Total Unusual Items Excluding Goodwill": 0.0,
        "Net Income From Continuing Operation Net Minority Interest": NaN,
        "Reconciled Depreciation": NaN,
        "Reconciled Cost Of Revenue": NaN,
        "EBITDA": NaN,
        "EBIT": NaN,
        "Net Interest Income": NaN,
        "Interest Expense": 397000.0,
        "Interest Income": NaN,
        "Normalized Income": NaN,
        "Net Income From Continuing And Discontinued Operation": NaN,
        "Total Expenses": NaN,
        "Total Operating Income As Reported": NaN,
        "Diluted Average Shares": NaN,
        "Basic Average Shares": NaN,
        "Diluted EPS": NaN,
        "Basic EPS": NaN,
        "Diluted NI Availto Com Stockholders": NaN,
        "Net Income Common Stockholders": NaN,
        "Net Income": NaN,
        "Minority Interests": 0.0,
        "Net Income Including Noncontrolling Interests": NaN,
        "Net Income Continuous Operations": NaN,
        "Earnings From Equity Interest Net Of Tax": NaN,
        "Tax Provision": NaN,
        "Pretax Income": NaN,
        "Other Income Expense": NaN,
        "Other Non Operating Income Expenses": NaN,
        "Special Income Charges": 0.0,
        "Gain On Sale Of Business": 0.0,
        "Earnings From Equity Interest": 0.0,
        "Net Non Operating Interest Income Expense": NaN,
        "Total Other Finance Cost": NaN,
        "Interest Expense Non Operating": 397000.0,
        "Interest Income Non Operating": NaN,
        "Operating Income": NaN,
        "Operating Expense": NaN,
        "Research And Development": NaN,
        "Selling General And Administration": NaN,
        "Gross Profit": NaN,
        "Cost Of Revenue": NaN,
        "Total Revenue": NaN,
        "Operating Revenue": NaN
    },
    "2022-09-30": {
        "Tax Effect Of Unusual Items": NaN,
        "Tax Rate For Calcs": NaN,
        "Normalized EBITDA": NaN,
        "Total Unusual Items": NaN,
        "Total Unusual Items Excluding Goodwill": NaN,
        "Net Income From Continuing Operation Net Minority Interest": NaN,
        "Reconciled Depreciation": NaN,
        "Reconciled Cost Of Revenue": NaN,
        "EBITDA": NaN,
        "EBIT": NaN,
        "Net Interest Income": NaN,
        "Interest Expense": NaN,
        "Interest Income": NaN,
        "Normalized Income": NaN,
        "Net Income From Continuing And Discontinued Operation": NaN,
        "Total Expenses": NaN,
        "Total Operating Income As Reported": NaN,
        "Diluted Average Shares": NaN,
        "Basic Average Shares": NaN,
        "Diluted EPS": NaN,
        "Basic EPS": NaN,
        "Diluted NI Availto Com Stockholders": NaN,
        "Net Income Common Stockholders": NaN,
        "Net Income": NaN,
        "Minority Interests": 0.0,
        "Net Income Including Noncontrolling Interests": NaN,
        "Net Income Continuous Operations": NaN,
        "Earnings From Equity Interest Net Of Tax": NaN,
        "Tax Provision": NaN,
        "Pretax Income": NaN,
        "Other Income Expense": NaN,
        "Other Non Operating Income Expenses": NaN,
        "Special Income Charges": NaN,
        "Gain On Sale Of Business": NaN,
        "Earnings From Equity Interest": NaN,
        "Net Non Operating Interest Income Expense": NaN,
        "Total Other Finance Cost": 608000.0,
        "Interest Expense Non Operating": NaN,
        "Interest Income Non Operating": NaN,
        "Operating Income": NaN,
        "Operating Expense": NaN,
        "Research And Development": NaN,
        "Selling General And Administration": NaN,
        "Gross Profit": NaN,
        "Cost Of Revenue": NaN,
        "Total Revenue": NaN,
        "Operating Revenue": NaN
    },
    "2022-06-30": {
        "Tax Effect Of Unusual Items": 0.0,
        "Tax Rate For Calcs": 0.053641,
        "Normalized EBITDA": 18140000.0,
        "Total Unusual Items": 0.0,
        "Total Unusual Items Excluding Goodwill": 0.0,
        "Net Income From Continuing Operation Net Minority Interest": 15091000.0,
        "Reconciled Depreciation": 8588000.0,
        "Reconciled Cost Of Revenue": 130737000.0,
        "EBITDA": 18140000.0,
        "EBIT": 18140000.0,
        "Net Interest Income": -895000.0,
        "Interest Expense": NaN,
        "Normalized Income": 15091000.0,
        "Net Income From Continuing And Discontinued Operation": 15091000.0,
        "Total Expenses": 175819000.0,
        "Total Operating Income As Reported": 18140000.0,
        "Diluted Average Shares": 28464000.0,
        "Basic Average Shares": 27268000.0,
        "Diluted EPS": 0.53,
        "Basic EPS": 0.55,
        "Diluted NI Availto Com Stockholders": 15091000.0,
        "Net Income Common Stockholders": 15091000.0,
        "Net Income": 15091000.0,
        "Minority Interests": 0.0,
        "Net Income Including Noncontrolling Interests": 15091000.0,
        "Net Income Continuous Operations": 15091000.0,
        "Earnings From Equity Interest Net Of Tax": -1493000.0,
        "Tax Provision": 940000.0,
        "Pretax Income": 17524000.0,
        "Other Income Expense": 279000.0,
        "Other Non Operating Income Expenses": 279000.0,
        "Special Income Charges": 0.0,
        "Gain On Sale Of Business": 0.0,
        "Earnings From Equity Interest": 0.0,
        "Net Non Operating Interest Income Expense": -895000.0,
        "Total Other Finance Cost": 895000.0,
        "Interest Expense Non Operating": NaN,
        "Operating Income": 18140000.0,
        "Operating Expense": 45082000.0,
        "Research And Development": 20386000.0,
        "Selling General And Administration": 24696000.0,
        "Gross Profit": 63222000.0,
        "Cost Of Revenue": 130737000.0,
        "Total Revenue": 193959000.0,
        "Operating Revenue": 193959000.0
    },
    "2022-03-31": {
        "Diluted EPS": 1.11,
        "Total Revenue": 203,
        "Gross Profit": 72,
        "Operating Income": 31,
        "EBIT": 40,
        "Net Income": 32
    },
    "2021-12-31": {
        "Diluted EPS": 13.54,
        "Total Revenue": 193,
        "Gross Profit": 68,
        "Operating Income": 28,
        "EBIT": 40,
        "Net Income": 383
    },
    "2021-09-30": {
        "Diluted EPS": 0.85,
        "Total Revenue": 187,
        "Gross Profit": 65,
        "Operating Income": 25,
        "EBIT": 39,
        "Net Income": 23
    },
    "2021-06-30": {
        "Diluted EPS": 0.72,
        "Total Revenue": 177,
        "Gross Profit": 61,
        "Operating Income": 22,
        "EBIT": 36,
        "Net Income": 20
    },
    "2021-03-31": {
        "Diluted EPS": 0.58,
        "Total Revenue": 169,
        "Gross Profit": 53,
        "Operating Income": 18,
        "EBIT": 32,
        "Net Income": 16
    },
    "2020-12-31": {
        "Diluted EPS": 0.47,
        "Total Revenue": 159,
        "Gross Profit": 49,
        "Operating Income": 14,
        "EBIT": 27,
        "Net Income": 13
    },
    "2020-09-30": {
        "Diluted EPS": 0.36,
        "Total Revenue": 152,
        "Gross Profit": 43,
        "Operating Income": 10,
        "EBIT": 23,
        "Net Income": 10
    },
    "2020-06-30": {
        "Diluted EPS": -0.01,
        "Total Revenue": 122,
        "Gross Profit": 29,
        "Operating Income": -1,
        "EBIT": 10,
        "Net Income": 0
    },
    "2020-03-31": {
        "Diluted EPS": -0.26,
        "Total Revenue": 107,
        "Gross Profit": 22,
        "Operating Income": -9,
        "EBIT": 3,
        "Net Income": -6
    },
    "2019-12-31": {
        "Diluted EPS": -0.04,
        "Total Revenue": 118,
        "Gross Profit": 24,
        "Operating Income": -3,
        "EBIT": 7,
        "Net Income": -1
    },
    "2019-09-30": {
        "Diluted EPS": 0.04,
        "Total Revenue": 118,
        "Gross Profit": 27,
        "Operating Income": -1,
        "EBIT": 10,
        "Net Income": 1
    },
    "2019-06-30": {
        "Diluted EPS": 0.1,
        "Total Revenue": 112,
        "Gross Profit": 28,
        "Operating Income": -1,
        "EBIT": 7,
        "Net Income": 3
    },
    "2019-03-31": {
        "Diluted EPS": -0.06,
        "Total Revenue": 109,
        "Gross Profit": 26,
        "Operating Income": -4,
        "EBIT": 4,
        "Net Income": -2
    },
    "2018-12-31": {
        "Diluted EPS": -0.06,
        "Total Revenue": 115,
        "Gross Profit": 30,
        "Operating Income": -3,
        "EBIT": 5,
        "Net Income": -2
    },
    "2018-09-30": {
        "Diluted EPS": 0.1,
        "Total Revenue": 115,
        "Gross Profit": 33,
        "Operating Income": 1,
        "EBIT": 9,
        "Net Income": 2
    },
    "2018-06-30": {
        "Diluted EPS": 0.04,
        "Total Revenue": 110,
        "Gross Profit": 29,
        "Operating Income": 0,
        "EBIT": 8,
        "Net Income": 1
    },
    "2018-03-31": {
        "Diluted EPS": 0.07,
        "Total Revenue": 103,
        "Gross Profit": 27,
        "Operating Income": 1,
        "EBIT": 8,
        "Net Income": 2
    },
    "2017-12-31": {
        "Diluted EPS": 0.27,
        "Total Revenue": 104,
        "Gross Profit": 28,
        "Operating Income": 3,
        "EBIT": 11,
        "Net Income": 7
    },
    "2017-09-30": {
        "Diluted EPS": 0.19,
        "Total Revenue": 105,
        "Gross Profit": 28,
        "Operating Income": 5,
        "EBIT": 12,
        "Net Income": 5
    },
    "2017-06-30": {
        "Diluted EPS": 0.17,
        "Total Revenue": 98,
        "Gross Profit": 25,
        "Operating Income": 4,
        "EBIT": 11,
        "Net Income": 4
    },
    "2017-03-31": {
        "Diluted EPS": 0.14,
        "Total Revenue": 93,
        "Gross Profit": 23,
        "Operating Income": 3,
        "EBIT": 10,
        "Net Income": 4
    },
    "2016-12-31": {
        "Diluted EPS": 0.11,
        "Total Revenue": 95,
        "Gross Profit": 22,
        "Operating Income": 3,
        "EBIT": 10,
        "Net Income": 3
    },
    "2016-09-30": {
        "Diluted EPS": 0.14,
        "Total Revenue": 97,
        "Gross Profit": 22,
        "Operating Income": 4,
        "EBIT": 10,
        "Net Income": 3
    },
    "2016-06-30": {
        "Diluted EPS": 0.09,
        "Total Revenue": 91,
        "Gross Profit": 19,
        "Operating Income": 3,
        "EBIT": 9,
        "Net Income": 2
    },
    "2016-03-31": {
        "Diluted EPS": -0.06,
        "Total Revenue": 83,
        "Gross Profit": 16,
        "Operating Income": 0,
        "EBIT": 7,
        "Net Income": -1
    },
    "2015-12-31": {
        "Diluted EPS": -0.07,
        "Total Revenue": 80,
        "Gross Profit": 15,
        "Operating Income": 0,
        "EBIT": 7,
        "Net Income": -2
    },
    "2015-09-30": {
        "Diluted EPS": -0.09,
        "Total Revenue": 81,
        "Gross Profit": 15,
        "Operating Income": -1,
        "EBIT": 6,
        "Net Income": -2
    },
    "2015-06-30": {
        "Diluted EPS": -0.1,
        "Total Revenue": 81,
        "Gross Profit": 14,
        "Operating Income": -2,
        "EBIT": 4,
        "Net Income": -3
    },
    "2015-03-31": {
        "Diluted EPS": -0.16,
        "Total Revenue": 77,
        "Gross Profit": 13,
        "Operating Income": -3,
        "EBIT": 3,
        "Net Income": -4
    },
    "2014-12-31": {
        "Diluted EPS": -0.05,
        "Total Revenue": 81,
        "Gross Profit": 15,
        "Operating Income": 0,
        "EBIT": 7,
        "Net Income": -1
    },
    "2014-09-30": {
        "Diluted EPS": 0.02,
        "Total Revenue": 88,
        "Gross Profit": 18,
        "Operating Income": 2,
        "EBIT": 9,
        "Net Income": 1
    },
    "2014-06-30": {
        "Diluted EPS": -0.01,
        "Total Revenue": 82,
        "Gross Profit": 16,
        "Operating Income": 0,
        "EBIT": 7,
        "Net Income": 0
    },
    "2014-03-31": {
        "Diluted EPS": -0.13,
        "Total Revenue": 75,
        "Gross Profit": 12,
        "Operating Income": -3,
        "EBIT": 4,
        "Net Income": -3
    },
    "2013-12-31": {
        "Diluted EPS": 0.01,
        "Total Revenue": 76,
        "Gross Profit": 14,
        "Operating Income": 1,
        "EBIT": 8,
        "Net Income": 0
    },
    "2013-09-30": {
        "Diluted EPS": 0.01,
        "Total Revenue": 84,
        "Gross Profit": 17,
        "Operating Income": 1,
        "EBIT": 8,
        "Net Income": 0
    },
    "2013-06-30": {
        "Diluted EPS": -0.15,
        "Total Revenue": 77,
        "Gross Profit": 13,
        "Operating Income": -3,
        "EBIT": 4,
        "Net Income": -4
    },
    "2013-03-31": {
        "Diluted EPS": -0.52,
        "Total Revenue": 75,
        "Gross Profit": 5,
        "Operating Income": -13,
        "EBIT": -6,
        "Net Income": -13
    },
    "2012-12-31": {
        "Diluted EPS": 0.14,
        "Total Revenue": 89,
        "Gross Profit": 21,
        "Operating Income": 5,
        "EBIT": 12,
        "Net Income": 4
    },
    "2012-09-30": {
        "Diluted EPS": 0.31,
        "Total Revenue": 96,
        "Gross Profit": 26,
        "Operating Income": 10,
        "EBIT": 17,
        "Net Income": 8
    },
    "2012-06-30": {
        "Diluted EPS": 0.26,
        "Total Revenue": 94,
        "Gross Profit": 25,
        "Operating Income": 8,
        "EBIT": 15,
        "Net Income": 7
    },
    "2012-03-31": {
        "Diluted EPS": 0.1,
        "Total Revenue": 84,
        "Gross Profit": 19,
        "Operating Income": 4,
        "EBIT": 10,
        "Net Income": 3
    },
    "2011-12-31": {
        "Diluted EPS": 0.06,
        "Total Revenue": 81,
        "Gross Profit": 18,
        "Operating Income": 2,
        "EBIT": 8,
        "Net Income": 1
    },
    "2011-09-30": {
        "Diluted EPS": 0.08,
        "Total Revenue": 83,
        "Gross Profit": 21,
        "Operating Income": 3,
        "EBIT": 9,
        "Net Income": 2
    },
    "2011-06-30": {
        "Diluted EPS": 0.37,
        "Total Revenue": 97,
        "Gross Profit": 29,
        "Operating Income": 10,
        "EBIT": 16,
        "Net Income": 10
    },
    "2011-03-31": {
        "Diluted EPS": 0.41,
        "Total Revenue": 91,
        "Gross Profit": 28,
        "Operating Income": 11,
        "EBIT": 16,
        "Net Income": 11
    },
    "2010-12-31": {
        "Diluted EPS": 0.36,
        "Total Revenue": 84,
        "Gross Profit": 23,
        "Operating Income": 8,
        "EBIT": 11,
        "Net Income": 9
    },
    "2010-09-30": {
        "Diluted EPS": 0.37,
        "Total Revenue": 89,
        "Gross Profit": 24,
        "Operating Income": 9,
        "EBIT": 12,
        "Net Income": 9
    },
    "2010-06-30": {
        "Diluted EPS": 0.36,
        "Total Revenue": 85,
        "Gross Profit": 23,
        "Operating Income": 8,
        "EBIT": 8,
        "Net Income": 9
    },
    "2010-03-31": {
        "Diluted EPS": 0.47,
        "Total Revenue": 78,
        "Gross Profit": 21,
        "Operating Income": 9,
        "EBIT": 9,
        "Net Income": 10
    },
    "2009-12-31": {
        "Diluted EPS": 0.48,
        "Total Revenue": 64,
        "Gross Profit": 18,
        "Operating Income": 7,
        "EBIT": 7,
        "Net Income": 10
    },
    "2009-09-30": {
        "Diluted EPS": 0.47,
        "Total Revenue": 75,
        "Gross Profit": 19,
        "Operating Income": 9,
        "EBIT": 9,
        "Net Income": 9
    },
    "2009-06-30": {
        "Diluted EPS": 0.0,
        "Total Revenue": NaN,
        "Gross Profit": NaN,
        "Operating Income": NaN,
        "EBIT": NaN,
        "Net Income": NaN
    },
    "2009-03-31": {
        "Diluted EPS": -0.71,
        "Total Revenue": 27,
        "Gross Profit": 4,
        "Operating Income": -5,
        "EBIT": -5,
        "Net Income": -6
    },
    "2023-06-30": {
        "Tax Effect Of Unusual Items": NaN,
        "Tax Rate For Calcs": NaN,
        "Normalized EBITDA": NaN,
        "Total Unusual Items": 0.0,
        "Total Unusual Items Excluding Goodwill": 0.0,
        "Net Income From Continuing Operation Net Minority Interest": NaN,
        "Reconciled Depreciation": NaN,
        "Reconciled Cost Of Revenue": NaN,
        "EBITDA": NaN,
        "EBIT": NaN,
        "Net Interest Income": NaN,
        "Interest Expense": NaN,
        "Interest Income": NaN,
        "Normalized Income": NaN,
        "Net Income From Continuing And Discontinued Operation": NaN,
        "Total Expenses": NaN,
        "Total Operating Income As Reported": NaN,
        "Diluted Average Shares": NaN,
        "Basic Average Shares": NaN,
        "Diluted EPS": NaN,
        "Basic EPS": NaN,
        "Diluted NI Availto Com Stockholders": NaN,
        "Net Income Common Stockholders": NaN,
        "Net Income": NaN,
        "Minority Interests": 0.0,
        "Net Income Including Noncontrolling Interests": NaN,
        "Net Income Continuous Operations": NaN,
        "Earnings From Equity Interest Net Of Tax": NaN,
        "Tax Provision": NaN,
        "Pretax Income": NaN,
        "Other Income Expense": NaN,
        "Other Non Operating Income Expenses": NaN,
        "Special Income Charges": 0.0,
        "Gain On Sale Of Business": 0.0,
        "Earnings From Equity Interest": 0.0,
        "Net Non Operating Interest Income Expense": NaN,
        "Total Other Finance Cost": NaN,
        "Interest Expense Non Operating": NaN,
        "Interest Income Non Operating": NaN,
        "Operating Income": NaN,
        "Operating Expense": NaN,
        "Research And Development": NaN,
        "Selling General And Administration": NaN,
        "Gross Profit": NaN,
        "Cost Of Revenue": NaN,
        "Total Revenue": NaN,
        "Operating Revenue": NaN
    },
    "2023-09-30": {
        "Tax Effect Of Unusual Items": NaN,
        "Tax Rate For Calcs": NaN,
        "Normalized EBITDA": NaN,
        "Net Income From Continuing Operation Net Minority Interest": NaN,
        "Reconciled Depreciation": NaN,
        "Reconciled Cost Of Revenue": NaN,
        "EBITDA": NaN,
        "EBIT": NaN,
        "Net Interest Income": NaN,
        "Interest Expense": NaN,
        "Interest Income": NaN,
        "Normalized Income": NaN,
        "Net Income From Continuing And Discontinued Operation": NaN,
        "Total Expenses": NaN,
        "Total Operating Income As Reported": NaN,
        "Diluted Average Shares": NaN,
        "Basic Average Shares": NaN,
        "Diluted EPS": NaN,
        "Basic EPS": NaN,
        "Diluted NI Availto Com Stockholders": NaN,
        "Net Income Common Stockholders": NaN,
        "Net Income": NaN,
        "Net Income Including Noncontrolling Interests": NaN,
        "Net Income Continuous Operations": NaN,
        "Earnings From Equity Interest Net Of Tax": NaN,
        "Tax Provision": NaN,
        "Pretax Income": NaN,
        "Other Income Expense": NaN,
        "Other Non Operating Income Expenses": NaN,
        "Earnings From Equity Interest": NaN,
        "Net Non Operating Interest Income Expense": NaN,
        "Total Other Finance Cost": -229000.0,
        "Interest Expense Non Operating": NaN,
        "Interest Income Non Operating": NaN,
        "Operating Income": NaN,
        "Operating Expense": NaN,
        "Research And Development": NaN,
        "Selling General And Administration": NaN,
        "Gross Profit": NaN,
        "Cost Of Revenue": NaN,
        "Total Revenue": NaN,
        "Operating Revenue": NaN
    },
    "2023-12-31": {
        "Tax Effect Of Unusual Items": NaN,
        "Tax Rate For Calcs": NaN,
        "Normalized EBITDA": NaN,
        "Net Income From Continuing Operation Net Minority Interest": NaN,
        "Reconciled Depreciation": NaN,
        "Reconciled Cost Of Revenue": NaN,
        "EBITDA": NaN,
        "EBIT": NaN,
        "Net Interest Income": NaN,
        "Interest Expense": 1049000.0,
        "Interest Income": 1323000.0,
        "Normalized Income": NaN,
        "Net Income From Continuing And Discontinued Operation": NaN,
        "Total Expenses": NaN,
        "Total Operating Income As Reported": NaN,
        "Diluted Average Shares": NaN,
        "Basic Average Shares": NaN,
        "Diluted EPS": NaN,
        "Basic EPS": NaN,
        "Diluted NI Availto Com Stockholders": NaN,
        "Net Income Common Stockholders": NaN,
        "Net Income": NaN,
        "Net Income Including Noncontrolling Interests": NaN,
        "Net Income Continuous Operations": NaN,
        "Earnings From Equity Interest Net Of Tax": NaN,
        "Tax Provision": NaN,
        "Pretax Income": NaN,
        "Other Income Expense": NaN,
        "Other Non Operating Income Expenses": NaN,
        "Earnings From Equity Interest": NaN,
        "Net Non Operating Interest Income Expense": NaN,
        "Total Other Finance Cost": NaN,
        "Interest Expense Non Operating": 1049000.0,
        "Interest Income Non Operating": 1323000.0,
        "Operating Income": NaN,
        "Operating Expense": NaN,
        "Research And Development": NaN,
        "Selling General And Administration": NaN,
        "Gross Profit": NaN,
        "Cost Of Revenue": NaN,
        "Total Revenue": NaN,
        "Operating Revenue": NaN
    },
    "2024-03-31": {
        "Tax Effect Of Unusual Items": 0.0,
        "Tax Rate For Calcs": 0.165,
        "Normalized EBITDA": 4359000.0,
        "Net Income From Continuing Operation Net Minority Interest": -11212000.0,
        "Reconciled Depreciation": 13325000.0,
        "Reconciled Cost Of Revenue": 114505000.0,
        "EBITDA": 4359000.0,
        "EBIT": -8966000.0,
        "Net Interest Income": 271000.0,
        "Interest Expense": 959000.0,
        "Interest Income": 1230000.0,
        "Normalized Income": -11212000.0,
        "Net Income From Continuing And Discontinued Operation": -11212000.0,
        "Total Expenses": 160564000.0,
        "Total Operating Income As Reported": -10504000.0,
        "Diluted Average Shares": 28433000.0,
        "Basic Average Shares": 28433000.0,
        "Diluted EPS": -0.39,
        "Basic EPS": -0.39,
        "Diluted NI Availto Com Stockholders": -11212000.0,
        "Net Income Common Stockholders": -11212000.0,
        "Net Income": -11212000.0,
        "Net Income Including Noncontrolling Interests": -11212000.0,
        "Net Income Continuous Operations": -11212000.0,
        "Earnings From Equity Interest Net Of Tax": -676000.0,
        "Tax Provision": 611000.0,
        "Pretax Income": -9925000.0,
        "Other Income Expense": 308000.0,
        "Other Non Operating Income Expenses": 308000.0,
        "Earnings From Equity Interest": 0.0,
        "Net Non Operating Interest Income Expense": 271000.0,
        "Total Other Finance Cost": -271000.0,
        "Interest Expense Non Operating": 959000.0,
        "Interest Income Non Operating": 1230000.0,
        "Operating Income": -10504000.0,
        "Operating Expense": 46059000.0,
        "Research And Development": 23095000.0,
        "Selling General And Administration": 22964000.0,
        "Gross Profit": 35555000.0,
        "Cost Of Revenue": 114505000.0,
        "Total Revenue": 150060000.0,
        "Operating Revenue": 150060000.0
    },
    "2024-06-30": {
        "Tax Effect Of Unusual Items": 0.0,
        "Tax Rate For Calcs": 0.165,
        "Normalized EBITDA": 12409000.0,
        "Net Income From Continuing Operation Net Minority Interest": -2732000.0,
        "Reconciled Depreciation": 13908000.0,
        "Reconciled Cost Of Revenue": 119859000.0,
        "EBITDA": 12409000.0,
        "EBIT": -1499000.0,
        "Net Interest Income": 412000.0,
        "Interest Expense": NaN,
        "Interest Income": NaN,
        "Normalized Income": -2732000.0,
        "Net Income From Continuing And Discontinued Operation": -2732000.0,
        "Total Expenses": 162795000.0,
        "Total Operating Income As Reported": -1499000.0,
        "Diluted Average Shares": 28879000.0,
        "Basic Average Shares": 28879000.0,
        "Diluted EPS": -0.09,
        "Basic EPS": -0.09,
        "Diluted NI Availto Com Stockholders": -2732000.0,
        "Net Income Common Stockholders": -2732000.0,
        "Net Income": -2732000.0,
        "Net Income Including Noncontrolling Interests": -2732000.0,
        "Net Income Continuous Operations": -2732000.0,
        "Earnings From Equity Interest Net Of Tax": -704000.0,
        "Tax Provision": 1006000.0,
        "Pretax Income": -1022000.0,
        "Other Income Expense": 65000.0,
        "Other Non Operating Income Expenses": 65000.0,
        "Earnings From Equity Interest": NaN,
        "Net Non Operating Interest Income Expense": 412000.0,
        "Total Other Finance Cost": -412000.0,
        "Interest Expense Non Operating": NaN,
        "Interest Income Non Operating": NaN,
        "Operating Income": -1499000.0,
        "Operating Expense": 42936000.0,
        "Research And Development": 21813000.0,
        "Selling General And Administration": 21123000.0,
        "Gross Profit": 41437000.0,
        "Cost Of Revenue": 119859000.0,
        "Total Revenue": 161296000.0,
        "Operating Revenue": 161296000.0
    },
    "2024-09-30": {
        "Tax Effect Of Unusual Items": 0.0,
        "Tax Rate For Calcs": 0.165,
        "Normalized EBITDA": 14310000.0,
        "Net Income From Continuing Operation Net Minority Interest": -2496000.0,
        "Reconciled Depreciation": 14562000.0,
        "Reconciled Cost Of Revenue": 137361000.0,
        "EBITDA": 14310000.0,
        "EBIT": -252000.0,
        "Net Interest Income": 453000.0,
        "Interest Expense": NaN,
        "Interest Income": NaN,
        "Normalized Income": -2496000.0,
        "Net Income From Continuing And Discontinued Operation": -2496000.0,
        "Total Expenses": 182139000.0,
        "Total Operating Income As Reported": -252000.0,
        "Diluted Average Shares": 29004000.0,
        "Basic Average Shares": 29004000.0,
        "Diluted EPS": -0.09,
        "Basic EPS": -0.09,
        "Diluted NI Availto Com Stockholders": -2496000.0,
        "Net Income Common Stockholders": -2496000.0,
        "Net Income": -2496000.0,
        "Net Income Including Noncontrolling Interests": -2496000.0,
        "Net Income Continuous Operations": -2496000.0,
        "Earnings From Equity Interest Net Of Tax": -1007000.0,
        "Tax Provision": 1040000.0,
        "Pretax Income": -449000.0,
        "Other Income Expense": -650000.0,
        "Other Non Operating Income Expenses": -650000.0,
        "Earnings From Equity Interest": NaN,
        "Net Non Operating Interest Income Expense": 453000.0,
        "Total Other Finance Cost": -453000.0,
        "Interest Expense Non Operating": NaN,
        "Interest Income Non Operating": NaN,
        "Operating Income": -252000.0,
        "Operating Expense": 44778000.0,
        "Research And Development": 22478000.0,
        "Selling General And Administration": 22300000.0,
        "Gross Profit": 44526000.0,
        "Cost Of Revenue": 137361000.0,
        "Total Revenue": 181887000.0,
        "Operating Revenue": 181887000.0
    },
    "2024-12-31": {
        "Tax Effect Of Unusual Items": 0.0,
        "Tax Rate For Calcs": 0.165,
        "Normalized EBITDA": 10018000.0,
        "Net Income From Continuing Operation Net Minority Interest": -6614000.0,
        "Reconciled Depreciation": 14128000.0,
        "Reconciled Cost Of Revenue": 133145000.0,
        "EBITDA": 10018000.0,
        "EBIT": -4110000.0,
        "Net Interest Income": 434000.0,
        "Interest Expense": 701000.0,
        "Interest Income": 1135000.0,
        "Normalized Income": -6614000.0,
        "Net Income From Continuing And Discontinued Operation": -6614000.0,
        "Total Expenses": 179064000.0,
        "Total Operating Income As Reported": -5908000.0,
        "Diluted Average Shares": 29163000.0,
        "Basic Average Shares": 29163000.0,
        "Diluted EPS": -0.23,
        "Basic EPS": -0.23,
        "Diluted NI Availto Com Stockholders": -6614000.0,
        "Net Income Common Stockholders": -6614000.0,
        "Net Income": -6614000.0,
        "Net Income Including Noncontrolling Interests": -6614000.0,
        "Net Income Continuous Operations": -6614000.0,
        "Earnings From Equity Interest Net Of Tax": -561000.0,
        "Tax Provision": 1242000.0,
        "Pretax Income": -4811000.0,
        "Other Income Expense": 663000.0,
        "Other Non Operating Income Expenses": 663000.0,
        "Earnings From Equity Interest": NaN,
        "Net Non Operating Interest Income Expense": 434000.0,
        "Total Other Finance Cost": NaN,
        "Interest Expense Non Operating": 701000.0,
        "Interest Income Non Operating": 1135000.0,
        "Operating Income": -5908000.0,
        "Operating Expense": 45919000.0,
        "Research And Development": 23968000.0,
        "Selling General And Administration": 21951000.0,
        "Gross Profit": 40011000.0,
        "Cost Of Revenue": 133145000.0,
        "Total Revenue": 173156000.0,
        "Operating Revenue": 173156000.0
    },
    "2025-03-31": {
        "Tax Effect Of Unusual Items": 0.0,
        "Tax Rate For Calcs": 0.165,
        "Normalized EBITDA": 8968000.0,
        "Net Income From Continuing Operation Net Minority Interest": -10807000.0,
        "Reconciled Depreciation": 18259000.0,
        "Reconciled Cost Of Revenue": 129458000.0,
        "EBITDA": 8968000.0,
        "EBIT": -9291000.0,
        "Net Interest Income": 331000.0,
        "Interest Expense": 596000.0,
        "Interest Income": 927000.0,
        "Normalized Income": -10807000.0,
        "Net Income From Continuing And Discontinued Operation": -10807000.0,
        "Total Expenses": 175293000.0,
        "Total Operating Income As Reported": -10658000.0,
        "Diluted Average Shares": 29530000.0,
        "Basic Average Shares": 29530000.0,
        "Diluted EPS": -0.37,
        "Basic EPS": -0.37,
        "Diluted NI Availto Com Stockholders": -10807000.0,
        "Net Income Common Stockholders": -10807000.0,
        "Net Income": -10807000.0,
        "Net Income Including Noncontrolling Interests": -10807000.0,
        "Net Income Continuous Operations": -10807000.0,
        "Earnings From Equity Interest Net Of Tax": -260000.0,
        "Tax Provision": 660000.0,
        "Pretax Income": -9887000.0,
        "Other Income Expense": 440000.0,
        "Other Non Operating Income Expenses": -65000.0,
        "Earnings From Equity Interest": 505000.0,
        "Net Non Operating Interest Income Expense": 331000.0,
        "Total Other Finance Cost": NaN,
        "Interest Expense Non Operating": 596000.0,
        "Interest Income Non Operating": 927000.0,
        "Operating Income": -10658000.0,
        "Operating Expense": 45835000.0,
        "Research And Development": 23398000.0,
        "Selling General And Administration": 22437000.0,
        "Gross Profit": 35177000.0,
        "Cost Of Revenue": 129458000.0,
        "Total Revenue": 164635000.0,
        "Operating Revenue": 164635000.0
    }
}