{
    "2023-04-30": {
        "Tax Effect Of Unusual Items": NaN,
        "Tax Rate For Calcs": NaN,
        "Normalized EBITDA": NaN,
        "Net Income From Continuing Operation Net Minority Interest": NaN,
        "Reconciled Depreciation": NaN,
        "Reconciled Cost Of Revenue": NaN,
        "EBITDA": NaN,
        "EBIT": NaN,
        "Net Interest Income": NaN,
        "Interest Expense": 120000.0,
        "Interest Income": NaN,
        "Normalized Income": NaN,
        "Net Income From Continuing And Discontinued Operation": NaN,
        "Total Expenses": NaN,
        "Total Operating Income As Reported": NaN,
        "Diluted Average Shares": NaN,
        "Basic Average Shares": NaN,
        "Diluted EPS": NaN,
        "Basic EPS": NaN,
        "Diluted NI Availto Com Stockholders": NaN,
        "Net Income Common Stockholders": NaN,
        "Net Income": NaN,
        "Net Income Including Noncontrolling Interests": NaN,
        "Net Income Continuous Operations": NaN,
        "Tax Provision": NaN,
        "Pretax Income": NaN,
        "Other Income Expense": NaN,
        "Other Non Operating Income Expenses": NaN,
        "Net Non Operating Interest Income Expense": NaN,
        "Total Other Finance Cost": NaN,
        "Interest Expense Non Operating": 120000.0,
        "Interest Income Non Operating": NaN,
        "Operating Income": NaN,
        "Operating Expense": NaN,
        "Research And Development": NaN,
        "Selling General And Administration": NaN,
        "Selling And Marketing Expense": NaN,
        "General And Administrative Expense": NaN,
        "Other Gand A": NaN,
        "Gross Profit": NaN,
        "Cost Of Revenue": NaN,
        "Total Revenue": NaN,
        "Operating Revenue": NaN
    },
    "2023-01-31": {
        "Tax Effect Of Unusual Items": NaN,
        "Tax Rate For Calcs": NaN,
        "Normalized EBITDA": NaN,
        "Net Income From Continuing Operation Net Minority Interest": NaN,
        "Reconciled Depreciation": NaN,
        "Reconciled Cost Of Revenue": NaN,
        "EBITDA": NaN,
        "EBIT": NaN,
        "Net Interest Income": NaN,
        "Interest Expense": 213000.0,
        "Interest Income": NaN,
        "Normalized Income": NaN,
        "Net Income From Continuing And Discontinued Operation": NaN,
        "Total Expenses": NaN,
        "Total Operating Income As Reported": NaN,
        "Diluted Average Shares": NaN,
        "Basic Average Shares": NaN,
        "Diluted EPS": NaN,
        "Basic EPS": NaN,
        "Diluted NI Availto Com Stockholders": NaN,
        "Net Income Common Stockholders": NaN,
        "Net Income": NaN,
        "Net Income Including Noncontrolling Interests": NaN,
        "Net Income Continuous Operations": NaN,
        "Tax Provision": NaN,
        "Pretax Income": NaN,
        "Other Income Expense": NaN,
        "Other Non Operating Income Expenses": NaN,
        "Net Non Operating Interest Income Expense": NaN,
        "Total Other Finance Cost": NaN,
        "Interest Expense Non Operating": 213000.0,
        "Interest Income Non Operating": NaN,
        "Operating Income": NaN,
        "Operating Expense": NaN,
        "Research And Development": NaN,
        "Selling General And Administration": NaN,
        "Selling And Marketing Expense": NaN,
        "General And Administrative Expense": NaN,
        "Other Gand A": NaN,
        "Gross Profit": NaN,
        "Cost Of Revenue": NaN,
        "Total Revenue": NaN,
        "Operating Revenue": NaN
    },
    "2022-10-31": {
        "Tax Effect Of Unusual Items": NaN,
        "Tax Rate For Calcs": NaN,
        "Normalized EBITDA": NaN,
        "Net Income From Continuing Operation Net Minority Interest": NaN,
        "Reconciled Depreciation": NaN,
        "Reconciled Cost Of Revenue": NaN,
        "EBITDA": NaN,
        "EBIT": NaN,
        "Net Interest Income": NaN,
        "Interest Expense": 242000.0,
        "Interest Income": NaN,
        "Normalized Income": NaN,
        "Net Income From Continuing And Discontinued Operation": NaN,
        "Total Expenses": NaN,
        "Total Operating Income As Reported": NaN,
        "Diluted Average Shares": NaN,
        "Basic Average Shares": NaN,
        "Diluted EPS": NaN,
        "Basic EPS": NaN,
        "Diluted NI Availto Com Stockholders": NaN,
        "Net Income Common Stockholders": NaN,
        "Net Income": NaN,
        "Net Income Including Noncontrolling Interests": NaN,
        "Net Income Continuous Operations": NaN,
        "Tax Provision": NaN,
        "Pretax Income": NaN,
        "Other Income Expense": NaN,
        "Other Non Operating Income Expenses": NaN,
        "Net Non Operating Interest Income Expense": NaN,
        "Interest Expense Non Operating": 242000.0,
        "Interest Income Non Operating": NaN,
        "Operating Income": NaN,
        "Operating Expense": NaN,
        "Research And Development": NaN,
        "Selling General And Administration": NaN,
        "Selling And Marketing Expense": NaN,
        "General And Administrative Expense": NaN,
        "Other Gand A": NaN,
        "Gross Profit": NaN,
        "Cost Of Revenue": NaN,
        "Total Revenue": NaN,
        "Operating Revenue": NaN
    },
    "2022-07-31": {
        "Tax Effect Of Unusual Items": 0.0,
        "Tax Rate For Calcs": 0.4,
        "Normalized EBITDA": -1158000.0,
        "Total Unusual Items": NaN,
        "Total Unusual Items Excluding Goodwill": NaN,
        "Net Income From Continuing Operation Net Minority Interest": -5695000.0,
        "Reconciled Depreciation": 4162000.0,
        "Reconciled Cost Of Revenue": 24637000.0,
        "EBITDA": -1158000.0,
        "EBIT": -5320000.0,
        "Net Interest Income": -186000.0,
        "Interest Expense": 186000.0,
        "Normalized Income": -5695000.0,
        "Net Income From Continuing And Discontinued Operation": -5695000.0,
        "Total Expenses": 49237000.0,
        "Total Operating Income As Reported": -5561000.0,
        "Diluted Average Shares": 13443000.0,
        "Basic Average Shares": 13443000.0,
        "Diluted EPS": -0.42,
        "Basic EPS": -0.42,
        "Diluted NI Availto Com Stockholders": -5695000.0,
        "Net Income Common Stockholders": -5695000.0,
        "Net Income": -5695000.0,
        "Net Income Including Noncontrolling Interests": -5695000.0,
        "Net Income Continuous Operations": -5695000.0,
        "Tax Provision": 189000.0,
        "Pretax Income": -5506000.0,
        "Other Income Expense": 241000.0,
        "Other Non Operating Income Expenses": 241000.0,
        "Special Income Charges": NaN,
        "Impairment Of Capital Assets": NaN,
        "Net Non Operating Interest Income Expense": -186000.0,
        "Interest Expense Non Operating": 186000.0,
        "Operating Income": -5561000.0,
        "Operating Expense": 24600000.0,
        "Research And Development": 1756000.0,
        "Selling General And Administration": 22844000.0,
        "Selling And Marketing Expense": 11780000.0,
        "General And Administrative Expense": 11064000.0,
        "Other Gand A": 11064000.0,
        "Gross Profit": 19039000.0,
        "Cost Of Revenue": 24637000.0,
        "Total Revenue": 43676000.0,
        "Operating Revenue": 43676000.0
    },
    "2022-04-30": {
        "Diluted EPS": -5.49,
        "Total Revenue": 46,
        "Gross Profit": 20,
        "Operating Income": -71,
        "EBIT": 1,
        "Net Income": -77
    },
    "2022-01-31": {
        "Diluted EPS": 0.27,
        "Total Revenue": 70,
        "Gross Profit": 32,
        "Operating Income": 5,
        "EBIT": 9,
        "Net Income": 4
    },
    "2021-10-31": {
        "Diluted EPS": 0.32,
        "Total Revenue": 71,
        "Gross Profit": 33,
        "Operating Income": 5,
        "EBIT": 10,
        "Net Income": 5
    },
    "2021-07-31": {
        "Diluted EPS": 0.24,
        "Total Revenue": 61,
        "Gross Profit": 29,
        "Operating Income": 4,
        "EBIT": 8,
        "Net Income": 3
    },
    "2021-04-30": {
        "Diluted EPS": 0.08,
        "Total Revenue": 64,
        "Gross Profit": 29,
        "Operating Income": 1,
        "EBIT": 6,
        "Net Income": 1
    },
    "2021-01-31": {
        "Diluted EPS": 0.56,
        "Total Revenue": 83,
        "Gross Profit": 37,
        "Operating Income": 10,
        "EBIT": 15,
        "Net Income": 8
    },
    "2020-10-31": {
        "Diluted EPS": 0.52,
        "Total Revenue": 79,
        "Gross Profit": 37,
        "Operating Income": 10,
        "EBIT": 15,
        "Net Income": 7
    },
    "2020-07-31": {
        "Diluted EPS": 0.13,
        "Total Revenue": 50,
        "Gross Profit": 24,
        "Operating Income": 2,
        "EBIT": 8,
        "Net Income": 2
    },
    "2020-04-30": {
        "Diluted EPS": -6.48,
        "Total Revenue": 43,
        "Gross Profit": 19,
        "Operating Income": -102,
        "EBIT": 2,
        "Net Income": -91
    },
    "2020-01-31": {
        "Diluted EPS": -0.01,
        "Total Revenue": 43,
        "Gross Profit": 19,
        "Operating Income": -2,
        "EBIT": 4,
        "Net Income": 0
    },
    "2019-10-31": {
        "Diluted EPS": -0.03,
        "Total Revenue": 48,
        "Gross Profit": 19,
        "Operating Income": -1,
        "EBIT": 5,
        "Net Income": 0
    },
    "2019-07-31": {
        "Diluted EPS": -0.36,
        "Total Revenue": 33,
        "Gross Profit": 14,
        "Operating Income": -7,
        "EBIT": -1,
        "Net Income": -5
    },
    "2019-04-30": {
        "Diluted EPS": 0.0,
        "Total Revenue": NaN,
        "Gross Profit": NaN,
        "Operating Income": NaN,
        "EBIT": NaN,
        "Net Income": NaN
    },
    "2023-07-31": {
        "Tax Effect Of Unusual Items": NaN,
        "Tax Rate For Calcs": NaN,
        "Normalized EBITDA": NaN,
        "Net Income From Continuing Operation Net Minority Interest": NaN,
        "Reconciled Depreciation": NaN,
        "Reconciled Cost Of Revenue": NaN,
        "EBITDA": NaN,
        "EBIT": NaN,
        "Net Interest Income": NaN,
        "Interest Expense": 12000.0,
        "Interest Income": NaN,
        "Normalized Income": NaN,
        "Net Income From Continuing And Discontinued Operation": NaN,
        "Total Expenses": NaN,
        "Total Operating Income As Reported": NaN,
        "Diluted Average Shares": NaN,
        "Basic Average Shares": NaN,
        "Diluted EPS": NaN,
        "Basic EPS": NaN,
        "Diluted NI Availto Com Stockholders": NaN,
        "Net Income Common Stockholders": NaN,
        "Net Income": NaN,
        "Net Income Including Noncontrolling Interests": NaN,
        "Net Income Continuous Operations": NaN,
        "Tax Provision": NaN,
        "Pretax Income": NaN,
        "Other Income Expense": NaN,
        "Other Non Operating Income Expenses": NaN,
        "Net Non Operating Interest Income Expense": NaN,
        "Total Other Finance Cost": 12000.0,
        "Interest Expense Non Operating": 12000.0,
        "Interest Income Non Operating": NaN,
        "Operating Income": NaN,
        "Operating Expense": NaN,
        "Research And Development": NaN,
        "Selling General And Administration": NaN,
        "Selling And Marketing Expense": NaN,
        "General And Administrative Expense": NaN,
        "Other Gand A": NaN,
        "Gross Profit": NaN,
        "Cost Of Revenue": NaN,
        "Total Revenue": NaN,
        "Operating Revenue": NaN
    },
    "2023-10-31": {
        "Tax Effect Of Unusual Items": NaN,
        "Tax Rate For Calcs": NaN,
        "Normalized EBITDA": NaN,
        "Net Income From Continuing Operation Net Minority Interest": NaN,
        "Reconciled Depreciation": NaN,
        "Reconciled Cost Of Revenue": NaN,
        "EBITDA": NaN,
        "EBIT": NaN,
        "Net Interest Income": NaN,
        "Interest Expense": NaN,
        "Interest Income": 6000.0,
        "Normalized Income": NaN,
        "Net Income From Continuing And Discontinued Operation": NaN,
        "Total Expenses": NaN,
        "Total Operating Income As Reported": NaN,
        "Diluted Average Shares": 13256000.0,
        "Basic Average Shares": 13010000.0,
        "Diluted EPS": 0.01,
        "Basic EPS": 0.01,
        "Diluted NI Availto Com Stockholders": NaN,
        "Net Income Common Stockholders": NaN,
        "Net Income": NaN,
        "Net Income Including Noncontrolling Interests": NaN,
        "Net Income Continuous Operations": NaN,
        "Tax Provision": NaN,
        "Pretax Income": NaN,
        "Other Income Expense": NaN,
        "Other Non Operating Income Expenses": NaN,
        "Net Non Operating Interest Income Expense": NaN,
        "Total Other Finance Cost": NaN,
        "Interest Expense Non Operating": NaN,
        "Interest Income Non Operating": 6000.0,
        "Operating Income": NaN,
        "Operating Expense": NaN,
        "Research And Development": NaN,
        "Selling General And Administration": NaN,
        "Selling And Marketing Expense": NaN,
        "General And Administrative Expense": NaN,
        "Other Gand A": NaN,
        "Gross Profit": NaN,
        "Cost Of Revenue": NaN,
        "Total Revenue": NaN,
        "Operating Revenue": NaN
    },
    "2024-01-31": {
        "Tax Effect Of Unusual Items": 0.0,
        "Tax Rate For Calcs": 0.21,
        "Normalized EBITDA": 1160000.0,
        "Net Income From Continuing Operation Net Minority Interest": -2910000.0,
        "Reconciled Depreciation": 3992000.0,
        "Reconciled Cost Of Revenue": 30591000.0,
        "EBITDA": 1160000.0,
        "EBIT": -2832000.0,
        "Net Interest Income": -65000.0,
        "Interest Expense": 65000.0,
        "Interest Income": NaN,
        "Normalized Income": -2910000.0,
        "Net Income From Continuing And Discontinued Operation": -2910000.0,
        "Total Expenses": 56308000.0,
        "Total Operating Income As Reported": -2883000.0,
        "Diluted Average Shares": 12883000.0,
        "Basic Average Shares": 12883000.0,
        "Diluted EPS": -0.23,
        "Basic EPS": -0.23,
        "Diluted NI Availto Com Stockholders": -2910000.0,
        "Net Income Common Stockholders": -2910000.0,
        "Net Income": -2910000.0,
        "Net Income Including Noncontrolling Interests": -2910000.0,
        "Net Income Continuous Operations": -2910000.0,
        "Tax Provision": 13000.0,
        "Pretax Income": -2897000.0,
        "Other Income Expense": 51000.0,
        "Other Non Operating Income Expenses": 51000.0,
        "Net Non Operating Interest Income Expense": -65000.0,
        "Total Other Finance Cost": NaN,
        "Interest Expense Non Operating": 65000.0,
        "Interest Income Non Operating": NaN,
        "Operating Income": -2883000.0,
        "Operating Expense": 25717000.0,
        "Research And Development": 1792000.0,
        "Selling General And Administration": 23925000.0,
        "Selling And Marketing Expense": 14464000.0,
        "General And Administrative Expense": 9461000.0,
        "Other Gand A": 9461000.0,
        "Gross Profit": 22834000.0,
        "Cost Of Revenue": 30591000.0,
        "Total Revenue": 53425000.0,
        "Operating Revenue": 53425000.0
    },
    "2024-04-30": {
        "Tax Effect Of Unusual Items": 0.0,
        "Tax Rate For Calcs": 0.018148,
        "Normalized EBITDA": -1468000.0,
        "Net Income From Continuing Operation Net Minority Interest": -5302000.0,
        "Reconciled Depreciation": 4182000.0,
        "Reconciled Cost Of Revenue": 26915000.0,
        "EBITDA": -1468000.0,
        "EBIT": -5650000.0,
        "Net Interest Income": 110000.0,
        "Interest Expense": NaN,
        "Interest Income": NaN,
        "Normalized Income": -5302000.0,
        "Net Income From Continuing And Discontinued Operation": -5302000.0,
        "Total Expenses": 51805000.0,
        "Total Operating Income As Reported": -5507000.0,
        "Diluted Average Shares": NaN,
        "Basic Average Shares": NaN,
        "Diluted EPS": NaN,
        "Basic EPS": NaN,
        "Diluted NI Availto Com Stockholders": -5302000.0,
        "Net Income Common Stockholders": -5302000.0,
        "Net Income": -5302000.0,
        "Net Income Including Noncontrolling Interests": -5302000.0,
        "Net Income Continuous Operations": -5302000.0,
        "Tax Provision": -98000.0,
        "Pretax Income": -5400000.0,
        "Other Income Expense": -3000.0,
        "Other Non Operating Income Expenses": -3000.0,
        "Net Non Operating Interest Income Expense": 110000.0,
        "Total Other Finance Cost": NaN,
        "Interest Expense Non Operating": NaN,
        "Interest Income Non Operating": NaN,
        "Operating Income": -5507000.0,
        "Operating Expense": 24890000.0,
        "Research And Development": 1786000.0,
        "Selling General And Administration": 23104000.0,
        "Selling And Marketing Expense": 13117000.0,
        "General And Administrative Expense": 9987000.0,
        "Other Gand A": 9987000.0,
        "Gross Profit": 19383000.0,
        "Cost Of Revenue": 26915000.0,
        "Total Revenue": 46298000.0,
        "Operating Revenue": 46298000.0
    },
    "2024-07-31": {
        "Tax Effect Of Unusual Items": 0.0,
        "Tax Rate For Calcs": 0.21,
        "Normalized EBITDA": 735000.0,
        "Net Income From Continuing Operation Net Minority Interest": -2365000.0,
        "Reconciled Depreciation": 3309000.0,
        "Reconciled Cost Of Revenue": 22717000.0,
        "EBITDA": 735000.0,
        "EBIT": -2574000.0,
        "Net Interest Income": 148000.0,
        "Interest Expense": NaN,
        "Interest Income": NaN,
        "Normalized Income": -2365000.0,
        "Net Income From Continuing And Discontinued Operation": -2365000.0,
        "Total Expenses": 44217000.0,
        "Total Operating Income As Reported": -2574000.0,
        "Diluted Average Shares": 13138889.0,
        "Basic Average Shares": 13138889.0,
        "Diluted EPS": -0.18,
        "Basic EPS": -0.18,
        "Diluted NI Availto Com Stockholders": -2365000.0,
        "Net Income Common Stockholders": -2365000.0,
        "Net Income": -2365000.0,
        "Net Income Including Noncontrolling Interests": -2365000.0,
        "Net Income Continuous Operations": -2365000.0,
        "Tax Provision": 22000.0,
        "Pretax Income": -2343000.0,
        "Other Income Expense": 83000.0,
        "Other Non Operating Income Expenses": 83000.0,
        "Net Non Operating Interest Income Expense": 148000.0,
        "Total Other Finance Cost": -148000.0,
        "Interest Expense Non Operating": NaN,
        "Interest Income Non Operating": NaN,
        "Operating Income": -2574000.0,
        "Operating Expense": 21500000.0,
        "Research And Development": 1674000.0,
        "Selling General And Administration": 19826000.0,
        "Selling And Marketing Expense": 11383000.0,
        "General And Administrative Expense": 8443000.0,
        "Other Gand A": 8443000.0,
        "Gross Profit": 18926000.0,
        "Cost Of Revenue": 22717000.0,
        "Total Revenue": 41643000.0,
        "Operating Revenue": 41643000.0
    },
    "2024-10-31": {
        "Tax Effect Of Unusual Items": 0.0,
        "Tax Rate For Calcs": 0.004,
        "Normalized EBITDA": 6446000.0,
        "Net Income From Continuing Operation Net Minority Interest": 3111000.0,
        "Reconciled Depreciation": 3317000.0,
        "Reconciled Cost Of Revenue": 31325000.0,
        "EBITDA": 6446000.0,
        "EBIT": 3129000.0,
        "Net Interest Income": -6000.0,
        "Interest Expense": 6000.0,
        "Interest Income": NaN,
        "Normalized Income": 3111000.0,
        "Net Income From Continuing And Discontinued Operation": 3111000.0,
        "Total Expenses": 57162000.0,
        "Total Operating Income As Reported": 3070000.0,
        "Diluted Average Shares": 13145000.0,
        "Basic Average Shares": 12860000.0,
        "Diluted EPS": 0.24,
        "Basic EPS": 0.24,
        "Diluted NI Availto Com Stockholders": 3111000.0,
        "Net Income Common Stockholders": 3111000.0,
        "Net Income": 3111000.0,
        "Net Income Including Noncontrolling Interests": 3111000.0,
        "Net Income Continuous Operations": 3111000.0,
        "Tax Provision": 12000.0,
        "Pretax Income": 3123000.0,
        "Other Income Expense": 59000.0,
        "Other Non Operating Income Expenses": 59000.0,
        "Net Non Operating Interest Income Expense": -6000.0,
        "Total Other Finance Cost": NaN,
        "Interest Expense Non Operating": 6000.0,
        "Interest Income Non Operating": NaN,
        "Operating Income": 3070000.0,
        "Operating Expense": 25837000.0,
        "Research And Development": 1866000.0,
        "Selling General And Administration": 23971000.0,
        "Selling And Marketing Expense": 14973000.0,
        "General And Administrative Expense": 8998000.0,
        "Other Gand A": 8998000.0,
        "Gross Profit": 28907000.0,
        "Cost Of Revenue": 31325000.0,
        "Total Revenue": 60232000.0,
        "Operating Revenue": 60232000.0
    },
    "2025-01-31": {
        "Tax Effect Of Unusual Items": 0.0,
        "Tax Rate For Calcs": 0.255507,
        "Normalized EBITDA": 3538000.0,
        "Net Income From Continuing Operation Net Minority Interest": 169000.0,
        "Reconciled Depreciation": 3188000.0,
        "Reconciled Cost Of Revenue": 32382000.0,
        "EBITDA": 3538000.0,
        "EBIT": 350000.0,
        "Net Interest Income": -123000.0,
        "Interest Expense": 123000.0,
        "Interest Income": NaN,
        "Normalized Income": 169000.0,
        "Net Income From Continuing And Discontinued Operation": 169000.0,
        "Total Expenses": 58202000.0,
        "Total Operating Income As Reported": 303000.0,
        "Diluted Average Shares": 13124000.0,
        "Basic Average Shares": 12764000.0,
        "Diluted EPS": 0.01,
        "Basic EPS": 0.01,
        "Diluted NI Availto Com Stockholders": 169000.0,
        "Net Income Common Stockholders": 169000.0,
        "Net Income": 169000.0,
        "Net Income Including Noncontrolling Interests": 169000.0,
        "Net Income Continuous Operations": 169000.0,
        "Tax Provision": 58000.0,
        "Pretax Income": 227000.0,
        "Other Income Expense": 47000.0,
        "Other Non Operating Income Expenses": 47000.0,
        "Net Non Operating Interest Income Expense": -123000.0,
        "Total Other Finance Cost": NaN,
        "Interest Expense Non Operating": 123000.0,
        "Interest Income Non Operating": NaN,
        "Operating Income": 303000.0,
        "Operating Expense": 25820000.0,
        "Research And Development": 1947000.0,
        "Selling General And Administration": 23873000.0,
        "Selling And Marketing Expense": 15019000.0,
        "General And Administrative Expense": 8854000.0,
        "Other Gand A": 8854000.0,
        "Gross Profit": 26123000.0,
        "Cost Of Revenue": 32382000.0,
        "Total Revenue": 58505000.0,
        "Operating Revenue": 58505000.0
    }
}