{
    "2023-03-31": {
        "Tax Effect Of Unusual Items": NaN,
        "Tax Rate For Calcs": NaN,
        "Normalized EBITDA": NaN,
        "Total Unusual Items": NaN,
        "Total Unusual Items Excluding Goodwill": NaN,
        "Net Income From Continuing Operation Net Minority Interest": NaN,
        "Reconciled Depreciation": NaN,
        "Reconciled Cost Of Revenue": NaN,
        "EBITDA": NaN,
        "EBIT": NaN,
        "Net Interest Income": NaN,
        "Interest Expense": NaN,
        "Interest Income": NaN,
        "Normalized Income": NaN,
        "Net Income From Continuing And Discontinued Operation": NaN,
        "Total Expenses": NaN,
        "Rent Expense Supplemental": NaN,
        "Total Operating Income As Reported": NaN,
        "Diluted Average Shares": NaN,
        "Basic Average Shares": NaN,
        "Diluted EPS": NaN,
        "Basic EPS": NaN,
        "Diluted NI Availto Com Stockholders": NaN,
        "Net Income Common Stockholders": NaN,
        "Otherunder Preferred Stock Dividend": NaN,
        "Net Income": NaN,
        "Minority Interests": NaN,
        "Net Income Including Noncontrolling Interests": NaN,
        "Net Income Continuous Operations": NaN,
        "Tax Provision": NaN,
        "Pretax Income": NaN,
        "Other Income Expense": NaN,
        "Other Non Operating Income Expenses": NaN,
        "Gain On Sale Of Security": NaN,
        "Net Non Operating Interest Income Expense": NaN,
        "Interest Expense Non Operating": NaN,
        "Interest Income Non Operating": NaN,
        "Operating Income": NaN,
        "Operating Expense": NaN,
        "Other Operating Expenses": 7030000.0,
        "Selling General And Administration": NaN,
        "Selling And Marketing Expense": NaN,
        "General And Administrative Expense": NaN,
        "Other Gand A": NaN,
        "Rent And Landing Fees": NaN,
        "Gross Profit": NaN,
        "Cost Of Revenue": NaN,
        "Total Revenue": NaN,
        "Operating Revenue": NaN
    },
    "2022-12-31": {
        "Tax Effect Of Unusual Items": NaN,
        "Tax Rate For Calcs": NaN,
        "Normalized EBITDA": NaN,
        "Total Unusual Items": NaN,
        "Total Unusual Items Excluding Goodwill": NaN,
        "Net Income From Continuing Operation Net Minority Interest": NaN,
        "Reconciled Depreciation": NaN,
        "Reconciled Cost Of Revenue": NaN,
        "EBITDA": NaN,
        "EBIT": NaN,
        "Net Interest Income": NaN,
        "Interest Expense": NaN,
        "Interest Income": NaN,
        "Normalized Income": NaN,
        "Net Income From Continuing And Discontinued Operation": NaN,
        "Total Expenses": NaN,
        "Rent Expense Supplemental": NaN,
        "Total Operating Income As Reported": NaN,
        "Diluted Average Shares": NaN,
        "Basic Average Shares": NaN,
        "Diluted EPS": NaN,
        "Basic EPS": NaN,
        "Diluted NI Availto Com Stockholders": NaN,
        "Net Income Common Stockholders": NaN,
        "Otherunder Preferred Stock Dividend": NaN,
        "Net Income": NaN,
        "Minority Interests": NaN,
        "Net Income Including Noncontrolling Interests": NaN,
        "Net Income Continuous Operations": NaN,
        "Tax Provision": NaN,
        "Pretax Income": NaN,
        "Other Income Expense": NaN,
        "Other Non Operating Income Expenses": 0.0,
        "Gain On Sale Of Security": NaN,
        "Net Non Operating Interest Income Expense": NaN,
        "Interest Expense Non Operating": NaN,
        "Interest Income Non Operating": NaN,
        "Operating Income": NaN,
        "Operating Expense": NaN,
        "Other Operating Expenses": 8426000.0,
        "Selling General And Administration": NaN,
        "Selling And Marketing Expense": NaN,
        "General And Administrative Expense": NaN,
        "Other Gand A": NaN,
        "Rent And Landing Fees": NaN,
        "Gross Profit": NaN,
        "Cost Of Revenue": NaN,
        "Total Revenue": NaN,
        "Operating Revenue": NaN
    },
    "2022-09-30": {
        "Tax Effect Of Unusual Items": NaN,
        "Tax Rate For Calcs": NaN,
        "Normalized EBITDA": NaN,
        "Total Unusual Items": NaN,
        "Total Unusual Items Excluding Goodwill": NaN,
        "Net Income From Continuing Operation Net Minority Interest": NaN,
        "Reconciled Depreciation": NaN,
        "Reconciled Cost Of Revenue": NaN,
        "EBITDA": NaN,
        "EBIT": NaN,
        "Net Interest Income": NaN,
        "Interest Expense": NaN,
        "Interest Income": NaN,
        "Normalized Income": NaN,
        "Net Income From Continuing And Discontinued Operation": NaN,
        "Total Expenses": NaN,
        "Rent Expense Supplemental": NaN,
        "Total Operating Income As Reported": NaN,
        "Diluted Average Shares": NaN,
        "Basic Average Shares": NaN,
        "Diluted EPS": NaN,
        "Basic EPS": NaN,
        "Diluted NI Availto Com Stockholders": NaN,
        "Net Income Common Stockholders": NaN,
        "Otherunder Preferred Stock Dividend": NaN,
        "Net Income": NaN,
        "Minority Interests": NaN,
        "Net Income Including Noncontrolling Interests": NaN,
        "Net Income Continuous Operations": NaN,
        "Tax Provision": NaN,
        "Pretax Income": NaN,
        "Other Income Expense": NaN,
        "Other Non Operating Income Expenses": 431000.0,
        "Gain On Sale Of Security": NaN,
        "Net Non Operating Interest Income Expense": NaN,
        "Interest Expense Non Operating": NaN,
        "Interest Income Non Operating": NaN,
        "Operating Income": NaN,
        "Operating Expense": NaN,
        "Other Operating Expenses": 7127000.0,
        "Selling General And Administration": NaN,
        "Selling And Marketing Expense": NaN,
        "General And Administrative Expense": NaN,
        "Other Gand A": NaN,
        "Rent And Landing Fees": NaN,
        "Gross Profit": NaN,
        "Cost Of Revenue": NaN,
        "Total Revenue": NaN,
        "Operating Revenue": NaN
    },
    "2022-06-30": {
        "Tax Effect Of Unusual Items": -5529139.072848,
        "Tax Rate For Calcs": 0.218543,
        "Normalized EBITDA": 88400000.0,
        "Total Unusual Items": -25300000.0,
        "Total Unusual Items Excluding Goodwill": -25300000.0,
        "Net Income From Continuing Operation Net Minority Interest": 44300000.0,
        "Reconciled Depreciation": 1817000.0,
        "Reconciled Cost Of Revenue": 127400000.0,
        "EBITDA": 63100000.0,
        "EBIT": 63100000.0,
        "Net Interest Income": -2700000.0,
        "Interest Expense": 2700000.0,
        "Interest Income": NaN,
        "Normalized Income": 64070860.927152,
        "Net Income From Continuing And Discontinued Operation": 44300000.0,
        "Total Expenses": 163000000.0,
        "Rent Expense Supplemental": 6700000.0,
        "Total Operating Income As Reported": 88400000.0,
        "Diluted Average Shares": 62350383.0,
        "Basic Average Shares": 62320372.0,
        "Diluted EPS": 0.62,
        "Basic EPS": 0.62,
        "Diluted NI Availto Com Stockholders": 44300000.0,
        "Net Income Common Stockholders": 44300000.0,
        "Otherunder Preferred Stock Dividend": 5903000.0,
        "Net Income": 44300000.0,
        "Minority Interests": -2900000.0,
        "Net Income Including Noncontrolling Interests": 47200000.0,
        "Net Income Continuous Operations": 47200000.0,
        "Tax Provision": 13200000.0,
        "Pretax Income": 60400000.0,
        "Other Income Expense": -25300000.0,
        "Other Non Operating Income Expenses": NaN,
        "Gain On Sale Of Security": -25300000.0,
        "Net Non Operating Interest Income Expense": -2700000.0,
        "Interest Expense Non Operating": 2700000.0,
        "Interest Income Non Operating": NaN,
        "Operating Income": 88400000.0,
        "Operating Expense": 35600000.0,
        "Selling General And Administration": 35600000.0,
        "Selling And Marketing Expense": 6300000.0,
        "General And Administrative Expense": 29300000.0,
        "Other Gand A": 22600000.0,
        "Rent And Landing Fees": 6700000.0,
        "Gross Profit": 124000000.0,
        "Cost Of Revenue": 127400000.0,
        "Total Revenue": 251400000.0,
        "Operating Revenue": 251400000.0
    },
    "2023-06-30": {
        "Tax Effect Of Unusual Items": NaN,
        "Tax Rate For Calcs": NaN,
        "Normalized EBITDA": NaN,
        "Total Unusual Items": NaN,
        "Total Unusual Items Excluding Goodwill": NaN,
        "Net Income From Continuing Operation Net Minority Interest": NaN,
        "Reconciled Depreciation": NaN,
        "Reconciled Cost Of Revenue": NaN,
        "EBITDA": NaN,
        "EBIT": NaN,
        "Net Interest Income": NaN,
        "Interest Expense": NaN,
        "Interest Income": NaN,
        "Normalized Income": NaN,
        "Net Income From Continuing And Discontinued Operation": NaN,
        "Total Expenses": NaN,
        "Rent Expense Supplemental": NaN,
        "Total Operating Income As Reported": NaN,
        "Diluted Average Shares": NaN,
        "Basic Average Shares": NaN,
        "Diluted EPS": NaN,
        "Basic EPS": NaN,
        "Diluted NI Availto Com Stockholders": NaN,
        "Net Income Common Stockholders": NaN,
        "Otherunder Preferred Stock Dividend": NaN,
        "Net Income": NaN,
        "Minority Interests": NaN,
        "Net Income Including Noncontrolling Interests": NaN,
        "Net Income Continuous Operations": NaN,
        "Tax Provision": NaN,
        "Pretax Income": NaN,
        "Other Income Expense": NaN,
        "Other Non Operating Income Expenses": NaN,
        "Gain On Sale Of Security": NaN,
        "Net Non Operating Interest Income Expense": NaN,
        "Interest Expense Non Operating": NaN,
        "Interest Income Non Operating": NaN,
        "Operating Income": NaN,
        "Operating Expense": NaN,
        "Other Operating Expenses": 7232000.0,
        "Selling General And Administration": NaN,
        "Selling And Marketing Expense": NaN,
        "General And Administrative Expense": NaN,
        "Other Gand A": NaN,
        "Rent And Landing Fees": NaN,
        "Gross Profit": NaN,
        "Cost Of Revenue": NaN,
        "Total Revenue": NaN,
        "Operating Revenue": NaN
    },
    "2022-03-31": {
        "Diluted EPS": 0.9,
        "Total Revenue": 282,
        "Gross Profit": 142,
        "Operating Income": 107,
        "EBIT": 109,
        "Net Income": 65
    },
    "2021-12-31": {
        "Diluted EPS": 1.27,
        "Total Revenue": 315,
        "Gross Profit": 148,
        "Operating Income": 138,
        "EBIT": 140,
        "Net Income": 85
    },
    "2021-09-30": {
        "Diluted EPS": 1.3,
        "Total Revenue": 317,
        "Gross Profit": 174,
        "Operating Income": 143,
        "EBIT": 145,
        "Net Income": 86
    },
    "2021-06-30": {
        "Diluted EPS": 1.33,
        "Total Revenue": 305,
        "Gross Profit": 159,
        "Operating Income": 138,
        "EBIT": 140,
        "Net Income": 88
    },
    "2021-03-31": {
        "Diluted EPS": 1.19,
        "Total Revenue": 291,
        "Gross Profit": 151,
        "Operating Income": 122,
        "EBIT": 123,
        "Net Income": 77
    },
    "2020-12-31": {
        "Diluted EPS": 1.22,
        "Total Revenue": 261,
        "Gross Profit": 116,
        "Operating Income": 113,
        "EBIT": 115,
        "Net Income": 80
    },
    "2020-09-30": {
        "Diluted EPS": 0.93,
        "Total Revenue": 233,
        "Gross Profit": 124,
        "Operating Income": 97,
        "EBIT": 99,
        "Net Income": 59
    },
    "2020-06-30": {
        "Diluted EPS": 0.72,
        "Total Revenue": 203,
        "Gross Profit": 101,
        "Operating Income": 77,
        "EBIT": 78,
        "Net Income": 46
    },
    "2020-03-31": {
        "Diluted EPS": 0.53,
        "Total Revenue": 203,
        "Gross Profit": 98,
        "Operating Income": 71,
        "EBIT": 73,
        "Net Income": 28
    },
    "2019-12-31": {
        "Diluted EPS": 0.81,
        "Total Revenue": 208,
        "Gross Profit": 85,
        "Operating Income": 79,
        "EBIT": 81,
        "Net Income": 41
    },
    "2019-09-30": {
        "Diluted EPS": 0.71,
        "Total Revenue": 203,
        "Gross Profit": 103,
        "Operating Income": 76,
        "EBIT": 77,
        "Net Income": 37
    },
    "2019-06-30": {
        "Diluted EPS": 0.66,
        "Total Revenue": 201,
        "Gross Profit": 99,
        "Operating Income": 71,
        "EBIT": 72,
        "Net Income": 34
    },
    "2019-03-31": {
        "Diluted EPS": 0.47,
        "Total Revenue": 187,
        "Gross Profit": 88,
        "Operating Income": 58,
        "EBIT": 59,
        "Net Income": 24
    },
    "2018-12-31": {
        "Diluted EPS": 0.6,
        "Total Revenue": 192,
        "Gross Profit": 93,
        "Operating Income": 64,
        "EBIT": 66,
        "Net Income": 30
    },
    "2018-09-30": {
        "Diluted EPS": 0.77,
        "Total Revenue": 213,
        "Gross Profit": 110,
        "Operating Income": 82,
        "EBIT": 84,
        "Net Income": 38
    },
    "2018-06-30": {
        "Diluted EPS": 0.72,
        "Total Revenue": 212,
        "Gross Profit": 106,
        "Operating Income": 79,
        "EBIT": 80,
        "Net Income": 35
    },
    "2018-03-31": {
        "Diluted EPS": 0.75,
        "Total Revenue": 212,
        "Gross Profit": 107,
        "Operating Income": 80,
        "EBIT": 81,
        "Net Income": 35
    },
    "2017-12-31": {
        "Diluted EPS": -0.68,
        "Total Revenue": 211,
        "Gross Profit": 109,
        "Operating Income": 81,
        "EBIT": 83,
        "Net Income": -30
    },
    "2017-09-30": {
        "Diluted EPS": 0.61,
        "Total Revenue": 205,
        "Gross Profit": 106,
        "Operating Income": 81,
        "EBIT": 82,
        "Net Income": 28
    },
    "2017-06-30": {
        "Diluted EPS": 0.45,
        "Total Revenue": 196,
        "Gross Profit": 94,
        "Operating Income": 67,
        "EBIT": 68,
        "Net Income": 20
    },
    "2017-03-31": {
        "Diluted EPS": 0.37,
        "Total Revenue": 184,
        "Gross Profit": 84,
        "Operating Income": 58,
        "EBIT": 59,
        "Net Income": 15
    },
    "2016-12-31": {
        "Diluted EPS": 0.43,
        "Total Revenue": 181,
        "Gross Profit": 84,
        "Operating Income": 59,
        "EBIT": 60,
        "Net Income": 17
    },
    "2016-09-30": {
        "Diluted EPS": 0.41,
        "Total Revenue": 184,
        "Gross Profit": 88,
        "Operating Income": 62,
        "EBIT": 63,
        "Net Income": 16
    },
    "2016-06-30": {
        "Diluted EPS": 0.38,
        "Total Revenue": 181,
        "Gross Profit": 86,
        "Operating Income": 59,
        "EBIT": 60,
        "Net Income": 14
    },
    "2016-03-31": {
        "Diluted EPS": 0.35,
        "Total Revenue": 175,
        "Gross Profit": 79,
        "Operating Income": 55,
        "EBIT": 56,
        "Net Income": 13
    },
    "2015-12-31": {
        "Diluted EPS": 0.49,
        "Total Revenue": 192,
        "Gross Profit": 93,
        "Operating Income": 66,
        "EBIT": 67,
        "Net Income": 18
    },
    "2015-09-30": {
        "Diluted EPS": 0.44,
        "Total Revenue": 198,
        "Gross Profit": 97,
        "Operating Income": 71,
        "EBIT": 72,
        "Net Income": 16
    },
    "2015-06-30": {
        "Diluted EPS": 0.5,
        "Total Revenue": 212,
        "Gross Profit": 107,
        "Operating Income": 78,
        "EBIT": 79,
        "Net Income": 18
    },
    "2015-03-31": {
        "Diluted EPS": 0.43,
        "Total Revenue": 204,
        "Gross Profit": 95,
        "Operating Income": 68,
        "EBIT": 69,
        "Net Income": 14
    },
    "2014-12-31": {
        "Diluted EPS": 0.93,
        "Total Revenue": 206,
        "Gross Profit": 105,
        "Operating Income": 78,
        "EBIT": 79,
        "Net Income": 7
    },
    "2014-09-30": {
        "Diluted EPS": 0.57,
        "Total Revenue": 212,
        "Gross Profit": 109,
        "Operating Income": 81,
        "EBIT": 82,
        "Net Income": 17
    },
    "2014-06-30": {
        "Diluted EPS": 0.42,
        "Total Revenue": 208,
        "Gross Profit": 107,
        "Operating Income": 81,
        "EBIT": 82,
        "Net Income": 12
    },
    "2014-03-31": {
        "Diluted EPS": -2.29,
        "Total Revenue": 202,
        "Gross Profit": 92,
        "Operating Income": 67,
        "EBIT": 68,
        "Net Income": -46
    },
    "2013-12-31": {
        "Diluted EPS": -2.96,
        "Total Revenue": 198,
        "Gross Profit": 86,
        "Operating Income": 58,
        "EBIT": 59,
        "Net Income": -41
    },
    "2013-09-30": {
        "Diluted EPS": 0.35,
        "Total Revenue": 178,
        "Gross Profit": 75,
        "Operating Income": 53,
        "EBIT": 54,
        "Net Income": 5
    },
    "2013-06-30": {
        "Diluted EPS": 0.38,
        "Total Revenue": 162,
        "Gross Profit": 69,
        "Operating Income": 48,
        "EBIT": 49,
        "Net Income": 5
    },
    "2013-03-31": {
        "Diluted EPS": 0.19,
        "Total Revenue": 148,
        "Gross Profit": -401,
        "Operating Income": -421,
        "EBIT": -421,
        "Net Income": 2
    },
    "2012-12-31": {
        "Diluted EPS": 0.0,
        "Total Revenue": 137,
        "Gross Profit": 59,
        "Operating Income": 39,
        "EBIT": 40,
        "Net Income": 37
    },
    "2012-09-30": {
        "Diluted EPS": 0.9,
        "Total Revenue": 128,
        "Gross Profit": -16,
        "Operating Income": -38,
        "EBIT": -37,
        "Net Income": NaN
    },
    "2012-06-30": {
        "Diluted EPS": 0.0,
        "Total Revenue": 121,
        "Gross Profit": 58,
        "Operating Income": 42,
        "EBIT": 42,
        "Net Income": 0
    },
    "2012-03-31": {
        "Diluted EPS": 0.0,
        "Total Revenue": 120,
        "Gross Profit": 21,
        "Operating Income": 4,
        "EBIT": 5,
        "Net Income": 4
    },
    "2011-12-31": {
        "Diluted EPS": 0.0,
        "Total Revenue": NaN,
        "Gross Profit": NaN,
        "Operating Income": NaN,
        "EBIT": NaN,
        "Net Income": NaN
    },
    "2010-12-31": {
        "Diluted EPS": 0.0,
        "Total Revenue": NaN,
        "Gross Profit": NaN,
        "Operating Income": NaN,
        "EBIT": NaN,
        "Net Income": NaN
    },
    "2009-12-31": {
        "Diluted EPS": 0.0,
        "Total Revenue": NaN,
        "Gross Profit": NaN,
        "Operating Income": NaN,
        "EBIT": NaN,
        "Net Income": NaN
    },
    "2023-09-30": {
        "Tax Effect Of Unusual Items": NaN,
        "Tax Rate For Calcs": NaN,
        "Normalized EBITDA": NaN,
        "Total Unusual Items": NaN,
        "Total Unusual Items Excluding Goodwill": NaN,
        "Net Income From Continuing Operation Net Minority Interest": NaN,
        "Reconciled Depreciation": NaN,
        "Reconciled Cost Of Revenue": NaN,
        "EBITDA": NaN,
        "EBIT": NaN,
        "Net Interest Income": NaN,
        "Interest Expense": NaN,
        "Interest Income": NaN,
        "Normalized Income": NaN,
        "Net Income From Continuing And Discontinued Operation": NaN,
        "Total Expenses": NaN,
        "Rent Expense Supplemental": NaN,
        "Total Operating Income As Reported": NaN,
        "Diluted Average Shares": NaN,
        "Basic Average Shares": NaN,
        "Diluted EPS": NaN,
        "Basic EPS": NaN,
        "Diluted NI Availto Com Stockholders": NaN,
        "Net Income Common Stockholders": NaN,
        "Otherunder Preferred Stock Dividend": NaN,
        "Net Income": NaN,
        "Minority Interests": NaN,
        "Net Income Including Noncontrolling Interests": NaN,
        "Net Income Continuous Operations": NaN,
        "Tax Provision": NaN,
        "Pretax Income": NaN,
        "Other Income Expense": NaN,
        "Other Non Operating Income Expenses": 505000.0,
        "Gain On Sale Of Security": NaN,
        "Net Non Operating Interest Income Expense": NaN,
        "Interest Expense Non Operating": NaN,
        "Interest Income Non Operating": NaN,
        "Operating Income": NaN,
        "Operating Expense": NaN,
        "Other Operating Expenses": 7244000.0,
        "Selling General And Administration": NaN,
        "Selling And Marketing Expense": NaN,
        "General And Administrative Expense": NaN,
        "Other Gand A": NaN,
        "Rent And Landing Fees": NaN,
        "Gross Profit": NaN,
        "Cost Of Revenue": NaN,
        "Total Revenue": NaN,
        "Operating Revenue": NaN
    },
    "2023-12-31": {
        "Tax Effect Of Unusual Items": NaN,
        "Tax Rate For Calcs": NaN,
        "Normalized EBITDA": NaN,
        "Total Unusual Items": NaN,
        "Total Unusual Items Excluding Goodwill": NaN,
        "Net Income From Continuing Operation Net Minority Interest": NaN,
        "Reconciled Depreciation": NaN,
        "Reconciled Cost Of Revenue": NaN,
        "EBITDA": NaN,
        "EBIT": NaN,
        "Net Interest Income": NaN,
        "Interest Expense": NaN,
        "Interest Income": NaN,
        "Normalized Income": NaN,
        "Net Income From Continuing And Discontinued Operation": NaN,
        "Total Expenses": NaN,
        "Rent Expense Supplemental": NaN,
        "Total Operating Income As Reported": NaN,
        "Diluted Average Shares": NaN,
        "Basic Average Shares": NaN,
        "Diluted EPS": NaN,
        "Basic EPS": NaN,
        "Diluted NI Availto Com Stockholders": NaN,
        "Net Income Common Stockholders": NaN,
        "Otherunder Preferred Stock Dividend": NaN,
        "Net Income": NaN,
        "Minority Interests": NaN,
        "Net Income Including Noncontrolling Interests": NaN,
        "Net Income Continuous Operations": NaN,
        "Tax Provision": NaN,
        "Pretax Income": NaN,
        "Other Income Expense": NaN,
        "Other Non Operating Income Expenses": 0.0,
        "Gain On Sale Of Security": NaN,
        "Net Non Operating Interest Income Expense": NaN,
        "Interest Expense Non Operating": NaN,
        "Interest Income Non Operating": NaN,
        "Operating Income": NaN,
        "Operating Expense": NaN,
        "Selling General And Administration": NaN,
        "Selling And Marketing Expense": NaN,
        "General And Administrative Expense": NaN,
        "Other Gand A": NaN,
        "Rent And Landing Fees": NaN,
        "Gross Profit": NaN,
        "Cost Of Revenue": NaN,
        "Total Revenue": NaN,
        "Operating Revenue": NaN
    },
    "2024-03-31": {
        "Tax Effect Of Unusual Items": 6328411.82858,
        "Tax Rate For Calcs": 0.202128,
        "Normalized EBITDA": 81809000.0,
        "Total Unusual Items": 31309000.0,
        "Total Unusual Items Excluding Goodwill": 31309000.0,
        "Net Income From Continuing Operation Net Minority Interest": 59481000.0,
        "Reconciled Depreciation": 2388000.0,
        "Reconciled Cost Of Revenue": 149880000.0,
        "EBITDA": 113118000.0,
        "EBIT": 110730000.0,
        "Net Interest Income": -283000.0,
        "Interest Expense": 2061000.0,
        "Interest Income": 1778000.0,
        "Normalized Income": 34500411.82858,
        "Net Income From Continuing And Discontinued Operation": 59481000.0,
        "Total Expenses": 186708000.0,
        "Rent Expense Supplemental": 7281000.0,
        "Total Operating Income As Reported": 77643000.0,
        "Diluted Average Shares": 64355247.0,
        "Basic Average Shares": 64319977.0,
        "Diluted EPS": 0.84,
        "Basic EPS": 0.84,
        "Diluted NI Availto Com Stockholders": 54017000.0,
        "Net Income Common Stockholders": 54017000.0,
        "Otherunder Preferred Stock Dividend": 5464000.0,
        "Net Income": 59481000.0,
        "Minority Interests": -27223000.0,
        "Net Income Including Noncontrolling Interests": 86704000.0,
        "Net Income Continuous Operations": 86704000.0,
        "Tax Provision": 21965000.0,
        "Pretax Income": 108669000.0,
        "Other Income Expense": 31309000.0,
        "Other Non Operating Income Expenses": NaN,
        "Gain On Sale Of Security": 31309000.0,
        "Net Non Operating Interest Income Expense": -283000.0,
        "Interest Expense Non Operating": 2061000.0,
        "Interest Income Non Operating": 1778000.0,
        "Operating Income": 77643000.0,
        "Operating Expense": 36828000.0,
        "Selling General And Administration": 36828000.0,
        "Selling And Marketing Expense": 6391000.0,
        "General And Administrative Expense": 30437000.0,
        "Other Gand A": 23156000.0,
        "Rent And Landing Fees": 7281000.0,
        "Gross Profit": 114471000.0,
        "Cost Of Revenue": 149880000.0,
        "Total Revenue": 264351000.0,
        "Operating Revenue": 264351000.0
    },
    "2024-06-30": {
        "Tax Effect Of Unusual Items": 720304.0,
        "Tax Rate For Calcs": 0.208,
        "Normalized EBITDA": 91152000.0,
        "Total Unusual Items": 3463000.0,
        "Total Unusual Items Excluding Goodwill": 3463000.0,
        "Net Income From Continuing Operation Net Minority Interest": 57574000.0,
        "Reconciled Depreciation": 2435000.0,
        "Reconciled Cost Of Revenue": 146790000.0,
        "EBITDA": 94615000.0,
        "EBIT": 92180000.0,
        "Net Interest Income": -122000.0,
        "Interest Expense": 2194000.0,
        "Interest Income": 2072000.0,
        "Normalized Income": 54831304.0,
        "Net Income From Continuing And Discontinued Operation": 57574000.0,
        "Total Expenses": 184173000.0,
        "Rent Expense Supplemental": 7521000.0,
        "Total Operating Income As Reported": 86645000.0,
        "Diluted Average Shares": 70500000.0,
        "Basic Average Shares": 65000000.0,
        "Diluted EPS": 0.8,
        "Basic EPS": 0.8,
        "Diluted NI Availto Com Stockholders": 52139000.0,
        "Net Income Common Stockholders": 52139000.0,
        "Otherunder Preferred Stock Dividend": 5435000.0,
        "Net Income": 57574000.0,
        "Minority Interests": -13674000.0,
        "Net Income Including Noncontrolling Interests": 71248000.0,
        "Net Income Continuous Operations": 71248000.0,
        "Tax Provision": 18738000.0,
        "Pretax Income": 89986000.0,
        "Other Income Expense": 3463000.0,
        "Other Non Operating Income Expenses": NaN,
        "Gain On Sale Of Security": 3463000.0,
        "Net Non Operating Interest Income Expense": -122000.0,
        "Interest Expense Non Operating": 2194000.0,
        "Interest Income Non Operating": 2072000.0,
        "Operating Income": 86645000.0,
        "Operating Expense": 37383000.0,
        "Selling General And Administration": 37383000.0,
        "Selling And Marketing Expense": 6395000.0,
        "General And Administrative Expense": 30988000.0,
        "Other Gand A": 23467000.0,
        "Rent And Landing Fees": 7521000.0,
        "Gross Profit": 124028000.0,
        "Cost Of Revenue": 146790000.0,
        "Total Revenue": 270818000.0,
        "Operating Revenue": 270818000.0
    },
    "2024-09-30": {
        "Tax Effect Of Unusual Items": 6788713.0,
        "Tax Rate For Calcs": 0.191,
        "Normalized EBITDA": 98123000.0,
        "Total Unusual Items": 35543000.0,
        "Total Unusual Items Excluding Goodwill": 35543000.0,
        "Net Income From Continuing Operation Net Minority Interest": 72990000.0,
        "Reconciled Depreciation": 2678000.0,
        "Reconciled Cost Of Revenue": 149034000.0,
        "EBITDA": 133666000.0,
        "EBIT": 130988000.0,
        "Net Interest Income": 570000.0,
        "Interest Expense": 2199000.0,
        "Interest Income": 2769000.0,
        "Normalized Income": 44235713.0,
        "Net Income From Continuing And Discontinued Operation": 72990000.0,
        "Total Expenses": 186402000.0,
        "Rent Expense Supplemental": 8208000.0,
        "Total Operating Income As Reported": 93180000.0,
        "Diluted Average Shares": 70600000.0,
        "Basic Average Shares": 65100000.0,
        "Diluted EPS": 1.03,
        "Basic EPS": 1.03,
        "Diluted NI Availto Com Stockholders": 66814000.0,
        "Net Income Common Stockholders": 66814000.0,
        "Otherunder Preferred Stock Dividend": 6176000.0,
        "Net Income": 72990000.0,
        "Minority Interests": -31195000.0,
        "Net Income Including Noncontrolling Interests": 104185000.0,
        "Net Income Continuous Operations": 104185000.0,
        "Tax Provision": 24604000.0,
        "Pretax Income": 128789000.0,
        "Other Income Expense": 35039000.0,
        "Other Non Operating Income Expenses": -504000.0,
        "Gain On Sale Of Security": 35543000.0,
        "Net Non Operating Interest Income Expense": 570000.0,
        "Interest Expense Non Operating": 2199000.0,
        "Interest Income Non Operating": 2769000.0,
        "Operating Income": 93180000.0,
        "Operating Expense": 37368000.0,
        "Selling General And Administration": 37368000.0,
        "Selling And Marketing Expense": 6363000.0,
        "General And Administrative Expense": 31005000.0,
        "Other Gand A": 22797000.0,
        "Rent And Landing Fees": 8208000.0,
        "Gross Profit": 130548000.0,
        "Cost Of Revenue": 149034000.0,
        "Total Revenue": 279582000.0,
        "Operating Revenue": 279582000.0
    },
    "2024-12-31": {
        "Tax Effect Of Unusual Items": 703728.648725,
        "Tax Rate For Calcs": 0.226279,
        "Normalized EBITDA": 114515000.0,
        "Total Unusual Items": 3110000.0,
        "Total Unusual Items Excluding Goodwill": 3110000.0,
        "Net Income From Continuing Operation Net Minority Interest": 69703000.0,
        "Reconciled Depreciation": 2361000.0,
        "Reconciled Cost Of Revenue": 148421000.0,
        "EBITDA": 117625000.0,
        "EBIT": 115264000.0,
        "Net Interest Income": 837000.0,
        "Interest Expense": 2156000.0,
        "Interest Income": 2993000.0,
        "Normalized Income": 67296728.648725,
        "Net Income From Continuing And Discontinued Operation": 69703000.0,
        "Total Expenses": 187890000.0,
        "Rent Expense Supplemental": 7252000.0,
        "Total Operating Income As Reported": 109161000.0,
        "Diluted Average Shares": 70600000.0,
        "Basic Average Shares": 65200000.0,
        "Diluted EPS": 0.97,
        "Basic EPS": 0.97,
        "Diluted NI Availto Com Stockholders": 63468000.0,
        "Net Income Common Stockholders": 63468000.0,
        "Otherunder Preferred Stock Dividend": 6235000.0,
        "Net Income": 69703000.0,
        "Minority Interests": -17811000.0,
        "Net Income Including Noncontrolling Interests": 87514000.0,
        "Net Income Continuous Operations": 87514000.0,
        "Tax Provision": 25594000.0,
        "Pretax Income": 113108000.0,
        "Other Income Expense": 3110000.0,
        "Other Non Operating Income Expenses": 0.0,
        "Gain On Sale Of Security": 3110000.0,
        "Net Non Operating Interest Income Expense": 837000.0,
        "Interest Expense Non Operating": 2156000.0,
        "Interest Income Non Operating": 2993000.0,
        "Operating Income": 109161000.0,
        "Operating Expense": 39469000.0,
        "Selling General And Administration": 39469000.0,
        "Selling And Marketing Expense": 6609000.0,
        "General And Administrative Expense": 32860000.0,
        "Other Gand A": 25608000.0,
        "Rent And Landing Fees": 7252000.0,
        "Gross Profit": 148630000.0,
        "Cost Of Revenue": 148421000.0,
        "Total Revenue": 297051000.0,
        "Operating Revenue": 297051000.0
    },
    "2025-03-31": {
        "Tax Effect Of Unusual Items": 2249108.0,
        "Tax Rate For Calcs": 0.206,
        "Normalized EBITDA": 90971000.0,
        "Total Unusual Items": 10918000.0,
        "Total Unusual Items Excluding Goodwill": 10918000.0,
        "Net Income From Continuing Operation Net Minority Interest": 61139000.0,
        "Reconciled Depreciation": 2493000.0,
        "Reconciled Cost Of Revenue": 155161000.0,
        "EBITDA": 101889000.0,
        "EBIT": 99396000.0,
        "Net Interest Income": -111000.0,
        "Interest Expense": 2054000.0,
        "Interest Income": 1943000.0,
        "Normalized Income": 52470108.0,
        "Net Income From Continuing And Discontinued Operation": 61139000.0,
        "Total Expenses": 190612000.0,
        "Rent Expense Supplemental": 7378000.0,
        "Total Operating Income As Reported": 86535000.0,
        "Diluted Average Shares": 70800000.0,
        "Basic Average Shares": 65400000.0,
        "Diluted EPS": 0.82,
        "Basic EPS": 0.82,
        "Diluted NI Availto Com Stockholders": 53842000.0,
        "Net Income Common Stockholders": 53842000.0,
        "Otherunder Preferred Stock Dividend": 7297000.0,
        "Net Income": 61139000.0,
        "Minority Interests": -16196000.0,
        "Net Income Including Noncontrolling Interests": 77335000.0,
        "Net Income Continuous Operations": 77335000.0,
        "Tax Provision": 20007000.0,
        "Pretax Income": 97342000.0,
        "Other Income Expense": 10918000.0,
        "Other Non Operating Income Expenses": NaN,
        "Gain On Sale Of Security": 10918000.0,
        "Net Non Operating Interest Income Expense": -111000.0,
        "Interest Expense Non Operating": 2054000.0,
        "Interest Income Non Operating": 1943000.0,
        "Operating Income": 86535000.0,
        "Operating Expense": 35451000.0,
        "Selling General And Administration": 35451000.0,
        "Selling And Marketing Expense": 6432000.0,
        "General And Administrative Expense": 29019000.0,
        "Other Gand A": 21641000.0,
        "Rent And Landing Fees": 7378000.0,
        "Gross Profit": 121986000.0,
        "Cost Of Revenue": 155161000.0,
        "Total Revenue": 277147000.0,
        "Operating Revenue": 277147000.0
    },
    "2025-06-30": {
        "Tax Effect Of Unusual Items": 8503680.0,
        "Tax Rate For Calcs": 0.206,
        "Normalized EBITDA": 84231000.0,
        "Total Unusual Items": 41280000.0,
        "Total Unusual Items Excluding Goodwill": 41280000.0,
        "Net Income From Continuing Operation Net Minority Interest": 67555000.0,
        "Reconciled Depreciation": 2483000.0,
        "Reconciled Cost Of Revenue": 165876000.0,
        "EBITDA": 125511000.0,
        "EBIT": 123028000.0,
        "Net Interest Income": -203000.0,
        "Interest Expense": 2179000.0,
        "Interest Income": 1976000.0,
        "Normalized Income": 34778680.0,
        "Net Income From Continuing And Discontinued Operation": 67555000.0,
        "Total Expenses": 202977000.0,
        "Rent Expense Supplemental": 7308000.0,
        "Total Operating Income As Reported": 79772000.0,
        "Diluted Average Shares": 71000000.0,
        "Basic Average Shares": 65600000.0,
        "Diluted EPS": 0.94,
        "Basic EPS": 0.94,
        "Diluted NI Availto Com Stockholders": 61581000.0,
        "Net Income Common Stockholders": 61581000.0,
        "Otherunder Preferred Stock Dividend": 5974000.0,
        "Net Income": 67555000.0,
        "Minority Interests": -28433000.0,
        "Net Income Including Noncontrolling Interests": 95988000.0,
        "Net Income Continuous Operations": 95988000.0,
        "Tax Provision": 24861000.0,
        "Pretax Income": 120849000.0,
        "Other Income Expense": 41280000.0,
        "Other Non Operating Income Expenses": NaN,
        "Gain On Sale Of Security": 41280000.0,
        "Net Non Operating Interest Income Expense": -203000.0,
        "Interest Expense Non Operating": 2179000.0,
        "Interest Income Non Operating": 1976000.0,
        "Operating Income": 79772000.0,
        "Operating Expense": 37101000.0,
        "Selling General And Administration": 37101000.0,
        "Selling And Marketing Expense": 6730000.0,
        "General And Administrative Expense": 30371000.0,
        "Other Gand A": 23063000.0,
        "Rent And Landing Fees": 7308000.0,
        "Gross Profit": 116873000.0,
        "Cost Of Revenue": 165876000.0,
        "Total Revenue": 282749000.0,
        "Operating Revenue": 282749000.0
    },
    "2025-09-30": {
        "Tax Effect Of Unusual Items": 6198000.0,
        "Tax Rate For Calcs": 0.3,
        "Normalized EBITDA": 107345000.0,
        "Total Unusual Items": 20660000.0,
        "Total Unusual Items Excluding Goodwill": 20660000.0,
        "Net Income From Continuing Operation Net Minority Interest": 66830000.0,
        "Reconciled Depreciation": 2341000.0,
        "Reconciled Cost Of Revenue": 163242000.0,
        "EBITDA": 128005000.0,
        "EBIT": 125664000.0,
        "Net Interest Income": 410000.0,
        "Interest Expense": 2218000.0,
        "Interest Income": 2628000.0,
        "Normalized Income": 52368000.0,
        "Net Income From Continuing And Discontinued Operation": 66830000.0,
        "Total Expenses": 199468000.0,
        "Rent Expense Supplemental": 7403000.0,
        "Total Operating Income As Reported": 101819000.0,
        "Diluted Average Shares": 71000000.0,
        "Basic Average Shares": 65700000.0,
        "Diluted EPS": 0.93,
        "Basic EPS": 0.93,
        "Diluted NI Availto Com Stockholders": 61248000.0,
        "Net Income Common Stockholders": 61248000.0,
        "Otherunder Preferred Stock Dividend": 5582000.0,
        "Net Income": 66830000.0,
        "Minority Interests": -19643000.0,
        "Net Income Including Noncontrolling Interests": 86473000.0,
        "Net Income Continuous Operations": 86473000.0,
        "Tax Provision": 36973000.0,
        "Pretax Income": 123446000.0,
        "Other Income Expense": 21217000.0,
        "Other Non Operating Income Expenses": 557000.0,
        "Gain On Sale Of Security": 20660000.0,
        "Net Non Operating Interest Income Expense": 410000.0,
        "Interest Expense Non Operating": 2218000.0,
        "Interest Income Non Operating": 2628000.0,
        "Operating Income": 101819000.0,
        "Operating Expense": 36226000.0,
        "Selling General And Administration": 36226000.0,
        "Selling And Marketing Expense": 7519000.0,
        "General And Administrative Expense": 28707000.0,
        "Other Gand A": 21304000.0,
        "Rent And Landing Fees": 7403000.0,
        "Gross Profit": 138045000.0,
        "Cost Of Revenue": 163242000.0,
        "Total Revenue": 301287000.0,
        "Operating Revenue": 301287000.0
    }
}