{
    "2023-03-31": {
        "Tax Effect Of Unusual Items": NaN,
        "Tax Rate For Calcs": NaN,
        "Normalized EBITDA": NaN,
        "Total Unusual Items": NaN,
        "Total Unusual Items Excluding Goodwill": NaN,
        "Net Income From Continuing Operation Net Minority Interest": NaN,
        "Reconciled Depreciation": NaN,
        "Reconciled Cost Of Revenue": NaN,
        "EBITDA": NaN,
        "EBIT": NaN,
        "Net Interest Income": NaN,
        "Interest Expense": NaN,
        "Normalized Income": NaN,
        "Net Income From Continuing And Discontinued Operation": NaN,
        "Total Expenses": NaN,
        "Rent Expense Supplemental": 0.0,
        "Total Operating Income As Reported": -5370000.0,
        "Diluted Average Shares": NaN,
        "Basic Average Shares": NaN,
        "Diluted EPS": NaN,
        "Basic EPS": NaN,
        "Diluted NI Availto Com Stockholders": NaN,
        "Net Income Common Stockholders": NaN,
        "Preferred Stock Dividends": NaN,
        "Net Income": NaN,
        "Net Income Including Noncontrolling Interests": NaN,
        "Net Income Continuous Operations": NaN,
        "Earnings From Equity Interest Net Of Tax": NaN,
        "Tax Provision": NaN,
        "Pretax Income": NaN,
        "Other Income Expense": NaN,
        "Special Income Charges": NaN,
        "Gain On Sale Of Ppe": NaN,
        "Other Special Charges": NaN,
        "Impairment Of Capital Assets": NaN,
        "Restructuring And Mergern Acquisition": 0.0,
        "Net Non Operating Interest Income Expense": NaN,
        "Interest Expense Non Operating": NaN,
        "Operating Income": NaN,
        "Operating Expense": NaN,
        "Depreciation Amortization Depletion Income Statement": NaN,
        "Depreciation And Amortization In Income Statement": NaN,
        "Selling General And Administration": NaN,
        "Selling And Marketing Expense": NaN,
        "General And Administrative Expense": NaN,
        "Other Gand A": NaN,
        "Rent And Landing Fees": 0.0,
        "Gross Profit": NaN,
        "Cost Of Revenue": NaN,
        "Total Revenue": NaN,
        "Operating Revenue": NaN
    },
    "2022-12-31": {
        "Tax Effect Of Unusual Items": NaN,
        "Tax Rate For Calcs": NaN,
        "Normalized EBITDA": NaN,
        "Total Unusual Items": NaN,
        "Total Unusual Items Excluding Goodwill": NaN,
        "Net Income From Continuing Operation Net Minority Interest": NaN,
        "Reconciled Depreciation": NaN,
        "Reconciled Cost Of Revenue": NaN,
        "EBITDA": NaN,
        "EBIT": NaN,
        "Net Interest Income": NaN,
        "Interest Expense": NaN,
        "Normalized Income": NaN,
        "Net Income From Continuing And Discontinued Operation": NaN,
        "Total Expenses": NaN,
        "Rent Expense Supplemental": NaN,
        "Total Operating Income As Reported": NaN,
        "Diluted Average Shares": NaN,
        "Basic Average Shares": NaN,
        "Diluted EPS": NaN,
        "Basic EPS": NaN,
        "Diluted NI Availto Com Stockholders": NaN,
        "Net Income Common Stockholders": NaN,
        "Preferred Stock Dividends": NaN,
        "Net Income": NaN,
        "Net Income Including Noncontrolling Interests": NaN,
        "Net Income Continuous Operations": NaN,
        "Earnings From Equity Interest Net Of Tax": NaN,
        "Tax Provision": NaN,
        "Pretax Income": NaN,
        "Other Income Expense": NaN,
        "Special Income Charges": NaN,
        "Gain On Sale Of Ppe": NaN,
        "Impairment Of Capital Assets": 2000000.0,
        "Restructuring And Mergern Acquisition": 0.0,
        "Net Non Operating Interest Income Expense": NaN,
        "Interest Expense Non Operating": NaN,
        "Operating Income": NaN,
        "Operating Expense": NaN,
        "Depreciation Amortization Depletion Income Statement": NaN,
        "Depreciation And Amortization In Income Statement": NaN,
        "Selling General And Administration": NaN,
        "Selling And Marketing Expense": NaN,
        "General And Administrative Expense": NaN,
        "Other Gand A": NaN,
        "Rent And Landing Fees": NaN,
        "Gross Profit": NaN,
        "Cost Of Revenue": NaN,
        "Total Revenue": NaN,
        "Operating Revenue": NaN
    },
    "2022-09-30": {
        "Tax Effect Of Unusual Items": NaN,
        "Tax Rate For Calcs": NaN,
        "Normalized EBITDA": NaN,
        "Total Unusual Items": NaN,
        "Total Unusual Items Excluding Goodwill": NaN,
        "Net Income From Continuing Operation Net Minority Interest": NaN,
        "Reconciled Depreciation": NaN,
        "Reconciled Cost Of Revenue": NaN,
        "EBITDA": NaN,
        "EBIT": NaN,
        "Net Interest Income": NaN,
        "Interest Expense": NaN,
        "Normalized Income": NaN,
        "Net Income From Continuing And Discontinued Operation": NaN,
        "Total Expenses": NaN,
        "Rent Expense Supplemental": NaN,
        "Total Operating Income As Reported": NaN,
        "Diluted Average Shares": NaN,
        "Basic Average Shares": NaN,
        "Diluted EPS": NaN,
        "Basic EPS": NaN,
        "Diluted NI Availto Com Stockholders": NaN,
        "Net Income Common Stockholders": NaN,
        "Preferred Stock Dividends": NaN,
        "Net Income": NaN,
        "Net Income Including Noncontrolling Interests": NaN,
        "Net Income Continuous Operations": NaN,
        "Earnings From Equity Interest Net Of Tax": NaN,
        "Tax Provision": NaN,
        "Pretax Income": NaN,
        "Other Income Expense": NaN,
        "Special Income Charges": NaN,
        "Gain On Sale Of Ppe": NaN,
        "Impairment Of Capital Assets": 0.0,
        "Restructuring And Mergern Acquisition": NaN,
        "Net Non Operating Interest Income Expense": NaN,
        "Interest Expense Non Operating": NaN,
        "Operating Income": NaN,
        "Operating Expense": NaN,
        "Depreciation Amortization Depletion Income Statement": NaN,
        "Depreciation And Amortization In Income Statement": NaN,
        "Selling General And Administration": NaN,
        "Selling And Marketing Expense": NaN,
        "General And Administrative Expense": NaN,
        "Other Gand A": NaN,
        "Rent And Landing Fees": NaN,
        "Gross Profit": NaN,
        "Cost Of Revenue": NaN,
        "Total Revenue": NaN,
        "Operating Revenue": NaN
    },
    "2022-06-30": {
        "Tax Effect Of Unusual Items": -35379828.0,
        "Tax Rate For Calcs": 0.243,
        "Normalized EBITDA": 157346000.0,
        "Total Unusual Items": -145596000.0,
        "Total Unusual Items Excluding Goodwill": -145596000.0,
        "Net Income From Continuing Operation Net Minority Interest": -110029000.0,
        "Reconciled Depreciation": 8119000.0,
        "Reconciled Cost Of Revenue": 72089000.0,
        "EBITDA": 11750000.0,
        "EBIT": 3631000.0,
        "Net Interest Income": -3390000.0,
        "Interest Expense": 3390000.0,
        "Normalized Income": 187172.0,
        "Net Income From Continuing And Discontinued Operation": -110029000.0,
        "Total Expenses": 145977000.0,
        "Total Operating Income As Reported": NaN,
        "Diluted Average Shares": 18907000.0,
        "Basic Average Shares": 18865000.0,
        "Diluted EPS": -5.83,
        "Basic EPS": -5.83,
        "Diluted NI Availto Com Stockholders": -110029000.0,
        "Net Income Common Stockholders": -110029000.0,
        "Preferred Stock Dividends": NaN,
        "Net Income": -110029000.0,
        "Net Income Including Noncontrolling Interests": -110029000.0,
        "Net Income Continuous Operations": -110029000.0,
        "Earnings From Equity Interest Net Of Tax": -6000.0,
        "Tax Provision": -35332000.0,
        "Pretax Income": -145355000.0,
        "Other Income Expense": -145596000.0,
        "Special Income Charges": -145596000.0,
        "Gain On Sale Of Ppe": 9000.0,
        "Impairment Of Capital Assets": 144900000.0,
        "Restructuring And Mergern Acquisition": 705000.0,
        "Net Non Operating Interest Income Expense": -3390000.0,
        "Total Other Finance Cost": 3390000.0,
        "Interest Expense Non Operating": 3390000.0,
        "Operating Income": 3631000.0,
        "Operating Expense": 73888000.0,
        "Depreciation Amortization Depletion Income Statement": 8119000.0,
        "Depreciation And Amortization In Income Statement": 8119000.0,
        "Selling General And Administration": 65769000.0,
        "Selling And Marketing Expense": 35846000.0,
        "General And Administrative Expense": 29923000.0,
        "Other Gand A": 29923000.0,
        "Gross Profit": 77519000.0,
        "Cost Of Revenue": 72089000.0,
        "Total Revenue": 149608000.0,
        "Operating Revenue": 149608000.0
    },
    "2022-03-31": {
        "Diluted EPS": 0.28,
        "Total Revenue": 155,
        "Gross Profit": 83,
        "Operating Income": 5,
        "EBIT": 14,
        "Net Income": 5
    },
    "2021-12-31": {
        "Diluted EPS": 0.46,
        "Total Revenue": 154,
        "Gross Profit": 87,
        "Operating Income": 16,
        "EBIT": 25,
        "Net Income": 9
    },
    "2021-09-30": {
        "Diluted EPS": -0.01,
        "Total Revenue": 98,
        "Gross Profit": 56,
        "Operating Income": 1,
        "EBIT": 6,
        "Net Income": 0
    },
    "2021-06-30": {
        "Diluted EPS": 0.03,
        "Total Revenue": 78,
        "Gross Profit": 48,
        "Operating Income": 2,
        "EBIT": 4,
        "Net Income": 1
    },
    "2021-03-31": {
        "Diluted EPS": 0.49,
        "Total Revenue": 89,
        "Gross Profit": 56,
        "Operating Income": 11,
        "EBIT": 13,
        "Net Income": 8
    },
    "2020-12-31": {
        "Diluted EPS": 0.46,
        "Total Revenue": 86,
        "Gross Profit": 55,
        "Operating Income": 10,
        "EBIT": 13,
        "Net Income": 7
    },
    "2020-09-30": {
        "Diluted EPS": 0.18,
        "Total Revenue": 79,
        "Gross Profit": 48,
        "Operating Income": 3,
        "EBIT": 7,
        "Net Income": 3
    },
    "2020-06-30": {
        "Diluted EPS": 0.45,
        "Total Revenue": 82,
        "Gross Profit": 51,
        "Operating Income": 9,
        "EBIT": 12,
        "Net Income": 7
    },
    "2020-03-31": {
        "Diluted EPS": 0.16,
        "Total Revenue": 75,
        "Gross Profit": 45,
        "Operating Income": 3,
        "EBIT": 6,
        "Net Income": 2
    },
    "2019-12-31": {
        "Diluted EPS": 0.36,
        "Total Revenue": 74,
        "Gross Profit": 46,
        "Operating Income": 9,
        "EBIT": 12,
        "Net Income": 6
    },
    "2019-09-30": {
        "Diluted EPS": -0.1,
        "Total Revenue": 68,
        "Gross Profit": 41,
        "Operating Income": -3,
        "EBIT": 2,
        "Net Income": -2
    },
    "2019-06-30": {
        "Diluted EPS": 0.3,
        "Total Revenue": 71,
        "Gross Profit": 42,
        "Operating Income": 6,
        "EBIT": 10,
        "Net Income": 5
    },
    "2019-03-31": {
        "Diluted EPS": 0.06,
        "Total Revenue": 73,
        "Gross Profit": 46,
        "Operating Income": 1,
        "EBIT": 11,
        "Net Income": 1
    },
    "2018-12-31": {
        "Diluted EPS": 0.54,
        "Total Revenue": 77,
        "Gross Profit": 48,
        "Operating Income": 11,
        "EBIT": 16,
        "Net Income": 9
    },
    "2018-09-30": {
        "Diluted EPS": 0.33,
        "Total Revenue": 73,
        "Gross Profit": 45,
        "Operating Income": 7,
        "EBIT": 11,
        "Net Income": 5
    },
    "2018-06-30": {
        "Diluted EPS": 0.39,
        "Total Revenue": 73,
        "Gross Profit": 44,
        "Operating Income": 8,
        "EBIT": 12,
        "Net Income": 6
    },
    "2018-03-31": {
        "Diluted EPS": 0.28,
        "Total Revenue": 75,
        "Gross Profit": 45,
        "Operating Income": 6,
        "EBIT": 11,
        "Net Income": 5
    },
    "2017-12-31": {
        "Diluted EPS": 0.51,
        "Total Revenue": 78,
        "Gross Profit": 49,
        "Operating Income": 13,
        "EBIT": 17,
        "Net Income": 8
    },
    "2017-09-30": {
        "Diluted EPS": 0.27,
        "Total Revenue": 73,
        "Gross Profit": 45,
        "Operating Income": 8,
        "EBIT": 12,
        "Net Income": 4
    },
    "2017-06-30": {
        "Diluted EPS": 0.23,
        "Total Revenue": 72,
        "Gross Profit": 42,
        "Operating Income": 6,
        "EBIT": 11,
        "Net Income": 4
    },
    "2017-03-31": {
        "Diluted EPS": 0.28,
        "Total Revenue": 76,
        "Gross Profit": 47,
        "Operating Income": 8,
        "EBIT": 13,
        "Net Income": 5
    },
    "2016-12-31": {
        "Diluted EPS": 0.42,
        "Total Revenue": 79,
        "Gross Profit": 49,
        "Operating Income": 11,
        "EBIT": 16,
        "Net Income": 7
    },
    "2016-09-30": {
        "Diluted EPS": 0.02,
        "Total Revenue": 74,
        "Gross Profit": 45,
        "Operating Income": 0,
        "EBIT": 10,
        "Net Income": 0
    },
    "2016-06-30": {
        "Diluted EPS": 0.41,
        "Total Revenue": 77,
        "Gross Profit": 48,
        "Operating Income": 11,
        "EBIT": 15,
        "Net Income": 7
    },
    "2016-03-31": {
        "Diluted EPS": 0.64,
        "Total Revenue": 84,
        "Gross Profit": 54,
        "Operating Income": 16,
        "EBIT": 21,
        "Net Income": 10
    },
    "2015-12-31": {
        "Diluted EPS": 0.59,
        "Total Revenue": 86,
        "Gross Profit": 56,
        "Operating Income": 16,
        "EBIT": 22,
        "Net Income": 10
    },
    "2015-09-30": {
        "Diluted EPS": 0.41,
        "Total Revenue": 76,
        "Gross Profit": 47,
        "Operating Income": 11,
        "EBIT": 15,
        "Net Income": 7
    },
    "2015-06-30": {
        "Diluted EPS": 0.42,
        "Total Revenue": 80,
        "Gross Profit": 51,
        "Operating Income": 12,
        "EBIT": 16,
        "Net Income": 7
    },
    "2015-03-31": {
        "Diluted EPS": 0.51,
        "Total Revenue": 85,
        "Gross Profit": 55,
        "Operating Income": 14,
        "EBIT": 19,
        "Net Income": 9
    },
    "2014-12-31": {
        "Diluted EPS": 0.67,
        "Total Revenue": 91,
        "Gross Profit": 60,
        "Operating Income": 19,
        "EBIT": 23,
        "Net Income": 12
    },
    "2014-09-30": {
        "Diluted EPS": 0.51,
        "Total Revenue": 85,
        "Gross Profit": 54,
        "Operating Income": 15,
        "EBIT": 19,
        "Net Income": 9
    },
    "2014-06-30": {
        "Diluted EPS": 0.56,
        "Total Revenue": 85,
        "Gross Profit": 55,
        "Operating Income": 16,
        "EBIT": 20,
        "Net Income": 10
    },
    "2014-03-31": {
        "Diluted EPS": 0.59,
        "Total Revenue": 89,
        "Gross Profit": 57,
        "Operating Income": 17,
        "EBIT": 21,
        "Net Income": 10
    },
    "2013-12-31": {
        "Diluted EPS": 0.51,
        "Total Revenue": 83,
        "Gross Profit": 54,
        "Operating Income": 15,
        "EBIT": 18,
        "Net Income": 9
    },
    "2013-09-30": {
        "Diluted EPS": 0.61,
        "Total Revenue": 82,
        "Gross Profit": 54,
        "Operating Income": 18,
        "EBIT": 21,
        "Net Income": 11
    },
    "2013-06-30": {
        "Diluted EPS": 0.6,
        "Total Revenue": 81,
        "Gross Profit": 54,
        "Operating Income": 17,
        "EBIT": 21,
        "Net Income": 11
    },
    "2013-03-31": {
        "Diluted EPS": 0.63,
        "Total Revenue": 84,
        "Gross Profit": 55,
        "Operating Income": 18,
        "EBIT": 21,
        "Net Income": 11
    },
    "2012-12-31": {
        "Diluted EPS": 0.74,
        "Total Revenue": 86,
        "Gross Profit": 56,
        "Operating Income": 21,
        "EBIT": 24,
        "Net Income": 13
    },
    "2012-09-30": {
        "Diluted EPS": 0.6,
        "Total Revenue": 77,
        "Gross Profit": 51,
        "Operating Income": 18,
        "EBIT": 20,
        "Net Income": 11
    },
    "2012-06-30": {
        "Diluted EPS": 0.51,
        "Total Revenue": 75,
        "Gross Profit": 48,
        "Operating Income": 15,
        "EBIT": 18,
        "Net Income": 9
    },
    "2012-03-31": {
        "Diluted EPS": 0.5,
        "Total Revenue": 76,
        "Gross Profit": 48,
        "Operating Income": 15,
        "EBIT": 18,
        "Net Income": 9
    },
    "2011-12-31": {
        "Diluted EPS": 0.71,
        "Total Revenue": 76,
        "Gross Profit": 50,
        "Operating Income": 20,
        "EBIT": 22,
        "Net Income": 13
    },
    "2011-09-30": {
        "Diluted EPS": 0.6,
        "Total Revenue": 65,
        "Gross Profit": 41,
        "Operating Income": 15,
        "EBIT": 17,
        "Net Income": 11
    },
    "2011-06-30": {
        "Diluted EPS": 0.49,
        "Total Revenue": 61,
        "Gross Profit": 38,
        "Operating Income": 15,
        "EBIT": 17,
        "Net Income": 9
    },
    "2011-03-31": {
        "Diluted EPS": 0.43,
        "Total Revenue": 59,
        "Gross Profit": 37,
        "Operating Income": 13,
        "EBIT": 15,
        "Net Income": 8
    },
    "2010-12-31": {
        "Diluted EPS": 0.52,
        "Total Revenue": 56,
        "Gross Profit": 36,
        "Operating Income": 16,
        "EBIT": 18,
        "Net Income": 10
    },
    "2010-09-30": {
        "Diluted EPS": 0.3,
        "Total Revenue": 48,
        "Gross Profit": 29,
        "Operating Income": 9,
        "EBIT": 11,
        "Net Income": 6
    },
    "2010-06-30": {
        "Diluted EPS": 0.37,
        "Total Revenue": 46,
        "Gross Profit": 29,
        "Operating Income": 12,
        "EBIT": 13,
        "Net Income": 7
    },
    "2010-03-31": {
        "Diluted EPS": 0.4,
        "Total Revenue": 47,
        "Gross Profit": 29,
        "Operating Income": 13,
        "EBIT": 15,
        "Net Income": 8
    },
    "2009-12-31": {
        "Diluted EPS": 0.44,
        "Total Revenue": 44,
        "Gross Profit": 27,
        "Operating Income": 14,
        "EBIT": 15,
        "Net Income": 8
    },
    "2009-09-30": {
        "Diluted EPS": 0.27,
        "Total Revenue": 36,
        "Gross Profit": 22,
        "Operating Income": 8,
        "EBIT": 10,
        "Net Income": 5
    },
    "2009-06-30": {
        "Diluted EPS": 0.28,
        "Total Revenue": 36,
        "Gross Profit": 21,
        "Operating Income": 9,
        "EBIT": 10,
        "Net Income": 5
    },
    "2009-03-31": {
        "Diluted EPS": 0.28,
        "Total Revenue": 33,
        "Gross Profit": 20,
        "Operating Income": 9,
        "EBIT": 10,
        "Net Income": 5
    },
    "2023-06-30": {
        "Tax Effect Of Unusual Items": NaN,
        "Tax Rate For Calcs": NaN,
        "Normalized EBITDA": NaN,
        "Total Unusual Items": NaN,
        "Total Unusual Items Excluding Goodwill": NaN,
        "Net Income From Continuing Operation Net Minority Interest": NaN,
        "Reconciled Depreciation": NaN,
        "Reconciled Cost Of Revenue": NaN,
        "EBITDA": NaN,
        "EBIT": NaN,
        "Net Interest Income": NaN,
        "Interest Expense": NaN,
        "Normalized Income": NaN,
        "Net Income From Continuing And Discontinued Operation": NaN,
        "Total Expenses": NaN,
        "Rent Expense Supplemental": NaN,
        "Total Operating Income As Reported": -65268000.0,
        "Diluted Average Shares": NaN,
        "Basic Average Shares": NaN,
        "Diluted EPS": NaN,
        "Basic EPS": NaN,
        "Diluted NI Availto Com Stockholders": NaN,
        "Net Income Common Stockholders": NaN,
        "Preferred Stock Dividends": NaN,
        "Net Income": NaN,
        "Net Income Including Noncontrolling Interests": NaN,
        "Net Income Continuous Operations": NaN,
        "Earnings From Equity Interest Net Of Tax": NaN,
        "Tax Provision": NaN,
        "Pretax Income": NaN,
        "Other Income Expense": NaN,
        "Special Income Charges": NaN,
        "Gain On Sale Of Ppe": NaN,
        "Other Special Charges": NaN,
        "Impairment Of Capital Assets": NaN,
        "Restructuring And Mergern Acquisition": 0.0,
        "Net Non Operating Interest Income Expense": NaN,
        "Interest Expense Non Operating": NaN,
        "Operating Income": NaN,
        "Operating Expense": NaN,
        "Depreciation Amortization Depletion Income Statement": NaN,
        "Depreciation And Amortization In Income Statement": NaN,
        "Selling General And Administration": NaN,
        "Selling And Marketing Expense": NaN,
        "General And Administrative Expense": NaN,
        "Other Gand A": NaN,
        "Rent And Landing Fees": NaN,
        "Gross Profit": NaN,
        "Cost Of Revenue": NaN,
        "Total Revenue": NaN,
        "Operating Revenue": NaN
    },
    "2023-09-30": {
        "Tax Effect Of Unusual Items": NaN,
        "Tax Rate For Calcs": NaN,
        "Normalized EBITDA": NaN,
        "Total Unusual Items": NaN,
        "Total Unusual Items Excluding Goodwill": NaN,
        "Net Income From Continuing Operation Net Minority Interest": NaN,
        "Reconciled Depreciation": NaN,
        "Reconciled Cost Of Revenue": NaN,
        "EBITDA": NaN,
        "EBIT": NaN,
        "Net Interest Income": NaN,
        "Interest Expense": NaN,
        "Normalized Income": NaN,
        "Net Income From Continuing And Discontinued Operation": NaN,
        "Total Expenses": NaN,
        "Rent Expense Supplemental": NaN,
        "Total Operating Income As Reported": 6400000.0,
        "Diluted Average Shares": NaN,
        "Basic Average Shares": NaN,
        "Diluted EPS": NaN,
        "Basic EPS": NaN,
        "Diluted NI Availto Com Stockholders": NaN,
        "Net Income Common Stockholders": NaN,
        "Preferred Stock Dividends": NaN,
        "Net Income": NaN,
        "Net Income Including Noncontrolling Interests": NaN,
        "Net Income Continuous Operations": NaN,
        "Earnings From Equity Interest Net Of Tax": NaN,
        "Tax Provision": NaN,
        "Pretax Income": NaN,
        "Other Income Expense": NaN,
        "Special Income Charges": NaN,
        "Gain On Sale Of Ppe": NaN,
        "Other Special Charges": NaN,
        "Impairment Of Capital Assets": 0.0,
        "Restructuring And Mergern Acquisition": 0.0,
        "Net Non Operating Interest Income Expense": NaN,
        "Interest Expense Non Operating": NaN,
        "Operating Income": NaN,
        "Operating Expense": NaN,
        "Depreciation Amortization Depletion Income Statement": NaN,
        "Depreciation And Amortization In Income Statement": NaN,
        "Selling General And Administration": NaN,
        "Selling And Marketing Expense": NaN,
        "General And Administrative Expense": NaN,
        "Other Gand A": NaN,
        "Rent And Landing Fees": NaN,
        "Gross Profit": NaN,
        "Cost Of Revenue": NaN,
        "Total Revenue": NaN,
        "Operating Revenue": NaN
    },
    "2023-12-31": {
        "Tax Effect Of Unusual Items": NaN,
        "Tax Rate For Calcs": NaN,
        "Normalized EBITDA": NaN,
        "Total Unusual Items": NaN,
        "Total Unusual Items Excluding Goodwill": NaN,
        "Net Income From Continuing Operation Net Minority Interest": NaN,
        "Reconciled Depreciation": NaN,
        "Reconciled Cost Of Revenue": NaN,
        "EBITDA": NaN,
        "EBIT": NaN,
        "Net Interest Income": NaN,
        "Interest Expense": NaN,
        "Normalized Income": NaN,
        "Net Income From Continuing And Discontinued Operation": NaN,
        "Total Expenses": NaN,
        "Rent Expense Supplemental": NaN,
        "Total Operating Income As Reported": NaN,
        "Diluted Average Shares": NaN,
        "Basic Average Shares": NaN,
        "Diluted EPS": NaN,
        "Basic EPS": NaN,
        "Diluted NI Availto Com Stockholders": NaN,
        "Net Income Common Stockholders": NaN,
        "Otherunder Preferred Stock Dividend": NaN,
        "Preferred Stock Dividends": NaN,
        "Net Income": NaN,
        "Net Income Including Noncontrolling Interests": NaN,
        "Net Income Continuous Operations": NaN,
        "Earnings From Equity Interest Net Of Tax": NaN,
        "Tax Provision": NaN,
        "Pretax Income": NaN,
        "Other Income Expense": NaN,
        "Special Income Charges": NaN,
        "Gain On Sale Of Ppe": NaN,
        "Other Special Charges": NaN,
        "Impairment Of Capital Assets": 0.0,
        "Restructuring And Mergern Acquisition": 0.0,
        "Net Non Operating Interest Income Expense": NaN,
        "Total Other Finance Cost": NaN,
        "Interest Expense Non Operating": NaN,
        "Operating Income": NaN,
        "Operating Expense": NaN,
        "Depreciation Amortization Depletion Income Statement": NaN,
        "Depreciation And Amortization In Income Statement": NaN,
        "Selling General And Administration": NaN,
        "Selling And Marketing Expense": NaN,
        "General And Administrative Expense": NaN,
        "Other Gand A": NaN,
        "Rent And Landing Fees": NaN,
        "Gross Profit": NaN,
        "Cost Of Revenue": NaN,
        "Total Revenue": NaN,
        "Operating Revenue": NaN
    },
    "2024-03-31": {
        "Tax Effect Of Unusual Items": NaN,
        "Tax Rate For Calcs": NaN,
        "Normalized EBITDA": NaN,
        "Total Unusual Items": NaN,
        "Total Unusual Items Excluding Goodwill": NaN,
        "Net Income From Continuing Operation Net Minority Interest": NaN,
        "Reconciled Depreciation": NaN,
        "Reconciled Cost Of Revenue": NaN,
        "EBITDA": NaN,
        "EBIT": NaN,
        "Net Interest Income": NaN,
        "Interest Expense": 126000.0,
        "Normalized Income": NaN,
        "Net Income From Continuing And Discontinued Operation": NaN,
        "Total Expenses": NaN,
        "Rent Expense Supplemental": 2936000.0,
        "Total Operating Income As Reported": NaN,
        "Diluted Average Shares": NaN,
        "Basic Average Shares": NaN,
        "Diluted EPS": NaN,
        "Basic EPS": NaN,
        "Diluted NI Availto Com Stockholders": NaN,
        "Net Income Common Stockholders": NaN,
        "Otherunder Preferred Stock Dividend": NaN,
        "Preferred Stock Dividends": NaN,
        "Net Income": NaN,
        "Net Income Including Noncontrolling Interests": NaN,
        "Net Income Continuous Operations": NaN,
        "Earnings From Equity Interest Net Of Tax": NaN,
        "Tax Provision": NaN,
        "Pretax Income": NaN,
        "Other Income Expense": NaN,
        "Special Income Charges": NaN,
        "Gain On Sale Of Ppe": NaN,
        "Other Special Charges": 2936000.0,
        "Impairment Of Capital Assets": NaN,
        "Net Non Operating Interest Income Expense": NaN,
        "Total Other Finance Cost": NaN,
        "Interest Expense Non Operating": 126000.0,
        "Operating Income": NaN,
        "Operating Expense": NaN,
        "Depreciation Amortization Depletion Income Statement": NaN,
        "Depreciation And Amortization In Income Statement": NaN,
        "Selling General And Administration": NaN,
        "Selling And Marketing Expense": NaN,
        "General And Administrative Expense": NaN,
        "Other Gand A": NaN,
        "Rent And Landing Fees": 2936000.0,
        "Gross Profit": NaN,
        "Cost Of Revenue": NaN,
        "Total Revenue": NaN,
        "Operating Revenue": NaN
    },
    "2024-06-30": {
        "Tax Effect Of Unusual Items": -202230.0,
        "Tax Rate For Calcs": 0.21,
        "Normalized EBITDA": 9378000.0,
        "Total Unusual Items": -963000.0,
        "Total Unusual Items Excluding Goodwill": -963000.0,
        "Net Income From Continuing Operation Net Minority Interest": 371000.0,
        "Reconciled Depreciation": 5232000.0,
        "Reconciled Cost Of Revenue": 76216000.0,
        "EBITDA": 8415000.0,
        "EBIT": 3183000.0,
        "Net Interest Income": -785000.0,
        "Interest Expense": 785000.0,
        "Normalized Income": 1131770.0,
        "Net Income From Continuing And Discontinued Operation": 371000.0,
        "Total Expenses": 149712000.0,
        "Rent Expense Supplemental": 779000.0,
        "Total Operating Income As Reported": 2220000.0,
        "Diluted Average Shares": 18134000.0,
        "Basic Average Shares": 17627000.0,
        "Diluted EPS": -0.07,
        "Basic EPS": -0.07,
        "Diluted NI Availto Com Stockholders": -1160000.0,
        "Net Income Common Stockholders": -1160000.0,
        "Otherunder Preferred Stock Dividend": 0.0,
        "Preferred Stock Dividends": 1531000.0,
        "Net Income": 371000.0,
        "Net Income Including Noncontrolling Interests": 371000.0,
        "Net Income Continuous Operations": 371000.0,
        "Earnings From Equity Interest Net Of Tax": -1080000.0,
        "Tax Provision": -16000.0,
        "Pretax Income": 1435000.0,
        "Other Income Expense": -963000.0,
        "Special Income Charges": -963000.0,
        "Gain On Sale Of Ppe": -184000.0,
        "Other Special Charges": 779000.0,
        "Impairment Of Capital Assets": 0.0,
        "Net Non Operating Interest Income Expense": -785000.0,
        "Total Other Finance Cost": 785000.0,
        "Interest Expense Non Operating": 785000.0,
        "Operating Income": 3183000.0,
        "Operating Expense": 73496000.0,
        "Depreciation Amortization Depletion Income Statement": 5232000.0,
        "Depreciation And Amortization In Income Statement": 5232000.0,
        "Selling General And Administration": 68264000.0,
        "Selling And Marketing Expense": 33838000.0,
        "General And Administrative Expense": 34426000.0,
        "Other Gand A": 34426000.0,
        "Rent And Landing Fees": 779000.0,
        "Gross Profit": 76679000.0,
        "Cost Of Revenue": 76216000.0,
        "Total Revenue": 152895000.0,
        "Operating Revenue": 152895000.0
    },
    "2024-09-30": {
        "Tax Effect Of Unusual Items": -8119.0,
        "Tax Rate For Calcs": 0.353,
        "Normalized EBITDA": 9232000.0,
        "Total Unusual Items": -23000.0,
        "Total Unusual Items Excluding Goodwill": -23000.0,
        "Net Income From Continuing Operation Net Minority Interest": 2262000.0,
        "Reconciled Depreciation": 5080000.0,
        "Reconciled Cost Of Revenue": 75401000.0,
        "EBITDA": 9209000.0,
        "EBIT": 4129000.0,
        "Net Interest Income": -631000.0,
        "Interest Expense": 631000.0,
        "Normalized Income": 2276881.0,
        "Net Income From Continuing And Discontinued Operation": 2262000.0,
        "Total Expenses": 148970000.0,
        "Rent Expense Supplemental": NaN,
        "Total Operating Income As Reported": 4129000.0,
        "Diluted Average Shares": 18247000.0,
        "Basic Average Shares": 17679000.0,
        "Diluted EPS": 0.04,
        "Basic EPS": 0.04,
        "Diluted NI Availto Com Stockholders": 731000.0,
        "Net Income Common Stockholders": 731000.0,
        "Otherunder Preferred Stock Dividend": NaN,
        "Preferred Stock Dividends": 1531000.0,
        "Net Income": 2262000.0,
        "Net Income Including Noncontrolling Interests": 2262000.0,
        "Net Income Continuous Operations": 2262000.0,
        "Earnings From Equity Interest Net Of Tax": 0.0,
        "Tax Provision": 1236000.0,
        "Pretax Income": 3498000.0,
        "Other Income Expense": -23000.0,
        "Special Income Charges": -23000.0,
        "Gain On Sale Of Ppe": -23000.0,
        "Other Special Charges": NaN,
        "Impairment Of Capital Assets": 0.0,
        "Net Non Operating Interest Income Expense": -631000.0,
        "Total Other Finance Cost": NaN,
        "Interest Expense Non Operating": 631000.0,
        "Operating Income": 4152000.0,
        "Operating Expense": 73569000.0,
        "Depreciation Amortization Depletion Income Statement": 5080000.0,
        "Depreciation And Amortization In Income Statement": 5080000.0,
        "Selling General And Administration": 68489000.0,
        "Selling And Marketing Expense": 33459000.0,
        "General And Administrative Expense": 35030000.0,
        "Other Gand A": 35030000.0,
        "Rent And Landing Fees": NaN,
        "Gross Profit": 77721000.0,
        "Cost Of Revenue": 75401000.0,
        "Total Revenue": 153122000.0,
        "Operating Revenue": 153122000.0
    },
    "2024-12-31": {
        "Tax Effect Of Unusual Items": -673187.398568,
        "Tax Rate For Calcs": 0.381193,
        "Normalized EBITDA": 27164000.0,
        "Total Unusual Items": -1766000.0,
        "Total Unusual Items Excluding Goodwill": -1766000.0,
        "Net Income From Continuing Operation Net Minority Interest": 12964000.0,
        "Reconciled Depreciation": 3863000.0,
        "Reconciled Cost Of Revenue": 71661000.0,
        "EBITDA": 25398000.0,
        "EBIT": 21535000.0,
        "Net Interest Income": -585000.0,
        "Interest Expense": 585000.0,
        "Normalized Income": 14056812.601432,
        "Net Income From Continuing And Discontinued Operation": 12964000.0,
        "Total Expenses": 140809000.0,
        "Rent Expense Supplemental": NaN,
        "Total Operating Income As Reported": 21535000.0,
        "Diluted Average Shares": 18366000.0,
        "Basic Average Shares": 17686000.0,
        "Diluted EPS": 0.63,
        "Basic EPS": 0.65,
        "Diluted NI Availto Com Stockholders": 11505000.0,
        "Net Income Common Stockholders": 11505000.0,
        "Otherunder Preferred Stock Dividend": NaN,
        "Preferred Stock Dividends": 1459000.0,
        "Net Income": 12964000.0,
        "Net Income Including Noncontrolling Interests": 12964000.0,
        "Net Income Continuous Operations": 12964000.0,
        "Earnings From Equity Interest Net Of Tax": 0.0,
        "Tax Provision": 7986000.0,
        "Pretax Income": 20950000.0,
        "Other Income Expense": -1766000.0,
        "Special Income Charges": -1766000.0,
        "Gain On Sale Of Ppe": -1766000.0,
        "Other Special Charges": 0.0,
        "Impairment Of Capital Assets": 0.0,
        "Net Non Operating Interest Income Expense": -585000.0,
        "Total Other Finance Cost": NaN,
        "Interest Expense Non Operating": 585000.0,
        "Operating Income": 23301000.0,
        "Operating Expense": 69148000.0,
        "Depreciation Amortization Depletion Income Statement": 3863000.0,
        "Depreciation And Amortization In Income Statement": 3863000.0,
        "Selling General And Administration": 65285000.0,
        "Selling And Marketing Expense": 29057000.0,
        "General And Administrative Expense": 36228000.0,
        "Other Gand A": 36228000.0,
        "Rent And Landing Fees": NaN,
        "Gross Profit": 92449000.0,
        "Cost Of Revenue": 71661000.0,
        "Total Revenue": 164110000.0,
        "Operating Revenue": 164110000.0
    },
    "2025-03-31": {
        "Tax Effect Of Unusual Items": -381269.0,
        "Tax Rate For Calcs": 0.217,
        "Normalized EBITDA": 17995000.0,
        "Total Unusual Items": -1757000.0,
        "Total Unusual Items Excluding Goodwill": -1757000.0,
        "Net Income From Continuing Operation Net Minority Interest": 8893000.0,
        "Reconciled Depreciation": 3992000.0,
        "Reconciled Cost Of Revenue": 74944000.0,
        "EBITDA": 16238000.0,
        "EBIT": 12246000.0,
        "Net Interest Income": -887000.0,
        "Interest Expense": 887000.0,
        "Normalized Income": 10268731.0,
        "Net Income From Continuing And Discontinued Operation": 8893000.0,
        "Total Expenses": 150548000.0,
        "Rent Expense Supplemental": NaN,
        "Total Operating Income As Reported": 12246000.0,
        "Diluted Average Shares": 18417000.0,
        "Basic Average Shares": 17840000.0,
        "Diluted EPS": 0.41,
        "Basic EPS": 0.42,
        "Diluted NI Availto Com Stockholders": 7461000.0,
        "Net Income Common Stockholders": 7461000.0,
        "Otherunder Preferred Stock Dividend": NaN,
        "Preferred Stock Dividends": 1432000.0,
        "Net Income": 8893000.0,
        "Net Income Including Noncontrolling Interests": 8893000.0,
        "Net Income Continuous Operations": 8893000.0,
        "Earnings From Equity Interest Net Of Tax": 0.0,
        "Tax Provision": 2466000.0,
        "Pretax Income": 11359000.0,
        "Other Income Expense": -1757000.0,
        "Special Income Charges": -1757000.0,
        "Gain On Sale Of Ppe": -1757000.0,
        "Other Special Charges": NaN,
        "Impairment Of Capital Assets": NaN,
        "Net Non Operating Interest Income Expense": -887000.0,
        "Total Other Finance Cost": NaN,
        "Interest Expense Non Operating": 887000.0,
        "Operating Income": 14003000.0,
        "Operating Expense": 75604000.0,
        "Depreciation Amortization Depletion Income Statement": 3992000.0,
        "Depreciation And Amortization In Income Statement": 3992000.0,
        "Selling General And Administration": 71612000.0,
        "Selling And Marketing Expense": 35205000.0,
        "General And Administrative Expense": 36407000.0,
        "Other Gand A": 36407000.0,
        "Rent And Landing Fees": NaN,
        "Gross Profit": 89607000.0,
        "Cost Of Revenue": 74944000.0,
        "Total Revenue": 164551000.0,
        "Operating Revenue": 164551000.0
    },
    "2025-06-30": {
        "Tax Effect Of Unusual Items": -8405.441947,
        "Tax Rate For Calcs": 0.240155,
        "Normalized EBITDA": 11183000.0,
        "Total Unusual Items": -35000.0,
        "Total Unusual Items Excluding Goodwill": -35000.0,
        "Net Income From Continuing Operation Net Minority Interest": 4496000.0,
        "Reconciled Depreciation": 4088000.0,
        "Reconciled Cost Of Revenue": 78423000.0,
        "EBITDA": 11148000.0,
        "EBIT": 7060000.0,
        "Net Interest Income": -1108000.0,
        "Interest Expense": NaN,
        "Normalized Income": 4522594.558053,
        "Net Income From Continuing And Discontinued Operation": 4496000.0,
        "Total Expenses": 155706000.0,
        "Rent Expense Supplemental": NaN,
        "Total Operating Income As Reported": 7025000.0,
        "Diluted Average Shares": 18597000.0,
        "Basic Average Shares": 18034000.0,
        "Diluted EPS": -0.02,
        "Basic EPS": -0.02,
        "Diluted NI Availto Com Stockholders": -324000.0,
        "Net Income Common Stockholders": -324000.0,
        "Otherunder Preferred Stock Dividend": 3501000.0,
        "Preferred Stock Dividends": 1319000.0,
        "Net Income": 4496000.0,
        "Net Income Including Noncontrolling Interests": 4496000.0,
        "Net Income Continuous Operations": 4496000.0,
        "Earnings From Equity Interest Net Of Tax": 0.0,
        "Tax Provision": 1421000.0,
        "Pretax Income": 5917000.0,
        "Other Income Expense": -35000.0,
        "Special Income Charges": -35000.0,
        "Gain On Sale Of Ppe": -35000.0,
        "Other Special Charges": NaN,
        "Impairment Of Capital Assets": NaN,
        "Net Non Operating Interest Income Expense": -1108000.0,
        "Total Other Finance Cost": 1108000.0,
        "Interest Expense Non Operating": NaN,
        "Operating Income": 7060000.0,
        "Operating Expense": 77283000.0,
        "Depreciation Amortization Depletion Income Statement": 4088000.0,
        "Depreciation And Amortization In Income Statement": 4088000.0,
        "Selling General And Administration": 73195000.0,
        "Selling And Marketing Expense": 35048000.0,
        "General And Administrative Expense": 38147000.0,
        "Other Gand A": 38147000.0,
        "Rent And Landing Fees": NaN,
        "Gross Profit": 84343000.0,
        "Cost Of Revenue": 78423000.0,
        "Total Revenue": 162766000.0,
        "Operating Revenue": 162766000.0
    }
}