{
    "2023-03-31": {
        "Tax Effect Of Unusual Items": NaN,
        "Tax Rate For Calcs": NaN,
        "Normalized EBITDA": NaN,
        "Total Unusual Items": NaN,
        "Total Unusual Items Excluding Goodwill": NaN,
        "Net Income From Continuing Operation Net Minority Interest": NaN,
        "Reconciled Depreciation": NaN,
        "Reconciled Cost Of Revenue": NaN,
        "EBITDA": NaN,
        "EBIT": NaN,
        "Net Interest Income": NaN,
        "Interest Expense": NaN,
        "Normalized Income": NaN,
        "Net Income From Continuing And Discontinued Operation": NaN,
        "Total Expenses": NaN,
        "Total Operating Income As Reported": NaN,
        "Diluted Average Shares": NaN,
        "Basic Average Shares": NaN,
        "Diluted EPS": NaN,
        "Basic EPS": NaN,
        "Diluted NI Availto Com Stockholders": NaN,
        "Average Dilution Earnings": 1000000.0,
        "Net Income Common Stockholders": NaN,
        "Otherunder Preferred Stock Dividend": NaN,
        "Preferred Stock Dividends": 11000000.0,
        "Net Income": NaN,
        "Net Income Including Noncontrolling Interests": NaN,
        "Net Income Continuous Operations": NaN,
        "Tax Provision": NaN,
        "Pretax Income": NaN,
        "Other Income Expense": NaN,
        "Other Non Operating Income Expenses": 3000000.0,
        "Special Income Charges": NaN,
        "Other Special Charges": 3000000.0,
        "Gain On Sale Of Security": NaN,
        "Net Non Operating Interest Income Expense": NaN,
        "Interest Expense Non Operating": NaN,
        "Operating Income": NaN,
        "Operating Expense": NaN,
        "Selling General And Administration": NaN,
        "General And Administrative Expense": 349000000.0,
        "Other Gand A": 352000000.0,
        "Salaries And Wages": -3000000.0,
        "Gross Profit": NaN,
        "Cost Of Revenue": NaN,
        "Total Revenue": NaN,
        "Operating Revenue": NaN
    },
    "2022-12-31": {
        "Tax Effect Of Unusual Items": NaN,
        "Tax Rate For Calcs": NaN,
        "Normalized EBITDA": NaN,
        "Total Unusual Items": NaN,
        "Total Unusual Items Excluding Goodwill": NaN,
        "Net Income From Continuing Operation Net Minority Interest": NaN,
        "Reconciled Depreciation": NaN,
        "Reconciled Cost Of Revenue": NaN,
        "EBITDA": NaN,
        "EBIT": NaN,
        "Net Interest Income": NaN,
        "Interest Expense": NaN,
        "Normalized Income": NaN,
        "Net Income From Continuing And Discontinued Operation": NaN,
        "Total Expenses": NaN,
        "Total Operating Income As Reported": NaN,
        "Diluted Average Shares": NaN,
        "Basic Average Shares": NaN,
        "Diluted EPS": NaN,
        "Basic EPS": NaN,
        "Diluted NI Availto Com Stockholders": NaN,
        "Average Dilution Earnings": NaN,
        "Net Income Common Stockholders": NaN,
        "Otherunder Preferred Stock Dividend": NaN,
        "Preferred Stock Dividends": NaN,
        "Net Income": NaN,
        "Net Income Including Noncontrolling Interests": NaN,
        "Net Income Continuous Operations": NaN,
        "Tax Provision": NaN,
        "Pretax Income": NaN,
        "Other Income Expense": NaN,
        "Other Non Operating Income Expenses": 10000000.0,
        "Special Income Charges": NaN,
        "Other Special Charges": 0.0,
        "Gain On Sale Of Security": NaN,
        "Net Non Operating Interest Income Expense": NaN,
        "Interest Expense Non Operating": NaN,
        "Operating Income": NaN,
        "Operating Expense": NaN,
        "Selling General And Administration": NaN,
        "General And Administrative Expense": NaN,
        "Other Gand A": NaN,
        "Salaries And Wages": -10000000.0,
        "Gross Profit": NaN,
        "Cost Of Revenue": NaN,
        "Total Revenue": NaN,
        "Operating Revenue": NaN
    },
    "2022-09-30": {
        "Tax Effect Of Unusual Items": NaN,
        "Tax Rate For Calcs": NaN,
        "Normalized EBITDA": NaN,
        "Total Unusual Items": NaN,
        "Total Unusual Items Excluding Goodwill": NaN,
        "Net Income From Continuing Operation Net Minority Interest": NaN,
        "Reconciled Depreciation": NaN,
        "Reconciled Cost Of Revenue": NaN,
        "EBITDA": NaN,
        "EBIT": NaN,
        "Net Interest Income": NaN,
        "Interest Expense": NaN,
        "Normalized Income": NaN,
        "Net Income From Continuing And Discontinued Operation": NaN,
        "Total Expenses": NaN,
        "Total Operating Income As Reported": NaN,
        "Diluted Average Shares": NaN,
        "Basic Average Shares": NaN,
        "Diluted EPS": NaN,
        "Basic EPS": NaN,
        "Diluted NI Availto Com Stockholders": NaN,
        "Average Dilution Earnings": 2000000.0,
        "Net Income Common Stockholders": NaN,
        "Otherunder Preferred Stock Dividend": NaN,
        "Preferred Stock Dividends": NaN,
        "Net Income": NaN,
        "Net Income Including Noncontrolling Interests": NaN,
        "Net Income Continuous Operations": NaN,
        "Tax Provision": NaN,
        "Pretax Income": NaN,
        "Other Income Expense": NaN,
        "Other Non Operating Income Expenses": 10000000.0,
        "Special Income Charges": NaN,
        "Other Special Charges": -5000000.0,
        "Gain On Sale Of Security": NaN,
        "Net Non Operating Interest Income Expense": NaN,
        "Interest Expense Non Operating": NaN,
        "Operating Income": NaN,
        "Operating Expense": NaN,
        "Selling General And Administration": NaN,
        "General And Administrative Expense": NaN,
        "Other Gand A": NaN,
        "Salaries And Wages": NaN,
        "Gross Profit": NaN,
        "Cost Of Revenue": NaN,
        "Total Revenue": NaN,
        "Operating Revenue": NaN
    },
    "2022-06-30": {
        "Tax Effect Of Unusual Items": 636000.0,
        "Tax Rate For Calcs": 0.318,
        "Normalized EBITDA": 146000000.0,
        "Total Unusual Items": 2000000.0,
        "Total Unusual Items Excluding Goodwill": 2000000.0,
        "Net Income From Continuing Operation Net Minority Interest": 30000000.0,
        "Reconciled Depreciation": 76000000.0,
        "Reconciled Cost Of Revenue": 1214000000.0,
        "EBITDA": 148000000.0,
        "EBIT": 72000000.0,
        "Net Interest Income": -28000000.0,
        "Interest Expense": 28000000.0,
        "Normalized Income": 28636000.0,
        "Net Income From Continuing And Discontinued Operation": 30000000.0,
        "Total Expenses": 1590000000.0,
        "Total Operating Income As Reported": 59000000.0,
        "Diluted Average Shares": 265922670.0,
        "Basic Average Shares": 233104873.0,
        "Diluted EPS": 0.06,
        "Basic EPS": 0.06,
        "Diluted NI Availto Com Stockholders": 17000000.0,
        "Average Dilution Earnings": 2000000.0,
        "Net Income Common Stockholders": 15000000.0,
        "Otherunder Preferred Stock Dividend": 4000000.0,
        "Preferred Stock Dividends": 11000000.0,
        "Net Income": 30000000.0,
        "Net Income Including Noncontrolling Interests": 30000000.0,
        "Net Income Continuous Operations": 30000000.0,
        "Tax Provision": 14000000.0,
        "Pretax Income": 44000000.0,
        "Other Income Expense": 13000000.0,
        "Other Non Operating Income Expenses": 11000000.0,
        "Special Income Charges": 0.0,
        "Other Special Charges": NaN,
        "Gain On Sale Of Security": 2000000.0,
        "Net Non Operating Interest Income Expense": -28000000.0,
        "Interest Expense Non Operating": 28000000.0,
        "Operating Income": 59000000.0,
        "Operating Expense": 376000000.0,
        "Selling General And Administration": 376000000.0,
        "Gross Profit": 435000000.0,
        "Cost Of Revenue": 1214000000.0,
        "Total Revenue": 1649000000.0,
        "Operating Revenue": 1649000000.0
    },
    "2023-06-30": {
        "Tax Effect Of Unusual Items": NaN,
        "Tax Rate For Calcs": NaN,
        "Normalized EBITDA": NaN,
        "Total Unusual Items": NaN,
        "Total Unusual Items Excluding Goodwill": NaN,
        "Net Income From Continuing Operation Net Minority Interest": NaN,
        "Reconciled Depreciation": NaN,
        "Reconciled Cost Of Revenue": NaN,
        "EBITDA": NaN,
        "EBIT": NaN,
        "Net Interest Income": NaN,
        "Interest Expense": NaN,
        "Normalized Income": NaN,
        "Net Income From Continuing And Discontinued Operation": NaN,
        "Total Expenses": NaN,
        "Total Operating Income As Reported": NaN,
        "Diluted Average Shares": NaN,
        "Basic Average Shares": NaN,
        "Diluted EPS": NaN,
        "Basic EPS": NaN,
        "Diluted NI Availto Com Stockholders": NaN,
        "Average Dilution Earnings": 5000000.0,
        "Net Income Common Stockholders": NaN,
        "Otherunder Preferred Stock Dividend": NaN,
        "Preferred Stock Dividends": 11000000.0,
        "Net Income": NaN,
        "Net Income Including Noncontrolling Interests": NaN,
        "Net Income Continuous Operations": NaN,
        "Tax Provision": NaN,
        "Pretax Income": NaN,
        "Other Income Expense": NaN,
        "Other Non Operating Income Expenses": 3000000.0,
        "Special Income Charges": NaN,
        "Other Special Charges": NaN,
        "Gain On Sale Of Security": NaN,
        "Net Non Operating Interest Income Expense": NaN,
        "Interest Expense Non Operating": NaN,
        "Operating Income": NaN,
        "Operating Expense": NaN,
        "Selling General And Administration": NaN,
        "General And Administrative Expense": 389000000.0,
        "Other Gand A": 389000000.0,
        "Salaries And Wages": -3000000.0,
        "Gross Profit": NaN,
        "Cost Of Revenue": NaN,
        "Total Revenue": NaN,
        "Operating Revenue": NaN
    },
    "2022-03-31": {
        "Diluted EPS": -0.08,
        "Total Revenue": NaN,
        "Gross Profit": 376,
        "Operating Income": -7,
        "EBIT": 69,
        "Net Income": -18
    },
    "2021-12-31": {
        "Diluted EPS": -0.8,
        "Total Revenue": NaN,
        "Gross Profit": 274,
        "Operating Income": 50,
        "EBIT": 98,
        "Net Income": -169
    },
    "2021-09-30": {
        "Diluted EPS": 0.08,
        "Total Revenue": NaN,
        "Gross Profit": 252,
        "Operating Income": 41,
        "EBIT": 93,
        "Net Income": 19
    },
    "2021-06-30": {
        "Diluted EPS": 0.09,
        "Total Revenue": 978,
        "Gross Profit": 232,
        "Operating Income": 47,
        "EBIT": 99,
        "Net Income": 21
    },
    "2021-03-31": {
        "Diluted EPS": -0.04,
        "Total Revenue": 803,
        "Gross Profit": 181,
        "Operating Income": -2,
        "EBIT": 48,
        "Net Income": -8
    },
    "2020-12-31": {
        "Diluted EPS": -1.37,
        "Total Revenue": 882,
        "Gross Profit": 198,
        "Operating Income": -21,
        "EBIT": 46,
        "Net Income": -234
    },
    "2020-09-30": {
        "Diluted EPS": 0.13,
        "Total Revenue": 958,
        "Gross Profit": 222,
        "Operating Income": 62,
        "EBIT": 114,
        "Net Income": 23
    },
    "2020-06-30": {
        "Diluted EPS": 0.17,
        "Total Revenue": 889,
        "Gross Profit": 174,
        "Operating Income": 27,
        "EBIT": 101,
        "Net Income": 30
    },
    "2020-03-31": {
        "Diluted EPS": -1.14,
        "Total Revenue": 858,
        "Gross Profit": 162,
        "Operating Income": -234,
        "EBIT": -164,
        "Net Income": -194
    },
    "2019-12-31": {
        "Diluted EPS": 0.0,
        "Total Revenue": NaN,
        "Gross Profit": -406,
        "Operating Income": -263,
        "EBIT": -272,
        "Net Income": -239
    },
    "2019-09-30": {
        "Diluted EPS": 0.0,
        "Total Revenue": NaN,
        "Gross Profit": 233,
        "Operating Income": 13,
        "EBIT": 40,
        "Net Income": 12
    },
    "2019-06-30": {
        "Diluted EPS": 0.0,
        "Total Revenue": NaN,
        "Gross Profit": 208,
        "Operating Income": 63,
        "EBIT": 89,
        "Net Income": 53
    },
    "2019-03-31": {
        "Diluted EPS": 0.0,
        "Total Revenue": 922,
        "Gross Profit": 163,
        "Operating Income": 26,
        "EBIT": 51,
        "Net Income": 21
    },
    "2018-12-31": {
        "Diluted EPS": 0.0,
        "Total Revenue": NaN,
        "Gross Profit": NaN,
        "Operating Income": NaN,
        "EBIT": NaN,
        "Net Income": NaN
    },
    "2023-09-30": {
        "Tax Effect Of Unusual Items": NaN,
        "Tax Rate For Calcs": NaN,
        "Normalized EBITDA": NaN,
        "Total Unusual Items": NaN,
        "Total Unusual Items Excluding Goodwill": NaN,
        "Net Income From Continuing Operation Net Minority Interest": NaN,
        "Reconciled Depreciation": NaN,
        "Reconciled Cost Of Revenue": NaN,
        "EBITDA": NaN,
        "EBIT": NaN,
        "Net Interest Income": NaN,
        "Interest Expense": NaN,
        "Normalized Income": NaN,
        "Net Income From Continuing And Discontinued Operation": NaN,
        "Total Expenses": NaN,
        "Total Operating Income As Reported": NaN,
        "Diluted Average Shares": NaN,
        "Basic Average Shares": NaN,
        "Diluted EPS": NaN,
        "Basic EPS": NaN,
        "Diluted NI Availto Com Stockholders": NaN,
        "Average Dilution Earnings": 4000000.0,
        "Net Income Common Stockholders": NaN,
        "Otherunder Preferred Stock Dividend": NaN,
        "Preferred Stock Dividends": 11000000.0,
        "Net Income": NaN,
        "Net Income Including Noncontrolling Interests": NaN,
        "Net Income Continuous Operations": NaN,
        "Tax Provision": NaN,
        "Pretax Income": NaN,
        "Other Income Expense": NaN,
        "Special Income Charges": NaN,
        "Other Special Charges": NaN,
        "Gain On Sale Of Security": NaN,
        "Net Non Operating Interest Income Expense": NaN,
        "Interest Expense Non Operating": NaN,
        "Operating Income": NaN,
        "Operating Expense": NaN,
        "Selling General And Administration": NaN,
        "General And Administrative Expense": 404000000.0,
        "Other Gand A": 407000000.0,
        "Salaries And Wages": -3000000.0,
        "Gross Profit": NaN,
        "Cost Of Revenue": NaN,
        "Total Revenue": NaN,
        "Operating Revenue": NaN
    },
    "2023-12-31": {
        "Tax Effect Of Unusual Items": NaN,
        "Tax Rate For Calcs": NaN,
        "Normalized EBITDA": NaN,
        "Total Unusual Items": NaN,
        "Total Unusual Items Excluding Goodwill": NaN,
        "Net Income From Continuing Operation Net Minority Interest": NaN,
        "Reconciled Depreciation": NaN,
        "Reconciled Cost Of Revenue": NaN,
        "EBITDA": NaN,
        "EBIT": NaN,
        "Net Interest Income": NaN,
        "Interest Expense": NaN,
        "Normalized Income": NaN,
        "Net Income From Continuing And Discontinued Operation": NaN,
        "Total Expenses": NaN,
        "Total Operating Income As Reported": NaN,
        "Diluted Average Shares": NaN,
        "Basic Average Shares": NaN,
        "Diluted EPS": NaN,
        "Basic EPS": NaN,
        "Diluted NI Availto Com Stockholders": NaN,
        "Average Dilution Earnings": NaN,
        "Net Income Common Stockholders": NaN,
        "Otherunder Preferred Stock Dividend": NaN,
        "Preferred Stock Dividends": 11000000.0,
        "Net Income": NaN,
        "Net Income Including Noncontrolling Interests": NaN,
        "Net Income Continuous Operations": NaN,
        "Tax Provision": NaN,
        "Pretax Income": NaN,
        "Other Income Expense": NaN,
        "Special Income Charges": -4000000.0,
        "Other Special Charges": 4000000.0,
        "Gain On Sale Of Security": NaN,
        "Net Non Operating Interest Income Expense": NaN,
        "Interest Expense Non Operating": NaN,
        "Operating Income": NaN,
        "Operating Expense": NaN,
        "Selling General And Administration": NaN,
        "General And Administrative Expense": 430000000.0,
        "Other Gand A": 433000000.0,
        "Salaries And Wages": -3000000.0,
        "Gross Profit": NaN,
        "Cost Of Revenue": NaN,
        "Total Revenue": NaN,
        "Operating Revenue": NaN
    },
    "2024-03-31": {
        "Tax Effect Of Unusual Items": NaN,
        "Tax Rate For Calcs": NaN,
        "Normalized EBITDA": NaN,
        "Total Unusual Items": NaN,
        "Total Unusual Items Excluding Goodwill": NaN,
        "Net Income From Continuing Operation Net Minority Interest": NaN,
        "Reconciled Depreciation": NaN,
        "Reconciled Cost Of Revenue": NaN,
        "EBITDA": NaN,
        "EBIT": NaN,
        "Net Interest Income": NaN,
        "Interest Expense": NaN,
        "Normalized Income": NaN,
        "Net Income From Continuing And Discontinued Operation": NaN,
        "Total Expenses": NaN,
        "Total Operating Income As Reported": NaN,
        "Diluted Average Shares": NaN,
        "Basic Average Shares": NaN,
        "Diluted EPS": NaN,
        "Basic EPS": NaN,
        "Diluted NI Availto Com Stockholders": NaN,
        "Average Dilution Earnings": 0.0,
        "Net Income Common Stockholders": NaN,
        "Otherunder Preferred Stock Dividend": NaN,
        "Preferred Stock Dividends": 7000000.0,
        "Net Income": NaN,
        "Net Income Including Noncontrolling Interests": NaN,
        "Net Income Continuous Operations": NaN,
        "Tax Provision": NaN,
        "Pretax Income": NaN,
        "Other Income Expense": NaN,
        "Special Income Charges": 0.0,
        "Gain On Sale Of Security": NaN,
        "Net Non Operating Interest Income Expense": NaN,
        "Interest Expense Non Operating": NaN,
        "Operating Income": NaN,
        "Operating Expense": NaN,
        "Selling General And Administration": NaN,
        "General And Administrative Expense": NaN,
        "Other Gand A": NaN,
        "Gross Profit": NaN,
        "Cost Of Revenue": NaN,
        "Total Revenue": NaN,
        "Operating Revenue": NaN
    },
    "2024-06-30": {
        "Tax Effect Of Unusual Items": NaN,
        "Tax Rate For Calcs": NaN,
        "Normalized EBITDA": NaN,
        "Total Unusual Items": -2000000.0,
        "Total Unusual Items Excluding Goodwill": -2000000.0,
        "Net Income From Continuing Operation Net Minority Interest": NaN,
        "Reconciled Depreciation": NaN,
        "Reconciled Cost Of Revenue": NaN,
        "EBITDA": NaN,
        "EBIT": NaN,
        "Net Interest Income": NaN,
        "Interest Expense": NaN,
        "Normalized Income": NaN,
        "Net Income From Continuing And Discontinued Operation": NaN,
        "Total Expenses": NaN,
        "Total Operating Income As Reported": NaN,
        "Diluted Average Shares": NaN,
        "Basic Average Shares": NaN,
        "Diluted EPS": NaN,
        "Basic EPS": NaN,
        "Diluted NI Availto Com Stockholders": NaN,
        "Net Income Common Stockholders": NaN,
        "Otherunder Preferred Stock Dividend": NaN,
        "Preferred Stock Dividends": NaN,
        "Net Income": NaN,
        "Net Income Including Noncontrolling Interests": NaN,
        "Net Income Continuous Operations": NaN,
        "Tax Provision": NaN,
        "Pretax Income": NaN,
        "Other Income Expense": -2000000.0,
        "Special Income Charges": 0.0,
        "Gain On Sale Of Security": -2000000.0,
        "Net Non Operating Interest Income Expense": NaN,
        "Interest Expense Non Operating": NaN,
        "Operating Income": NaN,
        "Operating Expense": NaN,
        "Selling General And Administration": NaN,
        "General And Administrative Expense": 418000000.0,
        "Other Gand A": 418000000.0,
        "Gross Profit": NaN,
        "Cost Of Revenue": NaN,
        "Total Revenue": NaN,
        "Operating Revenue": NaN
    },
    "2024-09-30": {
        "Tax Effect Of Unusual Items": -309000.0,
        "Tax Rate For Calcs": 0.309,
        "Normalized EBITDA": 219000000.0,
        "Total Unusual Items": -1000000.0,
        "Total Unusual Items Excluding Goodwill": -1000000.0,
        "Net Income From Continuing Operation Net Minority Interest": 69000000.0,
        "Reconciled Depreciation": 77000000.0,
        "Reconciled Cost Of Revenue": 1259000000.0,
        "EBITDA": 218000000.0,
        "EBIT": 141000000.0,
        "Net Interest Income": -41000000.0,
        "Interest Expense": 41000000.0,
        "Normalized Income": 69691000.0,
        "Net Income From Continuing And Discontinued Operation": 69000000.0,
        "Total Expenses": 1684000000.0,
        "Total Operating Income As Reported": 142000000.0,
        "Diluted Average Shares": 414000000.0,
        "Basic Average Shares": 412500000.0,
        "Diluted EPS": 0.153333,
        "Basic EPS": 0.153333,
        "Diluted NI Availto Com Stockholders": 62000000.0,
        "Net Income Common Stockholders": 62000000.0,
        "Otherunder Preferred Stock Dividend": 7000000.0,
        "Preferred Stock Dividends": NaN,
        "Net Income": 69000000.0,
        "Net Income Including Noncontrolling Interests": 69000000.0,
        "Net Income Continuous Operations": 69000000.0,
        "Tax Provision": 31000000.0,
        "Pretax Income": 100000000.0,
        "Other Income Expense": -1000000.0,
        "Special Income Charges": 0.0,
        "Gain On Sale Of Security": -1000000.0,
        "Net Non Operating Interest Income Expense": -41000000.0,
        "Interest Expense Non Operating": 41000000.0,
        "Operating Income": 142000000.0,
        "Operating Expense": 425000000.0,
        "Selling General And Administration": 425000000.0,
        "General And Administrative Expense": NaN,
        "Other Gand A": NaN,
        "Gross Profit": 567000000.0,
        "Cost Of Revenue": 1259000000.0,
        "Total Revenue": 1826000000.0,
        "Operating Revenue": 1826000000.0
    },
    "2024-12-31": {
        "Tax Effect Of Unusual Items": -282051.282051,
        "Tax Rate For Calcs": 0.141026,
        "Normalized EBITDA": 197000000.0,
        "Total Unusual Items": -2000000.0,
        "Total Unusual Items Excluding Goodwill": -2000000.0,
        "Net Income From Continuing Operation Net Minority Interest": 67000000.0,
        "Reconciled Depreciation": 81000000.0,
        "Reconciled Cost Of Revenue": 1286000000.0,
        "EBITDA": 195000000.0,
        "EBIT": 114000000.0,
        "Net Interest Income": -36000000.0,
        "Interest Expense": 36000000.0,
        "Normalized Income": 68717948.717949,
        "Net Income From Continuing And Discontinued Operation": 67000000.0,
        "Total Expenses": 1745000000.0,
        "Total Operating Income As Reported": 116000000.0,
        "Diluted Average Shares": 412500000.0,
        "Basic Average Shares": 412500000.0,
        "Diluted EPS": -0.066667,
        "Basic EPS": -0.066667,
        "Diluted NI Availto Com Stockholders": -28000000.0,
        "Net Income Common Stockholders": -28000000.0,
        "Otherunder Preferred Stock Dividend": 95000000.0,
        "Preferred Stock Dividends": 0.0,
        "Net Income": 67000000.0,
        "Net Income Including Noncontrolling Interests": 67000000.0,
        "Net Income Continuous Operations": 67000000.0,
        "Tax Provision": 11000000.0,
        "Pretax Income": 78000000.0,
        "Other Income Expense": -2000000.0,
        "Special Income Charges": -1000000.0,
        "Gain On Sale Of Security": -1000000.0,
        "Net Non Operating Interest Income Expense": -36000000.0,
        "Interest Expense Non Operating": 36000000.0,
        "Operating Income": 116000000.0,
        "Operating Expense": 459000000.0,
        "Selling General And Administration": 459000000.0,
        "General And Administrative Expense": NaN,
        "Other Gand A": NaN,
        "Gross Profit": 575000000.0,
        "Cost Of Revenue": 1286000000.0,
        "Total Revenue": 1861000000.0,
        "Operating Revenue": 1861000000.0
    },
    "2025-03-31": {
        "Tax Effect Of Unusual Items": 0.0,
        "Tax Rate For Calcs": 0.234,
        "Normalized EBITDA": 164000000.0,
        "Total Unusual Items": NaN,
        "Total Unusual Items Excluding Goodwill": NaN,
        "Net Income From Continuing Operation Net Minority Interest": 35000000.0,
        "Reconciled Depreciation": 80000000.0,
        "Reconciled Cost Of Revenue": 1177000000.0,
        "EBITDA": 164000000.0,
        "EBIT": 84000000.0,
        "Net Interest Income": -38000000.0,
        "Interest Expense": 38000000.0,
        "Normalized Income": 35000000.0,
        "Net Income From Continuing And Discontinued Operation": 35000000.0,
        "Total Expenses": 1635000000.0,
        "Total Operating Income As Reported": 84000000.0,
        "Diluted Average Shares": 417000000.0,
        "Basic Average Shares": 415500000.0,
        "Diluted EPS": 0.073333,
        "Basic EPS": 0.073333,
        "Diluted NI Availto Com Stockholders": 31000000.0,
        "Net Income Common Stockholders": 31000000.0,
        "Otherunder Preferred Stock Dividend": 4000000.0,
        "Preferred Stock Dividends": 4000000.0,
        "Net Income": 35000000.0,
        "Net Income Including Noncontrolling Interests": 35000000.0,
        "Net Income Continuous Operations": 35000000.0,
        "Tax Provision": 11000000.0,
        "Pretax Income": 46000000.0,
        "Other Income Expense": NaN,
        "Special Income Charges": NaN,
        "Gain On Sale Of Security": NaN,
        "Net Non Operating Interest Income Expense": -38000000.0,
        "Interest Expense Non Operating": 38000000.0,
        "Operating Income": 84000000.0,
        "Operating Expense": 458000000.0,
        "Selling General And Administration": 458000000.0,
        "General And Administrative Expense": NaN,
        "Other Gand A": NaN,
        "Gross Profit": 542000000.0,
        "Cost Of Revenue": 1177000000.0,
        "Total Revenue": 1719000000.0,
        "Operating Revenue": 1719000000.0
    },
    "2025-06-30": {
        "Tax Effect Of Unusual Items": 574000.0,
        "Tax Rate For Calcs": 0.287,
        "Normalized EBITDA": 224000000.0,
        "Total Unusual Items": 2000000.0,
        "Total Unusual Items Excluding Goodwill": 2000000.0,
        "Net Income From Continuing Operation Net Minority Interest": 77000000.0,
        "Reconciled Depreciation": 81000000.0,
        "Reconciled Cost Of Revenue": 1375000000.0,
        "EBITDA": 226000000.0,
        "EBIT": 145000000.0,
        "Net Interest Income": -37000000.0,
        "Interest Expense": 37000000.0,
        "Normalized Income": 75574000.0,
        "Net Income From Continuing And Discontinued Operation": 77000000.0,
        "Total Expenses": 1847000000.0,
        "Total Operating Income As Reported": 143000000.0,
        "Diluted Average Shares": 642000000.0,
        "Basic Average Shares": 622500000.0,
        "Diluted EPS": 0.106667,
        "Basic EPS": 0.113333,
        "Diluted NI Availto Com Stockholders": 69000000.0,
        "Net Income Common Stockholders": 69000000.0,
        "Otherunder Preferred Stock Dividend": 8000000.0,
        "Preferred Stock Dividends": NaN,
        "Net Income": 77000000.0,
        "Net Income Including Noncontrolling Interests": 77000000.0,
        "Net Income Continuous Operations": 77000000.0,
        "Tax Provision": 31000000.0,
        "Pretax Income": 108000000.0,
        "Other Income Expense": 2000000.0,
        "Special Income Charges": NaN,
        "Gain On Sale Of Security": 2000000.0,
        "Net Non Operating Interest Income Expense": -37000000.0,
        "Interest Expense Non Operating": 37000000.0,
        "Operating Income": 143000000.0,
        "Operating Expense": 472000000.0,
        "Selling General And Administration": 472000000.0,
        "General And Administrative Expense": 472000000.0,
        "Other Gand A": 472000000.0,
        "Gross Profit": 615000000.0,
        "Cost Of Revenue": 1375000000.0,
        "Total Revenue": 1990000000.0,
        "Operating Revenue": 1990000000.0
    },
    "2025-09-30": {
        "Tax Effect Of Unusual Items": 282000.0,
        "Tax Rate For Calcs": 0.282,
        "Normalized EBITDA": 244000000.0,
        "Total Unusual Items": 1000000.0,
        "Total Unusual Items Excluding Goodwill": 1000000.0,
        "Net Income From Continuing Operation Net Minority Interest": 93000000.0,
        "Reconciled Depreciation": 81000000.0,
        "Reconciled Cost Of Revenue": 1433000000.0,
        "EBITDA": 245000000.0,
        "EBIT": 164000000.0,
        "Net Interest Income": -34000000.0,
        "Interest Expense": 34000000.0,
        "Normalized Income": 92282000.0,
        "Net Income From Continuing And Discontinued Operation": 93000000.0,
        "Total Expenses": 1922000000.0,
        "Total Operating Income As Reported": 163000000.0,
        "Diluted Average Shares": 429000000.0,
        "Basic Average Shares": 416000000.0,
        "Diluted EPS": 0.2,
        "Basic EPS": 0.2,
        "Diluted NI Availto Com Stockholders": 84000000.0,
        "Net Income Common Stockholders": 84000000.0,
        "Otherunder Preferred Stock Dividend": 9000000.0,
        "Preferred Stock Dividends": NaN,
        "Net Income": 93000000.0,
        "Net Income Including Noncontrolling Interests": 93000000.0,
        "Net Income Continuous Operations": 93000000.0,
        "Tax Provision": 37000000.0,
        "Pretax Income": 130000000.0,
        "Other Income Expense": 1000000.0,
        "Special Income Charges": NaN,
        "Gain On Sale Of Security": 1000000.0,
        "Net Non Operating Interest Income Expense": -34000000.0,
        "Interest Expense Non Operating": 34000000.0,
        "Operating Income": 163000000.0,
        "Operating Expense": 489000000.0,
        "Selling General And Administration": 489000000.0,
        "General And Administrative Expense": NaN,
        "Other Gand A": NaN,
        "Gross Profit": 652000000.0,
        "Cost Of Revenue": 1433000000.0,
        "Total Revenue": 2085000000.0,
        "Operating Revenue": 2085000000.0
    }
}