{
    "2023-03-31": {
        "Tax Effect Of Unusual Items": NaN,
        "Tax Rate For Calcs": NaN,
        "Normalized EBITDA": NaN,
        "Total Unusual Items": NaN,
        "Total Unusual Items Excluding Goodwill": NaN,
        "Net Income From Continuing Operation Net Minority Interest": NaN,
        "Reconciled Depreciation": NaN,
        "Reconciled Cost Of Revenue": NaN,
        "EBITDA": NaN,
        "EBIT": NaN,
        "Net Interest Income": NaN,
        "Interest Expense": NaN,
        "Interest Income": NaN,
        "Normalized Income": NaN,
        "Net Income From Continuing And Discontinued Operation": NaN,
        "Total Expenses": NaN,
        "Total Operating Income As Reported": NaN,
        "Diluted Average Shares": NaN,
        "Basic Average Shares": NaN,
        "Diluted EPS": NaN,
        "Basic EPS": NaN,
        "Diluted NI Availto Com Stockholders": NaN,
        "Net Income Common Stockholders": NaN,
        "Net Income": NaN,
        "Net Income Including Noncontrolling Interests": NaN,
        "Net Income Continuous Operations": NaN,
        "Earnings From Equity Interest Net Of Tax": NaN,
        "Tax Provision": NaN,
        "Pretax Income": NaN,
        "Other Income Expense": NaN,
        "Other Non Operating Income Expenses": NaN,
        "Special Income Charges": NaN,
        "Other Special Charges": 1230000.0,
        "Impairment Of Capital Assets": NaN,
        "Gain On Sale Of Security": NaN,
        "Net Non Operating Interest Income Expense": NaN,
        "Interest Expense Non Operating": NaN,
        "Interest Income Non Operating": NaN,
        "Operating Income": NaN,
        "Operating Expense": NaN,
        "Other Operating Expenses": NaN,
        "Research And Development": NaN,
        "Selling General And Administration": NaN,
        "Selling And Marketing Expense": NaN,
        "General And Administrative Expense": NaN,
        "Other Gand A": NaN,
        "Gross Profit": NaN,
        "Cost Of Revenue": NaN,
        "Total Revenue": NaN,
        "Operating Revenue": NaN
    },
    "2022-12-31": {
        "Tax Effect Of Unusual Items": -4936750.0,
        "Tax Rate For Calcs": 0.25,
        "Normalized EBITDA": 5362000.0,
        "Total Unusual Items": -19747000.0,
        "Total Unusual Items Excluding Goodwill": -19747000.0,
        "Net Income From Continuing Operation Net Minority Interest": -35059000.0,
        "Reconciled Depreciation": 3796000.0,
        "Reconciled Cost Of Revenue": 15727000.0,
        "EBITDA": -14385000.0,
        "EBIT": -18181000.0,
        "Net Interest Income": 3168000.0,
        "Interest Income": 3168000.0,
        "Normalized Income": -20248750.0,
        "Net Income From Continuing And Discontinued Operation": -35059000.0,
        "Total Expenses": 58299000.0,
        "Total Operating Income As Reported": -30122000.0,
        "Diluted Average Shares": 109837179.0,
        "Basic Average Shares": 109837179.0,
        "Diluted EPS": -0.32,
        "Basic EPS": -0.32,
        "Diluted NI Availto Com Stockholders": -35059000.0,
        "Net Income Common Stockholders": -35059000.0,
        "Net Income": -35059000.0,
        "Net Income Including Noncontrolling Interests": -35059000.0,
        "Net Income Continuous Operations": -35059000.0,
        "Earnings From Equity Interest Net Of Tax": -20000.0,
        "Tax Provision": 279000.0,
        "Pretax Income": -34760000.0,
        "Other Income Expense": -19747000.0,
        "Other Non Operating Income Expenses": NaN,
        "Special Income Charges": NaN,
        "Impairment Of Capital Assets": NaN,
        "Gain On Sale Of Security": -7806000.0,
        "Net Non Operating Interest Income Expense": 3168000.0,
        "Interest Income Non Operating": 3168000.0,
        "Operating Income": -18181000.0,
        "Operating Expense": 42572000.0,
        "Other Operating Expenses": -104000.0,
        "Research And Development": 21255000.0,
        "Selling General And Administration": 21421000.0,
        "Selling And Marketing Expense": 12189000.0,
        "General And Administrative Expense": 9232000.0,
        "Other Gand A": 9232000.0,
        "Gross Profit": 24391000.0,
        "Cost Of Revenue": 15727000.0,
        "Total Revenue": 40118000.0,
        "Operating Revenue": 37766000.0
    },
    "2022-09-30": {
        "Tax Effect Of Unusual Items": NaN,
        "Tax Rate For Calcs": NaN,
        "Normalized EBITDA": NaN,
        "Total Unusual Items": NaN,
        "Total Unusual Items Excluding Goodwill": NaN,
        "Net Income From Continuing Operation Net Minority Interest": NaN,
        "Reconciled Depreciation": NaN,
        "Reconciled Cost Of Revenue": NaN,
        "EBITDA": NaN,
        "EBIT": NaN,
        "Net Interest Income": NaN,
        "Interest Expense": NaN,
        "Interest Income": NaN,
        "Normalized Income": NaN,
        "Net Income From Continuing And Discontinued Operation": NaN,
        "Total Expenses": NaN,
        "Total Operating Income As Reported": NaN,
        "Diluted Average Shares": NaN,
        "Basic Average Shares": NaN,
        "Diluted EPS": NaN,
        "Basic EPS": NaN,
        "Diluted NI Availto Com Stockholders": NaN,
        "Net Income Common Stockholders": NaN,
        "Net Income": NaN,
        "Net Income Including Noncontrolling Interests": NaN,
        "Net Income Continuous Operations": NaN,
        "Earnings From Equity Interest Net Of Tax": NaN,
        "Tax Provision": NaN,
        "Pretax Income": NaN,
        "Other Income Expense": NaN,
        "Other Non Operating Income Expenses": NaN,
        "Special Income Charges": NaN,
        "Other Special Charges": NaN,
        "Impairment Of Capital Assets": 0.0,
        "Gain On Sale Of Security": NaN,
        "Net Non Operating Interest Income Expense": NaN,
        "Interest Expense Non Operating": NaN,
        "Interest Income Non Operating": NaN,
        "Operating Income": NaN,
        "Operating Expense": NaN,
        "Other Operating Expenses": NaN,
        "Research And Development": NaN,
        "Selling General And Administration": NaN,
        "Selling And Marketing Expense": NaN,
        "General And Administrative Expense": NaN,
        "Other Gand A": NaN,
        "Gross Profit": NaN,
        "Cost Of Revenue": NaN,
        "Total Revenue": NaN,
        "Operating Revenue": NaN
    },
    "2022-06-30": {
        "Tax Effect Of Unusual Items": -2154000.0,
        "Tax Rate For Calcs": 0.4,
        "Normalized EBITDA": -18292000.0,
        "Total Unusual Items": -5385000.0,
        "Total Unusual Items Excluding Goodwill": -5385000.0,
        "Net Income From Continuing Operation Net Minority Interest": -30678000.0,
        "Reconciled Depreciation": 4035000.0,
        "Reconciled Cost Of Revenue": 14370000.0,
        "EBITDA": -23677000.0,
        "EBIT": -27712000.0,
        "Net Interest Income": 2142000.0,
        "Interest Income": 2142000.0,
        "Normalized Income": -27447000.0,
        "Net Income From Continuing And Discontinued Operation": -30678000.0,
        "Total Expenses": 68691000.0,
        "Total Operating Income As Reported": -27712000.0,
        "Diluted Average Shares": 111653521.0,
        "Basic Average Shares": 111653521.0,
        "Diluted EPS": -0.27,
        "Basic EPS": -0.27,
        "Diluted NI Availto Com Stockholders": -30678000.0,
        "Net Income Common Stockholders": -30678000.0,
        "Net Income": -30678000.0,
        "Net Income Including Noncontrolling Interests": -30678000.0,
        "Net Income Continuous Operations": -30678000.0,
        "Earnings From Equity Interest Net Of Tax": 532000.0,
        "Tax Provision": 255000.0,
        "Pretax Income": -30955000.0,
        "Other Income Expense": -5385000.0,
        "Other Non Operating Income Expenses": NaN,
        "Special Income Charges": NaN,
        "Impairment Of Capital Assets": NaN,
        "Gain On Sale Of Security": -5385000.0,
        "Net Non Operating Interest Income Expense": 2142000.0,
        "Interest Income Non Operating": 2142000.0,
        "Operating Income": -27712000.0,
        "Operating Expense": 54321000.0,
        "Other Operating Expenses": -190000.0,
        "Research And Development": 32442000.0,
        "Selling General And Administration": 22069000.0,
        "Selling And Marketing Expense": 13117000.0,
        "General And Administrative Expense": 8952000.0,
        "Other Gand A": 8952000.0,
        "Gross Profit": 26609000.0,
        "Cost Of Revenue": 14370000.0,
        "Total Revenue": 40979000.0,
        "Operating Revenue": 39203000.0
    },
    "2022-03-31": {
        "Diluted EPS": -0.08,
        "Total Revenue": NaN,
        "Gross Profit": 376,
        "Operating Income": -7,
        "EBIT": 69,
        "Net Income": -18
    },
    "2021-12-31": {
        "Diluted EPS": -0.8,
        "Total Revenue": NaN,
        "Gross Profit": 274,
        "Operating Income": 50,
        "EBIT": 98,
        "Net Income": -169
    },
    "2021-09-30": {
        "Diluted EPS": 0.08,
        "Total Revenue": NaN,
        "Gross Profit": 252,
        "Operating Income": 41,
        "EBIT": 93,
        "Net Income": 19
    },
    "2021-06-30": {
        "Diluted EPS": 0.09,
        "Total Revenue": 978,
        "Gross Profit": 232,
        "Operating Income": 47,
        "EBIT": 99,
        "Net Income": 21
    },
    "2021-03-31": {
        "Diluted EPS": -0.04,
        "Total Revenue": 803,
        "Gross Profit": 181,
        "Operating Income": -2,
        "EBIT": 48,
        "Net Income": -8
    },
    "2020-12-31": {
        "Diluted EPS": -1.37,
        "Total Revenue": 882,
        "Gross Profit": 198,
        "Operating Income": -21,
        "EBIT": 46,
        "Net Income": -234
    },
    "2020-09-30": {
        "Diluted EPS": 0.13,
        "Total Revenue": 958,
        "Gross Profit": 222,
        "Operating Income": 62,
        "EBIT": 114,
        "Net Income": 23
    },
    "2020-06-30": {
        "Diluted EPS": 0.17,
        "Total Revenue": 889,
        "Gross Profit": 174,
        "Operating Income": 27,
        "EBIT": 101,
        "Net Income": 30
    },
    "2020-03-31": {
        "Diluted EPS": -1.14,
        "Total Revenue": 858,
        "Gross Profit": 162,
        "Operating Income": -234,
        "EBIT": -164,
        "Net Income": -194
    },
    "2019-12-31": {
        "Diluted EPS": 0.0,
        "Total Revenue": NaN,
        "Gross Profit": -406,
        "Operating Income": -263,
        "EBIT": -272,
        "Net Income": -239
    },
    "2019-09-30": {
        "Diluted EPS": 0.0,
        "Total Revenue": NaN,
        "Gross Profit": 233,
        "Operating Income": 13,
        "EBIT": 40,
        "Net Income": 12
    },
    "2019-06-30": {
        "Diluted EPS": 0.0,
        "Total Revenue": NaN,
        "Gross Profit": 208,
        "Operating Income": 63,
        "EBIT": 89,
        "Net Income": 53
    },
    "2019-03-31": {
        "Diluted EPS": 0.0,
        "Total Revenue": 922,
        "Gross Profit": 163,
        "Operating Income": 26,
        "EBIT": 51,
        "Net Income": 21
    },
    "2018-12-31": {
        "Diluted EPS": 0.0,
        "Total Revenue": NaN,
        "Gross Profit": NaN,
        "Operating Income": NaN,
        "EBIT": NaN,
        "Net Income": NaN
    },
    "2023-06-30": {
        "Tax Effect Of Unusual Items": NaN,
        "Tax Rate For Calcs": NaN,
        "Normalized EBITDA": NaN,
        "Total Unusual Items": NaN,
        "Total Unusual Items Excluding Goodwill": NaN,
        "Net Income From Continuing Operation Net Minority Interest": NaN,
        "Reconciled Depreciation": NaN,
        "Reconciled Cost Of Revenue": NaN,
        "EBITDA": NaN,
        "EBIT": NaN,
        "Net Interest Income": NaN,
        "Interest Expense": 0.0,
        "Interest Income": NaN,
        "Normalized Income": NaN,
        "Net Income From Continuing And Discontinued Operation": NaN,
        "Total Expenses": NaN,
        "Total Operating Income As Reported": NaN,
        "Diluted Average Shares": NaN,
        "Basic Average Shares": NaN,
        "Diluted EPS": NaN,
        "Basic EPS": NaN,
        "Diluted NI Availto Com Stockholders": NaN,
        "Net Income Common Stockholders": NaN,
        "Net Income": NaN,
        "Net Income Including Noncontrolling Interests": NaN,
        "Net Income Continuous Operations": NaN,
        "Earnings From Equity Interest Net Of Tax": NaN,
        "Tax Provision": NaN,
        "Pretax Income": NaN,
        "Other Income Expense": NaN,
        "Other Non Operating Income Expenses": 550000.0,
        "Special Income Charges": NaN,
        "Impairment Of Capital Assets": 31928000.0,
        "Gain On Sale Of Security": NaN,
        "Net Non Operating Interest Income Expense": NaN,
        "Interest Expense Non Operating": 0.0,
        "Interest Income Non Operating": NaN,
        "Operating Income": NaN,
        "Operating Expense": NaN,
        "Other Operating Expenses": NaN,
        "Research And Development": NaN,
        "Selling General And Administration": NaN,
        "Selling And Marketing Expense": NaN,
        "General And Administrative Expense": NaN,
        "Other Gand A": NaN,
        "Gross Profit": NaN,
        "Cost Of Revenue": NaN,
        "Total Revenue": NaN,
        "Operating Revenue": NaN
    },
    "2023-09-30": {
        "Tax Effect Of Unusual Items": NaN,
        "Tax Rate For Calcs": NaN,
        "Normalized EBITDA": NaN,
        "Total Unusual Items": NaN,
        "Total Unusual Items Excluding Goodwill": NaN,
        "Net Income From Continuing Operation Net Minority Interest": NaN,
        "Reconciled Depreciation": NaN,
        "Reconciled Cost Of Revenue": NaN,
        "EBITDA": NaN,
        "EBIT": NaN,
        "Net Interest Income": NaN,
        "Interest Expense": NaN,
        "Interest Income": NaN,
        "Normalized Income": NaN,
        "Net Income From Continuing And Discontinued Operation": NaN,
        "Total Expenses": NaN,
        "Total Operating Income As Reported": NaN,
        "Diluted Average Shares": NaN,
        "Basic Average Shares": NaN,
        "Diluted EPS": NaN,
        "Basic EPS": NaN,
        "Diluted NI Availto Com Stockholders": NaN,
        "Net Income Common Stockholders": NaN,
        "Net Income": NaN,
        "Net Income Including Noncontrolling Interests": NaN,
        "Net Income Continuous Operations": NaN,
        "Earnings From Equity Interest Net Of Tax": NaN,
        "Tax Provision": NaN,
        "Pretax Income": NaN,
        "Other Income Expense": NaN,
        "Other Non Operating Income Expenses": NaN,
        "Special Income Charges": NaN,
        "Impairment Of Capital Assets": 0.0,
        "Gain On Sale Of Security": NaN,
        "Net Non Operating Interest Income Expense": NaN,
        "Interest Expense Non Operating": NaN,
        "Interest Income Non Operating": NaN,
        "Operating Income": NaN,
        "Operating Expense": NaN,
        "Other Operating Expenses": NaN,
        "Research And Development": NaN,
        "Selling General And Administration": NaN,
        "Selling And Marketing Expense": NaN,
        "General And Administrative Expense": NaN,
        "Other Gand A": NaN,
        "Gross Profit": NaN,
        "Cost Of Revenue": NaN,
        "Total Revenue": NaN,
        "Operating Revenue": NaN
    },
    "2023-12-31": {
        "Tax Effect Of Unusual Items": NaN,
        "Tax Rate For Calcs": NaN,
        "Normalized EBITDA": NaN,
        "Total Unusual Items": NaN,
        "Total Unusual Items Excluding Goodwill": NaN,
        "Net Income From Continuing Operation Net Minority Interest": NaN,
        "Reconciled Depreciation": NaN,
        "Reconciled Cost Of Revenue": NaN,
        "EBITDA": NaN,
        "EBIT": NaN,
        "Net Interest Income": NaN,
        "Interest Expense": NaN,
        "Interest Income": NaN,
        "Normalized Income": NaN,
        "Net Income From Continuing And Discontinued Operation": NaN,
        "Total Expenses": NaN,
        "Total Operating Income As Reported": NaN,
        "Diluted Average Shares": NaN,
        "Basic Average Shares": NaN,
        "Diluted EPS": NaN,
        "Basic EPS": NaN,
        "Diluted NI Availto Com Stockholders": NaN,
        "Net Income Common Stockholders": NaN,
        "Net Income": NaN,
        "Net Income Including Noncontrolling Interests": NaN,
        "Net Income Continuous Operations": NaN,
        "Earnings From Equity Interest Net Of Tax": NaN,
        "Tax Provision": NaN,
        "Pretax Income": NaN,
        "Other Income Expense": NaN,
        "Other Non Operating Income Expenses": 1099000.0,
        "Special Income Charges": -1230000.0,
        "Impairment Of Capital Assets": 0.0,
        "Gain On Sale Of Security": NaN,
        "Net Non Operating Interest Income Expense": NaN,
        "Interest Expense Non Operating": NaN,
        "Interest Income Non Operating": NaN,
        "Operating Income": NaN,
        "Operating Expense": NaN,
        "Other Operating Expenses": NaN,
        "Research And Development": NaN,
        "Selling General And Administration": NaN,
        "Selling And Marketing Expense": NaN,
        "General And Administrative Expense": NaN,
        "Other Gand A": NaN,
        "Gross Profit": NaN,
        "Cost Of Revenue": NaN,
        "Total Revenue": NaN,
        "Operating Revenue": NaN
    },
    "2024-03-31": {
        "Tax Effect Of Unusual Items": NaN,
        "Tax Rate For Calcs": NaN,
        "Normalized EBITDA": NaN,
        "Total Unusual Items": NaN,
        "Total Unusual Items Excluding Goodwill": NaN,
        "Net Income From Continuing Operation Net Minority Interest": NaN,
        "Reconciled Depreciation": NaN,
        "Reconciled Cost Of Revenue": NaN,
        "EBITDA": NaN,
        "EBIT": NaN,
        "Net Interest Income": NaN,
        "Interest Expense": NaN,
        "Interest Income": NaN,
        "Normalized Income": NaN,
        "Net Income From Continuing And Discontinued Operation": NaN,
        "Total Expenses": NaN,
        "Total Operating Income As Reported": NaN,
        "Diluted Average Shares": NaN,
        "Basic Average Shares": NaN,
        "Diluted EPS": NaN,
        "Basic EPS": NaN,
        "Diluted NI Availto Com Stockholders": NaN,
        "Net Income Common Stockholders": NaN,
        "Net Income": NaN,
        "Net Income Including Noncontrolling Interests": NaN,
        "Net Income Continuous Operations": NaN,
        "Earnings From Equity Interest Net Of Tax": NaN,
        "Tax Provision": NaN,
        "Pretax Income": NaN,
        "Other Income Expense": NaN,
        "Special Income Charges": 0.0,
        "Impairment Of Capital Assets": NaN,
        "Gain On Sale Of Security": NaN,
        "Net Non Operating Interest Income Expense": NaN,
        "Interest Expense Non Operating": NaN,
        "Interest Income Non Operating": NaN,
        "Operating Income": NaN,
        "Operating Expense": NaN,
        "Other Operating Expenses": NaN,
        "Research And Development": NaN,
        "Selling General And Administration": NaN,
        "Selling And Marketing Expense": NaN,
        "General And Administrative Expense": NaN,
        "Other Gand A": NaN,
        "Gross Profit": NaN,
        "Cost Of Revenue": NaN,
        "Total Revenue": NaN,
        "Operating Revenue": NaN
    },
    "2024-06-30": {
        "Tax Effect Of Unusual Items": -681750.0,
        "Tax Rate For Calcs": 0.25,
        "Normalized EBITDA": -3918000.0,
        "Total Unusual Items": -2727000.0,
        "Total Unusual Items Excluding Goodwill": -2727000.0,
        "Net Income From Continuing Operation Net Minority Interest": -9242000.0,
        "Reconciled Depreciation": 2605000.0,
        "Reconciled Cost Of Revenue": 12983000.0,
        "EBITDA": -6645000.0,
        "EBIT": -9250000.0,
        "Net Interest Income": 4481000.0,
        "Interest Expense": 105000.0,
        "Interest Income": 4586000.0,
        "Normalized Income": -7196750.0,
        "Net Income From Continuing And Discontinued Operation": -9242000.0,
        "Total Expenses": 45318000.0,
        "Total Operating Income As Reported": -11109000.0,
        "Diluted Average Shares": 93275787.0,
        "Basic Average Shares": 93275787.0,
        "Diluted EPS": -0.1,
        "Basic EPS": -0.1,
        "Diluted NI Availto Com Stockholders": -9242000.0,
        "Net Income Common Stockholders": -9242000.0,
        "Net Income": -9242000.0,
        "Net Income Including Noncontrolling Interests": -9242000.0,
        "Net Income Continuous Operations": -9242000.0,
        "Earnings From Equity Interest Net Of Tax": 122000.0,
        "Tax Provision": 9000.0,
        "Pretax Income": -9355000.0,
        "Other Income Expense": -2727000.0,
        "Special Income Charges": 0.0,
        "Impairment Of Capital Assets": 0.0,
        "Gain On Sale Of Security": -2727000.0,
        "Net Non Operating Interest Income Expense": 4481000.0,
        "Interest Expense Non Operating": 105000.0,
        "Interest Income Non Operating": 4586000.0,
        "Operating Income": -11109000.0,
        "Operating Expense": 32335000.0,
        "Other Operating Expenses": -304000.0,
        "Research And Development": 18141000.0,
        "Selling General And Administration": 14498000.0,
        "Selling And Marketing Expense": 6270000.0,
        "General And Administrative Expense": 8228000.0,
        "Other Gand A": 8228000.0,
        "Gross Profit": 21226000.0,
        "Cost Of Revenue": 12983000.0,
        "Total Revenue": 34209000.0,
        "Operating Revenue": 34209000.0
    },
    "2024-09-30": {
        "Tax Effect Of Unusual Items": 0.0,
        "Tax Rate For Calcs": 0.0,
        "Normalized EBITDA": -18303000.0,
        "Total Unusual Items": 882000.0,
        "Total Unusual Items Excluding Goodwill": 882000.0,
        "Net Income From Continuing Operation Net Minority Interest": -24180000.0,
        "Reconciled Depreciation": 2462000.0,
        "Reconciled Cost Of Revenue": 10524000.0,
        "EBITDA": -17421000.0,
        "EBIT": -19883000.0,
        "Net Interest Income": 3838000.0,
        "Interest Expense": 86000.0,
        "Interest Income": 3924000.0,
        "Normalized Income": -25062000.0,
        "Net Income From Continuing And Discontinued Operation": -24180000.0,
        "Total Expenses": 56262000.0,
        "Total Operating Income As Reported": -24689000.0,
        "Diluted Average Shares": 92933262.0,
        "Basic Average Shares": 92933262.0,
        "Diluted EPS": -0.260187,
        "Basic EPS": -0.260187,
        "Diluted NI Availto Com Stockholders": -24180000.0,
        "Net Income Common Stockholders": -24180000.0,
        "Net Income": -24180000.0,
        "Net Income Including Noncontrolling Interests": -24180000.0,
        "Net Income Continuous Operations": -24180000.0,
        "Earnings From Equity Interest Net Of Tax": -4211000.0,
        "Tax Provision": 0.0,
        "Pretax Income": -19969000.0,
        "Other Income Expense": 882000.0,
        "Special Income Charges": 0.0,
        "Impairment Of Capital Assets": 0.0,
        "Gain On Sale Of Security": 882000.0,
        "Net Non Operating Interest Income Expense": 3838000.0,
        "Interest Expense Non Operating": 86000.0,
        "Interest Income Non Operating": 3924000.0,
        "Operating Income": -24689000.0,
        "Operating Expense": 45738000.0,
        "Other Operating Expenses": -134000.0,
        "Research And Development": 29271000.0,
        "Selling General And Administration": 16601000.0,
        "Selling And Marketing Expense": 6860000.0,
        "General And Administrative Expense": 9741000.0,
        "Other Gand A": 9741000.0,
        "Gross Profit": 21049000.0,
        "Cost Of Revenue": 10524000.0,
        "Total Revenue": 31573000.0,
        "Operating Revenue": 30356000.0
    },
    "2024-12-31": {
        "Tax Effect Of Unusual Items": 223552.27882,
        "Tax Rate For Calcs": 0.292225,
        "Normalized EBITDA": 1865000.0,
        "Total Unusual Items": 765000.0,
        "Total Unusual Items Excluding Goodwill": 765000.0,
        "Net Income From Continuing Operation Net Minority Interest": 158000.0,
        "Reconciled Depreciation": 2255000.0,
        "Reconciled Cost Of Revenue": 11505000.0,
        "EBITDA": 2630000.0,
        "EBIT": 375000.0,
        "Net Interest Income": 3695000.0,
        "Interest Expense": 2000.0,
        "Interest Income": 3697000.0,
        "Normalized Income": -383447.72118,
        "Net Income From Continuing And Discontinued Operation": 158000.0,
        "Total Expenses": 39333000.0,
        "Total Operating Income As Reported": -4880000.0,
        "Diluted Average Shares": 100501204.0,
        "Basic Average Shares": 93764589.0,
        "Diluted EPS": 0.008,
        "Basic EPS": 0.008,
        "Diluted NI Availto Com Stockholders": 158000.0,
        "Net Income Common Stockholders": 158000.0,
        "Net Income": 158000.0,
        "Net Income Including Noncontrolling Interests": 158000.0,
        "Net Income Continuous Operations": 158000.0,
        "Earnings From Equity Interest Net Of Tax": -106000.0,
        "Tax Provision": 109000.0,
        "Pretax Income": 373000.0,
        "Other Income Expense": 1558000.0,
        "Special Income Charges": 0.0,
        "Impairment Of Capital Assets": 0.0,
        "Gain On Sale Of Security": 765000.0,
        "Net Non Operating Interest Income Expense": 3695000.0,
        "Interest Expense Non Operating": 2000.0,
        "Interest Income Non Operating": 3697000.0,
        "Operating Income": -4880000.0,
        "Operating Expense": 27828000.0,
        "Other Operating Expenses": -664000.0,
        "Research And Development": 14793000.0,
        "Selling General And Administration": 13699000.0,
        "Selling And Marketing Expense": 7276000.0,
        "General And Administrative Expense": 6423000.0,
        "Other Gand A": 6423000.0,
        "Gross Profit": 22948000.0,
        "Cost Of Revenue": 11505000.0,
        "Total Revenue": 34453000.0,
        "Operating Revenue": 37540000.0
    },
    "2025-03-31": {
        "Tax Effect Of Unusual Items": 46462.882096,
        "Tax Rate For Calcs": 0.061135,
        "Normalized EBITDA": 2041000.0,
        "Total Unusual Items": 760000.0,
        "Total Unusual Items Excluding Goodwill": 760000.0,
        "Net Income From Continuing Operation Net Minority Interest": 407000.0,
        "Reconciled Depreciation": 2109000.0,
        "Reconciled Cost Of Revenue": 10635000.0,
        "EBITDA": 2801000.0,
        "EBIT": 692000.0,
        "Net Interest Income": 3630000.0,
        "Interest Expense": 5000.0,
        "Interest Income": 3635000.0,
        "Normalized Income": -306537.117904,
        "Net Income From Continuing And Discontinued Operation": 407000.0,
        "Total Expenses": 36972000.0,
        "Total Operating Income As Reported": -3703000.0,
        "Diluted Average Shares": 101521811.0,
        "Basic Average Shares": 94293257.0,
        "Diluted EPS": 0.004,
        "Basic EPS": 0.004,
        "Diluted NI Availto Com Stockholders": 407000.0,
        "Net Income Common Stockholders": 407000.0,
        "Net Income": 407000.0,
        "Net Income Including Noncontrolling Interests": 407000.0,
        "Net Income Continuous Operations": 407000.0,
        "Earnings From Equity Interest Net Of Tax": -238000.0,
        "Tax Provision": 42000.0,
        "Pretax Income": 687000.0,
        "Other Income Expense": 760000.0,
        "Special Income Charges": NaN,
        "Impairment Of Capital Assets": NaN,
        "Gain On Sale Of Security": 760000.0,
        "Net Non Operating Interest Income Expense": 3630000.0,
        "Interest Expense Non Operating": 5000.0,
        "Interest Income Non Operating": 3635000.0,
        "Operating Income": -3703000.0,
        "Operating Expense": 26337000.0,
        "Other Operating Expenses": -154000.0,
        "Research And Development": 14018000.0,
        "Selling General And Administration": 12473000.0,
        "Selling And Marketing Expense": 6235000.0,
        "General And Administrative Expense": 6238000.0,
        "Other Gand A": 6238000.0,
        "Gross Profit": 22634000.0,
        "Cost Of Revenue": 10635000.0,
        "Total Revenue": 33269000.0,
        "Operating Revenue": 32673000.0
    },
    "2025-06-30": {
        "Tax Effect Of Unusual Items": 25817.562968,
        "Tax Rate For Calcs": 0.029272,
        "Normalized EBITDA": 2631000.0,
        "Total Unusual Items": 882000.0,
        "Total Unusual Items Excluding Goodwill": 882000.0,
        "Net Income From Continuing Operation Net Minority Interest": 1462000.0,
        "Reconciled Depreciation": 2043000.0,
        "Reconciled Cost Of Revenue": 11389000.0,
        "EBITDA": 3513000.0,
        "EBIT": 1470000.0,
        "Net Interest Income": 3705000.0,
        "Interest Expense": 1000.0,
        "Interest Income": 3706000.0,
        "Normalized Income": 605817.562968,
        "Net Income From Continuing And Discontinued Operation": 1462000.0,
        "Total Expenses": 37377000.0,
        "Total Operating Income As Reported": -3118000.0,
        "Diluted Average Shares": 98150728.0,
        "Basic Average Shares": 92583214.0,
        "Diluted EPS": 0.01,
        "Basic EPS": 0.02,
        "Diluted NI Availto Com Stockholders": 1462000.0,
        "Net Income Common Stockholders": 1462000.0,
        "Net Income": 1462000.0,
        "Net Income Including Noncontrolling Interests": 1462000.0,
        "Net Income Continuous Operations": 1462000.0,
        "Earnings From Equity Interest Net Of Tax": 36000.0,
        "Tax Provision": 43000.0,
        "Pretax Income": 1469000.0,
        "Other Income Expense": 882000.0,
        "Special Income Charges": NaN,
        "Impairment Of Capital Assets": NaN,
        "Gain On Sale Of Security": 882000.0,
        "Net Non Operating Interest Income Expense": 3705000.0,
        "Interest Expense Non Operating": 1000.0,
        "Interest Income Non Operating": 3706000.0,
        "Operating Income": -3118000.0,
        "Operating Expense": 25988000.0,
        "Other Operating Expenses": -548000.0,
        "Research And Development": 13976000.0,
        "Selling General And Administration": 12560000.0,
        "Selling And Marketing Expense": 6521000.0,
        "General And Administrative Expense": 6039000.0,
        "Other Gand A": 6039000.0,
        "Gross Profit": 22870000.0,
        "Cost Of Revenue": 11389000.0,
        "Total Revenue": 34259000.0,
        "Operating Revenue": 34259000.0
    }
}