{
    "2023-05-31": {
        "Tax Effect Of Unusual Items": 0.0,
        "Tax Rate For Calcs": 0.25,
        "Normalized EBITDA": 43761000.0,
        "Net Income From Continuing Operation Net Minority Interest": 23576000.0,
        "Reconciled Depreciation": 10282000.0,
        "Reconciled Cost Of Revenue": 268727000.0,
        "EBITDA": 43761000.0,
        "EBIT": 33479000.0,
        "Net Interest Income": -2036000.0,
        "Interest Expense": 2036000.0,
        "Normalized Income": 23576000.0,
        "Net Income From Continuing And Discontinued Operation": 23576000.0,
        "Total Expenses": 327946000.0,
        "Total Operating Income As Reported": 33767000.0,
        "Diluted Average Shares": 22386000.0,
        "Basic Average Shares": 21883000.0,
        "Diluted EPS": 1.05,
        "Basic EPS": 1.08,
        "Diluted NI Availto Com Stockholders": 23576000.0,
        "Net Income Common Stockholders": 23576000.0,
        "Net Income": 23576000.0,
        "Net Income Including Noncontrolling Interests": 23576000.0,
        "Net Income Continuous Operations": 23576000.0,
        "Tax Provision": 7867000.0,
        "Pretax Income": 31443000.0,
        "Other Income Expense": -288000.0,
        "Other Non Operating Income Expenses": -288000.0,
        "Net Non Operating Interest Income Expense": -2036000.0,
        "Interest Expense Non Operating": 2036000.0,
        "Operating Income": 33767000.0,
        "Operating Expense": 59219000.0,
        "Selling General And Administration": 59219000.0,
        "Gross Profit": 92986000.0,
        "Cost Of Revenue": 268727000.0,
        "Total Revenue": 361713000.0,
        "Operating Revenue": 361713000.0
    },
    "2023-02-28": {
        "Tax Effect Of Unusual Items": 0.0,
        "Tax Rate For Calcs": 0.160948,
        "Normalized EBITDA": 36745000.0,
        "Net Income From Continuing Operation Net Minority Interest": 20222000.0,
        "Reconciled Depreciation": 10478000.0,
        "Reconciled Cost Of Revenue": 265993000.0,
        "EBITDA": 36745000.0,
        "EBIT": 26267000.0,
        "Net Interest Income": -2166000.0,
        "Interest Expense": 2166000.0,
        "Normalized Income": 20222000.0,
        "Net Income From Continuing And Discontinued Operation": 20222000.0,
        "Total Expenses": 318366000.0,
        "Total Operating Income As Reported": 25739000.0,
        "Diluted Average Shares": 22326000.0,
        "Basic Average Shares": 21900000.0,
        "Diluted EPS": 0.91,
        "Basic EPS": 0.92,
        "Diluted NI Availto Com Stockholders": 20222000.0,
        "Net Income Common Stockholders": 20222000.0,
        "Net Income": 20222000.0,
        "Net Income Including Noncontrolling Interests": 20222000.0,
        "Net Income Continuous Operations": 20222000.0,
        "Tax Provision": 3879000.0,
        "Pretax Income": 24101000.0,
        "Other Income Expense": 528000.0,
        "Other Non Operating Income Expenses": 528000.0,
        "Net Non Operating Interest Income Expense": -2166000.0,
        "Interest Expense Non Operating": 2166000.0,
        "Operating Income": 25739000.0,
        "Operating Expense": 52373000.0,
        "Selling General And Administration": 52373000.0,
        "Gross Profit": 78112000.0,
        "Cost Of Revenue": 265993000.0,
        "Total Revenue": 344105000.0,
        "Operating Revenue": 344105000.0
    },
    "2022-11-30": {
        "Tax Effect Of Unusual Items": 0.0,
        "Tax Rate For Calcs": 0.248,
        "Normalized EBITDA": 44686000.0,
        "Net Income From Continuing Operation Net Minority Interest": 23765000.0,
        "Reconciled Depreciation": 10477000.0,
        "Reconciled Cost Of Revenue": 281239000.0,
        "EBITDA": 44686000.0,
        "EBIT": 34209000.0,
        "Net Interest Income": -2590000.0,
        "Interest Expense": 2590000.0,
        "Normalized Income": 23765000.0,
        "Net Income From Continuing And Discontinued Operation": 23765000.0,
        "Total Expenses": 333086000.0,
        "Total Operating Income As Reported": 34761000.0,
        "Diluted Average Shares": 22278000.0,
        "Basic Average Shares": 21870000.0,
        "Diluted EPS": 1.07,
        "Basic EPS": 1.09,
        "Diluted NI Availto Com Stockholders": 23765000.0,
        "Net Income Common Stockholders": 23765000.0,
        "Net Income": 23765000.0,
        "Net Income Including Noncontrolling Interests": 23765000.0,
        "Net Income Continuous Operations": 23765000.0,
        "Tax Provision": 7854000.0,
        "Pretax Income": 31619000.0,
        "Other Income Expense": -552000.0,
        "Other Non Operating Income Expenses": -552000.0,
        "Net Non Operating Interest Income Expense": -2590000.0,
        "Interest Expense Non Operating": 2590000.0,
        "Operating Income": 34761000.0,
        "Operating Expense": 51847000.0,
        "Selling General And Administration": 51847000.0,
        "Gross Profit": 86608000.0,
        "Cost Of Revenue": 281239000.0,
        "Total Revenue": 367847000.0,
        "Operating Revenue": 367847000.0
    },
    "2022-08-31": {
        "Tax Effect Of Unusual Items": 0.0,
        "Tax Rate For Calcs": 0.21,
        "Normalized EBITDA": 42498000.0,
        "Net Income From Continuing Operation Net Minority Interest": 37389000.0,
        "Reconciled Depreciation": 10599000.0,
        "Reconciled Cost Of Revenue": 287173000.0,
        "EBITDA": 42498000.0,
        "EBIT": 31899000.0,
        "Net Interest Income": -1698000.0,
        "Interest Expense": 1698000.0,
        "Normalized Income": 37389000.0,
        "Net Income From Continuing And Discontinued Operation": 37389000.0,
        "Total Expenses": 340037000.0,
        "Total Operating Income As Reported": 32072000.0,
        "Diluted Average Shares": 22245000.0,
        "Basic Average Shares": 21860000.0,
        "Diluted EPS": 1.68,
        "Basic EPS": 1.71,
        "Diluted NI Availto Com Stockholders": 37389000.0,
        "Net Income Common Stockholders": 37389000.0,
        "Net Income": 37389000.0,
        "Net Income Including Noncontrolling Interests": 37389000.0,
        "Net Income Continuous Operations": 37389000.0,
        "Tax Provision": -7188000.0,
        "Pretax Income": 30201000.0,
        "Other Income Expense": -173000.0,
        "Other Non Operating Income Expenses": -173000.0,
        "Net Non Operating Interest Income Expense": -1698000.0,
        "Interest Expense Non Operating": 1698000.0,
        "Operating Income": 32072000.0,
        "Operating Expense": 52864000.0,
        "Selling General And Administration": 52864000.0,
        "Gross Profit": 84936000.0,
        "Cost Of Revenue": 287173000.0,
        "Total Revenue": 372109000.0,
        "Operating Revenue": 372109000.0
    },
    "2022-05-31": {
        "Tax Effect Of Unusual Items": 0.0,
        "Tax Rate For Calcs": 0.259577,
        "Normalized EBITDA": 42755000.0,
        "Net Income From Continuing Operation Net Minority Interest": 22731000.0,
        "Reconciled Depreciation": 10849000.0,
        "Reconciled Cost Of Revenue": 271018000.0,
        "EBIT": 31906000.0,
        "Net Interest Income": -1206000.0,
        "Interest Expense": 1206000.0,
        "Normalized Income": 22731000.0,
        "Net Income From Continuing And Discontinued Operation": 22731000.0,
        "Total Expenses": 323419000.0,
        "Total Operating Income As Reported": 33216000.0,
        "Diluted Average Shares": 22651000.0,
        "Basic Average Shares": 22399000.0,
        "Diluted EPS": 1.0,
        "Basic EPS": 1.01,
        "Diluted NI Availto Com Stockholders": 22731000.0,
        "Net Income Common Stockholders": 22731000.0,
        "Net Income": 22731000.0,
        "Net Income Including Noncontrolling Interests": 22731000.0,
        "Net Income Continuous Operations": 22731000.0,
        "Tax Provision": 7969000.0,
        "Pretax Income": 30700000.0,
        "Other Income Expense": -1310000.0,
        "Other Non Operating Income Expenses": -1310000.0,
        "Net Non Operating Interest Income Expense": -1206000.0,
        "Interest Expense Non Operating": 1206000.0,
        "Operating Income": 33216000.0,
        "Operating Expense": 52401000.0,
        "Selling General And Administration": 52401000.0,
        "Gross Profit": 85617000.0,
        "Cost Of Revenue": 271018000.0,
        "Total Revenue": 356635000.0,
        "Operating Revenue": 356635000.0
    },
    "2022-02-28": {
        "Diluted EPS": -0.64,
        "Total Revenue": 328,
        "Gross Profit": 94,
        "Operating Income": -9,
        "EBIT": 52,
        "Net Income": -16
    },
    "2021-11-30": {
        "Diluted EPS": 0.44,
        "Total Revenue": 334,
        "Gross Profit": 65,
        "Operating Income": 18,
        "EBIT": 30,
        "Net Income": 11
    },
    "2021-08-31": {
        "Diluted EPS": -0.08,
        "Total Revenue": 326,
        "Gross Profit": 48,
        "Operating Income": -3,
        "EBIT": 8,
        "Net Income": -2
    },
    "2021-05-31": {
        "Diluted EPS": 0.42,
        "Total Revenue": 326,
        "Gross Profit": 68,
        "Operating Income": 16,
        "EBIT": 31,
        "Net Income": 11
    },
    "2021-02-28": {
        "Diluted EPS": -1.61,
        "Total Revenue": 309,
        "Gross Profit": 70,
        "Operating Income": -54,
        "EBIT": 30,
        "Net Income": -42
    },
    "2020-11-30": {
        "Diluted EPS": 1.42,
        "Total Revenue": 314,
        "Gross Profit": 70,
        "Operating Income": 50,
        "EBIT": 62,
        "Net Income": 37
    },
    "2020-08-31": {
        "Diluted EPS": 0.67,
        "Total Revenue": 319,
        "Gross Profit": 76,
        "Operating Income": 23,
        "EBIT": 36,
        "Net Income": 18
    },
    "2020-05-31": {
        "Diluted EPS": 0.11,
        "Total Revenue": 289,
        "Gross Profit": 60,
        "Operating Income": 6,
        "EBIT": 19,
        "Net Income": 3
    },
    "2020-02-29": {
        "Diluted EPS": 0.45,
        "Total Revenue": 337,
        "Gross Profit": 77,
        "Operating Income": 16,
        "EBIT": 28,
        "Net Income": 12
    },
    "2019-11-30": {
        "Diluted EPS": 0.57,
        "Total Revenue": 338,
        "Gross Profit": 74,
        "Operating Income": 22,
        "EBIT": 34,
        "Net Income": 15
    },
    "2019-08-31": {
        "Diluted EPS": 0.72,
        "Total Revenue": 357,
        "Gross Profit": 86,
        "Operating Income": 28,
        "EBIT": 39,
        "Net Income": 19
    },
    "2019-05-31": {
        "Diluted EPS": 0.58,
        "Total Revenue": 355,
        "Gross Profit": 81,
        "Operating Income": 23,
        "EBIT": 34,
        "Net Income": 15
    },
    "2019-02-28": {
        "Diluted EPS": -0.41,
        "Total Revenue": 346,
        "Gross Profit": 44,
        "Operating Income": -15,
        "EBIT": -3,
        "Net Income": -12
    },
    "2018-11-30": {
        "Diluted EPS": 0.78,
        "Total Revenue": 358,
        "Gross Profit": 84,
        "Operating Income": 31,
        "EBIT": 43,
        "Net Income": 22
    },
    "2018-08-31": {
        "Diluted EPS": 0.72,
        "Total Revenue": 362,
        "Gross Profit": 84,
        "Operating Income": 29,
        "EBIT": 41,
        "Net Income": 21
    },
    "2018-05-31": {
        "Diluted EPS": 0.54,
        "Total Revenue": 337,
        "Gross Profit": 81,
        "Operating Income": 22,
        "EBIT": 36,
        "Net Income": 15
    },
    "2018-02-28": {
        "Diluted EPS": 0.78,
        "Total Revenue": 353,
        "Gross Profit": 86,
        "Operating Income": 28,
        "EBIT": 43,
        "Net Income": 22
    },
    "2017-11-30": {
        "Diluted EPS": 0.82,
        "Total Revenue": 357,
        "Gross Profit": 92,
        "Operating Income": 35,
        "EBIT": 49,
        "Net Income": 24
    },
    "2017-08-31": {
        "Diluted EPS": 0.6,
        "Total Revenue": 344,
        "Gross Profit": 86,
        "Operating Income": 28,
        "EBIT": 41,
        "Net Income": 17
    },
    "2017-05-31": {
        "Diluted EPS": 0.56,
        "Total Revenue": 272,
        "Gross Profit": 70,
        "Operating Income": 24,
        "EBIT": 36,
        "Net Income": 16
    },
    "2017-02-28": {
        "Diluted EPS": 0.81,
        "Total Revenue": 314,
        "Gross Profit": 82,
        "Operating Income": 30,
        "EBIT": 41,
        "Net Income": 23
    },
    "2016-11-30": {
        "Diluted EPS": 0.78,
        "Total Revenue": 274,
        "Gross Profit": 73,
        "Operating Income": 33,
        "EBIT": 42,
        "Net Income": 23
    },
    "2016-08-31": {
        "Diluted EPS": 0.77,
        "Total Revenue": 278,
        "Gross Profit": 73,
        "Operating Income": 33,
        "EBIT": 41,
        "Net Income": 22
    },
    "2016-05-31": {
        "Diluted EPS": 0.61,
        "Total Revenue": 248,
        "Gross Profit": 64,
        "Operating Income": 26,
        "EBIT": 34,
        "Net Income": 18
    },
    "2016-02-29": {
        "Diluted EPS": 0.68,
        "Total Revenue": 262,
        "Gross Profit": 69,
        "Operating Income": 29,
        "EBIT": 37,
        "Net Income": 20
    },
    "2015-11-30": {
        "Diluted EPS": 0.63,
        "Total Revenue": 238,
        "Gross Profit": 62,
        "Operating Income": 28,
        "EBIT": 36,
        "Net Income": 19
    },
    "2015-08-31": {
        "Diluted EPS": 0.5,
        "Total Revenue": 241,
        "Gross Profit": 57,
        "Operating Income": 22,
        "EBIT": 30,
        "Net Income": 15
    },
    "2015-05-31": {
        "Diluted EPS": 0.41,
        "Total Revenue": 240,
        "Gross Profit": 56,
        "Operating Income": 18,
        "EBIT": 26,
        "Net Income": 12
    },
    "2015-02-28": {
        "Diluted EPS": 0.47,
        "Total Revenue": 247,
        "Gross Profit": 61,
        "Operating Income": 20,
        "EBIT": 28,
        "Net Income": 14
    },
    "2014-11-30": {
        "Diluted EPS": 0.47,
        "Total Revenue": 244,
        "Gross Profit": 57,
        "Operating Income": 21,
        "EBIT": 28,
        "Net Income": 14
    },
    "2014-08-31": {
        "Diluted EPS": 0.57,
        "Total Revenue": 232,
        "Gross Profit": 49,
        "Operating Income": 15,
        "EBIT": 22,
        "Net Income": 17
    },
    "2014-05-31": {
        "Diluted EPS": 0.21,
        "Total Revenue": 211,
        "Gross Profit": 41,
        "Operating Income": 8,
        "EBIT": 15,
        "Net Income": 6
    },
    "2014-02-28": {
        "Diluted EPS": 0.27,
        "Total Revenue": 214,
        "Gross Profit": 47,
        "Operating Income": 12,
        "EBIT": 19,
        "Net Income": 8
    },
    "2013-11-30": {
        "Diluted EPS": 0.33,
        "Total Revenue": 199,
        "Gross Profit": 43,
        "Operating Income": 13,
        "EBIT": 19,
        "Net Income": 10
    },
    "2013-08-31": {
        "Diluted EPS": 0.21,
        "Total Revenue": 178,
        "Gross Profit": 39,
        "Operating Income": 9,
        "EBIT": 16,
        "Net Income": 6
    },
    "2013-05-31": {
        "Diluted EPS": 0.14,
        "Total Revenue": 179,
        "Gross Profit": 36,
        "Operating Income": 6,
        "EBIT": 13,
        "Net Income": 4
    },
    "2013-02-28": {
        "Diluted EPS": 0.15,
        "Total Revenue": 180,
        "Gross Profit": 36,
        "Operating Income": 6,
        "EBIT": 13,
        "Net Income": 4
    },
    "2012-11-30": {
        "Diluted EPS": 0.28,
        "Total Revenue": 190,
        "Gross Profit": 42,
        "Operating Income": 11,
        "EBIT": 18,
        "Net Income": 8
    },
    "2012-08-31": {
        "Diluted EPS": 0.18,
        "Total Revenue": 176,
        "Gross Profit": 36,
        "Operating Income": 8,
        "EBIT": 14,
        "Net Income": 5
    },
    "2012-05-31": {
        "Diluted EPS": 0.06,
        "Total Revenue": 154,
        "Gross Profit": 31,
        "Operating Income": 2,
        "EBIT": 9,
        "Net Income": 2
    },
    "2012-02-29": {
        "Diluted EPS": 0.11,
        "Total Revenue": 169,
        "Gross Profit": 33,
        "Operating Income": 3,
        "EBIT": 9,
        "Net Income": 3
    },
    "2011-11-30": {
        "Diluted EPS": 0.2,
        "Total Revenue": 175,
        "Gross Profit": 35,
        "Operating Income": 7,
        "EBIT": 14,
        "Net Income": 6
    },
    "2011-08-31": {
        "Diluted EPS": -0.06,
        "Total Revenue": 166,
        "Gross Profit": 26,
        "Operating Income": -3,
        "EBIT": 4,
        "Net Income": -2
    },
    "2011-05-31": {
        "Diluted EPS": -0.08,
        "Total Revenue": 153,
        "Gross Profit": 24,
        "Operating Income": -3,
        "EBIT": 4,
        "Net Income": -2
    },
    "2011-02-28": {
        "Diluted EPS": -0.16,
        "Total Revenue": 148,
        "Gross Profit": 23,
        "Operating Income": -6,
        "EBIT": 2,
        "Net Income": -4
    },
    "2010-11-30": {
        "Diluted EPS": -0.08,
        "Total Revenue": 147,
        "Gross Profit": 23,
        "Operating Income": -2,
        "EBIT": 5,
        "Net Income": -2
    },
    "2010-08-31": {
        "Diluted EPS": -0.0,
        "Total Revenue": 145,
        "Gross Profit": 18,
        "Operating Income": -7,
        "EBIT": -1,
        "Net Income": 0
    },
    "2010-05-31": {
        "Diluted EPS": -0.13,
        "Total Revenue": 143,
        "Gross Profit": 19,
        "Operating Income": -6,
        "EBIT": 1,
        "Net Income": -3
    },
    "2010-02-28": {
        "Diluted EPS": 0.02,
        "Total Revenue": 149,
        "Gross Profit": 28,
        "Operating Income": 0,
        "EBIT": 7,
        "Net Income": 0
    },
    "2009-11-30": {
        "Diluted EPS": 0.39,
        "Total Revenue": 180,
        "Gross Profit": 45,
        "Operating Income": 16,
        "EBIT": 23,
        "Net Income": 11
    },
    "2009-08-31": {
        "Diluted EPS": 0.47,
        "Total Revenue": 187,
        "Gross Profit": 49,
        "Operating Income": 18,
        "EBIT": 25,
        "Net Income": 13
    },
    "2009-05-31": {
        "Diluted EPS": 0.27,
        "Total Revenue": 181,
        "Gross Profit": 41,
        "Operating Income": 12,
        "EBIT": 19,
        "Net Income": 8
    },
    "2009-02-28": {
        "Diluted EPS": 0.39,
        "Total Revenue": 202,
        "Gross Profit": 48,
        "Operating Income": 17,
        "EBIT": 26,
        "Net Income": 11
    },
    "2023-08-31": {
        "Tax Effect Of Unusual Items": 0.0,
        "Tax Rate For Calcs": 0.229,
        "Normalized EBITDA": 55832000.0,
        "Net Income From Continuing Operation Net Minority Interest": 33327000.0,
        "Reconciled Depreciation": 10379000.0,
        "Reconciled Cost Of Revenue": 258304000.0,
        "EBITDA": 55832000.0,
        "EBIT": 45453000.0,
        "Net Interest Income": -2230000.0,
        "Interest Expense": 2230000.0,
        "Normalized Income": 33327000.0,
        "Net Income From Continuing And Discontinued Operation": 33327000.0,
        "Total Expenses": 313122000.0,
        "Total Operating Income As Reported": 40553000.0,
        "Diluted Average Shares": 21962000.0,
        "Basic Average Shares": 21708000.0,
        "Diluted EPS": 1.52,
        "Basic EPS": 1.54,
        "Diluted NI Availto Com Stockholders": 33327000.0,
        "Net Income Common Stockholders": 33327000.0,
        "Net Income": 33327000.0,
        "Net Income Including Noncontrolling Interests": 33327000.0,
        "Net Income Continuous Operations": 33327000.0,
        "Tax Provision": 9896000.0,
        "Pretax Income": 43223000.0,
        "Other Income Expense": 4900000.0,
        "Other Non Operating Income Expenses": 4900000.0,
        "Net Non Operating Interest Income Expense": -2230000.0,
        "Interest Expense Non Operating": 2230000.0,
        "Operating Income": 40553000.0,
        "Operating Expense": 54818000.0,
        "Selling General And Administration": 54818000.0,
        "Gross Profit": 95371000.0,
        "Cost Of Revenue": 258304000.0,
        "Total Revenue": 353675000.0,
        "Operating Revenue": 353675000.0
    },
    "2023-11-30": {
        "Tax Effect Of Unusual Items": NaN,
        "Tax Rate For Calcs": NaN,
        "Normalized EBITDA": NaN,
        "Net Income From Continuing Operation Net Minority Interest": NaN,
        "Reconciled Depreciation": NaN,
        "Reconciled Cost Of Revenue": NaN,
        "EBITDA": NaN,
        "EBIT": NaN,
        "Net Interest Income": NaN,
        "Interest Expense": NaN,
        "Normalized Income": NaN,
        "Net Income From Continuing And Discontinued Operation": NaN,
        "Total Expenses": NaN,
        "Total Operating Income As Reported": NaN,
        "Diluted Average Shares": 22013000.0,
        "Basic Average Shares": 21819000.0,
        "Diluted EPS": 1.23,
        "Basic EPS": 1.24,
        "Diluted NI Availto Com Stockholders": NaN,
        "Net Income Common Stockholders": NaN,
        "Net Income": NaN,
        "Net Income Including Noncontrolling Interests": NaN,
        "Net Income Continuous Operations": NaN,
        "Tax Provision": NaN,
        "Pretax Income": NaN,
        "Other Income Expense": NaN,
        "Other Non Operating Income Expenses": NaN,
        "Net Non Operating Interest Income Expense": NaN,
        "Interest Expense Non Operating": NaN,
        "Operating Income": NaN,
        "Operating Expense": NaN,
        "Selling General And Administration": NaN,
        "Gross Profit": NaN,
        "Cost Of Revenue": NaN,
        "Total Revenue": NaN,
        "Operating Revenue": NaN
    },
    "2024-02-29": {
        "Tax Effect Of Unusual Items": NaN,
        "Tax Rate For Calcs": NaN,
        "Normalized EBITDA": NaN,
        "Net Income From Continuing Operation Net Minority Interest": NaN,
        "Reconciled Depreciation": NaN,
        "Reconciled Cost Of Revenue": NaN,
        "EBITDA": NaN,
        "EBIT": NaN,
        "Net Interest Income": NaN,
        "Interest Expense": NaN,
        "Normalized Income": NaN,
        "Net Income From Continuing And Discontinued Operation": NaN,
        "Total Expenses": NaN,
        "Total Operating Income As Reported": NaN,
        "Diluted Average Shares": 22102000.0,
        "Basic Average Shares": 21819000.0,
        "Diluted EPS": 0.71,
        "Basic EPS": 0.72,
        "Diluted NI Availto Com Stockholders": NaN,
        "Net Income Common Stockholders": NaN,
        "Net Income": NaN,
        "Net Income Including Noncontrolling Interests": NaN,
        "Net Income Continuous Operations": NaN,
        "Tax Provision": NaN,
        "Pretax Income": NaN,
        "Other Income Expense": NaN,
        "Other Non Operating Income Expenses": NaN,
        "Net Non Operating Interest Income Expense": NaN,
        "Interest Expense Non Operating": NaN,
        "Operating Income": NaN,
        "Operating Expense": NaN,
        "Selling General And Administration": NaN,
        "Gross Profit": NaN,
        "Cost Of Revenue": NaN,
        "Total Revenue": NaN,
        "Operating Revenue": NaN
    },
    "2024-05-31": {
        "Tax Effect Of Unusual Items": 0.0,
        "Tax Rate For Calcs": 0.245,
        "Normalized EBITDA": 51500000.0,
        "Net Income From Continuing Operation Net Minority Interest": 31011000.0,
        "Reconciled Depreciation": 9976000.0,
        "Reconciled Cost Of Revenue": 232661000.0,
        "EBITDA": 51500000.0,
        "EBIT": 41524000.0,
        "Net Interest Income": -450000.0,
        "Interest Expense": 450000.0,
        "Normalized Income": 31011000.0,
        "Net Income From Continuing And Discontinued Operation": 31011000.0,
        "Total Expenses": 290135000.0,
        "Total Operating Income As Reported": 41381000.0,
        "Diluted Average Shares": 22061000.0,
        "Basic Average Shares": 21823000.0,
        "Diluted EPS": 1.41,
        "Basic EPS": 1.42,
        "Diluted NI Availto Com Stockholders": 31011000.0,
        "Net Income Common Stockholders": 31011000.0,
        "Net Income": 31011000.0,
        "Net Income Including Noncontrolling Interests": 31011000.0,
        "Net Income Continuous Operations": 31011000.0,
        "Tax Provision": 10063000.0,
        "Pretax Income": 41074000.0,
        "Other Income Expense": 143000.0,
        "Other Non Operating Income Expenses": 143000.0,
        "Net Non Operating Interest Income Expense": -450000.0,
        "Interest Expense Non Operating": 450000.0,
        "Operating Income": 41381000.0,
        "Operating Expense": 57474000.0,
        "Selling General And Administration": 57474000.0,
        "Gross Profit": 98855000.0,
        "Cost Of Revenue": 232661000.0,
        "Total Revenue": 331516000.0,
        "Operating Revenue": 331516000.0
    },
    "2024-08-31": {
        "Tax Effect Of Unusual Items": 0.0,
        "Tax Rate For Calcs": 0.257,
        "Normalized EBITDA": 51943000.0,
        "Net Income From Continuing Operation Net Minority Interest": 30566000.0,
        "Reconciled Depreciation": 9688000.0,
        "Reconciled Cost Of Revenue": 245119000.0,
        "EBITDA": 51943000.0,
        "EBIT": 42255000.0,
        "Net Interest Income": -1140000.0,
        "Interest Expense": 1140000.0,
        "Normalized Income": 30566000.0,
        "Net Income From Continuing And Discontinued Operation": 30566000.0,
        "Total Expenses": 300475000.0,
        "Total Operating Income As Reported": 41965000.0,
        "Diluted Average Shares": 21875000.0,
        "Basic Average Shares": 21762000.0,
        "Diluted EPS": 1.4,
        "Basic EPS": 1.4,
        "Diluted NI Availto Com Stockholders": 30566000.0,
        "Net Income Common Stockholders": 30566000.0,
        "Net Income": 30566000.0,
        "Net Income Including Noncontrolling Interests": 30566000.0,
        "Net Income Continuous Operations": 30566000.0,
        "Tax Provision": 10549000.0,
        "Pretax Income": 41115000.0,
        "Other Income Expense": 290000.0,
        "Other Non Operating Income Expenses": 290000.0,
        "Net Non Operating Interest Income Expense": -1140000.0,
        "Interest Expense Non Operating": 1140000.0,
        "Operating Income": 41965000.0,
        "Operating Expense": 55356000.0,
        "Selling General And Administration": 55356000.0,
        "Gross Profit": 97321000.0,
        "Cost Of Revenue": 245119000.0,
        "Total Revenue": 342440000.0,
        "Operating Revenue": 342440000.0
    },
    "2024-11-30": {
        "Tax Effect Of Unusual Items": 0.0,
        "Tax Rate For Calcs": 0.241,
        "Normalized EBITDA": 39823000.0,
        "Net Income From Continuing Operation Net Minority Interest": 20989000.0,
        "Reconciled Depreciation": 11134000.0,
        "Reconciled Cost Of Revenue": 252195000.0,
        "EBITDA": 39823000.0,
        "EBIT": 28689000.0,
        "Net Interest Income": -1044000.0,
        "Interest Expense": 1044000.0,
        "Normalized Income": 20989000.0,
        "Net Income From Continuing And Discontinued Operation": 20989000.0,
        "Total Expenses": 312715000.0,
        "Total Operating Income As Reported": 28629000.0,
        "Diluted Average Shares": 21917000.0,
        "Basic Average Shares": 21782000.0,
        "Diluted EPS": 0.96,
        "Basic EPS": 0.96,
        "Diluted NI Availto Com Stockholders": 20989000.0,
        "Net Income Common Stockholders": 20989000.0,
        "Net Income": 20989000.0,
        "Net Income Including Noncontrolling Interests": 20989000.0,
        "Net Income Continuous Operations": 20989000.0,
        "Tax Provision": 6656000.0,
        "Pretax Income": 27645000.0,
        "Other Income Expense": 60000.0,
        "Other Non Operating Income Expenses": 60000.0,
        "Net Non Operating Interest Income Expense": -1044000.0,
        "Interest Expense Non Operating": 1044000.0,
        "Operating Income": 28629000.0,
        "Operating Expense": 60520000.0,
        "Selling General And Administration": 60520000.0,
        "Gross Profit": 89149000.0,
        "Cost Of Revenue": 252195000.0,
        "Total Revenue": 341344000.0,
        "Operating Revenue": 341344000.0
    },
    "2025-02-28": {
        "Tax Effect Of Unusual Items": 0.0,
        "Tax Rate For Calcs": 0.092701,
        "Normalized EBITDA": 20075000.0,
        "Net Income From Continuing Operation Net Minority Interest": 2486000.0,
        "Reconciled Depreciation": 13810000.0,
        "Reconciled Cost Of Revenue": 271126000.0,
        "EBITDA": 20075000.0,
        "EBIT": 6265000.0,
        "Net Interest Income": -3525000.0,
        "Interest Expense": 3525000.0,
        "Normalized Income": 2486000.0,
        "Net Income From Continuing And Discontinued Operation": 2486000.0,
        "Total Expenses": 339559000.0,
        "Total Operating Income As Reported": 6135000.0,
        "Diluted Average Shares": NaN,
        "Basic Average Shares": NaN,
        "Diluted EPS": NaN,
        "Basic EPS": NaN,
        "Diluted NI Availto Com Stockholders": 2486000.0,
        "Net Income Common Stockholders": 2486000.0,
        "Net Income": 2486000.0,
        "Net Income Including Noncontrolling Interests": 2486000.0,
        "Net Income Continuous Operations": 2486000.0,
        "Tax Provision": 254000.0,
        "Pretax Income": 2740000.0,
        "Other Income Expense": 130000.0,
        "Other Non Operating Income Expenses": 130000.0,
        "Net Non Operating Interest Income Expense": -3525000.0,
        "Interest Expense Non Operating": 3525000.0,
        "Operating Income": 6135000.0,
        "Operating Expense": 68433000.0,
        "Selling General And Administration": 68433000.0,
        "Gross Profit": 74568000.0,
        "Cost Of Revenue": 271126000.0,
        "Total Revenue": 345694000.0,
        "Operating Revenue": 345694000.0
    },
    "2025-05-31": {
        "Tax Effect Of Unusual Items": 0.0,
        "Tax Rate For Calcs": 0.21,
        "Normalized EBITDA": 18685000.0,
        "Net Income From Continuing Operation Net Minority Interest": -2688000.0,
        "Reconciled Depreciation": 12436000.0,
        "Reconciled Cost Of Revenue": 271497000.0,
        "EBITDA": 18685000.0,
        "EBIT": 6249000.0,
        "Net Interest Income": -3846000.0,
        "Interest Expense": 3846000.0,
        "Normalized Income": -2688000.0,
        "Net Income From Continuing And Discontinued Operation": -2688000.0,
        "Total Expenses": 339691000.0,
        "Total Operating Income As Reported": 6931000.0,
        "Diluted Average Shares": 21338000.0,
        "Basic Average Shares": 21338000.0,
        "Diluted EPS": -0.13,
        "Basic EPS": -0.13,
        "Diluted NI Availto Com Stockholders": -2688000.0,
        "Net Income Common Stockholders": -2688000.0,
        "Net Income": -2688000.0,
        "Net Income Including Noncontrolling Interests": -2688000.0,
        "Net Income Continuous Operations": -2688000.0,
        "Tax Provision": 5091000.0,
        "Pretax Income": 2403000.0,
        "Other Income Expense": -682000.0,
        "Other Non Operating Income Expenses": -682000.0,
        "Net Non Operating Interest Income Expense": -3846000.0,
        "Interest Expense Non Operating": 3846000.0,
        "Operating Income": 6931000.0,
        "Operating Expense": 68194000.0,
        "Selling General And Administration": 68194000.0,
        "Gross Profit": 75125000.0,
        "Cost Of Revenue": 271497000.0,
        "Total Revenue": 346622000.0,
        "Operating Revenue": 346622000.0
    }
}