{
    "2023-03-31": {
        "Tax Effect Of Unusual Items": NaN,
        "Tax Rate For Calcs": NaN,
        "Normalized EBITDA": NaN,
        "Net Income From Continuing Operation Net Minority Interest": NaN,
        "Reconciled Depreciation": NaN,
        "Reconciled Cost Of Revenue": NaN,
        "EBITDA": NaN,
        "EBIT": NaN,
        "Net Interest Income": NaN,
        "Interest Expense": NaN,
        "Interest Income": NaN,
        "Normalized Income": NaN,
        "Net Income From Continuing And Discontinued Operation": NaN,
        "Total Expenses": NaN,
        "Total Operating Income As Reported": NaN,
        "Diluted Average Shares": NaN,
        "Basic Average Shares": NaN,
        "Diluted EPS": NaN,
        "Basic EPS": NaN,
        "Diluted NI Availto Com Stockholders": NaN,
        "Average Dilution Earnings": NaN,
        "Net Income Common Stockholders": NaN,
        "Otherunder Preferred Stock Dividend": NaN,
        "Net Income": NaN,
        "Minority Interests": 0.0,
        "Net Income Including Noncontrolling Interests": NaN,
        "Net Income Continuous Operations": NaN,
        "Tax Provision": NaN,
        "Pretax Income": NaN,
        "Other Income Expense": 10111000.0,
        "Other Non Operating Income Expenses": 10111000.0,
        "Net Non Operating Interest Income Expense": NaN,
        "Interest Expense Non Operating": NaN,
        "Interest Income Non Operating": NaN,
        "Operating Income": NaN,
        "Operating Expense": NaN,
        "Research And Development": NaN,
        "Selling General And Administration": NaN,
        "Selling And Marketing Expense": NaN,
        "General And Administrative Expense": NaN,
        "Other Gand A": NaN,
        "Gross Profit": NaN,
        "Cost Of Revenue": NaN,
        "Total Revenue": NaN,
        "Operating Revenue": NaN
    },
    "2022-12-31": {
        "Tax Effect Of Unusual Items": NaN,
        "Tax Rate For Calcs": NaN,
        "Normalized EBITDA": NaN,
        "Net Income From Continuing Operation Net Minority Interest": NaN,
        "Reconciled Depreciation": NaN,
        "Reconciled Cost Of Revenue": NaN,
        "EBITDA": NaN,
        "EBIT": NaN,
        "Net Interest Income": NaN,
        "Interest Expense": NaN,
        "Interest Income": NaN,
        "Normalized Income": NaN,
        "Net Income From Continuing And Discontinued Operation": NaN,
        "Total Expenses": NaN,
        "Total Operating Income As Reported": NaN,
        "Diluted Average Shares": NaN,
        "Basic Average Shares": NaN,
        "Diluted EPS": NaN,
        "Basic EPS": NaN,
        "Diluted NI Availto Com Stockholders": NaN,
        "Average Dilution Earnings": NaN,
        "Net Income Common Stockholders": NaN,
        "Otherunder Preferred Stock Dividend": NaN,
        "Net Income": NaN,
        "Minority Interests": 0.0,
        "Net Income Including Noncontrolling Interests": NaN,
        "Net Income Continuous Operations": NaN,
        "Tax Provision": NaN,
        "Pretax Income": NaN,
        "Other Income Expense": 10976000.0,
        "Other Non Operating Income Expenses": 10976000.0,
        "Net Non Operating Interest Income Expense": NaN,
        "Interest Expense Non Operating": NaN,
        "Interest Income Non Operating": NaN,
        "Operating Income": NaN,
        "Operating Expense": NaN,
        "Research And Development": NaN,
        "Selling General And Administration": NaN,
        "Selling And Marketing Expense": NaN,
        "General And Administrative Expense": NaN,
        "Other Gand A": NaN,
        "Gross Profit": NaN,
        "Cost Of Revenue": NaN,
        "Total Revenue": NaN,
        "Operating Revenue": NaN
    },
    "2022-09-30": {
        "Tax Effect Of Unusual Items": NaN,
        "Tax Rate For Calcs": NaN,
        "Normalized EBITDA": NaN,
        "Net Income From Continuing Operation Net Minority Interest": NaN,
        "Reconciled Depreciation": NaN,
        "Reconciled Cost Of Revenue": NaN,
        "EBITDA": NaN,
        "EBIT": NaN,
        "Net Interest Income": NaN,
        "Interest Expense": NaN,
        "Interest Income": 969000.0,
        "Normalized Income": NaN,
        "Net Income From Continuing And Discontinued Operation": NaN,
        "Total Expenses": NaN,
        "Total Operating Income As Reported": NaN,
        "Diluted Average Shares": NaN,
        "Basic Average Shares": NaN,
        "Diluted EPS": NaN,
        "Basic EPS": NaN,
        "Diluted NI Availto Com Stockholders": NaN,
        "Average Dilution Earnings": 4000.0,
        "Net Income Common Stockholders": NaN,
        "Otherunder Preferred Stock Dividend": NaN,
        "Net Income": NaN,
        "Minority Interests": NaN,
        "Net Income Including Noncontrolling Interests": NaN,
        "Net Income Continuous Operations": NaN,
        "Tax Provision": NaN,
        "Pretax Income": NaN,
        "Other Income Expense": 969000.0,
        "Other Non Operating Income Expenses": 969000.0,
        "Net Non Operating Interest Income Expense": NaN,
        "Interest Expense Non Operating": NaN,
        "Interest Income Non Operating": 969000.0,
        "Operating Income": NaN,
        "Operating Expense": NaN,
        "Research And Development": NaN,
        "Selling General And Administration": NaN,
        "Selling And Marketing Expense": NaN,
        "General And Administrative Expense": NaN,
        "Other Gand A": NaN,
        "Gross Profit": NaN,
        "Cost Of Revenue": NaN,
        "Total Revenue": NaN,
        "Operating Revenue": NaN
    },
    "2022-06-30": {
        "Tax Effect Of Unusual Items": 0.0,
        "Tax Rate For Calcs": 0.4,
        "Normalized EBITDA": 53873000.0,
        "Net Income From Continuing Operation Net Minority Interest": -21748000.0,
        "Reconciled Depreciation": 152688000.0,
        "Reconciled Cost Of Revenue": 303929000.0,
        "EBITDA": 53873000.0,
        "EBIT": 53873000.0,
        "Net Interest Income": -36505000.0,
        "Interest Expense": 36505000.0,
        "Interest Income": NaN,
        "Normalized Income": -21748000.0,
        "Net Income From Continuing And Discontinued Operation": -21748000.0,
        "Total Expenses": 722876000.0,
        "Total Operating Income As Reported": 53355000.0,
        "Diluted Average Shares": 373912724.0,
        "Basic Average Shares": 373912724.0,
        "Diluted EPS": -0.06,
        "Basic EPS": -0.06,
        "Diluted NI Availto Com Stockholders": -21748000.0,
        "Average Dilution Earnings": 0.0,
        "Net Income Common Stockholders": -21748000.0,
        "Otherunder Preferred Stock Dividend": 0.0,
        "Net Income": -21748000.0,
        "Minority Interests": 51000.0,
        "Net Income Including Noncontrolling Interests": -21799000.0,
        "Net Income Continuous Operations": -21799000.0,
        "Tax Provision": 39167000.0,
        "Pretax Income": 17368000.0,
        "Other Income Expense": 518000.0,
        "Other Non Operating Income Expenses": 518000.0,
        "Net Non Operating Interest Income Expense": -36505000.0,
        "Interest Expense Non Operating": 36505000.0,
        "Interest Income Non Operating": NaN,
        "Operating Income": 53355000.0,
        "Operating Expense": 418947000.0,
        "Research And Development": 141108000.0,
        "Selling General And Administration": 277839000.0,
        "Selling And Marketing Expense": 232096000.0,
        "General And Administrative Expense": 45743000.0,
        "Other Gand A": 45743000.0,
        "Gross Profit": 472302000.0,
        "Cost Of Revenue": 303929000.0,
        "Total Revenue": 776231000.0,
        "Operating Revenue": 776231000.0
    },
    "2022-03-31": {
        "Diluted EPS": -0.31,
        "Total Revenue": 625,
        "Gross Profit": 344,
        "Operating Income": -128,
        "EBIT": 4,
        "Net Income": -115
    },
    "2021-12-31": {
        "Diluted EPS": 0.1,
        "Total Revenue": 793,
        "Gross Profit": 528,
        "Operating Income": 59,
        "EBIT": 178,
        "Net Income": 29
    },
    "2021-09-30": {
        "Diluted EPS": 0.0,
        "Total Revenue": 727,
        "Gross Profit": 473,
        "Operating Income": 45,
        "EBIT": 167,
        "Net Income": 0
    },
    "2021-06-30": {
        "Diluted EPS": 0.04,
        "Total Revenue": 669,
        "Gross Profit": 423,
        "Operating Income": 35,
        "EBIT": 144,
        "Net Income": 13
    },
    "2021-03-31": {
        "Diluted EPS": -0.05,
        "Total Revenue": 604,
        "Gross Profit": 381,
        "Operating Income": 11,
        "EBIT": 105,
        "Net Income": -11
    },
    "2020-12-31": {
        "Diluted EPS": -0.07,
        "Total Revenue": 510,
        "Gross Profit": 312,
        "Operating Income": -5,
        "EBIT": 95,
        "Net Income": -19
    },
    "2020-09-30": {
        "Diluted EPS": -0.42,
        "Total Revenue": 382,
        "Gross Profit": 219,
        "Operating Income": -75,
        "EBIT": 0,
        "Net Income": -90
    },
    "2020-06-30": {
        "Diluted EPS": -0.1,
        "Total Revenue": 299,
        "Gross Profit": 181,
        "Operating Income": -7,
        "EBIT": 47,
        "Net Income": -21
    },
    "2020-03-31": {
        "Diluted EPS": 0.01,
        "Total Revenue": 260,
        "Gross Profit": 184,
        "Operating Income": 25,
        "EBIT": 59,
        "Net Income": 3
    },
    "2019-12-31": {
        "Diluted EPS": 0.0,
        "Total Revenue": NaN,
        "Gross Profit": NaN,
        "Operating Income": NaN,
        "EBIT": NaN,
        "Net Income": NaN
    },
    "2023-06-30": {
        "Tax Effect Of Unusual Items": NaN,
        "Tax Rate For Calcs": NaN,
        "Normalized EBITDA": NaN,
        "Net Income From Continuing Operation Net Minority Interest": NaN,
        "Reconciled Depreciation": NaN,
        "Reconciled Cost Of Revenue": NaN,
        "EBITDA": NaN,
        "EBIT": NaN,
        "Net Interest Income": NaN,
        "Interest Expense": NaN,
        "Interest Income": 15461000.0,
        "Normalized Income": NaN,
        "Net Income From Continuing And Discontinued Operation": NaN,
        "Total Expenses": NaN,
        "Total Operating Income As Reported": NaN,
        "Diluted Average Shares": NaN,
        "Basic Average Shares": NaN,
        "Diluted EPS": NaN,
        "Basic EPS": NaN,
        "Diluted NI Availto Com Stockholders": NaN,
        "Average Dilution Earnings": NaN,
        "Net Income Common Stockholders": NaN,
        "Otherunder Preferred Stock Dividend": NaN,
        "Net Income": NaN,
        "Minority Interests": 0.0,
        "Net Income Including Noncontrolling Interests": NaN,
        "Net Income Continuous Operations": NaN,
        "Tax Provision": NaN,
        "Pretax Income": NaN,
        "Other Income Expense": 15461000.0,
        "Other Non Operating Income Expenses": 15461000.0,
        "Net Non Operating Interest Income Expense": NaN,
        "Interest Expense Non Operating": NaN,
        "Interest Income Non Operating": 15461000.0,
        "Operating Income": NaN,
        "Operating Expense": NaN,
        "Research And Development": NaN,
        "Selling General And Administration": NaN,
        "Selling And Marketing Expense": NaN,
        "General And Administrative Expense": NaN,
        "Other Gand A": NaN,
        "Gross Profit": NaN,
        "Cost Of Revenue": NaN,
        "Total Revenue": NaN,
        "Operating Revenue": NaN
    },
    "2023-09-30": {
        "Tax Effect Of Unusual Items": NaN,
        "Tax Rate For Calcs": NaN,
        "Normalized EBITDA": NaN,
        "Total Unusual Items": NaN,
        "Total Unusual Items Excluding Goodwill": NaN,
        "Net Income From Continuing Operation Net Minority Interest": NaN,
        "Reconciled Depreciation": NaN,
        "Reconciled Cost Of Revenue": NaN,
        "EBITDA": NaN,
        "EBIT": NaN,
        "Net Interest Income": NaN,
        "Interest Expense": NaN,
        "Interest Income": 1490000.0,
        "Normalized Income": NaN,
        "Net Income From Continuing And Discontinued Operation": NaN,
        "Total Expenses": NaN,
        "Total Operating Income As Reported": NaN,
        "Diluted Average Shares": NaN,
        "Basic Average Shares": NaN,
        "Diluted EPS": NaN,
        "Basic EPS": NaN,
        "Diluted NI Availto Com Stockholders": NaN,
        "Average Dilution Earnings": NaN,
        "Net Income Common Stockholders": NaN,
        "Otherunder Preferred Stock Dividend": NaN,
        "Net Income": NaN,
        "Minority Interests": 0.0,
        "Net Income Including Noncontrolling Interests": NaN,
        "Net Income Continuous Operations": NaN,
        "Tax Provision": NaN,
        "Pretax Income": NaN,
        "Other Income Expense": NaN,
        "Other Non Operating Income Expenses": NaN,
        "Special Income Charges": NaN,
        "Impairment Of Capital Assets": NaN,
        "Net Non Operating Interest Income Expense": NaN,
        "Interest Expense Non Operating": NaN,
        "Interest Income Non Operating": 1490000.0,
        "Operating Income": NaN,
        "Operating Expense": NaN,
        "Research And Development": NaN,
        "Selling General And Administration": NaN,
        "Selling And Marketing Expense": NaN,
        "General And Administrative Expense": NaN,
        "Other Gand A": NaN,
        "Gross Profit": NaN,
        "Cost Of Revenue": NaN,
        "Total Revenue": NaN,
        "Operating Revenue": NaN
    },
    "2023-12-31": {
        "Tax Effect Of Unusual Items": NaN,
        "Tax Rate For Calcs": NaN,
        "Normalized EBITDA": NaN,
        "Total Unusual Items": NaN,
        "Total Unusual Items Excluding Goodwill": NaN,
        "Net Income From Continuing Operation Net Minority Interest": NaN,
        "Reconciled Depreciation": NaN,
        "Reconciled Cost Of Revenue": NaN,
        "EBITDA": NaN,
        "EBIT": NaN,
        "Net Interest Income": NaN,
        "Interest Expense": NaN,
        "Interest Income": NaN,
        "Normalized Income": NaN,
        "Net Income From Continuing And Discontinued Operation": NaN,
        "Total Expenses": NaN,
        "Total Operating Income As Reported": NaN,
        "Diluted Average Shares": NaN,
        "Basic Average Shares": NaN,
        "Diluted EPS": NaN,
        "Basic EPS": NaN,
        "Diluted NI Availto Com Stockholders": NaN,
        "Average Dilution Earnings": NaN,
        "Net Income Common Stockholders": NaN,
        "Otherunder Preferred Stock Dividend": NaN,
        "Net Income": NaN,
        "Minority Interests": 0.0,
        "Net Income Including Noncontrolling Interests": NaN,
        "Net Income Discontinuous Operations": NaN,
        "Net Income Continuous Operations": NaN,
        "Tax Provision": NaN,
        "Pretax Income": NaN,
        "Other Income Expense": NaN,
        "Other Non Operating Income Expenses": NaN,
        "Special Income Charges": NaN,
        "Impairment Of Capital Assets": NaN,
        "Net Non Operating Interest Income Expense": NaN,
        "Interest Expense Non Operating": NaN,
        "Interest Income Non Operating": NaN,
        "Operating Income": NaN,
        "Operating Expense": NaN,
        "Research And Development": NaN,
        "Selling General And Administration": NaN,
        "Selling And Marketing Expense": NaN,
        "General And Administrative Expense": NaN,
        "Other Gand A": NaN,
        "Gross Profit": NaN,
        "Cost Of Revenue": NaN,
        "Total Revenue": NaN,
        "Operating Revenue": NaN
    },
    "2024-03-31": {
        "Tax Effect Of Unusual Items": NaN,
        "Tax Rate For Calcs": NaN,
        "Normalized EBITDA": NaN,
        "Total Unusual Items": NaN,
        "Total Unusual Items Excluding Goodwill": NaN,
        "Net Income From Continuing Operation Net Minority Interest": NaN,
        "Reconciled Depreciation": NaN,
        "Reconciled Cost Of Revenue": NaN,
        "EBITDA": NaN,
        "EBIT": NaN,
        "Net Interest Income": NaN,
        "Interest Expense": NaN,
        "Interest Income": NaN,
        "Normalized Income": NaN,
        "Net Income From Continuing And Discontinued Operation": NaN,
        "Total Expenses": NaN,
        "Total Operating Income As Reported": NaN,
        "Diluted Average Shares": NaN,
        "Basic Average Shares": NaN,
        "Diluted EPS": NaN,
        "Basic EPS": NaN,
        "Diluted NI Availto Com Stockholders": NaN,
        "Average Dilution Earnings": NaN,
        "Net Income Common Stockholders": NaN,
        "Otherunder Preferred Stock Dividend": NaN,
        "Net Income": NaN,
        "Net Income Including Noncontrolling Interests": NaN,
        "Net Income Discontinuous Operations": NaN,
        "Net Income Continuous Operations": NaN,
        "Tax Provision": NaN,
        "Pretax Income": NaN,
        "Other Income Expense": 2568000.0,
        "Other Non Operating Income Expenses": 2568000.0,
        "Special Income Charges": NaN,
        "Impairment Of Capital Assets": NaN,
        "Net Non Operating Interest Income Expense": NaN,
        "Interest Expense Non Operating": NaN,
        "Interest Income Non Operating": NaN,
        "Operating Income": NaN,
        "Operating Expense": NaN,
        "Research And Development": NaN,
        "Selling General And Administration": NaN,
        "Selling And Marketing Expense": NaN,
        "General And Administrative Expense": NaN,
        "Other Gand A": NaN,
        "Gross Profit": NaN,
        "Cost Of Revenue": NaN,
        "Total Revenue": NaN,
        "Operating Revenue": NaN
    },
    "2024-06-30": {
        "Tax Effect Of Unusual Items": NaN,
        "Tax Rate For Calcs": NaN,
        "Normalized EBITDA": NaN,
        "Total Unusual Items": NaN,
        "Total Unusual Items Excluding Goodwill": NaN,
        "Net Income From Continuing Operation Net Minority Interest": NaN,
        "Reconciled Depreciation": NaN,
        "Reconciled Cost Of Revenue": NaN,
        "EBITDA": NaN,
        "EBIT": NaN,
        "Net Interest Income": NaN,
        "Interest Expense": NaN,
        "Interest Income": NaN,
        "Normalized Income": NaN,
        "Net Income From Continuing And Discontinued Operation": NaN,
        "Total Expenses": NaN,
        "Total Operating Income As Reported": NaN,
        "Diluted Average Shares": NaN,
        "Basic Average Shares": NaN,
        "Diluted EPS": NaN,
        "Basic EPS": NaN,
        "Diluted NI Availto Com Stockholders": NaN,
        "Average Dilution Earnings": NaN,
        "Net Income Common Stockholders": NaN,
        "Otherunder Preferred Stock Dividend": NaN,
        "Net Income": NaN,
        "Net Income Including Noncontrolling Interests": NaN,
        "Net Income Discontinuous Operations": 8987000.0,
        "Net Income Continuous Operations": NaN,
        "Tax Provision": NaN,
        "Pretax Income": NaN,
        "Other Income Expense": 7872000.0,
        "Other Non Operating Income Expenses": 7872000.0,
        "Special Income Charges": NaN,
        "Impairment Of Capital Assets": NaN,
        "Net Non Operating Interest Income Expense": NaN,
        "Interest Expense Non Operating": NaN,
        "Interest Income Non Operating": NaN,
        "Operating Income": NaN,
        "Operating Expense": NaN,
        "Research And Development": NaN,
        "Selling General And Administration": NaN,
        "Selling And Marketing Expense": NaN,
        "General And Administrative Expense": NaN,
        "Other Gand A": NaN,
        "Gross Profit": NaN,
        "Cost Of Revenue": NaN,
        "Total Revenue": NaN,
        "Operating Revenue": NaN
    },
    "2024-09-30": {
        "Tax Effect Of Unusual Items": 0.0,
        "Tax Rate For Calcs": 0.074094,
        "Normalized EBITDA": 642301000.0,
        "Total Unusual Items": NaN,
        "Total Unusual Items Excluding Goodwill": NaN,
        "Net Income From Continuing Operation Net Minority Interest": 433073000.0,
        "Reconciled Depreciation": 99635000.0,
        "Reconciled Cost Of Revenue": 120919000.0,
        "EBITDA": 642301000.0,
        "EBIT": 542666000.0,
        "Net Interest Income": -74937000.0,
        "Interest Expense": 74937000.0,
        "Interest Income": 7948000.0,
        "Normalized Income": 433073000.0,
        "Net Income From Continuing And Discontinued Operation": 434420000.0,
        "Total Expenses": 300887000.0,
        "Total Operating Income As Reported": 534299000.0,
        "Diluted Average Shares": 348225000.0,
        "Basic Average Shares": 336931000.0,
        "Diluted EPS": 1.25,
        "Basic EPS": 1.29,
        "Diluted NI Availto Com Stockholders": 434314000.0,
        "Average Dilution Earnings": 4000.0,
        "Net Income Common Stockholders": 434310000.0,
        "Otherunder Preferred Stock Dividend": 110000.0,
        "Net Income": 434420000.0,
        "Net Income Including Noncontrolling Interests": 434420000.0,
        "Net Income Discontinuous Operations": NaN,
        "Net Income Continuous Operations": 433073000.0,
        "Tax Provision": 34656000.0,
        "Pretax Income": 467729000.0,
        "Other Income Expense": NaN,
        "Other Non Operating Income Expenses": NaN,
        "Special Income Charges": NaN,
        "Impairment Of Capital Assets": NaN,
        "Net Non Operating Interest Income Expense": -74937000.0,
        "Interest Expense Non Operating": 74937000.0,
        "Interest Income Non Operating": 7948000.0,
        "Operating Income": 534299000.0,
        "Operating Expense": 179968000.0,
        "Research And Development": 80776000.0,
        "Selling General And Administration": 99192000.0,
        "Selling And Marketing Expense": 62984000.0,
        "General And Administrative Expense": 36208000.0,
        "Other Gand A": 36208000.0,
        "Gross Profit": 714267000.0,
        "Cost Of Revenue": 120919000.0,
        "Total Revenue": 835186000.0,
        "Operating Revenue": 835186000.0
    },
    "2024-12-31": {
        "Tax Effect Of Unusual Items": 0.0,
        "Tax Rate For Calcs": 0.21,
        "Normalized EBITDA": 737160000.0,
        "Total Unusual Items": NaN,
        "Total Unusual Items Excluding Goodwill": NaN,
        "Net Income From Continuing Operation Net Minority Interest": 599204000.0,
        "Reconciled Depreciation": 127837000.0,
        "Reconciled Cost Of Revenue": 320452000.0,
        "EBITDA": 737160000.0,
        "EBIT": 609323000.0,
        "Net Interest Income": -113662000.0,
        "Interest Expense": 94199000.0,
        "Interest Income": NaN,
        "Normalized Income": 599204000.0,
        "Net Income From Continuing And Discontinued Operation": 599204000.0,
        "Total Expenses": 764799000.0,
        "Total Operating Income As Reported": 607980000.0,
        "Diluted Average Shares": 346423848.0,
        "Basic Average Shares": 339168374.0,
        "Diluted EPS": 1.73,
        "Basic EPS": 1.77,
        "Diluted NI Availto Com Stockholders": 598669000.0,
        "Average Dilution Earnings": 10000.0,
        "Net Income Common Stockholders": 598659000.0,
        "Otherunder Preferred Stock Dividend": 545000.0,
        "Net Income": 599204000.0,
        "Net Income Including Noncontrolling Interests": 599204000.0,
        "Net Income Discontinuous Operations": NaN,
        "Net Income Continuous Operations": 599204000.0,
        "Tax Provision": -84080000.0,
        "Pretax Income": 515124000.0,
        "Other Income Expense": NaN,
        "Other Non Operating Income Expenses": NaN,
        "Special Income Charges": NaN,
        "Impairment Of Capital Assets": NaN,
        "Net Non Operating Interest Income Expense": -113662000.0,
        "Interest Expense Non Operating": 94199000.0,
        "Interest Income Non Operating": NaN,
        "Operating Income": 607980000.0,
        "Operating Expense": 444347000.0,
        "Research And Development": 169480000.0,
        "Selling General And Administration": 274867000.0,
        "Selling And Marketing Expense": 214662000.0,
        "General And Administrative Expense": 60205000.0,
        "Other Gand A": 60205000.0,
        "Gross Profit": 1052327000.0,
        "Cost Of Revenue": 320452000.0,
        "Total Revenue": 1372779000.0,
        "Operating Revenue": 1372779000.0
    },
    "2025-03-31": {
        "Tax Effect Of Unusual Items": -12824966.647477,
        "Tax Rate For Calcs": 0.067877,
        "Normalized EBITDA": 940112000.0,
        "Total Unusual Items": -188943000.0,
        "Total Unusual Items Excluding Goodwill": -188943000.0,
        "Net Income From Continuing Operation Net Minority Interest": 576419000.0,
        "Reconciled Depreciation": 79887000.0,
        "Reconciled Cost Of Revenue": 271232000.0,
        "EBITDA": 751169000.0,
        "EBIT": 671282000.0,
        "Net Interest Income": -52888000.0,
        "Interest Expense": 52888000.0,
        "Interest Income": NaN,
        "Normalized Income": 752537033.352523,
        "Net Income From Continuing And Discontinued Operation": 576419000.0,
        "Total Expenses": 631607000.0,
        "Total Operating Income As Reported": 663471000.0,
        "Diluted Average Shares": 344877542.0,
        "Basic Average Shares": 339837238.0,
        "Diluted EPS": 1.67,
        "Basic EPS": 1.7,
        "Diluted NI Availto Com Stockholders": 576277000.0,
        "Average Dilution Earnings": 2000.0,
        "Net Income Common Stockholders": 576275000.0,
        "Otherunder Preferred Stock Dividend": 144000.0,
        "Net Income": 576419000.0,
        "Net Income Including Noncontrolling Interests": 576419000.0,
        "Net Income Discontinuous Operations": NaN,
        "Net Income Continuous Operations": 576419000.0,
        "Tax Provision": 41975000.0,
        "Pretax Income": 618394000.0,
        "Other Income Expense": -181132000.0,
        "Other Non Operating Income Expenses": 7811000.0,
        "Special Income Charges": -188943000.0,
        "Impairment Of Capital Assets": 188943000.0,
        "Net Non Operating Interest Income Expense": -52888000.0,
        "Interest Expense Non Operating": 52888000.0,
        "Interest Income Non Operating": NaN,
        "Operating Income": 852414000.0,
        "Operating Expense": 360375000.0,
        "Research And Development": 122918000.0,
        "Selling General And Administration": 237457000.0,
        "Selling And Marketing Expense": 182956000.0,
        "General And Administrative Expense": 54501000.0,
        "Other Gand A": 54501000.0,
        "Gross Profit": 1212789000.0,
        "Cost Of Revenue": 271232000.0,
        "Total Revenue": 1484021000.0,
        "Operating Revenue": 1484021000.0
    },
    "2025-06-30": {
        "Tax Effect Of Unusual Items": 0.0,
        "Tax Rate For Calcs": 0.126864,
        "Normalized EBITDA": 982466000.0,
        "Total Unusual Items": NaN,
        "Total Unusual Items Excluding Goodwill": NaN,
        "Net Income From Continuing Operation Net Minority Interest": 771856000.0,
        "Reconciled Depreciation": 47053000.0,
        "Reconciled Cost Of Revenue": 155076000.0,
        "EBITDA": 982466000.0,
        "EBIT": 935413000.0,
        "Net Interest Income": -51409000.0,
        "Interest Expense": 51409000.0,
        "Interest Income": NaN,
        "Normalized Income": 771856000.0,
        "Net Income From Continuing And Discontinued Operation": 819531000.0,
        "Total Expenses": 301072000.0,
        "Total Operating Income As Reported": 957682000.0,
        "Diluted Average Shares": 342194433.0,
        "Basic Average Shares": 338617184.0,
        "Diluted EPS": 2.39,
        "Basic EPS": 2.42,
        "Diluted NI Availto Com Stockholders": 819327000.0,
        "Average Dilution Earnings": 2000.0,
        "Net Income Common Stockholders": 819325000.0,
        "Otherunder Preferred Stock Dividend": 206000.0,
        "Net Income": 819531000.0,
        "Net Income Including Noncontrolling Interests": 819531000.0,
        "Net Income Discontinuous Operations": 47675000.0,
        "Net Income Continuous Operations": 771856000.0,
        "Tax Provision": 112148000.0,
        "Pretax Income": 884004000.0,
        "Other Income Expense": -22269000.0,
        "Other Non Operating Income Expenses": -22269000.0,
        "Special Income Charges": NaN,
        "Impairment Of Capital Assets": NaN,
        "Net Non Operating Interest Income Expense": -51409000.0,
        "Interest Expense Non Operating": 51409000.0,
        "Interest Income Non Operating": NaN,
        "Operating Income": 957682000.0,
        "Operating Expense": 145996000.0,
        "Research And Development": 44032000.0,
        "Selling General And Administration": 101964000.0,
        "Selling And Marketing Expense": 46917000.0,
        "General And Administrative Expense": 55047000.0,
        "Other Gand A": 55047000.0,
        "Gross Profit": 1103678000.0,
        "Cost Of Revenue": 155076000.0,
        "Total Revenue": 1258754000.0,
        "Operating Revenue": 1258754000.0
    },
    "2025-09-30": {
        "Tax Effect Of Unusual Items": 0.0,
        "Tax Rate For Calcs": 0.181597,
        "Normalized EBITDA": 1107477000.0,
        "Total Unusual Items": NaN,
        "Total Unusual Items Excluding Goodwill": NaN,
        "Net Income From Continuing Operation Net Minority Interest": 835545000.0,
        "Reconciled Depreciation": 35102000.0,
        "Reconciled Cost Of Revenue": 174855000.0,
        "EBITDA": 1107477000.0,
        "EBIT": 1072375000.0,
        "Net Interest Income": -51429000.0,
        "Interest Expense": 51429000.0,
        "Interest Income": NaN,
        "Normalized Income": 835545000.0,
        "Net Income From Continuing And Discontinued Operation": 835545000.0,
        "Total Expenses": 326038000.0,
        "Total Operating Income As Reported": 1079007000.0,
        "Diluted Average Shares": 340974000.0,
        "Basic Average Shares": 338531000.0,
        "Diluted EPS": 2.45,
        "Basic EPS": 2.47,
        "Diluted NI Availto Com Stockholders": 835495000.0,
        "Average Dilution Earnings": 0.0,
        "Net Income Common Stockholders": 835495000.0,
        "Otherunder Preferred Stock Dividend": 50000.0,
        "Net Income": 835545000.0,
        "Net Income Including Noncontrolling Interests": 835545000.0,
        "Net Income Discontinuous Operations": 0.0,
        "Net Income Continuous Operations": 835545000.0,
        "Tax Provision": 185401000.0,
        "Pretax Income": 1020946000.0,
        "Other Income Expense": -6632000.0,
        "Other Non Operating Income Expenses": -6632000.0,
        "Special Income Charges": NaN,
        "Impairment Of Capital Assets": NaN,
        "Net Non Operating Interest Income Expense": -51429000.0,
        "Interest Expense Non Operating": 51429000.0,
        "Interest Income Non Operating": NaN,
        "Operating Income": 1079007000.0,
        "Operating Expense": 151183000.0,
        "Research And Development": 43852000.0,
        "Selling General And Administration": 107331000.0,
        "Selling And Marketing Expense": 48575000.0,
        "General And Administrative Expense": 58756000.0,
        "Other Gand A": 58756000.0,
        "Gross Profit": 1230190000.0,
        "Cost Of Revenue": 174855000.0,
        "Total Revenue": 1405045000.0,
        "Operating Revenue": 1405045000.0
    }
}