{
    "2023-06-30": {
        "Tax Effect Of Unusual Items": NaN,
        "Tax Rate For Calcs": NaN,
        "Normalized EBITDA": NaN,
        "Net Income From Continuing Operation Net Minority Interest": NaN,
        "Reconciled Depreciation": NaN,
        "Reconciled Cost Of Revenue": NaN,
        "EBITDA": NaN,
        "EBIT": NaN,
        "Net Interest Income": NaN,
        "Interest Income": NaN,
        "Normalized Income": NaN,
        "Net Income From Continuing And Discontinued Operation": NaN,
        "Total Expenses": NaN,
        "Total Operating Income As Reported": NaN,
        "Diluted Average Shares": NaN,
        "Basic Average Shares": NaN,
        "Diluted EPS": NaN,
        "Basic EPS": NaN,
        "Diluted NI Availto Com Stockholders": NaN,
        "Net Income Common Stockholders": NaN,
        "Otherunder Preferred Stock Dividend": NaN,
        "Net Income": NaN,
        "Net Income Including Noncontrolling Interests": NaN,
        "Net Income Continuous Operations": NaN,
        "Tax Provision": NaN,
        "Pretax Income": NaN,
        "Other Income Expense": -54000.0,
        "Other Non Operating Income Expenses": -54000.0,
        "Net Non Operating Interest Income Expense": NaN,
        "Interest Income Non Operating": NaN,
        "Operating Income": NaN,
        "Operating Expense": NaN,
        "Depreciation Amortization Depletion Income Statement": NaN,
        "Depreciation And Amortization In Income Statement": NaN,
        "Research And Development": NaN,
        "Selling General And Administration": NaN,
        "Selling And Marketing Expense": NaN,
        "General And Administrative Expense": NaN,
        "Other Gand A": NaN,
        "Gross Profit": NaN,
        "Cost Of Revenue": NaN,
        "Total Revenue": NaN,
        "Operating Revenue": NaN
    },
    "2023-03-31": {
        "Tax Effect Of Unusual Items": NaN,
        "Tax Rate For Calcs": NaN,
        "Normalized EBITDA": NaN,
        "Net Income From Continuing Operation Net Minority Interest": NaN,
        "Reconciled Depreciation": NaN,
        "Reconciled Cost Of Revenue": NaN,
        "EBITDA": NaN,
        "EBIT": NaN,
        "Net Interest Income": NaN,
        "Interest Income": NaN,
        "Normalized Income": NaN,
        "Net Income From Continuing And Discontinued Operation": NaN,
        "Total Expenses": NaN,
        "Total Operating Income As Reported": NaN,
        "Diluted Average Shares": NaN,
        "Basic Average Shares": NaN,
        "Diluted EPS": NaN,
        "Basic EPS": NaN,
        "Diluted NI Availto Com Stockholders": NaN,
        "Net Income Common Stockholders": NaN,
        "Otherunder Preferred Stock Dividend": 0.0,
        "Net Income": NaN,
        "Net Income Including Noncontrolling Interests": NaN,
        "Net Income Continuous Operations": NaN,
        "Tax Provision": NaN,
        "Pretax Income": NaN,
        "Other Income Expense": 20000.0,
        "Other Non Operating Income Expenses": 20000.0,
        "Net Non Operating Interest Income Expense": NaN,
        "Interest Income Non Operating": NaN,
        "Operating Income": NaN,
        "Operating Expense": NaN,
        "Depreciation Amortization Depletion Income Statement": NaN,
        "Depreciation And Amortization In Income Statement": NaN,
        "Research And Development": NaN,
        "Selling General And Administration": NaN,
        "Selling And Marketing Expense": NaN,
        "General And Administrative Expense": NaN,
        "Other Gand A": NaN,
        "Gross Profit": NaN,
        "Cost Of Revenue": NaN,
        "Total Revenue": NaN,
        "Operating Revenue": NaN
    },
    "2022-12-31": {
        "Tax Effect Of Unusual Items": NaN,
        "Tax Rate For Calcs": NaN,
        "Normalized EBITDA": NaN,
        "Net Income From Continuing Operation Net Minority Interest": NaN,
        "Reconciled Depreciation": NaN,
        "Reconciled Cost Of Revenue": NaN,
        "EBITDA": NaN,
        "EBIT": NaN,
        "Net Interest Income": NaN,
        "Interest Income": NaN,
        "Normalized Income": NaN,
        "Net Income From Continuing And Discontinued Operation": NaN,
        "Total Expenses": NaN,
        "Total Operating Income As Reported": NaN,
        "Diluted Average Shares": NaN,
        "Basic Average Shares": NaN,
        "Diluted EPS": NaN,
        "Basic EPS": NaN,
        "Diluted NI Availto Com Stockholders": NaN,
        "Net Income Common Stockholders": NaN,
        "Otherunder Preferred Stock Dividend": NaN,
        "Net Income": NaN,
        "Net Income Including Noncontrolling Interests": NaN,
        "Net Income Continuous Operations": NaN,
        "Tax Provision": NaN,
        "Pretax Income": NaN,
        "Other Income Expense": 213000.0,
        "Other Non Operating Income Expenses": 213000.0,
        "Net Non Operating Interest Income Expense": NaN,
        "Interest Income Non Operating": NaN,
        "Operating Income": NaN,
        "Operating Expense": NaN,
        "Depreciation Amortization Depletion Income Statement": NaN,
        "Depreciation And Amortization In Income Statement": NaN,
        "Research And Development": NaN,
        "Selling General And Administration": NaN,
        "Selling And Marketing Expense": NaN,
        "General And Administrative Expense": NaN,
        "Other Gand A": NaN,
        "Gross Profit": NaN,
        "Cost Of Revenue": NaN,
        "Total Revenue": NaN,
        "Operating Revenue": NaN
    },
    "2022-09-30": {
        "Tax Effect Of Unusual Items": NaN,
        "Tax Rate For Calcs": NaN,
        "Normalized EBITDA": NaN,
        "Net Income From Continuing Operation Net Minority Interest": NaN,
        "Reconciled Depreciation": NaN,
        "Reconciled Cost Of Revenue": NaN,
        "EBITDA": NaN,
        "EBIT": NaN,
        "Net Interest Income": NaN,
        "Interest Income": NaN,
        "Normalized Income": NaN,
        "Net Income From Continuing And Discontinued Operation": NaN,
        "Total Expenses": NaN,
        "Total Operating Income As Reported": NaN,
        "Diluted Average Shares": NaN,
        "Basic Average Shares": NaN,
        "Diluted EPS": NaN,
        "Basic EPS": NaN,
        "Diluted NI Availto Com Stockholders": NaN,
        "Net Income Common Stockholders": NaN,
        "Otherunder Preferred Stock Dividend": 0.0,
        "Net Income": NaN,
        "Net Income Including Noncontrolling Interests": NaN,
        "Net Income Continuous Operations": NaN,
        "Tax Provision": NaN,
        "Pretax Income": NaN,
        "Other Income Expense": NaN,
        "Other Non Operating Income Expenses": NaN,
        "Net Non Operating Interest Income Expense": NaN,
        "Interest Income Non Operating": NaN,
        "Operating Income": NaN,
        "Operating Expense": NaN,
        "Depreciation Amortization Depletion Income Statement": NaN,
        "Depreciation And Amortization In Income Statement": NaN,
        "Research And Development": NaN,
        "Selling General And Administration": NaN,
        "Selling And Marketing Expense": NaN,
        "General And Administrative Expense": NaN,
        "Other Gand A": NaN,
        "Gross Profit": NaN,
        "Cost Of Revenue": NaN,
        "Total Revenue": NaN,
        "Operating Revenue": NaN
    },
    "2022-06-30": {
        "Tax Effect Of Unusual Items": 0.0,
        "Tax Rate For Calcs": 0.4,
        "Normalized EBITDA": -21249000.0,
        "Net Income From Continuing Operation Net Minority Interest": -29970000.0,
        "Reconciled Depreciation": 8681000.0,
        "Reconciled Cost Of Revenue": 47070000.0,
        "EBITDA": -21249000.0,
        "EBIT": -29930000.0,
        "Net Interest Income": 151000.0,
        "Interest Income": 151000.0,
        "Normalized Income": -29970000.0,
        "Net Income From Continuing And Discontinued Operation": -29970000.0,
        "Total Expenses": 147380000.0,
        "Total Operating Income As Reported": -29930000.0,
        "Diluted Average Shares": 34927000.0,
        "Basic Average Shares": 34927000.0,
        "Diluted EPS": -0.86,
        "Basic EPS": -0.86,
        "Diluted NI Availto Com Stockholders": -29970000.0,
        "Net Income Common Stockholders": -29970000.0,
        "Net Income": -29970000.0,
        "Net Income Including Noncontrolling Interests": -29970000.0,
        "Net Income Continuous Operations": -29970000.0,
        "Tax Provision": 236000.0,
        "Pretax Income": -29734000.0,
        "Other Income Expense": 45000.0,
        "Other Non Operating Income Expenses": 45000.0,
        "Net Non Operating Interest Income Expense": 151000.0,
        "Interest Income Non Operating": 151000.0,
        "Operating Income": -29930000.0,
        "Operating Expense": 99950000.0,
        "Depreciation Amortization Depletion Income Statement": 8321000.0,
        "Depreciation And Amortization In Income Statement": 8321000.0,
        "Research And Development": 26687000.0,
        "Selling General And Administration": 64942000.0,
        "Selling And Marketing Expense": 26995000.0,
        "General And Administrative Expense": 37947000.0,
        "Other Gand A": 37947000.0,
        "Gross Profit": 70020000.0,
        "Cost Of Revenue": 47430000.0,
        "Total Revenue": 117450000.0,
        "Operating Revenue": 117450000.0
    },
    "2022-03-31": {
        "Diluted EPS": -0.41,
        "Total Revenue": 105,
        "Gross Profit": 62,
        "Operating Income": -15,
        "EBIT": -6,
        "Net Income": -14
    },
    "2021-12-31": {
        "Diluted EPS": -0.04,
        "Total Revenue": 96,
        "Gross Profit": 57,
        "Operating Income": -7,
        "EBIT": 1,
        "Net Income": -1
    },
    "2021-09-30": {
        "Diluted EPS": -0.0,
        "Total Revenue": 96,
        "Gross Profit": 57,
        "Operating Income": 0,
        "EBIT": 8,
        "Net Income": 0
    },
    "2021-06-30": {
        "Diluted EPS": 0.06,
        "Total Revenue": 89,
        "Gross Profit": 56,
        "Operating Income": 1,
        "EBIT": 9,
        "Net Income": 2
    },
    "2021-03-31": {
        "Diluted EPS": 0.01,
        "Total Revenue": 79,
        "Gross Profit": 46,
        "Operating Income": -6,
        "EBIT": 2,
        "Net Income": 0
    },
    "2020-12-31": {
        "Diluted EPS": -0.02,
        "Total Revenue": 72,
        "Gross Profit": 43,
        "Operating Income": -3,
        "EBIT": 4,
        "Net Income": -1
    },
    "2020-09-30": {
        "Diluted EPS": 3.86,
        "Total Revenue": 84,
        "Gross Profit": 51,
        "Operating Income": 3,
        "EBIT": 11,
        "Net Income": 138
    },
    "2020-06-30": {
        "Diluted EPS": 0.54,
        "Total Revenue": 81,
        "Gross Profit": 54,
        "Operating Income": 6,
        "EBIT": 14,
        "Net Income": 19
    },
    "2020-03-31": {
        "Diluted EPS": 0.06,
        "Total Revenue": 72,
        "Gross Profit": 44,
        "Operating Income": 3,
        "EBIT": 10,
        "Net Income": 2
    },
    "2019-12-31": {
        "Diluted EPS": 0.12,
        "Total Revenue": 67,
        "Gross Profit": 41,
        "Operating Income": 0,
        "EBIT": 7,
        "Net Income": 4
    },
    "2019-09-30": {
        "Diluted EPS": 0.14,
        "Total Revenue": 68,
        "Gross Profit": 42,
        "Operating Income": 4,
        "EBIT": 11,
        "Net Income": 5
    },
    "2019-06-30": {
        "Diluted EPS": 0.65,
        "Total Revenue": 64,
        "Gross Profit": 38,
        "Operating Income": 2,
        "EBIT": 9,
        "Net Income": 23
    },
    "2019-03-31": {
        "Diluted EPS": 0.11,
        "Total Revenue": 57,
        "Gross Profit": 33,
        "Operating Income": 0,
        "EBIT": 6,
        "Net Income": 4
    },
    "2018-12-31": {
        "Diluted EPS": 0.07,
        "Total Revenue": 50,
        "Gross Profit": 30,
        "Operating Income": 3,
        "EBIT": 6,
        "Net Income": 3
    },
    "2018-09-30": {
        "Diluted EPS": 0.16,
        "Total Revenue": 50,
        "Gross Profit": 31,
        "Operating Income": 5,
        "EBIT": 9,
        "Net Income": 6
    },
    "2018-06-30": {
        "Diluted EPS": 0.21,
        "Total Revenue": 47,
        "Gross Profit": 30,
        "Operating Income": 7,
        "EBIT": 11,
        "Net Income": 7
    },
    "2018-03-31": {
        "Diluted EPS": 0.12,
        "Total Revenue": 42,
        "Gross Profit": 26,
        "Operating Income": 4,
        "EBIT": 8,
        "Net Income": 4
    },
    "2017-12-31": {
        "Diluted EPS": 0.08,
        "Total Revenue": 38,
        "Gross Profit": 23,
        "Operating Income": 2,
        "EBIT": 6,
        "Net Income": 3
    },
    "2017-09-30": {
        "Diluted EPS": 0.1,
        "Total Revenue": 38,
        "Gross Profit": 24,
        "Operating Income": 4,
        "EBIT": 7,
        "Net Income": 4
    },
    "2017-06-30": {
        "Diluted EPS": 0.08,
        "Total Revenue": 36,
        "Gross Profit": 22,
        "Operating Income": 3,
        "EBIT": 6,
        "Net Income": 3
    },
    "2017-03-31": {
        "Diluted EPS": 0.02,
        "Total Revenue": 32,
        "Gross Profit": 19,
        "Operating Income": 1,
        "EBIT": 4,
        "Net Income": 1
    },
    "2016-12-31": {
        "Diluted EPS": -0.04,
        "Total Revenue": 28,
        "Gross Profit": 17,
        "Operating Income": -1,
        "EBIT": 2,
        "Net Income": -1
    },
    "2016-09-30": {
        "Diluted EPS": -0.03,
        "Total Revenue": 28,
        "Gross Profit": 17,
        "Operating Income": -1,
        "EBIT": 1,
        "Net Income": -1
    },
    "2016-06-30": {
        "Diluted EPS": -0.07,
        "Total Revenue": 26,
        "Gross Profit": 15,
        "Operating Income": -2,
        "EBIT": 0,
        "Net Income": -2
    },
    "2016-03-31": {
        "Diluted EPS": -0.11,
        "Total Revenue": 23,
        "Gross Profit": 13,
        "Operating Income": -4,
        "EBIT": -1,
        "Net Income": -4
    },
    "2015-12-31": {
        "Diluted EPS": 0.18,
        "Total Revenue": 20,
        "Gross Profit": 11,
        "Operating Income": -4,
        "EBIT": -2,
        "Net Income": -4
    },
    "2015-09-30": {
        "Diluted EPS": -0.14,
        "Total Revenue": 20,
        "Gross Profit": 11,
        "Operating Income": -4,
        "EBIT": -2,
        "Net Income": -5
    },
    "2015-06-30": {
        "Diluted EPS": -0.36,
        "Total Revenue": 18,
        "Gross Profit": 10,
        "Operating Income": -3,
        "EBIT": -2,
        "Net Income": -3
    },
    "2015-03-31": {
        "Diluted EPS": -0.41,
        "Total Revenue": 16,
        "Gross Profit": 9,
        "Operating Income": -4,
        "EBIT": -2,
        "Net Income": -4
    },
    "2014-12-31": {
        "Diluted EPS": -0.52,
        "Total Revenue": 13,
        "Gross Profit": 7,
        "Operating Income": -5,
        "EBIT": -3,
        "Net Income": -5
    },
    "2014-09-30": {
        "Diluted EPS": -0.14,
        "Total Revenue": 13,
        "Gross Profit": 7,
        "Operating Income": -1,
        "EBIT": 0,
        "Net Income": -1
    },
    "2014-06-30": {
        "Diluted EPS": -0.18,
        "Total Revenue": 12,
        "Gross Profit": 6,
        "Operating Income": -2,
        "EBIT": -1,
        "Net Income": -2
    },
    "2014-03-31": {
        "Diluted EPS": -0.14,
        "Total Revenue": 10,
        "Gross Profit": 5,
        "Operating Income": -1,
        "EBIT": 0,
        "Net Income": -1
    },
    "2013-12-31": {
        "Diluted EPS": 0.0,
        "Total Revenue": NaN,
        "Gross Profit": NaN,
        "Operating Income": NaN,
        "EBIT": NaN,
        "Net Income": NaN
    },
    "2023-09-30": {
        "Tax Effect Of Unusual Items": NaN,
        "Tax Rate For Calcs": NaN,
        "Normalized EBITDA": NaN,
        "Net Income From Continuing Operation Net Minority Interest": NaN,
        "Reconciled Depreciation": NaN,
        "Reconciled Cost Of Revenue": NaN,
        "EBITDA": NaN,
        "EBIT": NaN,
        "Net Interest Income": NaN,
        "Interest Income": NaN,
        "Normalized Income": NaN,
        "Net Income From Continuing And Discontinued Operation": NaN,
        "Total Expenses": NaN,
        "Total Operating Income As Reported": NaN,
        "Diluted Average Shares": NaN,
        "Basic Average Shares": NaN,
        "Diluted EPS": NaN,
        "Basic EPS": NaN,
        "Diluted NI Availto Com Stockholders": NaN,
        "Net Income Common Stockholders": NaN,
        "Otherunder Preferred Stock Dividend": 5000.0,
        "Net Income": NaN,
        "Net Income Including Noncontrolling Interests": NaN,
        "Net Income Continuous Operations": NaN,
        "Tax Provision": NaN,
        "Pretax Income": NaN,
        "Other Income Expense": -249000.0,
        "Other Non Operating Income Expenses": -249000.0,
        "Net Non Operating Interest Income Expense": NaN,
        "Interest Income Non Operating": NaN,
        "Operating Income": NaN,
        "Operating Expense": NaN,
        "Depreciation Amortization Depletion Income Statement": NaN,
        "Depreciation And Amortization In Income Statement": NaN,
        "Research And Development": NaN,
        "Selling General And Administration": NaN,
        "Selling And Marketing Expense": NaN,
        "General And Administrative Expense": NaN,
        "Other Gand A": NaN,
        "Gross Profit": NaN,
        "Cost Of Revenue": NaN,
        "Total Revenue": NaN,
        "Operating Revenue": NaN
    },
    "2023-12-31": {
        "Tax Effect Of Unusual Items": NaN,
        "Tax Rate For Calcs": NaN,
        "Normalized EBITDA": NaN,
        "Net Income From Continuing Operation Net Minority Interest": NaN,
        "Reconciled Depreciation": NaN,
        "Reconciled Cost Of Revenue": NaN,
        "EBITDA": NaN,
        "EBIT": NaN,
        "Net Interest Income": NaN,
        "Interest Income": NaN,
        "Normalized Income": NaN,
        "Net Income From Continuing And Discontinued Operation": NaN,
        "Total Expenses": NaN,
        "Total Operating Income As Reported": NaN,
        "Diluted Average Shares": NaN,
        "Basic Average Shares": NaN,
        "Diluted EPS": NaN,
        "Basic EPS": NaN,
        "Diluted NI Availto Com Stockholders": NaN,
        "Net Income Common Stockholders": NaN,
        "Otherunder Preferred Stock Dividend": NaN,
        "Net Income": NaN,
        "Net Income Including Noncontrolling Interests": NaN,
        "Net Income Continuous Operations": NaN,
        "Tax Provision": NaN,
        "Pretax Income": NaN,
        "Other Income Expense": 286000.0,
        "Other Non Operating Income Expenses": 286000.0,
        "Net Non Operating Interest Income Expense": NaN,
        "Interest Income Non Operating": NaN,
        "Operating Income": NaN,
        "Operating Expense": NaN,
        "Depreciation Amortization Depletion Income Statement": NaN,
        "Depreciation And Amortization In Income Statement": NaN,
        "Research And Development": NaN,
        "Selling General And Administration": NaN,
        "Selling And Marketing Expense": NaN,
        "General And Administrative Expense": NaN,
        "Other Gand A": NaN,
        "Gross Profit": NaN,
        "Cost Of Revenue": NaN,
        "Total Revenue": NaN,
        "Operating Revenue": NaN
    },
    "2024-03-31": {
        "Tax Effect Of Unusual Items": NaN,
        "Tax Rate For Calcs": NaN,
        "Normalized EBITDA": NaN,
        "Net Income From Continuing Operation Net Minority Interest": NaN,
        "Reconciled Depreciation": NaN,
        "Reconciled Cost Of Revenue": NaN,
        "EBITDA": NaN,
        "EBIT": NaN,
        "Net Interest Income": NaN,
        "Interest Income": NaN,
        "Normalized Income": NaN,
        "Net Income From Continuing And Discontinued Operation": NaN,
        "Total Expenses": NaN,
        "Total Operating Income As Reported": NaN,
        "Diluted Average Shares": 36674000.0,
        "Basic Average Shares": 36087000.0,
        "Diluted EPS": 1.05,
        "Basic EPS": 1.07,
        "Diluted NI Availto Com Stockholders": NaN,
        "Net Income Common Stockholders": NaN,
        "Otherunder Preferred Stock Dividend": 5000.0,
        "Net Income": NaN,
        "Net Income Including Noncontrolling Interests": NaN,
        "Net Income Continuous Operations": NaN,
        "Tax Provision": NaN,
        "Pretax Income": NaN,
        "Other Income Expense": NaN,
        "Other Non Operating Income Expenses": NaN,
        "Net Non Operating Interest Income Expense": NaN,
        "Interest Income Non Operating": NaN,
        "Operating Income": NaN,
        "Operating Expense": NaN,
        "Depreciation Amortization Depletion Income Statement": NaN,
        "Depreciation And Amortization In Income Statement": NaN,
        "Research And Development": NaN,
        "Selling General And Administration": NaN,
        "Selling And Marketing Expense": NaN,
        "General And Administrative Expense": NaN,
        "Other Gand A": NaN,
        "Gross Profit": NaN,
        "Cost Of Revenue": NaN,
        "Total Revenue": NaN,
        "Operating Revenue": NaN
    },
    "2024-06-30": {
        "Tax Effect Of Unusual Items": 0.0,
        "Tax Rate For Calcs": 0.249,
        "Normalized EBITDA": 40698000.0,
        "Net Income From Continuing Operation Net Minority Interest": 29665000.0,
        "Reconciled Depreciation": 4211000.0,
        "Reconciled Cost Of Revenue": 70060000.0,
        "EBITDA": 40698000.0,
        "EBIT": 36028000.0,
        "Net Interest Income": 3476000.0,
        "Interest Income": 3476000.0,
        "Normalized Income": 29665000.0,
        "Net Income From Continuing And Discontinued Operation": 29665000.0,
        "Total Expenses": 161347000.0,
        "Total Operating Income As Reported": 36028000.0,
        "Diluted Average Shares": 36742000.0,
        "Basic Average Shares": 36241000.0,
        "Diluted EPS": 0.81,
        "Basic EPS": 0.82,
        "Diluted NI Availto Com Stockholders": 29665000.0,
        "Net Income Common Stockholders": 29665000.0,
        "Otherunder Preferred Stock Dividend": NaN,
        "Net Income": 29665000.0,
        "Net Income Including Noncontrolling Interests": 29665000.0,
        "Net Income Continuous Operations": 29665000.0,
        "Tax Provision": 9839000.0,
        "Pretax Income": 39504000.0,
        "Other Income Expense": NaN,
        "Other Non Operating Income Expenses": NaN,
        "Net Non Operating Interest Income Expense": 3476000.0,
        "Interest Income Non Operating": 3476000.0,
        "Operating Income": 36028000.0,
        "Operating Expense": 91746000.0,
        "Depreciation Amortization Depletion Income Statement": 4670000.0,
        "Depreciation And Amortization In Income Statement": 4670000.0,
        "Research And Development": 39522000.0,
        "Selling General And Administration": 47554000.0,
        "Selling And Marketing Expense": 27300000.0,
        "General And Administrative Expense": 20254000.0,
        "Other Gand A": 20254000.0,
        "Gross Profit": 127774000.0,
        "Cost Of Revenue": 69601000.0,
        "Total Revenue": 197375000.0,
        "Operating Revenue": 195644000.0
    },
    "2024-09-30": {
        "Tax Effect Of Unusual Items": 0.0,
        "Tax Rate For Calcs": 0.291,
        "Normalized EBITDA": 46968000.0,
        "Net Income From Continuing Operation Net Minority Interest": 33006000.0,
        "Reconciled Depreciation": 4400000.0,
        "Reconciled Cost Of Revenue": 71558000.0,
        "EBITDA": 46968000.0,
        "EBIT": 42568000.0,
        "Net Interest Income": 4014000.0,
        "Interest Income": 4014000.0,
        "Normalized Income": 33006000.0,
        "Net Income From Continuing And Discontinued Operation": 33006000.0,
        "Total Expenses": 163165000.0,
        "Total Operating Income As Reported": 42568000.0,
        "Diluted Average Shares": 36756000.0,
        "Basic Average Shares": 36306000.0,
        "Diluted EPS": 0.9,
        "Basic EPS": 0.91,
        "Diluted NI Availto Com Stockholders": 33006000.0,
        "Net Income Common Stockholders": 33006000.0,
        "Otherunder Preferred Stock Dividend": 0.0,
        "Net Income": 33006000.0,
        "Net Income Including Noncontrolling Interests": 33006000.0,
        "Net Income Continuous Operations": 33006000.0,
        "Tax Provision": 13576000.0,
        "Pretax Income": 46582000.0,
        "Other Income Expense": NaN,
        "Other Non Operating Income Expenses": NaN,
        "Net Non Operating Interest Income Expense": 4014000.0,
        "Interest Income Non Operating": 4014000.0,
        "Operating Income": 42568000.0,
        "Operating Expense": 91534000.0,
        "Depreciation Amortization Depletion Income Statement": 4327000.0,
        "Depreciation And Amortization In Income Statement": 4327000.0,
        "Research And Development": 40662000.0,
        "Selling General And Administration": 46545000.0,
        "Selling And Marketing Expense": 25406000.0,
        "General And Administrative Expense": 21139000.0,
        "Other Gand A": 21139000.0,
        "Gross Profit": 134102000.0,
        "Cost Of Revenue": 71631000.0,
        "Total Revenue": 205733000.0,
        "Operating Revenue": 203756000.0
    },
    "2024-12-31": {
        "Tax Effect Of Unusual Items": 0.0,
        "Tax Rate For Calcs": 0.21,
        "Normalized EBITDA": 28433000.0,
        "Net Income From Continuing Operation Net Minority Interest": 102734000.0,
        "Reconciled Depreciation": 5475000.0,
        "Reconciled Cost Of Revenue": 76050000.0,
        "EBITDA": 28433000.0,
        "EBIT": 22958000.0,
        "Net Interest Income": 3499000.0,
        "Interest Income": 3499000.0,
        "Normalized Income": 102734000.0,
        "Net Income From Continuing And Discontinued Operation": 102734000.0,
        "Total Expenses": 180706000.0,
        "Total Operating Income As Reported": 22958000.0,
        "Diluted Average Shares": 36783000.0,
        "Basic Average Shares": 36374000.0,
        "Diluted EPS": 2.79,
        "Basic EPS": 2.82,
        "Diluted NI Availto Com Stockholders": 102730000.0,
        "Net Income Common Stockholders": 102730000.0,
        "Otherunder Preferred Stock Dividend": 4000.0,
        "Net Income": 102734000.0,
        "Net Income Including Noncontrolling Interests": 102734000.0,
        "Net Income Continuous Operations": 102734000.0,
        "Tax Provision": -75580000.0,
        "Pretax Income": 27154000.0,
        "Other Income Expense": NaN,
        "Other Non Operating Income Expenses": NaN,
        "Net Non Operating Interest Income Expense": 3499000.0,
        "Interest Income Non Operating": 3499000.0,
        "Operating Income": 22958000.0,
        "Operating Expense": 104517000.0,
        "Depreciation Amortization Depletion Income Statement": 5336000.0,
        "Depreciation And Amortization In Income Statement": 5336000.0,
        "Research And Development": 42296000.0,
        "Selling General And Administration": 56885000.0,
        "Selling And Marketing Expense": 33436000.0,
        "General And Administrative Expense": 23449000.0,
        "Other Gand A": 23449000.0,
        "Gross Profit": 127475000.0,
        "Cost Of Revenue": 76189000.0,
        "Total Revenue": 203664000.0,
        "Operating Revenue": 200965000.0
    },
    "2025-03-31": {
        "Tax Effect Of Unusual Items": 0.0,
        "Tax Rate For Calcs": 0.147,
        "Normalized EBITDA": 40539000.0,
        "Net Income From Continuing Operation Net Minority Interest": 31383000.0,
        "Reconciled Depreciation": 6756000.0,
        "Reconciled Cost Of Revenue": 78997000.0,
        "EBITDA": 40539000.0,
        "EBIT": 33783000.0,
        "Net Interest Income": 2953000.0,
        "Interest Income": 2953000.0,
        "Normalized Income": 31383000.0,
        "Net Income From Continuing And Discontinued Operation": 31383000.0,
        "Total Expenses": 183919000.0,
        "Total Operating Income As Reported": 33783000.0,
        "Diluted Average Shares": 36648000.0,
        "Basic Average Shares": 36302000.0,
        "Diluted EPS": 0.86,
        "Basic EPS": 0.86,
        "Diluted NI Availto Com Stockholders": 31383000.0,
        "Net Income Common Stockholders": 31383000.0,
        "Otherunder Preferred Stock Dividend": 0.0,
        "Net Income": 31383000.0,
        "Net Income Including Noncontrolling Interests": 31383000.0,
        "Net Income Continuous Operations": 31383000.0,
        "Tax Provision": 5409000.0,
        "Pretax Income": 36792000.0,
        "Other Income Expense": 56000.0,
        "Other Non Operating Income Expenses": 56000.0,
        "Net Non Operating Interest Income Expense": 2953000.0,
        "Interest Income Non Operating": 2953000.0,
        "Operating Income": 33783000.0,
        "Operating Expense": 104421000.0,
        "Depreciation Amortization Depletion Income Statement": 6255000.0,
        "Depreciation And Amortization In Income Statement": 6255000.0,
        "Research And Development": 43758000.0,
        "Selling General And Administration": 54408000.0,
        "Selling And Marketing Expense": 31057000.0,
        "General And Administrative Expense": 23351000.0,
        "Other Gand A": 23351000.0,
        "Gross Profit": 138204000.0,
        "Cost Of Revenue": 79498000.0,
        "Total Revenue": 217702000.0,
        "Operating Revenue": 214219000.0
    },
    "2025-06-30": {
        "Tax Effect Of Unusual Items": 0.0,
        "Tax Rate For Calcs": 0.14266,
        "Normalized EBITDA": 46869000.0,
        "Net Income From Continuing Operation Net Minority Interest": 35980000.0,
        "Reconciled Depreciation": 6357000.0,
        "Reconciled Cost Of Revenue": 83320000.0,
        "EBITDA": 46869000.0,
        "EBIT": 40512000.0,
        "Net Interest Income": 1466000.0,
        "Interest Income": 1466000.0,
        "Normalized Income": 35980000.0,
        "Net Income From Continuing And Discontinued Operation": 35980000.0,
        "Total Expenses": 195063000.0,
        "Total Operating Income As Reported": 40512000.0,
        "Diluted Average Shares": NaN,
        "Basic Average Shares": NaN,
        "Diluted EPS": NaN,
        "Basic EPS": NaN,
        "Diluted NI Availto Com Stockholders": 35980000.0,
        "Net Income Common Stockholders": 35980000.0,
        "Otherunder Preferred Stock Dividend": 0.0,
        "Net Income": 35980000.0,
        "Net Income Including Noncontrolling Interests": 35980000.0,
        "Net Income Continuous Operations": 35980000.0,
        "Tax Provision": 5987000.0,
        "Pretax Income": 41967000.0,
        "Other Income Expense": -11000.0,
        "Other Non Operating Income Expenses": -11000.0,
        "Net Non Operating Interest Income Expense": 1466000.0,
        "Interest Income Non Operating": 1466000.0,
        "Operating Income": 40512000.0,
        "Operating Expense": 111236000.0,
        "Depreciation Amortization Depletion Income Statement": 5850000.0,
        "Depreciation And Amortization In Income Statement": 5850000.0,
        "Research And Development": 46674000.0,
        "Selling General And Administration": 58712000.0,
        "Selling And Marketing Expense": 36776000.0,
        "General And Administrative Expense": 21936000.0,
        "Other Gand A": 21936000.0,
        "Gross Profit": 151748000.0,
        "Cost Of Revenue": 83827000.0,
        "Total Revenue": 235575000.0,
        "Operating Revenue": 232618000.0
    }
}