{
    "2023-03-31": {
        "Tax Effect Of Unusual Items": NaN,
        "Tax Rate For Calcs": NaN,
        "Normalized EBITDA": NaN,
        "Total Unusual Items": NaN,
        "Total Unusual Items Excluding Goodwill": NaN,
        "Net Income From Continuing Operation Net Minority Interest": NaN,
        "Reconciled Depreciation": NaN,
        "Reconciled Cost Of Revenue": NaN,
        "EBITDA": NaN,
        "EBIT": NaN,
        "Net Interest Income": NaN,
        "Interest Expense": NaN,
        "Interest Income": NaN,
        "Normalized Income": NaN,
        "Net Income From Continuing And Discontinued Operation": NaN,
        "Total Expenses": NaN,
        "Total Operating Income As Reported": NaN,
        "Diluted Average Shares": NaN,
        "Basic Average Shares": NaN,
        "Diluted EPS": NaN,
        "Basic EPS": NaN,
        "Diluted NI Availto Com Stockholders": NaN,
        "Net Income Common Stockholders": NaN,
        "Preferred Stock Dividends": NaN,
        "Net Income": NaN,
        "Minority Interests": NaN,
        "Net Income Including Noncontrolling Interests": NaN,
        "Net Income Discontinuous Operations": NaN,
        "Net Income Continuous Operations": NaN,
        "Tax Provision": NaN,
        "Pretax Income": NaN,
        "Other Income Expense": NaN,
        "Other Non Operating Income Expenses": NaN,
        "Special Income Charges": NaN,
        "Gain On Sale Of Ppe": 0.0,
        "Gain On Sale Of Business": NaN,
        "Write Off": NaN,
        "Restructuring And Mergern Acquisition": NaN,
        "Earnings From Equity Interest": NaN,
        "Gain On Sale Of Security": NaN,
        "Net Non Operating Interest Income Expense": NaN,
        "Total Other Finance Cost": NaN,
        "Interest Expense Non Operating": NaN,
        "Interest Income Non Operating": NaN,
        "Operating Income": NaN,
        "Operating Expense": NaN,
        "Other Operating Expenses": NaN,
        "Depreciation Amortization Depletion Income Statement": NaN,
        "Depreciation And Amortization In Income Statement": NaN,
        "Selling General And Administration": NaN,
        "General And Administrative Expense": NaN,
        "Other Gand A": 17833000.0,
        "Salaries And Wages": NaN,
        "Gross Profit": NaN,
        "Cost Of Revenue": NaN,
        "Total Revenue": NaN,
        "Operating Revenue": NaN
    },
    "2022-12-31": {
        "Tax Effect Of Unusual Items": NaN,
        "Tax Rate For Calcs": NaN,
        "Normalized EBITDA": NaN,
        "Total Unusual Items": NaN,
        "Total Unusual Items Excluding Goodwill": NaN,
        "Net Income From Continuing Operation Net Minority Interest": NaN,
        "Reconciled Depreciation": NaN,
        "Reconciled Cost Of Revenue": NaN,
        "EBITDA": NaN,
        "EBIT": NaN,
        "Net Interest Income": NaN,
        "Interest Expense": NaN,
        "Interest Income": NaN,
        "Normalized Income": NaN,
        "Net Income From Continuing And Discontinued Operation": NaN,
        "Total Expenses": NaN,
        "Total Operating Income As Reported": NaN,
        "Diluted Average Shares": NaN,
        "Basic Average Shares": NaN,
        "Diluted EPS": NaN,
        "Basic EPS": NaN,
        "Diluted NI Availto Com Stockholders": NaN,
        "Net Income Common Stockholders": NaN,
        "Preferred Stock Dividends": NaN,
        "Net Income": NaN,
        "Minority Interests": NaN,
        "Net Income Including Noncontrolling Interests": NaN,
        "Net Income Continuous Operations": NaN,
        "Tax Provision": NaN,
        "Pretax Income": NaN,
        "Other Income Expense": NaN,
        "Other Non Operating Income Expenses": NaN,
        "Special Income Charges": NaN,
        "Gain On Sale Of Ppe": 62828000.0,
        "Gain On Sale Of Business": NaN,
        "Write Off": NaN,
        "Restructuring And Mergern Acquisition": NaN,
        "Earnings From Equity Interest": NaN,
        "Gain On Sale Of Security": NaN,
        "Net Non Operating Interest Income Expense": NaN,
        "Total Other Finance Cost": NaN,
        "Interest Expense Non Operating": NaN,
        "Interest Income Non Operating": NaN,
        "Operating Income": NaN,
        "Operating Expense": NaN,
        "Other Operating Expenses": NaN,
        "Depreciation Amortization Depletion Income Statement": NaN,
        "Depreciation And Amortization In Income Statement": NaN,
        "Selling General And Administration": NaN,
        "General And Administrative Expense": NaN,
        "Other Gand A": 19228000.0,
        "Salaries And Wages": NaN,
        "Gross Profit": NaN,
        "Cost Of Revenue": NaN,
        "Total Revenue": NaN,
        "Operating Revenue": NaN
    },
    "2022-09-30": {
        "Tax Effect Of Unusual Items": NaN,
        "Tax Rate For Calcs": NaN,
        "Normalized EBITDA": NaN,
        "Total Unusual Items": NaN,
        "Total Unusual Items Excluding Goodwill": NaN,
        "Net Income From Continuing Operation Net Minority Interest": NaN,
        "Reconciled Depreciation": NaN,
        "Reconciled Cost Of Revenue": NaN,
        "EBITDA": NaN,
        "EBIT": NaN,
        "Net Interest Income": NaN,
        "Interest Expense": NaN,
        "Interest Income": NaN,
        "Normalized Income": NaN,
        "Net Income From Continuing And Discontinued Operation": NaN,
        "Total Expenses": NaN,
        "Total Operating Income As Reported": NaN,
        "Diluted Average Shares": 678623606.0,
        "Basic Average Shares": 678623606.0,
        "Diluted EPS": -0.29,
        "Basic EPS": -0.29,
        "Diluted NI Availto Com Stockholders": NaN,
        "Net Income Common Stockholders": NaN,
        "Preferred Stock Dividends": NaN,
        "Net Income": NaN,
        "Minority Interests": NaN,
        "Net Income Including Noncontrolling Interests": NaN,
        "Net Income Continuous Operations": NaN,
        "Tax Provision": NaN,
        "Pretax Income": NaN,
        "Other Income Expense": NaN,
        "Other Non Operating Income Expenses": NaN,
        "Special Income Charges": NaN,
        "Gain On Sale Of Ppe": NaN,
        "Gain On Sale Of Business": 0.0,
        "Write Off": 0.0,
        "Restructuring And Mergern Acquisition": NaN,
        "Earnings From Equity Interest": NaN,
        "Gain On Sale Of Security": NaN,
        "Net Non Operating Interest Income Expense": NaN,
        "Total Other Finance Cost": NaN,
        "Interest Expense Non Operating": NaN,
        "Interest Income Non Operating": NaN,
        "Operating Income": NaN,
        "Operating Expense": NaN,
        "Other Operating Expenses": NaN,
        "Depreciation Amortization Depletion Income Statement": NaN,
        "Depreciation And Amortization In Income Statement": NaN,
        "Selling General And Administration": NaN,
        "General And Administrative Expense": NaN,
        "Other Gand A": NaN,
        "Salaries And Wages": NaN,
        "Gross Profit": NaN,
        "Cost Of Revenue": NaN,
        "Total Revenue": NaN,
        "Operating Revenue": NaN
    },
    "2022-06-30": {
        "Tax Effect Of Unusual Items": -42874505.220751,
        "Tax Rate For Calcs": 0.268014,
        "Normalized EBITDA": 251950000.0,
        "Total Unusual Items": -159971000.0,
        "Total Unusual Items Excluding Goodwill": -159971000.0,
        "Net Income From Continuing Operation Net Minority Interest": -33387000.0,
        "Reconciled Depreciation": 112547000.0,
        "Reconciled Cost Of Revenue": 170954000.0,
        "EBITDA": 91979000.0,
        "EBIT": -20568000.0,
        "Net Interest Income": -31513000.0,
        "Interest Expense": 64573000.0,
        "Interest Income": 33060000.0,
        "Normalized Income": 83709494.779249,
        "Net Income From Continuing And Discontinued Operation": -33387000.0,
        "Total Expenses": 512196000.0,
        "Total Operating Income As Reported": 109857000.0,
        "Diluted Average Shares": 674742897.0,
        "Basic Average Shares": 674742897.0,
        "Diluted EPS": -0.05,
        "Basic EPS": -0.05,
        "Diluted NI Availto Com Stockholders": -35607000.0,
        "Net Income Common Stockholders": -35607000.0,
        "Preferred Stock Dividends": 2220000.0,
        "Net Income": -33387000.0,
        "Minority Interests": 28935000.0,
        "Net Income Including Noncontrolling Interests": -62322000.0,
        "Net Income Continuous Operations": -62322000.0,
        "Tax Provision": -22819000.0,
        "Pretax Income": -85141000.0,
        "Other Income Expense": -165691000.0,
        "Other Non Operating Income Expenses": -2802000.0,
        "Special Income Charges": -5850000.0,
        "Gain On Sale Of Ppe": 0.0,
        "Restructuring And Mergern Acquisition": 5850000.0,
        "Earnings From Equity Interest": -2918000.0,
        "Gain On Sale Of Security": -154121000.0,
        "Net Non Operating Interest Income Expense": -31513000.0,
        "Total Other Finance Cost": NaN,
        "Interest Expense Non Operating": 64573000.0,
        "Interest Income Non Operating": 33060000.0,
        "Operating Income": 112063000.0,
        "Operating Expense": 341242000.0,
        "Other Operating Expenses": 206330000.0,
        "Depreciation Amortization Depletion Income Statement": 112547000.0,
        "Depreciation And Amortization In Income Statement": 112547000.0,
        "Selling General And Administration": 22365000.0,
        "General And Administrative Expense": 22365000.0,
        "Other Gand A": 20107000.0,
        "Salaries And Wages": 2258000.0,
        "Gross Profit": 453305000.0,
        "Cost Of Revenue": 170954000.0,
        "Total Revenue": 624259000.0,
        "Operating Revenue": 604110000.0
    },
    "2022-03-31": {
        "Diluted EPS": 0.13,
        "Total Revenue": 733,
        "Gross Profit": 274,
        "Operating Income": 137,
        "EBIT": 257,
        "Net Income": 89
    },
    "2021-12-31": {
        "Diluted EPS": 0.28,
        "Total Revenue": 584,
        "Gross Profit": 228,
        "Operating Income": 128,
        "EBIT": 239,
        "Net Income": 173
    },
    "2021-09-30": {
        "Diluted EPS": -0.05,
        "Total Revenue": 529,
        "Gross Profit": 227,
        "Operating Income": 114,
        "EBIT": 210,
        "Net Income": -30
    },
    "2021-06-30": {
        "Diluted EPS": 0.16,
        "Total Revenue": 528,
        "Gross Profit": 202,
        "Operating Income": 85,
        "EBIT": 184,
        "Net Income": 101
    },
    "2021-03-31": {
        "Diluted EPS": 0.02,
        "Total Revenue": 635,
        "Gross Profit": 201,
        "Operating Income": 86,
        "EBIT": 184,
        "Net Income": 12
    },
    "2020-12-31": {
        "Diluted EPS": 0.88,
        "Total Revenue": 492,
        "Gross Profit": 215,
        "Operating Income": 110,
        "EBIT": 198,
        "Net Income": 502
    },
    "2020-09-30": {
        "Diluted EPS": 0.09,
        "Total Revenue": 376,
        "Gross Profit": 180,
        "Operating Income": 95,
        "EBIT": 167,
        "Net Income": 54
    },
    "2020-06-30": {
        "Diluted EPS": 0.53,
        "Total Revenue": 344,
        "Gross Profit": 153,
        "Operating Income": 59,
        "EBIT": 135,
        "Net Income": 284
    },
    "2020-03-31": {
        "Diluted EPS": -0.13,
        "Total Revenue": 465,
        "Gross Profit": 211,
        "Operating Income": 120,
        "EBIT": 199,
        "Net Income": -66
    },
    "2019-12-31": {
        "Diluted EPS": 0.33,
        "Total Revenue": 440,
        "Gross Profit": 200,
        "Operating Income": 104,
        "EBIT": 182,
        "Net Income": 170
    },
    "2019-09-30": {
        "Diluted EPS": 0.23,
        "Total Revenue": 366,
        "Gross Profit": 164,
        "Operating Income": 84,
        "EBIT": 150,
        "Net Income": 114
    },
    "2019-06-30": {
        "Diluted EPS": 0.31,
        "Total Revenue": 344,
        "Gross Profit": 147,
        "Operating Income": 62,
        "EBIT": 132,
        "Net Income": 155
    },
    "2019-03-31": {
        "Diluted EPS": 0.17,
        "Total Revenue": 477,
        "Gross Profit": 200,
        "Operating Income": 116,
        "EBIT": 187,
        "Net Income": 84
    },
    "2018-12-31": {
        "Diluted EPS": 0.08,
        "Total Revenue": 421,
        "Gross Profit": 178,
        "Operating Income": 98,
        "EBIT": 162,
        "Net Income": 42
    },
    "2018-09-30": {
        "Diluted EPS": 0.12,
        "Total Revenue": 366,
        "Gross Profit": 160,
        "Operating Income": 85,
        "EBIT": 148,
        "Net Income": 56
    },
    "2018-06-30": {
        "Diluted EPS": 0.14,
        "Total Revenue": 366,
        "Gross Profit": 152,
        "Operating Income": 75,
        "EBIT": 140,
        "Net Income": 63
    },
    "2018-03-31": {
        "Diluted EPS": 0.04,
        "Total Revenue": 495,
        "Gross Profit": 201,
        "Operating Income": 120,
        "EBIT": 189,
        "Net Income": 16
    },
    "2017-12-31": {
        "Diluted EPS": 0.11,
        "Total Revenue": 409,
        "Gross Profit": 187,
        "Operating Income": 101,
        "EBIT": 166,
        "Net Income": 45
    },
    "2017-09-30": {
        "Diluted EPS": 0.12,
        "Total Revenue": 354,
        "Gross Profit": 159,
        "Operating Income": 88,
        "EBIT": 152,
        "Net Income": 46
    },
    "2017-06-30": {
        "Diluted EPS": 0.09,
        "Total Revenue": 337,
        "Gross Profit": 145,
        "Operating Income": 73,
        "EBIT": 133,
        "Net Income": 33
    },
    "2017-03-31": {
        "Diluted EPS": 0.05,
        "Total Revenue": 422,
        "Gross Profit": 188,
        "Operating Income": 114,
        "EBIT": 182,
        "Net Income": 17
    },
    "2016-12-31": {
        "Diluted EPS": 0.13,
        "Total Revenue": 236,
        "Gross Profit": 100,
        "Operating Income": 50,
        "EBIT": 89,
        "Net Income": 33
    },
    "2016-09-30": {
        "Diluted EPS": 0.04,
        "Total Revenue": 170,
        "Gross Profit": 72,
        "Operating Income": 35,
        "EBIT": 66,
        "Net Income": 12
    },
    "2016-06-30": {
        "Diluted EPS": 0.06,
        "Total Revenue": 173,
        "Gross Profit": 76,
        "Operating Income": 31,
        "EBIT": 72,
        "Net Income": 17
    },
    "2016-03-31": {
        "Diluted EPS": 0.1,
        "Total Revenue": 249,
        "Gross Profit": 105,
        "Operating Income": 61,
        "EBIT": 99,
        "Net Income": 29
    },
    "2015-12-31": {
        "Diluted EPS": 0.1,
        "Total Revenue": 195,
        "Gross Profit": 83,
        "Operating Income": 43,
        "EBIT": 78,
        "Net Income": 28
    },
    "2015-09-30": {
        "Diluted EPS": 0.04,
        "Total Revenue": 145,
        "Gross Profit": 55,
        "Operating Income": 22,
        "EBIT": 51,
        "Net Income": 13
    },
    "2015-06-30": {
        "Diluted EPS": 0.06,
        "Total Revenue": 160,
        "Gross Profit": 65,
        "Operating Income": 29,
        "EBIT": 57,
        "Net Income": 16
    },
    "2015-03-31": {
        "Diluted EPS": 0.13,
        "Total Revenue": 317,
        "Gross Profit": 100,
        "Operating Income": 62,
        "EBIT": 89,
        "Net Income": 36
    },
    "2014-12-31": {
        "Diluted EPS": 0.09,
        "Total Revenue": 203,
        "Gross Profit": 48,
        "Operating Income": 13,
        "EBIT": 36,
        "Net Income": 25
    },
    "2014-09-30": {
        "Diluted EPS": -0.04,
        "Total Revenue": 134,
        "Gross Profit": 36,
        "Operating Income": 0,
        "EBIT": 29,
        "Net Income": -6
    },
    "2014-06-30": {
        "Diluted EPS": 0.06,
        "Total Revenue": 173,
        "Gross Profit": 59,
        "Operating Income": 28,
        "EBIT": 49,
        "Net Income": 13
    },
    "2014-03-31": {
        "Diluted EPS": 0.15,
        "Total Revenue": 316,
        "Gross Profit": 86,
        "Operating Income": 54,
        "EBIT": 80,
        "Net Income": 33
    },
    "2013-12-31": {
        "Diluted EPS": 0.07,
        "Total Revenue": 226,
        "Gross Profit": 96,
        "Operating Income": 67,
        "EBIT": 95,
        "Net Income": 14
    },
    "2013-09-30": {
        "Diluted EPS": 0.02,
        "Total Revenue": 123,
        "Gross Profit": 42,
        "Operating Income": 14,
        "EBIT": 37,
        "Net Income": 6
    },
    "2013-06-30": {
        "Diluted EPS": -0.09,
        "Total Revenue": 144,
        "Gross Profit": 51,
        "Operating Income": 21,
        "EBIT": 43,
        "Net Income": -18
    },
    "2013-03-31": {
        "Diluted EPS": 0.09,
        "Total Revenue": 196,
        "Gross Profit": 59,
        "Operating Income": 31,
        "EBIT": 55,
        "Net Income": 19
    },
    "2012-12-31": {
        "Diluted EPS": 0.04,
        "Total Revenue": 139,
        "Gross Profit": 139,
        "Operating Income": 139,
        "EBIT": 139,
        "Net Income": 6
    },
    "2023-06-30": {
        "Tax Effect Of Unusual Items": NaN,
        "Tax Rate For Calcs": NaN,
        "Normalized EBITDA": NaN,
        "Total Unusual Items": NaN,
        "Total Unusual Items Excluding Goodwill": NaN,
        "Net Income From Continuing Operation Net Minority Interest": NaN,
        "Reconciled Depreciation": NaN,
        "Reconciled Cost Of Revenue": NaN,
        "EBITDA": NaN,
        "EBIT": NaN,
        "Net Interest Income": NaN,
        "Interest Expense": NaN,
        "Interest Income": NaN,
        "Normalized Income": NaN,
        "Net Income From Continuing And Discontinued Operation": NaN,
        "Total Expenses": NaN,
        "Total Operating Income As Reported": NaN,
        "Diluted Average Shares": 687847010.0,
        "Basic Average Shares": 687847010.0,
        "Diluted EPS": -0.371174,
        "Basic EPS": -0.37,
        "Diluted NI Availto Com Stockholders": NaN,
        "Net Income Common Stockholders": NaN,
        "Preferred Stock Dividends": NaN,
        "Net Income": NaN,
        "Minority Interests": NaN,
        "Net Income Including Noncontrolling Interests": NaN,
        "Net Income Discontinuous Operations": NaN,
        "Net Income Continuous Operations": NaN,
        "Tax Provision": NaN,
        "Pretax Income": NaN,
        "Other Income Expense": NaN,
        "Other Non Operating Income Expenses": NaN,
        "Special Income Charges": NaN,
        "Gain On Sale Of Ppe": 0.0,
        "Gain On Sale Of Business": -5390000.0,
        "Write Off": NaN,
        "Restructuring And Mergern Acquisition": NaN,
        "Earnings From Equity Interest": NaN,
        "Gain On Sale Of Security": NaN,
        "Net Non Operating Interest Income Expense": NaN,
        "Total Other Finance Cost": NaN,
        "Interest Expense Non Operating": NaN,
        "Interest Income Non Operating": NaN,
        "Operating Income": NaN,
        "Operating Expense": NaN,
        "Other Operating Expenses": NaN,
        "Depreciation Amortization Depletion Income Statement": NaN,
        "Depreciation And Amortization In Income Statement": NaN,
        "Selling General And Administration": 5306000.0,
        "General And Administrative Expense": 5306000.0,
        "Other Gand A": 25692000.0,
        "Salaries And Wages": 5306000.0,
        "Gross Profit": NaN,
        "Cost Of Revenue": NaN,
        "Total Revenue": NaN,
        "Operating Revenue": NaN
    },
    "2023-09-30": {
        "Tax Effect Of Unusual Items": NaN,
        "Tax Rate For Calcs": NaN,
        "Normalized EBITDA": NaN,
        "Total Unusual Items": NaN,
        "Total Unusual Items Excluding Goodwill": NaN,
        "Net Income From Continuing Operation Net Minority Interest": NaN,
        "Reconciled Depreciation": NaN,
        "Reconciled Cost Of Revenue": NaN,
        "EBITDA": NaN,
        "EBIT": NaN,
        "Net Interest Income": NaN,
        "Interest Expense": NaN,
        "Interest Income": NaN,
        "Normalized Income": NaN,
        "Net Income From Continuing And Discontinued Operation": NaN,
        "Total Expenses": NaN,
        "Total Operating Income As Reported": NaN,
        "Diluted Average Shares": 689054669.0,
        "Basic Average Shares": 689054669.0,
        "Diluted EPS": -0.26,
        "Basic EPS": -0.26,
        "Diluted NI Availto Com Stockholders": NaN,
        "Net Income Common Stockholders": NaN,
        "Preferred Stock Dividends": NaN,
        "Net Income": NaN,
        "Minority Interests": NaN,
        "Net Income Including Noncontrolling Interests": NaN,
        "Net Income Discontinuous Operations": -13008000.0,
        "Net Income Continuous Operations": NaN,
        "Tax Provision": NaN,
        "Pretax Income": NaN,
        "Other Income Expense": NaN,
        "Other Non Operating Income Expenses": NaN,
        "Special Income Charges": NaN,
        "Gain On Sale Of Ppe": 0.0,
        "Gain On Sale Of Business": -2167000.0,
        "Write Off": 63495000.0,
        "Restructuring And Mergern Acquisition": NaN,
        "Earnings From Equity Interest": NaN,
        "Gain On Sale Of Security": NaN,
        "Net Non Operating Interest Income Expense": NaN,
        "Total Other Finance Cost": NaN,
        "Interest Expense Non Operating": NaN,
        "Interest Income Non Operating": NaN,
        "Operating Income": NaN,
        "Operating Expense": NaN,
        "Other Operating Expenses": NaN,
        "Depreciation Amortization Depletion Income Statement": NaN,
        "Depreciation And Amortization In Income Statement": NaN,
        "Selling General And Administration": 32733000.0,
        "General And Administrative Expense": 32733000.0,
        "Other Gand A": 27836000.0,
        "Salaries And Wages": 4897000.0,
        "Gross Profit": NaN,
        "Cost Of Revenue": NaN,
        "Total Revenue": NaN,
        "Operating Revenue": NaN
    },
    "2023-12-31": {
        "Tax Effect Of Unusual Items": NaN,
        "Tax Rate For Calcs": NaN,
        "Normalized EBITDA": NaN,
        "Total Unusual Items": NaN,
        "Total Unusual Items Excluding Goodwill": NaN,
        "Net Income From Continuing Operation Net Minority Interest": NaN,
        "Reconciled Depreciation": NaN,
        "Reconciled Cost Of Revenue": NaN,
        "EBITDA": NaN,
        "EBIT": NaN,
        "Net Interest Income": NaN,
        "Interest Expense": NaN,
        "Interest Income": NaN,
        "Normalized Income": NaN,
        "Net Income From Continuing And Discontinued Operation": NaN,
        "Total Expenses": NaN,
        "Total Operating Income As Reported": NaN,
        "Diluted Average Shares": NaN,
        "Basic Average Shares": NaN,
        "Diluted EPS": NaN,
        "Basic EPS": NaN,
        "Diluted NI Availto Com Stockholders": NaN,
        "Net Income Common Stockholders": NaN,
        "Preferred Stock Dividends": NaN,
        "Net Income": NaN,
        "Minority Interests": NaN,
        "Net Income Including Noncontrolling Interests": NaN,
        "Net Income Discontinuous Operations": NaN,
        "Net Income Continuous Operations": NaN,
        "Tax Provision": NaN,
        "Pretax Income": NaN,
        "Other Income Expense": NaN,
        "Other Non Operating Income Expenses": NaN,
        "Special Income Charges": NaN,
        "Gain On Sale Of Ppe": 0.0,
        "Gain On Sale Of Business": -4949000.0,
        "Write Off": 0.0,
        "Restructuring And Mergern Acquisition": NaN,
        "Earnings From Equity Interest": NaN,
        "Gain On Sale Of Security": NaN,
        "Net Non Operating Interest Income Expense": NaN,
        "Total Other Finance Cost": NaN,
        "Interest Expense Non Operating": NaN,
        "Interest Income Non Operating": NaN,
        "Operating Income": NaN,
        "Operating Expense": NaN,
        "Other Operating Expenses": NaN,
        "Depreciation Amortization Depletion Income Statement": NaN,
        "Depreciation And Amortization In Income Statement": NaN,
        "Selling General And Administration": 18998000.0,
        "General And Administrative Expense": 18998000.0,
        "Other Gand A": 18998000.0,
        "Salaries And Wages": 4775000.0,
        "Gross Profit": NaN,
        "Cost Of Revenue": NaN,
        "Total Revenue": NaN,
        "Operating Revenue": NaN
    },
    "2024-03-31": {
        "Tax Effect Of Unusual Items": NaN,
        "Tax Rate For Calcs": NaN,
        "Normalized EBITDA": NaN,
        "Total Unusual Items": NaN,
        "Total Unusual Items Excluding Goodwill": NaN,
        "Net Income From Continuing Operation Net Minority Interest": NaN,
        "Reconciled Depreciation": NaN,
        "Reconciled Cost Of Revenue": NaN,
        "EBITDA": NaN,
        "EBIT": NaN,
        "Net Interest Income": NaN,
        "Interest Expense": NaN,
        "Interest Income": NaN,
        "Normalized Income": NaN,
        "Net Income From Continuing And Discontinued Operation": NaN,
        "Total Expenses": NaN,
        "Total Operating Income As Reported": NaN,
        "Diluted Average Shares": NaN,
        "Basic Average Shares": NaN,
        "Diluted EPS": NaN,
        "Basic EPS": NaN,
        "Diluted NI Availto Com Stockholders": NaN,
        "Net Income Common Stockholders": NaN,
        "Preferred Stock Dividends": NaN,
        "Net Income": NaN,
        "Minority Interests": NaN,
        "Net Income Including Noncontrolling Interests": NaN,
        "Net Income Discontinuous Operations": NaN,
        "Net Income Continuous Operations": NaN,
        "Tax Provision": NaN,
        "Pretax Income": NaN,
        "Other Income Expense": NaN,
        "Other Non Operating Income Expenses": NaN,
        "Special Income Charges": NaN,
        "Gain On Sale Of Business": -5909000.0,
        "Write Off": NaN,
        "Restructuring And Mergern Acquisition": NaN,
        "Earnings From Equity Interest": NaN,
        "Gain On Sale Of Security": NaN,
        "Net Non Operating Interest Income Expense": NaN,
        "Total Other Finance Cost": NaN,
        "Interest Expense Non Operating": NaN,
        "Interest Income Non Operating": NaN,
        "Operating Income": NaN,
        "Operating Expense": NaN,
        "Other Operating Expenses": NaN,
        "Depreciation Amortization Depletion Income Statement": NaN,
        "Depreciation And Amortization In Income Statement": NaN,
        "Selling General And Administration": 3438000.0,
        "General And Administrative Expense": 3438000.0,
        "Salaries And Wages": 3438000.0,
        "Gross Profit": NaN,
        "Cost Of Revenue": NaN,
        "Total Revenue": NaN,
        "Operating Revenue": NaN
    },
    "2024-06-30": {
        "Tax Effect Of Unusual Items": NaN,
        "Tax Rate For Calcs": NaN,
        "Normalized EBITDA": NaN,
        "Total Unusual Items": NaN,
        "Total Unusual Items Excluding Goodwill": NaN,
        "Net Income From Continuing Operation Net Minority Interest": NaN,
        "Reconciled Depreciation": NaN,
        "Reconciled Cost Of Revenue": NaN,
        "EBITDA": NaN,
        "EBIT": NaN,
        "Net Interest Income": NaN,
        "Interest Expense": NaN,
        "Interest Income": NaN,
        "Normalized Income": NaN,
        "Net Income From Continuing And Discontinued Operation": NaN,
        "Total Expenses": NaN,
        "Total Operating Income As Reported": NaN,
        "Diluted Average Shares": 703954285.0,
        "Basic Average Shares": 701593792.0,
        "Diluted EPS": 0.28,
        "Basic EPS": 0.28,
        "Diluted NI Availto Com Stockholders": NaN,
        "Net Income Common Stockholders": NaN,
        "Preferred Stock Dividends": NaN,
        "Net Income": NaN,
        "Minority Interests": NaN,
        "Net Income Including Noncontrolling Interests": NaN,
        "Net Income Discontinuous Operations": NaN,
        "Net Income Continuous Operations": NaN,
        "Tax Provision": NaN,
        "Pretax Income": NaN,
        "Other Income Expense": NaN,
        "Other Non Operating Income Expenses": NaN,
        "Special Income Charges": -6000000.0,
        "Gain On Sale Of Business": -5323000.0,
        "Write Off": NaN,
        "Restructuring And Mergern Acquisition": 6000000.0,
        "Earnings From Equity Interest": NaN,
        "Gain On Sale Of Security": NaN,
        "Net Non Operating Interest Income Expense": NaN,
        "Total Other Finance Cost": -21400000.0,
        "Interest Expense Non Operating": NaN,
        "Interest Income Non Operating": NaN,
        "Operating Income": NaN,
        "Operating Expense": NaN,
        "Other Operating Expenses": NaN,
        "Depreciation Amortization Depletion Income Statement": NaN,
        "Depreciation And Amortization In Income Statement": NaN,
        "Selling General And Administration": 3975000.0,
        "General And Administrative Expense": 3975000.0,
        "Salaries And Wages": 3975000.0,
        "Gross Profit": NaN,
        "Cost Of Revenue": NaN,
        "Total Revenue": NaN,
        "Operating Revenue": NaN
    },
    "2024-09-30": {
        "Tax Effect Of Unusual Items": 1238190.954774,
        "Tax Rate For Calcs": 0.160804,
        "Normalized EBITDA": 242100000.0,
        "Total Unusual Items": 7700000.0,
        "Total Unusual Items Excluding Goodwill": 7700000.0,
        "Net Income From Continuing Operation Net Minority Interest": 58300000.0,
        "Reconciled Depreciation": 110600000.0,
        "Reconciled Cost Of Revenue": 117200000.0,
        "EBITDA": 249800000.0,
        "EBIT": 139200000.0,
        "Net Interest Income": -89200000.0,
        "Interest Expense": 99400000.0,
        "Interest Income": 10200000.0,
        "Normalized Income": 51838190.954774,
        "Net Income From Continuing And Discontinued Operation": -1305700000.0,
        "Total Expenses": 455700000.0,
        "Total Operating Income As Reported": 111100000.0,
        "Diluted Average Shares": 769693186.0,
        "Basic Average Shares": 767236804.0,
        "Diluted EPS": -1.71,
        "Basic EPS": -1.71,
        "Diluted NI Availto Com Stockholders": -1308400000.0,
        "Net Income Common Stockholders": -1308400000.0,
        "Preferred Stock Dividends": 2700000.0,
        "Net Income": -1305700000.0,
        "Minority Interests": 24900000.0,
        "Net Income Including Noncontrolling Interests": -1330600000.0,
        "Net Income Discontinuous Operations": -1364000000.0,
        "Net Income Continuous Operations": 33400000.0,
        "Tax Provision": 6400000.0,
        "Pretax Income": 39800000.0,
        "Other Income Expense": 11500000.0,
        "Other Non Operating Income Expenses": 2700000.0,
        "Special Income Charges": -9500000.0,
        "Gain On Sale Of Business": NaN,
        "Write Off": 0.0,
        "Restructuring And Mergern Acquisition": 9500000.0,
        "Earnings From Equity Interest": 1100000.0,
        "Gain On Sale Of Security": 17200000.0,
        "Net Non Operating Interest Income Expense": -89200000.0,
        "Total Other Finance Cost": -1402000.0,
        "Interest Expense Non Operating": 99400000.0,
        "Interest Income Non Operating": 10200000.0,
        "Operating Income": 117500000.0,
        "Operating Expense": 327300000.0,
        "Other Operating Expenses": 227900000.0,
        "Depreciation Amortization Depletion Income Statement": 99400000.0,
        "Depreciation And Amortization In Income Statement": 99400000.0,
        "Selling General And Administration": NaN,
        "General And Administrative Expense": NaN,
        "Salaries And Wages": NaN,
        "Gross Profit": 444800000.0,
        "Cost Of Revenue": 128400000.0,
        "Total Revenue": 573200000.0,
        "Operating Revenue": 560300000.0
    },
    "2024-12-31": {
        "Tax Effect Of Unusual Items": 1431450.0,
        "Tax Rate For Calcs": 0.15,
        "Normalized EBITDA": 212115000.0,
        "Total Unusual Items": 9543000.0,
        "Total Unusual Items Excluding Goodwill": 9543000.0,
        "Net Income From Continuing Operation Net Minority Interest": -89664000.0,
        "Reconciled Depreciation": 99621000.0,
        "Reconciled Cost Of Revenue": 166395000.0,
        "EBITDA": 221658000.0,
        "EBIT": 122037000.0,
        "Net Interest Income": -88423000.0,
        "Interest Expense": 95768000.0,
        "Interest Income": 6682000.0,
        "Normalized Income": -97775550.0,
        "Net Income From Continuing And Discontinued Operation": -186438000.0,
        "Total Expenses": 479260000.0,
        "Total Operating Income As Reported": 105891000.0,
        "Diluted Average Shares": NaN,
        "Basic Average Shares": NaN,
        "Diluted EPS": NaN,
        "Basic EPS": NaN,
        "Diluted NI Availto Com Stockholders": -189117000.0,
        "Net Income Common Stockholders": -189117000.0,
        "Preferred Stock Dividends": 2679000.0,
        "Net Income": -186438000.0,
        "Minority Interests": 37591000.0,
        "Net Income Including Noncontrolling Interests": -224029000.0,
        "Net Income Discontinuous Operations": -96774000.0,
        "Net Income Continuous Operations": -127255000.0,
        "Tax Provision": 153524000.0,
        "Pretax Income": 26269000.0,
        "Other Income Expense": 9124000.0,
        "Other Non Operating Income Expenses": -1775000.0,
        "Special Income Charges": 0.0,
        "Gain On Sale Of Business": NaN,
        "Write Off": 0.0,
        "Restructuring And Mergern Acquisition": 0.0,
        "Earnings From Equity Interest": 1356000.0,
        "Gain On Sale Of Security": 9543000.0,
        "Net Non Operating Interest Income Expense": -88423000.0,
        "Total Other Finance Cost": -663000.0,
        "Interest Expense Non Operating": 95768000.0,
        "Interest Income Non Operating": 6682000.0,
        "Operating Income": 105568000.0,
        "Operating Expense": 312865000.0,
        "Other Operating Expenses": 213244000.0,
        "Depreciation Amortization Depletion Income Statement": 99621000.0,
        "Depreciation And Amortization In Income Statement": 99621000.0,
        "Selling General And Administration": NaN,
        "General And Administrative Expense": NaN,
        "Salaries And Wages": NaN,
        "Gross Profit": 418433000.0,
        "Cost Of Revenue": 166395000.0,
        "Total Revenue": 584828000.0,
        "Operating Revenue": 569218000.0
    },
    "2025-03-31": {
        "Tax Effect Of Unusual Items": -2258787.25591,
        "Tax Rate For Calcs": 0.203494,
        "Normalized EBITDA": 281500000.0,
        "Total Unusual Items": -11100000.0,
        "Total Unusual Items Excluding Goodwill": -11100000.0,
        "Net Income From Continuing Operation Net Minority Interest": 95400000.0,
        "Reconciled Depreciation": 95300000.0,
        "Reconciled Cost Of Revenue": 205000000.0,
        "EBITDA": 270400000.0,
        "EBIT": 175100000.0,
        "Net Interest Income": -71100000.0,
        "Interest Expense": 77800000.0,
        "Interest Income": 6000000.0,
        "Normalized Income": 104241212.74409,
        "Net Income From Continuing And Discontinued Operation": 96800000.0,
        "Total Expenses": 509600000.0,
        "Total Operating Income As Reported": 178900000.0,
        "Diluted Average Shares": 770623838.0,
        "Basic Average Shares": 767670571.0,
        "Diluted EPS": 0.12,
        "Basic EPS": 0.12,
        "Diluted NI Availto Com Stockholders": 94200000.0,
        "Net Income Common Stockholders": 94200000.0,
        "Preferred Stock Dividends": 2600000.0,
        "Net Income": 96800000.0,
        "Minority Interests": 17900000.0,
        "Net Income Including Noncontrolling Interests": 78900000.0,
        "Net Income Discontinuous Operations": 1400000.0,
        "Net Income Continuous Operations": 77500000.0,
        "Tax Provision": 19800000.0,
        "Pretax Income": 97300000.0,
        "Other Income Expense": -700000.0,
        "Other Non Operating Income Expenses": 7900000.0,
        "Special Income Charges": NaN,
        "Gain On Sale Of Business": NaN,
        "Write Off": NaN,
        "Restructuring And Mergern Acquisition": NaN,
        "Earnings From Equity Interest": 2500000.0,
        "Gain On Sale Of Security": -11100000.0,
        "Net Non Operating Interest Income Expense": -71100000.0,
        "Total Other Finance Cost": -700000.0,
        "Interest Expense Non Operating": 77800000.0,
        "Interest Income Non Operating": 6000000.0,
        "Operating Income": 182800000.0,
        "Operating Expense": 304600000.0,
        "Other Operating Expenses": 209300000.0,
        "Depreciation Amortization Depletion Income Statement": 95300000.0,
        "Depreciation And Amortization In Income Statement": 95300000.0,
        "Selling General And Administration": NaN,
        "General And Administrative Expense": NaN,
        "Salaries And Wages": NaN,
        "Gross Profit": 487400000.0,
        "Cost Of Revenue": 205000000.0,
        "Total Revenue": 692400000.0,
        "Operating Revenue": 677000000.0
    },
    "2025-06-30": {
        "Tax Effect Of Unusual Items": -3075000.0,
        "Tax Rate For Calcs": 0.15,
        "Normalized EBITDA": 211400000.0,
        "Total Unusual Items": -20500000.0,
        "Total Unusual Items Excluding Goodwill": -20500000.0,
        "Net Income From Continuing Operation Net Minority Interest": 17400000.0,
        "Reconciled Depreciation": 107000000.0,
        "Reconciled Cost Of Revenue": 124600000.0,
        "EBITDA": 190900000.0,
        "EBIT": 83900000.0,
        "Net Interest Income": -63400000.0,
        "Interest Expense": 77500000.0,
        "Interest Income": -2700000.0,
        "Normalized Income": 34825000.0,
        "Net Income From Continuing And Discontinued Operation": 24100000.0,
        "Total Expenses": 449000000.0,
        "Total Operating Income As Reported": 64800000.0,
        "Diluted Average Shares": 772411509.0,
        "Basic Average Shares": 768056555.0,
        "Diluted EPS": 0.03,
        "Basic EPS": 0.03,
        "Diluted NI Availto Com Stockholders": 21500000.0,
        "Net Income Common Stockholders": 21500000.0,
        "Preferred Stock Dividends": 2600000.0,
        "Net Income": 24100000.0,
        "Minority Interests": 18000000.0,
        "Net Income Including Noncontrolling Interests": 6100000.0,
        "Net Income Discontinuous Operations": 6700000.0,
        "Net Income Continuous Operations": -600000.0,
        "Tax Provision": 7000000.0,
        "Pretax Income": 6400000.0,
        "Other Income Expense": -9000000.0,
        "Other Non Operating Income Expenses": 9200000.0,
        "Special Income Charges": -6800000.0,
        "Gain On Sale Of Business": NaN,
        "Write Off": NaN,
        "Restructuring And Mergern Acquisition": 6800000.0,
        "Earnings From Equity Interest": 2300000.0,
        "Gain On Sale Of Security": -13700000.0,
        "Net Non Operating Interest Income Expense": -63400000.0,
        "Total Other Finance Cost": -16800000.0,
        "Interest Expense Non Operating": 77500000.0,
        "Interest Income Non Operating": -2700000.0,
        "Operating Income": 78800000.0,
        "Operating Expense": 324400000.0,
        "Other Operating Expenses": 217400000.0,
        "Depreciation Amortization Depletion Income Statement": 107000000.0,
        "Depreciation And Amortization In Income Statement": 107000000.0,
        "Selling General And Administration": NaN,
        "General And Administrative Expense": NaN,
        "Salaries And Wages": NaN,
        "Gross Profit": 403200000.0,
        "Cost Of Revenue": 124600000.0,
        "Total Revenue": 527800000.0,
        "Operating Revenue": 514500000.0
    },
    "2025-09-30": {
        "Tax Effect Of Unusual Items": 850641.773629,
        "Tax Rate For Calcs": 0.315053,
        "Normalized EBITDA": 256800000.0,
        "Total Unusual Items": 2700000.0,
        "Total Unusual Items Excluding Goodwill": 2700000.0,
        "Net Income From Continuing Operation Net Minority Interest": 73700000.0,
        "Reconciled Depreciation": 94700000.0,
        "Reconciled Cost Of Revenue": 126300000.0,
        "EBITDA": 259500000.0,
        "EBIT": 164800000.0,
        "Net Interest Income": -67700000.0,
        "Interest Expense": 79100000.0,
        "Interest Income": 11400000.0,
        "Normalized Income": 71850641.773629,
        "Net Income From Continuing And Discontinued Operation": 38900000.0,
        "Total Expenses": 435300000.0,
        "Total Operating Income As Reported": 149700000.0,
        "Diluted Average Shares": 773109408.0,
        "Basic Average Shares": 768226488.0,
        "Diluted EPS": 0.05,
        "Basic EPS": 0.05,
        "Diluted NI Availto Com Stockholders": 36200000.0,
        "Net Income Common Stockholders": 36200000.0,
        "Preferred Stock Dividends": 2700000.0,
        "Net Income": 38900000.0,
        "Minority Interests": 15000000.0,
        "Net Income Including Noncontrolling Interests": 23900000.0,
        "Net Income Discontinuous Operations": -34800000.0,
        "Net Income Continuous Operations": 58700000.0,
        "Tax Provision": 27000000.0,
        "Pretax Income": 85700000.0,
        "Other Income Expense": 6000000.0,
        "Other Non Operating Income Expenses": 1700000.0,
        "Special Income Charges": -9600000.0,
        "Gain On Sale Of Business": NaN,
        "Write Off": NaN,
        "Restructuring And Mergern Acquisition": 9600000.0,
        "Earnings From Equity Interest": 1600000.0,
        "Gain On Sale Of Security": 12300000.0,
        "Net Non Operating Interest Income Expense": -67700000.0,
        "Total Other Finance Cost": NaN,
        "Interest Expense Non Operating": 79100000.0,
        "Interest Income Non Operating": 11400000.0,
        "Operating Income": 147400000.0,
        "Operating Expense": 309000000.0,
        "Other Operating Expenses": 214300000.0,
        "Depreciation Amortization Depletion Income Statement": 94700000.0,
        "Depreciation And Amortization In Income Statement": 94700000.0,
        "Selling General And Administration": NaN,
        "General And Administrative Expense": NaN,
        "Salaries And Wages": NaN,
        "Gross Profit": 456400000.0,
        "Cost Of Revenue": 126300000.0,
        "Total Revenue": 582700000.0,
        "Operating Revenue": 566700000.0
    }
}