{
    "2023-03-31": {
        "Tax Effect Of Unusual Items": NaN,
        "Tax Rate For Calcs": NaN,
        "Normalized EBITDA": NaN,
        "Total Unusual Items": NaN,
        "Total Unusual Items Excluding Goodwill": NaN,
        "Net Income From Continuing Operation Net Minority Interest": NaN,
        "Reconciled Depreciation": NaN,
        "Reconciled Cost Of Revenue": NaN,
        "EBITDA": NaN,
        "EBIT": NaN,
        "Net Interest Income": NaN,
        "Interest Expense": NaN,
        "Interest Income": NaN,
        "Normalized Income": NaN,
        "Net Income From Continuing And Discontinued Operation": NaN,
        "Total Expenses": NaN,
        "Total Operating Income As Reported": NaN,
        "Diluted Average Shares": NaN,
        "Basic Average Shares": NaN,
        "Diluted EPS": NaN,
        "Basic EPS": NaN,
        "Diluted NI Availto Com Stockholders": NaN,
        "Net Income Common Stockholders": NaN,
        "Net Income": NaN,
        "Net Income Including Noncontrolling Interests": NaN,
        "Net Income Continuous Operations": NaN,
        "Tax Provision": NaN,
        "Pretax Income": NaN,
        "Other Income Expense": -353000.0,
        "Special Income Charges": NaN,
        "Other Special Charges": 353000.0,
        "Net Non Operating Interest Income Expense": NaN,
        "Interest Expense Non Operating": NaN,
        "Interest Income Non Operating": NaN,
        "Operating Income": NaN,
        "Operating Expense": NaN,
        "Research And Development": NaN,
        "Selling General And Administration": NaN,
        "Gross Profit": NaN,
        "Cost Of Revenue": NaN,
        "Total Revenue": NaN,
        "Operating Revenue": NaN
    },
    "2022-12-31": {
        "Tax Effect Of Unusual Items": NaN,
        "Tax Rate For Calcs": NaN,
        "Normalized EBITDA": NaN,
        "Total Unusual Items": NaN,
        "Total Unusual Items Excluding Goodwill": NaN,
        "Net Income From Continuing Operation Net Minority Interest": NaN,
        "Reconciled Depreciation": NaN,
        "Reconciled Cost Of Revenue": NaN,
        "EBITDA": NaN,
        "EBIT": NaN,
        "Net Interest Income": NaN,
        "Interest Expense": NaN,
        "Interest Income": NaN,
        "Normalized Income": NaN,
        "Net Income From Continuing And Discontinued Operation": NaN,
        "Total Expenses": NaN,
        "Total Operating Income As Reported": NaN,
        "Diluted Average Shares": 54390696.0,
        "Basic Average Shares": 54390696.0,
        "Diluted EPS": -0.23,
        "Basic EPS": -0.23,
        "Diluted NI Availto Com Stockholders": NaN,
        "Net Income Common Stockholders": NaN,
        "Net Income": NaN,
        "Net Income Including Noncontrolling Interests": NaN,
        "Net Income Continuous Operations": NaN,
        "Tax Provision": NaN,
        "Pretax Income": NaN,
        "Other Income Expense": NaN,
        "Special Income Charges": NaN,
        "Other Special Charges": NaN,
        "Net Non Operating Interest Income Expense": NaN,
        "Interest Expense Non Operating": NaN,
        "Interest Income Non Operating": NaN,
        "Operating Income": NaN,
        "Operating Expense": NaN,
        "Research And Development": NaN,
        "Selling General And Administration": NaN,
        "Gross Profit": NaN,
        "Cost Of Revenue": NaN,
        "Total Revenue": NaN,
        "Operating Revenue": NaN
    },
    "2022-09-30": {
        "Tax Effect Of Unusual Items": 0.0,
        "Tax Rate For Calcs": 0.0,
        "Normalized EBITDA": -8252000.0,
        "Total Unusual Items": NaN,
        "Total Unusual Items Excluding Goodwill": NaN,
        "Net Income From Continuing Operation Net Minority Interest": -12536000.0,
        "Reconciled Depreciation": 596000.0,
        "Reconciled Cost Of Revenue": 4625000.0,
        "EBITDA": -8252000.0,
        "EBIT": -8848000.0,
        "Net Interest Income": -3683000.0,
        "Interest Expense": 3688000.0,
        "Interest Income": 5000.0,
        "Normalized Income": -12536000.0,
        "Net Income From Continuing And Discontinued Operation": -12536000.0,
        "Total Expenses": 20316000.0,
        "Total Operating Income As Reported": -8853000.0,
        "Diluted Average Shares": 53424922.0,
        "Basic Average Shares": 53424922.0,
        "Diluted EPS": -0.23,
        "Basic EPS": -0.23,
        "Diluted NI Availto Com Stockholders": -12536000.0,
        "Net Income Common Stockholders": -12536000.0,
        "Net Income": -12536000.0,
        "Net Income Including Noncontrolling Interests": -12536000.0,
        "Net Income Continuous Operations": -12536000.0,
        "Tax Provision": 0.0,
        "Pretax Income": -12536000.0,
        "Other Income Expense": NaN,
        "Special Income Charges": NaN,
        "Other Special Charges": NaN,
        "Net Non Operating Interest Income Expense": -3683000.0,
        "Interest Expense Non Operating": 3688000.0,
        "Interest Income Non Operating": 5000.0,
        "Operating Income": -8853000.0,
        "Operating Expense": 15691000.0,
        "Research And Development": 3232000.0,
        "Selling General And Administration": 12459000.0,
        "Gross Profit": 6838000.0,
        "Cost Of Revenue": 4625000.0,
        "Total Revenue": 11463000.0,
        "Operating Revenue": 11463000.0
    },
    "2022-06-30": {
        "Tax Effect Of Unusual Items": 0.0,
        "Tax Rate For Calcs": 0.0,
        "Normalized EBITDA": -12063000.0,
        "Total Unusual Items": NaN,
        "Total Unusual Items Excluding Goodwill": NaN,
        "Net Income From Continuing Operation Net Minority Interest": -16302000.0,
        "Reconciled Depreciation": 667000.0,
        "Reconciled Cost Of Revenue": 5242000.0,
        "EBITDA": -12063000.0,
        "EBIT": -12730000.0,
        "Net Interest Income": -3540000.0,
        "Interest Expense": 3572000.0,
        "Interest Income": 32000.0,
        "Normalized Income": -16302000.0,
        "Net Income From Continuing And Discontinued Operation": -16302000.0,
        "Total Expenses": 26027000.0,
        "Total Operating Income As Reported": -12762000.0,
        "Diluted Average Shares": 45462516.0,
        "Basic Average Shares": 45462516.0,
        "Diluted EPS": -0.36,
        "Basic EPS": -0.36,
        "Diluted NI Availto Com Stockholders": -16302000.0,
        "Net Income Common Stockholders": -16302000.0,
        "Net Income": -16302000.0,
        "Net Income Including Noncontrolling Interests": -16302000.0,
        "Net Income Continuous Operations": -16302000.0,
        "Tax Provision": 0.0,
        "Pretax Income": -16302000.0,
        "Other Income Expense": NaN,
        "Special Income Charges": NaN,
        "Other Special Charges": NaN,
        "Net Non Operating Interest Income Expense": -3540000.0,
        "Interest Expense Non Operating": 3572000.0,
        "Interest Income Non Operating": 32000.0,
        "Operating Income": -12762000.0,
        "Operating Expense": 20785000.0,
        "Research And Development": 5198000.0,
        "Selling General And Administration": 15587000.0,
        "Gross Profit": 8023000.0,
        "Cost Of Revenue": 5242000.0,
        "Total Revenue": 13265000.0,
        "Operating Revenue": 13265000.0
    },
    "2022-03-31": {
        "Diluted EPS": -0.32,
        "Total Revenue": 12,
        "Gross Profit": 8,
        "Operating Income": -10,
        "EBIT": -9,
        "Net Income": -13
    },
    "2021-12-31": {
        "Diluted EPS": -0.74,
        "Total Revenue": 11,
        "Gross Profit": 8,
        "Operating Income": -12,
        "EBIT": -11,
        "Net Income": -29
    },
    "2021-09-30": {
        "Diluted EPS": -0.37,
        "Total Revenue": 13,
        "Gross Profit": 9,
        "Operating Income": -8,
        "EBIT": -6,
        "Net Income": -15
    },
    "2021-06-30": {
        "Diluted EPS": -0.33,
        "Total Revenue": 15,
        "Gross Profit": 11,
        "Operating Income": -7,
        "EBIT": -5,
        "Net Income": -12
    },
    "2021-03-31": {
        "Diluted EPS": -0.41,
        "Total Revenue": 11,
        "Gross Profit": 8,
        "Operating Income": -9,
        "EBIT": -7,
        "Net Income": -15
    },
    "2020-12-31": {
        "Diluted EPS": -0.61,
        "Total Revenue": 7,
        "Gross Profit": 4,
        "Operating Income": -16,
        "EBIT": -14,
        "Net Income": -20
    },
    "2020-09-30": {
        "Diluted EPS": -0.49,
        "Total Revenue": 8,
        "Gross Profit": 5,
        "Operating Income": -14,
        "EBIT": -13,
        "Net Income": -17
    },
    "2020-06-30": {
        "Diluted EPS": -0.07,
        "Total Revenue": 22,
        "Gross Profit": 18,
        "Operating Income": 0,
        "EBIT": 2,
        "Net Income": -2
    },
    "2020-03-31": {
        "Diluted EPS": -0.49,
        "Total Revenue": 9,
        "Gross Profit": 5,
        "Operating Income": -14,
        "EBIT": -12,
        "Net Income": -17
    },
    "2019-12-31": {
        "Diluted EPS": -0.46,
        "Total Revenue": 16,
        "Gross Profit": 10,
        "Operating Income": -10,
        "EBIT": -9,
        "Net Income": -13
    },
    "2019-09-30": {
        "Diluted EPS": -0.74,
        "Total Revenue": 12,
        "Gross Profit": 8,
        "Operating Income": -11,
        "EBIT": -10,
        "Net Income": -18
    },
    "2019-06-30": {
        "Diluted EPS": -0.82,
        "Total Revenue": 11,
        "Gross Profit": 6,
        "Operating Income": -19,
        "EBIT": -18,
        "Net Income": -20
    },
    "2019-03-31": {
        "Diluted EPS": -0.59,
        "Total Revenue": 13,
        "Gross Profit": 9,
        "Operating Income": -13,
        "EBIT": -12,
        "Net Income": -15
    },
    "2018-12-31": {
        "Diluted EPS": -0.69,
        "Total Revenue": 17,
        "Gross Profit": 12,
        "Operating Income": -12,
        "EBIT": -11,
        "Net Income": -14
    },
    "2018-09-30": {
        "Diluted EPS": -0.64,
        "Total Revenue": 13,
        "Gross Profit": 8,
        "Operating Income": -9,
        "EBIT": -8,
        "Net Income": -15
    },
    "2018-06-30": {
        "Diluted EPS": -1.9,
        "Total Revenue": 14,
        "Gross Profit": 9,
        "Operating Income": -33,
        "EBIT": -31,
        "Net Income": -36
    },
    "2018-03-31": {
        "Diluted EPS": 0.27,
        "Total Revenue": 23,
        "Gross Profit": 18,
        "Operating Income": 5,
        "EBIT": 7,
        "Net Income": 4
    },
    "2017-12-31": {
        "Diluted EPS": 0.0,
        "Total Revenue": NaN,
        "Gross Profit": NaN,
        "Operating Income": NaN,
        "EBIT": NaN,
        "Net Income": NaN
    },
    "2017-09-30": {
        "Diluted EPS": 0.0,
        "Total Revenue": 27,
        "Gross Profit": 22,
        "Operating Income": 10,
        "EBIT": 12,
        "Net Income": 8
    },
    "2017-06-30": {
        "Diluted EPS": 0.0,
        "Total Revenue": 11,
        "Gross Profit": 6,
        "Operating Income": -4,
        "EBIT": -4,
        "Net Income": -7
    },
    "2023-06-30": {
        "Tax Effect Of Unusual Items": NaN,
        "Tax Rate For Calcs": NaN,
        "Normalized EBITDA": NaN,
        "Total Unusual Items": NaN,
        "Total Unusual Items Excluding Goodwill": NaN,
        "Net Income From Continuing Operation Net Minority Interest": NaN,
        "Reconciled Depreciation": NaN,
        "Reconciled Cost Of Revenue": NaN,
        "EBITDA": NaN,
        "EBIT": NaN,
        "Net Interest Income": NaN,
        "Interest Expense": NaN,
        "Interest Income": NaN,
        "Normalized Income": NaN,
        "Net Income From Continuing And Discontinued Operation": NaN,
        "Total Expenses": NaN,
        "Total Operating Income As Reported": NaN,
        "Diluted Average Shares": 57350902.0,
        "Basic Average Shares": 57350902.0,
        "Diluted EPS": -0.1,
        "Basic EPS": -0.1,
        "Diluted NI Availto Com Stockholders": NaN,
        "Net Income Common Stockholders": NaN,
        "Net Income": NaN,
        "Net Income Including Noncontrolling Interests": NaN,
        "Net Income Continuous Operations": NaN,
        "Tax Provision": NaN,
        "Pretax Income": NaN,
        "Other Income Expense": NaN,
        "Special Income Charges": NaN,
        "Other Special Charges": NaN,
        "Net Non Operating Interest Income Expense": NaN,
        "Interest Expense Non Operating": NaN,
        "Interest Income Non Operating": NaN,
        "Operating Income": NaN,
        "Operating Expense": NaN,
        "Research And Development": NaN,
        "Selling General And Administration": NaN,
        "Gross Profit": NaN,
        "Cost Of Revenue": NaN,
        "Total Revenue": NaN,
        "Operating Revenue": NaN
    },
    "2023-09-30": {
        "Tax Effect Of Unusual Items": NaN,
        "Tax Rate For Calcs": NaN,
        "Normalized EBITDA": NaN,
        "Total Unusual Items": NaN,
        "Total Unusual Items Excluding Goodwill": NaN,
        "Net Income From Continuing Operation Net Minority Interest": NaN,
        "Reconciled Depreciation": NaN,
        "Reconciled Cost Of Revenue": NaN,
        "EBITDA": NaN,
        "EBIT": NaN,
        "Net Interest Income": NaN,
        "Interest Expense": NaN,
        "Interest Income": NaN,
        "Normalized Income": NaN,
        "Net Income From Continuing And Discontinued Operation": NaN,
        "Total Expenses": NaN,
        "Total Operating Income As Reported": NaN,
        "Diluted Average Shares": 64678761.0,
        "Basic Average Shares": 64678761.0,
        "Diluted EPS": -0.03,
        "Basic EPS": -0.03,
        "Diluted NI Availto Com Stockholders": NaN,
        "Net Income Common Stockholders": NaN,
        "Net Income": NaN,
        "Net Income Including Noncontrolling Interests": NaN,
        "Net Income Continuous Operations": NaN,
        "Tax Provision": NaN,
        "Pretax Income": NaN,
        "Other Income Expense": NaN,
        "Special Income Charges": NaN,
        "Other Special Charges": NaN,
        "Net Non Operating Interest Income Expense": NaN,
        "Interest Expense Non Operating": NaN,
        "Interest Income Non Operating": NaN,
        "Operating Income": NaN,
        "Operating Expense": NaN,
        "Research And Development": NaN,
        "Selling General And Administration": NaN,
        "Gross Profit": NaN,
        "Cost Of Revenue": NaN,
        "Total Revenue": NaN,
        "Operating Revenue": NaN
    },
    "2023-12-31": {
        "Tax Effect Of Unusual Items": NaN,
        "Tax Rate For Calcs": NaN,
        "Normalized EBITDA": NaN,
        "Total Unusual Items": -1029000.0,
        "Total Unusual Items Excluding Goodwill": -1029000.0,
        "Net Income From Continuing Operation Net Minority Interest": NaN,
        "Reconciled Depreciation": NaN,
        "Reconciled Cost Of Revenue": NaN,
        "EBITDA": NaN,
        "EBIT": NaN,
        "Net Interest Income": NaN,
        "Interest Expense": NaN,
        "Interest Income": NaN,
        "Normalized Income": NaN,
        "Net Income From Continuing And Discontinued Operation": NaN,
        "Total Expenses": NaN,
        "Total Operating Income As Reported": NaN,
        "Diluted Average Shares": NaN,
        "Basic Average Shares": NaN,
        "Diluted EPS": NaN,
        "Basic EPS": NaN,
        "Diluted NI Availto Com Stockholders": NaN,
        "Net Income Common Stockholders": NaN,
        "Net Income": NaN,
        "Net Income Including Noncontrolling Interests": NaN,
        "Net Income Continuous Operations": NaN,
        "Tax Provision": 101000.0,
        "Pretax Income": NaN,
        "Other Income Expense": -1029000.0,
        "Special Income Charges": -1029000.0,
        "Other Special Charges": 1029000.0,
        "Net Non Operating Interest Income Expense": NaN,
        "Interest Expense Non Operating": NaN,
        "Interest Income Non Operating": NaN,
        "Operating Income": NaN,
        "Operating Expense": NaN,
        "Research And Development": NaN,
        "Selling General And Administration": NaN,
        "Gross Profit": NaN,
        "Cost Of Revenue": NaN,
        "Total Revenue": NaN,
        "Operating Revenue": NaN
    },
    "2024-03-31": {
        "Tax Effect Of Unusual Items": NaN,
        "Tax Rate For Calcs": NaN,
        "Normalized EBITDA": NaN,
        "Total Unusual Items": 0.0,
        "Total Unusual Items Excluding Goodwill": 0.0,
        "Net Income From Continuing Operation Net Minority Interest": NaN,
        "Reconciled Depreciation": NaN,
        "Reconciled Cost Of Revenue": NaN,
        "EBITDA": NaN,
        "EBIT": NaN,
        "Net Interest Income": NaN,
        "Interest Expense": NaN,
        "Interest Income": NaN,
        "Normalized Income": NaN,
        "Net Income From Continuing And Discontinued Operation": NaN,
        "Total Expenses": NaN,
        "Total Operating Income As Reported": NaN,
        "Diluted Average Shares": NaN,
        "Basic Average Shares": NaN,
        "Diluted EPS": NaN,
        "Basic EPS": NaN,
        "Diluted NI Availto Com Stockholders": NaN,
        "Net Income Common Stockholders": NaN,
        "Net Income": NaN,
        "Net Income Including Noncontrolling Interests": NaN,
        "Net Income Continuous Operations": NaN,
        "Tax Provision": 0.0,
        "Pretax Income": NaN,
        "Special Income Charges": 0.0,
        "Net Non Operating Interest Income Expense": NaN,
        "Interest Expense Non Operating": NaN,
        "Interest Income Non Operating": NaN,
        "Operating Income": NaN,
        "Operating Expense": NaN,
        "Research And Development": NaN,
        "Selling General And Administration": NaN,
        "Gross Profit": NaN,
        "Cost Of Revenue": NaN,
        "Total Revenue": NaN,
        "Operating Revenue": NaN
    },
    "2024-06-30": {
        "Tax Effect Of Unusual Items": NaN,
        "Tax Rate For Calcs": NaN,
        "Normalized EBITDA": NaN,
        "Total Unusual Items": 0.0,
        "Total Unusual Items Excluding Goodwill": 0.0,
        "Net Income From Continuing Operation Net Minority Interest": NaN,
        "Reconciled Depreciation": NaN,
        "Reconciled Cost Of Revenue": NaN,
        "EBITDA": NaN,
        "EBIT": NaN,
        "Net Interest Income": NaN,
        "Interest Expense": NaN,
        "Interest Income": NaN,
        "Normalized Income": NaN,
        "Net Income From Continuing And Discontinued Operation": NaN,
        "Total Expenses": NaN,
        "Total Operating Income As Reported": NaN,
        "Diluted Average Shares": NaN,
        "Basic Average Shares": NaN,
        "Diluted EPS": NaN,
        "Basic EPS": NaN,
        "Diluted NI Availto Com Stockholders": NaN,
        "Net Income Common Stockholders": NaN,
        "Net Income": NaN,
        "Net Income Including Noncontrolling Interests": NaN,
        "Net Income Continuous Operations": NaN,
        "Tax Provision": 0.0,
        "Pretax Income": NaN,
        "Special Income Charges": 0.0,
        "Net Non Operating Interest Income Expense": NaN,
        "Interest Expense Non Operating": NaN,
        "Interest Income Non Operating": NaN,
        "Operating Income": NaN,
        "Operating Expense": NaN,
        "Research And Development": NaN,
        "Selling General And Administration": NaN,
        "Gross Profit": NaN,
        "Cost Of Revenue": NaN,
        "Total Revenue": NaN,
        "Operating Revenue": NaN
    },
    "2024-09-30": {
        "Tax Effect Of Unusual Items": 0.0,
        "Tax Rate For Calcs": 0.0,
        "Normalized EBITDA": -7152000.0,
        "Total Unusual Items": 0.0,
        "Total Unusual Items Excluding Goodwill": 0.0,
        "Net Income From Continuing Operation Net Minority Interest": -11509000.0,
        "Reconciled Depreciation": 159000.0,
        "Reconciled Cost Of Revenue": 4437000.0,
        "EBITDA": -7152000.0,
        "EBIT": -7311000.0,
        "Net Interest Income": -3219000.0,
        "Interest Expense": 4198000.0,
        "Interest Income": 979000.0,
        "Normalized Income": -11509000.0,
        "Net Income From Continuing And Discontinued Operation": -11509000.0,
        "Total Expenses": 21832000.0,
        "Total Operating Income As Reported": -8290000.0,
        "Diluted Average Shares": 91082081.0,
        "Basic Average Shares": 91082081.0,
        "Diluted EPS": -0.13,
        "Basic EPS": -0.13,
        "Diluted NI Availto Com Stockholders": -11509000.0,
        "Net Income Common Stockholders": -11509000.0,
        "Net Income": -11509000.0,
        "Net Income Including Noncontrolling Interests": -11509000.0,
        "Net Income Continuous Operations": -11509000.0,
        "Tax Provision": 0.0,
        "Pretax Income": -11509000.0,
        "Special Income Charges": 0.0,
        "Net Non Operating Interest Income Expense": -3219000.0,
        "Interest Expense Non Operating": 4198000.0,
        "Interest Income Non Operating": 979000.0,
        "Operating Income": -8290000.0,
        "Operating Expense": 17395000.0,
        "Research And Development": 5269000.0,
        "Selling General And Administration": 12126000.0,
        "Gross Profit": 9105000.0,
        "Cost Of Revenue": 4437000.0,
        "Total Revenue": 13542000.0,
        "Operating Revenue": 13542000.0
    },
    "2024-12-31": {
        "Tax Effect Of Unusual Items": 0.0,
        "Tax Rate For Calcs": 0.00082,
        "Normalized EBITDA": -12698000.0,
        "Total Unusual Items": 0.0,
        "Total Unusual Items Excluding Goodwill": 0.0,
        "Net Income From Continuing Operation Net Minority Interest": -17055000.0,
        "Reconciled Depreciation": 147000.0,
        "Reconciled Cost Of Revenue": 4520000.0,
        "EBITDA": -12698000.0,
        "EBIT": -12845000.0,
        "Net Interest Income": -3490000.0,
        "Interest Expense": 4224000.0,
        "Interest Income": 734000.0,
        "Normalized Income": -17055000.0,
        "Net Income From Continuing And Discontinued Operation": -17055000.0,
        "Total Expenses": 25446000.0,
        "Total Operating Income As Reported": -13579000.0,
        "Diluted Average Shares": 91199407.0,
        "Basic Average Shares": 91199407.0,
        "Diluted EPS": -0.19,
        "Basic EPS": -0.19,
        "Diluted NI Availto Com Stockholders": -17055000.0,
        "Net Income Common Stockholders": -17055000.0,
        "Net Income": -17055000.0,
        "Net Income Including Noncontrolling Interests": -17055000.0,
        "Net Income Continuous Operations": -17055000.0,
        "Tax Provision": -14000.0,
        "Pretax Income": -17069000.0,
        "Special Income Charges": 0.0,
        "Net Non Operating Interest Income Expense": -3490000.0,
        "Interest Expense Non Operating": 4224000.0,
        "Interest Income Non Operating": 734000.0,
        "Operating Income": -13579000.0,
        "Operating Expense": 20926000.0,
        "Research And Development": 4917000.0,
        "Selling General And Administration": 16009000.0,
        "Gross Profit": 7347000.0,
        "Cost Of Revenue": 4520000.0,
        "Total Revenue": 11867000.0,
        "Operating Revenue": 11867000.0
    },
    "2025-03-31": {
        "Tax Effect Of Unusual Items": 0.0,
        "Tax Rate For Calcs": 0.0,
        "Normalized EBITDA": -18513000.0,
        "Total Unusual Items": NaN,
        "Total Unusual Items Excluding Goodwill": NaN,
        "Net Income From Continuing Operation Net Minority Interest": -22930000.0,
        "Reconciled Depreciation": 139000.0,
        "Reconciled Cost Of Revenue": 3652000.0,
        "EBITDA": -18513000.0,
        "EBIT": -18652000.0,
        "Net Interest Income": -3565000.0,
        "Interest Expense": 4278000.0,
        "Interest Income": 713000.0,
        "Normalized Income": -22930000.0,
        "Net Income From Continuing And Discontinued Operation": -22930000.0,
        "Total Expenses": 28085000.0,
        "Total Operating Income As Reported": -19365000.0,
        "Diluted Average Shares": 95497056.0,
        "Basic Average Shares": 95497056.0,
        "Diluted EPS": -0.24,
        "Basic EPS": -0.24,
        "Diluted NI Availto Com Stockholders": -22930000.0,
        "Net Income Common Stockholders": -22930000.0,
        "Net Income": -22930000.0,
        "Net Income Including Noncontrolling Interests": -22930000.0,
        "Net Income Continuous Operations": -22930000.0,
        "Tax Provision": NaN,
        "Pretax Income": -22930000.0,
        "Special Income Charges": NaN,
        "Net Non Operating Interest Income Expense": -3565000.0,
        "Interest Expense Non Operating": 4278000.0,
        "Interest Income Non Operating": 713000.0,
        "Operating Income": -19365000.0,
        "Operating Expense": 24433000.0,
        "Research And Development": 5361000.0,
        "Selling General And Administration": 19072000.0,
        "Gross Profit": 5068000.0,
        "Cost Of Revenue": 3652000.0,
        "Total Revenue": 8720000.0,
        "Operating Revenue": 8720000.0
    },
    "2025-06-30": {
        "Tax Effect Of Unusual Items": 0.0,
        "Tax Rate For Calcs": 0.0,
        "Normalized EBITDA": -9132000.0,
        "Total Unusual Items": NaN,
        "Total Unusual Items Excluding Goodwill": NaN,
        "Net Income From Continuing Operation Net Minority Interest": -13548000.0,
        "Reconciled Depreciation": 140000.0,
        "Reconciled Cost Of Revenue": 4561000.0,
        "EBITDA": -9132000.0,
        "EBIT": -9272000.0,
        "Net Interest Income": -2180000.0,
        "Interest Expense": 4276000.0,
        "Interest Income": 2096000.0,
        "Normalized Income": -13548000.0,
        "Net Income From Continuing And Discontinued Operation": -13548000.0,
        "Total Expenses": 21371000.0,
        "Total Operating Income As Reported": -11368000.0,
        "Diluted Average Shares": 99326701.0,
        "Basic Average Shares": 99326701.0,
        "Diluted EPS": -0.14,
        "Basic EPS": -0.14,
        "Diluted NI Availto Com Stockholders": -13548000.0,
        "Net Income Common Stockholders": -13548000.0,
        "Net Income": -13548000.0,
        "Net Income Including Noncontrolling Interests": -13548000.0,
        "Net Income Continuous Operations": -13548000.0,
        "Tax Provision": NaN,
        "Pretax Income": -13548000.0,
        "Special Income Charges": NaN,
        "Net Non Operating Interest Income Expense": -2180000.0,
        "Interest Expense Non Operating": 4276000.0,
        "Interest Income Non Operating": 2096000.0,
        "Operating Income": -11368000.0,
        "Operating Expense": 16810000.0,
        "Research And Development": 4105000.0,
        "Selling General And Administration": 12705000.0,
        "Gross Profit": 5442000.0,
        "Cost Of Revenue": 4561000.0,
        "Total Revenue": 10003000.0,
        "Operating Revenue": 10003000.0
    },
    "2025-09-30": {
        "Tax Effect Of Unusual Items": 0.0,
        "Tax Rate For Calcs": 0.0,
        "Normalized EBITDA": -11034000.0,
        "Total Unusual Items": NaN,
        "Total Unusual Items Excluding Goodwill": NaN,
        "Net Income From Continuing Operation Net Minority Interest": -15446000.0,
        "Reconciled Depreciation": 139000.0,
        "Reconciled Cost Of Revenue": 4506000.0,
        "EBITDA": -11034000.0,
        "EBIT": -11173000.0,
        "Net Interest Income": -3967000.0,
        "Interest Expense": 4273000.0,
        "Interest Income": 306000.0,
        "Normalized Income": -15446000.0,
        "Net Income From Continuing And Discontinued Operation": -15446000.0,
        "Total Expenses": 24286000.0,
        "Total Operating Income As Reported": -11479000.0,
        "Diluted Average Shares": 110584371.0,
        "Basic Average Shares": 110584371.0,
        "Diluted EPS": -0.14,
        "Basic EPS": -0.14,
        "Diluted NI Availto Com Stockholders": -15446000.0,
        "Net Income Common Stockholders": -15446000.0,
        "Net Income": -15446000.0,
        "Net Income Including Noncontrolling Interests": -15446000.0,
        "Net Income Continuous Operations": -15446000.0,
        "Tax Provision": NaN,
        "Pretax Income": -15446000.0,
        "Special Income Charges": NaN,
        "Net Non Operating Interest Income Expense": -3967000.0,
        "Interest Expense Non Operating": 4273000.0,
        "Interest Income Non Operating": 306000.0,
        "Operating Income": -11479000.0,
        "Operating Expense": 19780000.0,
        "Research And Development": 4530000.0,
        "Selling General And Administration": 15250000.0,
        "Gross Profit": 8301000.0,
        "Cost Of Revenue": 4506000.0,
        "Total Revenue": 12807000.0,
        "Operating Revenue": 12807000.0
    }
}