{
    "2023-03-31": {
        "Tax Effect Of Unusual Items": NaN,
        "Tax Rate For Calcs": NaN,
        "Normalized EBITDA": NaN,
        "Net Income From Continuing Operation Net Minority Interest": NaN,
        "Reconciled Depreciation": NaN,
        "Reconciled Cost Of Revenue": NaN,
        "EBITDA": NaN,
        "EBIT": NaN,
        "Net Interest Income": NaN,
        "Interest Expense": NaN,
        "Normalized Income": NaN,
        "Net Income From Continuing And Discontinued Operation": NaN,
        "Total Expenses": NaN,
        "Total Operating Income As Reported": NaN,
        "Diluted Average Shares": 43764000.0,
        "Basic Average Shares": 42552000.0,
        "Diluted EPS": 0.04,
        "Basic EPS": 0.05,
        "Diluted NI Availto Com Stockholders": NaN,
        "Net Income Common Stockholders": NaN,
        "Net Income": NaN,
        "Minority Interests": NaN,
        "Net Income Including Noncontrolling Interests": NaN,
        "Net Income Continuous Operations": NaN,
        "Tax Provision": NaN,
        "Pretax Income": NaN,
        "Other Income Expense": NaN,
        "Other Non Operating Income Expenses": NaN,
        "Net Non Operating Interest Income Expense": NaN,
        "Interest Expense Non Operating": NaN,
        "Operating Income": NaN,
        "Operating Expense": NaN,
        "Depreciation Amortization Depletion Income Statement": NaN,
        "Depreciation And Amortization In Income Statement": NaN,
        "Amortization": NaN,
        "Amortization Of Intangibles Income Statement": NaN,
        "Selling General And Administration": NaN,
        "Gross Profit": NaN,
        "Cost Of Revenue": NaN,
        "Total Revenue": NaN,
        "Operating Revenue": NaN
    },
    "2022-12-31": {
        "Tax Effect Of Unusual Items": NaN,
        "Tax Rate For Calcs": NaN,
        "Normalized EBITDA": NaN,
        "Net Income From Continuing Operation Net Minority Interest": NaN,
        "Reconciled Depreciation": NaN,
        "Reconciled Cost Of Revenue": NaN,
        "EBITDA": NaN,
        "EBIT": NaN,
        "Net Interest Income": NaN,
        "Interest Expense": NaN,
        "Normalized Income": NaN,
        "Net Income From Continuing And Discontinued Operation": NaN,
        "Total Expenses": NaN,
        "Total Operating Income As Reported": NaN,
        "Diluted Average Shares": 42882000.0,
        "Basic Average Shares": 42226000.0,
        "Diluted EPS": 0.05,
        "Basic EPS": 0.05,
        "Diluted NI Availto Com Stockholders": NaN,
        "Net Income Common Stockholders": NaN,
        "Net Income": NaN,
        "Minority Interests": NaN,
        "Net Income Including Noncontrolling Interests": NaN,
        "Net Income Continuous Operations": NaN,
        "Tax Provision": NaN,
        "Pretax Income": NaN,
        "Other Income Expense": NaN,
        "Other Non Operating Income Expenses": NaN,
        "Net Non Operating Interest Income Expense": NaN,
        "Interest Expense Non Operating": NaN,
        "Operating Income": NaN,
        "Operating Expense": NaN,
        "Depreciation Amortization Depletion Income Statement": NaN,
        "Depreciation And Amortization In Income Statement": NaN,
        "Amortization": NaN,
        "Amortization Of Intangibles Income Statement": NaN,
        "Selling General And Administration": NaN,
        "Gross Profit": NaN,
        "Cost Of Revenue": NaN,
        "Total Revenue": NaN,
        "Operating Revenue": NaN
    },
    "2022-09-30": {
        "Tax Effect Of Unusual Items": 0.0,
        "Tax Rate For Calcs": 0.298505,
        "Normalized EBITDA": 10719000.0,
        "Net Income From Continuing Operation Net Minority Interest": 3737000.0,
        "Reconciled Depreciation": 4982000.0,
        "Reconciled Cost Of Revenue": 43350000.0,
        "EBITDA": 10719000.0,
        "EBIT": 5737000.0,
        "Net Interest Income": -454000.0,
        "Interest Expense": 454000.0,
        "Normalized Income": 3737000.0,
        "Net Income From Continuing And Discontinued Operation": 3737000.0,
        "Total Expenses": 67414000.0,
        "Total Operating Income As Reported": 5722000.0,
        "Diluted Average Shares": 42956000.0,
        "Basic Average Shares": 42283000.0,
        "Diluted EPS": 0.09,
        "Basic EPS": 0.09,
        "Diluted NI Availto Com Stockholders": 3737000.0,
        "Net Income Common Stockholders": 3737000.0,
        "Net Income": 3737000.0,
        "Minority Interests": 31000.0,
        "Net Income Including Noncontrolling Interests": 3706000.0,
        "Net Income Continuous Operations": 3706000.0,
        "Tax Provision": 1577000.0,
        "Pretax Income": 5283000.0,
        "Other Income Expense": 15000.0,
        "Other Non Operating Income Expenses": 15000.0,
        "Net Non Operating Interest Income Expense": -454000.0,
        "Interest Expense Non Operating": 454000.0,
        "Operating Income": 5722000.0,
        "Operating Expense": 19099000.0,
        "Depreciation Amortization Depletion Income Statement": 17000.0,
        "Depreciation And Amortization In Income Statement": 17000.0,
        "Amortization": 17000.0,
        "Amortization Of Intangibles Income Statement": 17000.0,
        "Selling General And Administration": 19082000.0,
        "Gross Profit": 24821000.0,
        "Cost Of Revenue": 48315000.0,
        "Total Revenue": 73136000.0,
        "Operating Revenue": 73136000.0
    },
    "2022-06-30": {
        "Tax Effect Of Unusual Items": 0.0,
        "Tax Rate For Calcs": 0.390287,
        "Normalized EBITDA": 10761000.0,
        "Net Income From Continuing Operation Net Minority Interest": 3262000.0,
        "Reconciled Depreciation": 5188000.0,
        "Reconciled Cost Of Revenue": 43873000.0,
        "EBITDA": 10761000.0,
        "EBIT": 5573000.0,
        "Net Interest Income": -446000.0,
        "Interest Expense": 446000.0,
        "Normalized Income": 3262000.0,
        "Net Income From Continuing And Discontinued Operation": 3262000.0,
        "Total Expenses": 69000000.0,
        "Total Operating Income As Reported": 5564000.0,
        "Diluted Average Shares": 43490000.0,
        "Basic Average Shares": 42250000.0,
        "Diluted EPS": 0.08,
        "Basic EPS": 0.08,
        "Diluted NI Availto Com Stockholders": 3262000.0,
        "Net Income Common Stockholders": 3262000.0,
        "Net Income": 3262000.0,
        "Minority Interests": 136000.0,
        "Net Income Including Noncontrolling Interests": 3126000.0,
        "Net Income Continuous Operations": 3126000.0,
        "Tax Provision": 2001000.0,
        "Pretax Income": 5127000.0,
        "Other Income Expense": 9000.0,
        "Other Non Operating Income Expenses": 9000.0,
        "Net Non Operating Interest Income Expense": -446000.0,
        "Interest Expense Non Operating": 446000.0,
        "Operating Income": 5564000.0,
        "Operating Expense": 19974000.0,
        "Depreciation Amortization Depletion Income Statement": 35000.0,
        "Depreciation And Amortization In Income Statement": 35000.0,
        "Amortization": 35000.0,
        "Amortization Of Intangibles Income Statement": 35000.0,
        "Selling General And Administration": 19939000.0,
        "Gross Profit": 25538000.0,
        "Cost Of Revenue": 49026000.0,
        "Total Revenue": 74564000.0,
        "Operating Revenue": 74564000.0
    },
    "2022-03-31": {
        "Diluted EPS": 0.05,
        "Total Revenue": 69,
        "Gross Profit": 22,
        "Operating Income": 3,
        "EBIT": 9,
        "Net Income": 2
    },
    "2021-12-31": {
        "Diluted EPS": 0.06,
        "Total Revenue": 69,
        "Gross Profit": 22,
        "Operating Income": 4,
        "EBIT": 10,
        "Net Income": 3
    },
    "2021-09-30": {
        "Diluted EPS": 0.07,
        "Total Revenue": 72,
        "Gross Profit": 24,
        "Operating Income": 5,
        "EBIT": 11,
        "Net Income": 3
    },
    "2021-06-30": {
        "Diluted EPS": 0.06,
        "Total Revenue": 69,
        "Gross Profit": 23,
        "Operating Income": 4,
        "EBIT": 11,
        "Net Income": 3
    },
    "2021-03-31": {
        "Diluted EPS": 0.02,
        "Total Revenue": 62,
        "Gross Profit": 19,
        "Operating Income": 2,
        "EBIT": 8,
        "Net Income": 1
    },
    "2020-12-31": {
        "Diluted EPS": 0.02,
        "Total Revenue": 64,
        "Gross Profit": 21,
        "Operating Income": 2,
        "EBIT": 10,
        "Net Income": 1
    },
    "2020-09-30": {
        "Diluted EPS": 0.07,
        "Total Revenue": 72,
        "Gross Profit": 24,
        "Operating Income": 5,
        "EBIT": 12,
        "Net Income": 3
    },
    "2020-06-30": {
        "Diluted EPS": 0.03,
        "Total Revenue": 64,
        "Gross Profit": 20,
        "Operating Income": 3,
        "EBIT": 10,
        "Net Income": 1
    },
    "2020-03-31": {
        "Diluted EPS": 0.02,
        "Total Revenue": 88,
        "Gross Profit": 28,
        "Operating Income": 3,
        "EBIT": 11,
        "Net Income": 1
    },
    "2019-12-31": {
        "Diluted EPS": 0.03,
        "Total Revenue": 92,
        "Gross Profit": 30,
        "Operating Income": 3,
        "EBIT": 11,
        "Net Income": 1
    },
    "2019-09-30": {
        "Diluted EPS": 0.02,
        "Total Revenue": 94,
        "Gross Profit": 30,
        "Operating Income": 3,
        "EBIT": 11,
        "Net Income": 1
    },
    "2019-06-30": {
        "Diluted EPS": 0.01,
        "Total Revenue": 99,
        "Gross Profit": 34,
        "Operating Income": 6,
        "EBIT": 14,
        "Net Income": 1
    },
    "2019-03-31": {
        "Diluted EPS": 0.01,
        "Total Revenue": 97,
        "Gross Profit": 31,
        "Operating Income": 2,
        "EBIT": 11,
        "Net Income": 1
    },
    "2018-12-31": {
        "Diluted EPS": 0.04,
        "Total Revenue": 98,
        "Gross Profit": 32,
        "Operating Income": 4,
        "EBIT": 12,
        "Net Income": 2
    },
    "2018-09-30": {
        "Diluted EPS": 0.06,
        "Total Revenue": 100,
        "Gross Profit": 33,
        "Operating Income": 5,
        "EBIT": 13,
        "Net Income": 3
    },
    "2018-06-30": {
        "Diluted EPS": 0.09,
        "Total Revenue": 104,
        "Gross Profit": 36,
        "Operating Income": 7,
        "EBIT": 16,
        "Net Income": 4
    },
    "2018-03-31": {
        "Diluted EPS": 0.01,
        "Total Revenue": 98,
        "Gross Profit": 30,
        "Operating Income": 2,
        "EBIT": 10,
        "Net Income": 1
    },
    "2017-12-31": {
        "Diluted EPS": -0.27,
        "Total Revenue": 97,
        "Gross Profit": 29,
        "Operating Income": 3,
        "EBIT": 11,
        "Net Income": -12
    },
    "2017-09-30": {
        "Diluted EPS": -0.32,
        "Total Revenue": 96,
        "Gross Profit": 29,
        "Operating Income": -15,
        "EBIT": 11,
        "Net Income": -15
    },
    "2017-06-30": {
        "Diluted EPS": 0.08,
        "Total Revenue": 102,
        "Gross Profit": 34,
        "Operating Income": 8,
        "EBIT": 16,
        "Net Income": 4
    },
    "2017-03-31": {
        "Diluted EPS": 0.04,
        "Total Revenue": 99,
        "Gross Profit": 31,
        "Operating Income": 5,
        "EBIT": 13,
        "Net Income": 2
    },
    "2016-12-31": {
        "Diluted EPS": 0.07,
        "Total Revenue": 99,
        "Gross Profit": 30,
        "Operating Income": 6,
        "EBIT": 88,
        "Net Income": 3
    },
    "2016-09-30": {
        "Diluted EPS": 0.06,
        "Total Revenue": 100,
        "Gross Profit": 33,
        "Operating Income": 7,
        "EBIT": -59,
        "Net Income": 3
    },
    "2016-06-30": {
        "Diluted EPS": -1.22,
        "Total Revenue": 104,
        "Gross Profit": 36,
        "Operating Income": -64,
        "EBIT": 18,
        "Net Income": -56
    },
    "2016-03-31": {
        "Diluted EPS": 0.05,
        "Total Revenue": 104,
        "Gross Profit": 34,
        "Operating Income": 6,
        "EBIT": 14,
        "Net Income": 3
    },
    "2015-12-31": {
        "Diluted EPS": 0.07,
        "Total Revenue": 105,
        "Gross Profit": 35,
        "Operating Income": 7,
        "EBIT": 15,
        "Net Income": 3
    },
    "2015-09-30": {
        "Diluted EPS": 1.69,
        "Total Revenue": 106,
        "Gross Profit": 36,
        "Operating Income": 9,
        "EBIT": 17,
        "Net Income": 80
    },
    "2015-06-30": {
        "Diluted EPS": 0.19,
        "Total Revenue": 113,
        "Gross Profit": 41,
        "Operating Income": 12,
        "EBIT": 21,
        "Net Income": 9
    },
    "2015-03-31": {
        "Diluted EPS": 0.09,
        "Total Revenue": 104,
        "Gross Profit": 36,
        "Operating Income": 7,
        "EBIT": 16,
        "Net Income": 4
    },
    "2014-12-31": {
        "Diluted EPS": -0.06,
        "Total Revenue": 108,
        "Gross Profit": 35,
        "Operating Income": 6,
        "EBIT": 15,
        "Net Income": -2
    },
    "2014-09-30": {
        "Diluted EPS": 0.08,
        "Total Revenue": 107,
        "Gross Profit": 36,
        "Operating Income": 8,
        "EBIT": 17,
        "Net Income": 4
    },
    "2014-06-30": {
        "Diluted EPS": 0.1,
        "Total Revenue": 109,
        "Gross Profit": 39,
        "Operating Income": 9,
        "EBIT": 18,
        "Net Income": 5
    },
    "2014-03-31": {
        "Diluted EPS": 0.03,
        "Total Revenue": 100,
        "Gross Profit": 34,
        "Operating Income": 6,
        "EBIT": 15,
        "Net Income": 1
    },
    "2013-12-31": {
        "Diluted EPS": -0.35,
        "Total Revenue": 101,
        "Gross Profit": 33,
        "Operating Income": 7,
        "EBIT": 16,
        "Net Income": -16
    },
    "2013-09-30": {
        "Diluted EPS": -0.01,
        "Total Revenue": 101,
        "Gross Profit": 33,
        "Operating Income": 7,
        "EBIT": 16,
        "Net Income": 0
    },
    "2013-06-30": {
        "Diluted EPS": 0.02,
        "Total Revenue": 105,
        "Gross Profit": 36,
        "Operating Income": 8,
        "EBIT": 18,
        "Net Income": 1
    },
    "2013-03-31": {
        "Diluted EPS": 0.01,
        "Total Revenue": 100,
        "Gross Profit": 32,
        "Operating Income": 6,
        "EBIT": 16,
        "Net Income": 0
    },
    "2012-12-31": {
        "Diluted EPS": -0.13,
        "Total Revenue": 97,
        "Gross Profit": 29,
        "Operating Income": 2,
        "EBIT": 11,
        "Net Income": -6
    },
    "2012-09-30": {
        "Diluted EPS": -0.44,
        "Total Revenue": 99,
        "Gross Profit": 29,
        "Operating Income": -13,
        "EBIT": 13,
        "Net Income": -20
    },
    "2012-06-30": {
        "Diluted EPS": -0.02,
        "Total Revenue": 106,
        "Gross Profit": 34,
        "Operating Income": 7,
        "EBIT": 18,
        "Net Income": -1
    },
    "2012-03-31": {
        "Diluted EPS": -0.11,
        "Total Revenue": 104,
        "Gross Profit": 32,
        "Operating Income": 4,
        "EBIT": 17,
        "Net Income": -5
    },
    "2011-12-31": {
        "Diluted EPS": -0.06,
        "Total Revenue": 102,
        "Gross Profit": 31,
        "Operating Income": 4,
        "EBIT": 16,
        "Net Income": -3
    },
    "2011-09-30": {
        "Diluted EPS": -0.92,
        "Total Revenue": 105,
        "Gross Profit": 34,
        "Operating Income": -36,
        "EBIT": 19,
        "Net Income": -42
    },
    "2011-06-30": {
        "Diluted EPS": -1.87,
        "Total Revenue": 110,
        "Gross Profit": 36,
        "Operating Income": -19,
        "EBIT": 18,
        "Net Income": -85
    },
    "2011-03-31": {
        "Diluted EPS": -0.08,
        "Total Revenue": 107,
        "Gross Profit": 33,
        "Operating Income": 1,
        "EBIT": 15,
        "Net Income": -4
    },
    "2010-12-31": {
        "Diluted EPS": -0.11,
        "Total Revenue": 105,
        "Gross Profit": 31,
        "Operating Income": 1,
        "EBIT": 52,
        "Net Income": -5
    },
    "2010-09-30": {
        "Diluted EPS": -0.56,
        "Total Revenue": 109,
        "Gross Profit": 35,
        "Operating Income": -32,
        "EBIT": -21,
        "Net Income": -25
    },
    "2010-06-30": {
        "Diluted EPS": 0.04,
        "Total Revenue": 115,
        "Gross Profit": 39,
        "Operating Income": 9,
        "EBIT": 20,
        "Net Income": 2
    },
    "2010-03-31": {
        "Diluted EPS": 0.02,
        "Total Revenue": 112,
        "Gross Profit": 37,
        "Operating Income": 7,
        "EBIT": 19,
        "Net Income": 1
    },
    "2009-12-31": {
        "Diluted EPS": -0.02,
        "Total Revenue": 112,
        "Gross Profit": 36,
        "Operating Income": 7,
        "EBIT": 56,
        "Net Income": -1
    },
    "2009-09-30": {
        "Diluted EPS": -0.62,
        "Total Revenue": 119,
        "Gross Profit": 41,
        "Operating Income": -27,
        "EBIT": -15,
        "Net Income": -28
    },
    "2009-06-30": {
        "Diluted EPS": 0.14,
        "Total Revenue": 131,
        "Gross Profit": 49,
        "Operating Income": 16,
        "EBIT": 29,
        "Net Income": 6
    },
    "2009-03-31": {
        "Diluted EPS": 0.17,
        "Total Revenue": 139,
        "Gross Profit": 52,
        "Operating Income": 18,
        "EBIT": 31,
        "Net Income": 8
    },
    "2023-06-30": {
        "Tax Effect Of Unusual Items": NaN,
        "Tax Rate For Calcs": NaN,
        "Normalized EBITDA": NaN,
        "Net Income From Continuing Operation Net Minority Interest": NaN,
        "Reconciled Depreciation": NaN,
        "Reconciled Cost Of Revenue": NaN,
        "EBITDA": NaN,
        "EBIT": NaN,
        "Net Interest Income": NaN,
        "Interest Expense": NaN,
        "Normalized Income": NaN,
        "Net Income From Continuing And Discontinued Operation": NaN,
        "Total Expenses": NaN,
        "Total Operating Income As Reported": NaN,
        "Diluted Average Shares": 43614000.0,
        "Basic Average Shares": 42801000.0,
        "Diluted EPS": 0.09,
        "Basic EPS": 0.09,
        "Diluted NI Availto Com Stockholders": NaN,
        "Net Income Common Stockholders": NaN,
        "Net Income": NaN,
        "Minority Interests": NaN,
        "Net Income Including Noncontrolling Interests": NaN,
        "Net Income Continuous Operations": NaN,
        "Tax Provision": NaN,
        "Pretax Income": NaN,
        "Other Income Expense": NaN,
        "Other Non Operating Income Expenses": NaN,
        "Net Non Operating Interest Income Expense": NaN,
        "Interest Expense Non Operating": NaN,
        "Operating Income": NaN,
        "Operating Expense": NaN,
        "Depreciation Amortization Depletion Income Statement": NaN,
        "Depreciation And Amortization In Income Statement": NaN,
        "Amortization": NaN,
        "Amortization Of Intangibles Income Statement": NaN,
        "Selling General And Administration": NaN,
        "Gross Profit": NaN,
        "Cost Of Revenue": NaN,
        "Total Revenue": NaN,
        "Operating Revenue": NaN
    },
    "2023-09-30": {
        "Tax Effect Of Unusual Items": 0.0,
        "Tax Rate For Calcs": 0.304745,
        "Normalized EBITDA": 9384000.0,
        "Net Income From Continuing Operation Net Minority Interest": 3165000.0,
        "Reconciled Depreciation": 4498000.0,
        "Reconciled Cost Of Revenue": 42420000.0,
        "EBITDA": 9384000.0,
        "EBIT": 4886000.0,
        "Net Interest Income": -397000.0,
        "Interest Expense": 397000.0,
        "Normalized Income": 3165000.0,
        "Net Income From Continuing And Discontinued Operation": 3165000.0,
        "Total Expenses": 66187000.0,
        "Total Operating Income As Reported": 4870000.0,
        "Diluted Average Shares": 43516000.0,
        "Basic Average Shares": 42554000.0,
        "Diluted EPS": 0.07,
        "Basic EPS": 0.07,
        "Diluted NI Availto Com Stockholders": 3165000.0,
        "Net Income Common Stockholders": 3165000.0,
        "Net Income": 3165000.0,
        "Minority Interests": 44000.0,
        "Net Income Including Noncontrolling Interests": 3121000.0,
        "Net Income Continuous Operations": 3121000.0,
        "Tax Provision": 1368000.0,
        "Pretax Income": 4489000.0,
        "Other Income Expense": 16000.0,
        "Other Non Operating Income Expenses": 16000.0,
        "Net Non Operating Interest Income Expense": -397000.0,
        "Interest Expense Non Operating": 397000.0,
        "Operating Income": 4870000.0,
        "Operating Expense": 19279000.0,
        "Depreciation Amortization Depletion Income Statement": 10000.0,
        "Depreciation And Amortization In Income Statement": 10000.0,
        "Amortization": 10000.0,
        "Amortization Of Intangibles Income Statement": 10000.0,
        "Selling General And Administration": 19269000.0,
        "Gross Profit": 24149000.0,
        "Cost Of Revenue": 46908000.0,
        "Total Revenue": 71057000.0,
        "Operating Revenue": 71057000.0
    },
    "2023-12-31": {
        "Tax Effect Of Unusual Items": 0.0,
        "Tax Rate For Calcs": 0.21,
        "Normalized EBITDA": 3696000.0,
        "Net Income From Continuing Operation Net Minority Interest": -888000.0,
        "Reconciled Depreciation": 4099000.0,
        "Reconciled Cost Of Revenue": 42636000.0,
        "EBITDA": 3696000.0,
        "EBIT": -403000.0,
        "Net Interest Income": -333000.0,
        "Interest Expense": 333000.0,
        "Normalized Income": -888000.0,
        "Net Income From Continuing And Discontinued Operation": -888000.0,
        "Total Expenses": 65304000.0,
        "Total Operating Income As Reported": -428000.0,
        "Diluted Average Shares": NaN,
        "Basic Average Shares": NaN,
        "Diluted EPS": NaN,
        "Basic EPS": NaN,
        "Diluted NI Availto Com Stockholders": -888000.0,
        "Net Income Common Stockholders": -888000.0,
        "Net Income": -888000.0,
        "Minority Interests": -27000.0,
        "Net Income Including Noncontrolling Interests": -861000.0,
        "Net Income Continuous Operations": -861000.0,
        "Tax Provision": 125000.0,
        "Pretax Income": -736000.0,
        "Other Income Expense": -3975000.0,
        "Other Non Operating Income Expenses": 25000.0,
        "Net Non Operating Interest Income Expense": -333000.0,
        "Interest Expense Non Operating": 333000.0,
        "Operating Income": 3572000.0,
        "Operating Expense": 18579000.0,
        "Depreciation Amortization Depletion Income Statement": 10000.0,
        "Depreciation And Amortization In Income Statement": 10000.0,
        "Amortization": 10000.0,
        "Amortization Of Intangibles Income Statement": 10000.0,
        "Selling General And Administration": 18569000.0,
        "Gross Profit": 22151000.0,
        "Cost Of Revenue": 46725000.0,
        "Total Revenue": 68876000.0,
        "Operating Revenue": 68876000.0
    },
    "2024-03-31": {
        "Tax Effect Of Unusual Items": 0.0,
        "Tax Rate For Calcs": 0.315,
        "Normalized EBITDA": 7812000.0,
        "Net Income From Continuing Operation Net Minority Interest": 2453000.0,
        "Reconciled Depreciation": 4050000.0,
        "Reconciled Cost Of Revenue": 43945000.0,
        "EBITDA": 7812000.0,
        "EBIT": 3762000.0,
        "Net Interest Income": -310000.0,
        "Interest Expense": 310000.0,
        "Normalized Income": 2453000.0,
        "Net Income From Continuing And Discontinued Operation": 2453000.0,
        "Total Expenses": 67066000.0,
        "Total Operating Income As Reported": 3726000.0,
        "Diluted Average Shares": 43049000.0,
        "Basic Average Shares": 42191000.0,
        "Diluted EPS": 0.06,
        "Basic EPS": 0.06,
        "Diluted NI Availto Com Stockholders": 2453000.0,
        "Net Income Common Stockholders": 2453000.0,
        "Net Income": 2453000.0,
        "Minority Interests": 89000.0,
        "Net Income Including Noncontrolling Interests": 2364000.0,
        "Net Income Continuous Operations": 2364000.0,
        "Tax Provision": 1088000.0,
        "Pretax Income": 3452000.0,
        "Other Income Expense": 36000.0,
        "Other Non Operating Income Expenses": 36000.0,
        "Net Non Operating Interest Income Expense": -310000.0,
        "Interest Expense Non Operating": 310000.0,
        "Operating Income": 3726000.0,
        "Operating Expense": 19081000.0,
        "Depreciation Amortization Depletion Income Statement": 10000.0,
        "Depreciation And Amortization In Income Statement": 10000.0,
        "Amortization": 10000.0,
        "Amortization Of Intangibles Income Statement": 10000.0,
        "Selling General And Administration": 19071000.0,
        "Gross Profit": 22807000.0,
        "Cost Of Revenue": 47985000.0,
        "Total Revenue": 70792000.0,
        "Operating Revenue": 70792000.0
    },
    "2024-06-30": {
        "Tax Effect Of Unusual Items": 0.0,
        "Tax Rate For Calcs": 0.339,
        "Normalized EBITDA": 9035000.0,
        "Net Income From Continuing Operation Net Minority Interest": 3159000.0,
        "Reconciled Depreciation": 3964000.0,
        "Reconciled Cost Of Revenue": 44772000.0,
        "EBITDA": 9035000.0,
        "EBIT": 5071000.0,
        "Net Interest Income": -331000.0,
        "Interest Expense": 331000.0,
        "Normalized Income": 3159000.0,
        "Net Income From Continuing And Discontinued Operation": 3159000.0,
        "Total Expenses": 70078000.0,
        "Total Operating Income As Reported": 5036000.0,
        "Diluted Average Shares": 43067000.0,
        "Basic Average Shares": 42342000.0,
        "Diluted EPS": 0.07,
        "Basic EPS": 0.07,
        "Diluted NI Availto Com Stockholders": 3159000.0,
        "Net Income Common Stockholders": 3159000.0,
        "Net Income": 3159000.0,
        "Minority Interests": 24000.0,
        "Net Income Including Noncontrolling Interests": 3135000.0,
        "Net Income Continuous Operations": 3135000.0,
        "Tax Provision": 1605000.0,
        "Pretax Income": 4740000.0,
        "Other Income Expense": 35000.0,
        "Other Non Operating Income Expenses": 35000.0,
        "Net Non Operating Interest Income Expense": -331000.0,
        "Interest Expense Non Operating": 331000.0,
        "Operating Income": 5036000.0,
        "Operating Expense": 21352000.0,
        "Depreciation Amortization Depletion Income Statement": 10000.0,
        "Depreciation And Amortization In Income Statement": 10000.0,
        "Amortization": 10000.0,
        "Amortization Of Intangibles Income Statement": 10000.0,
        "Selling General And Administration": 21342000.0,
        "Gross Profit": 26388000.0,
        "Cost Of Revenue": 48726000.0,
        "Total Revenue": 75114000.0,
        "Operating Revenue": 75114000.0
    },
    "2024-09-30": {
        "Tax Effect Of Unusual Items": 0.0,
        "Tax Rate For Calcs": 0.21,
        "Normalized EBITDA": 5546000.0,
        "Net Income From Continuing Operation Net Minority Interest": -65000.0,
        "Reconciled Depreciation": 4041000.0,
        "Reconciled Cost Of Revenue": 45657000.0,
        "EBITDA": 5546000.0,
        "EBIT": 1505000.0,
        "Net Interest Income": -327000.0,
        "Interest Expense": 327000.0,
        "Normalized Income": -65000.0,
        "Net Income From Continuing And Discontinued Operation": -65000.0,
        "Total Expenses": 72966000.0,
        "Total Operating Income As Reported": 1482000.0,
        "Diluted Average Shares": 43440000.0,
        "Basic Average Shares": 42529000.0,
        "Diluted EPS": -0.001528,
        "Basic EPS": -0.001528,
        "Diluted NI Availto Com Stockholders": -65000.0,
        "Net Income Common Stockholders": -65000.0,
        "Net Income": -65000.0,
        "Minority Interests": 36000.0,
        "Net Income Including Noncontrolling Interests": -101000.0,
        "Net Income Continuous Operations": -101000.0,
        "Tax Provision": 1279000.0,
        "Pretax Income": 1178000.0,
        "Other Income Expense": 23000.0,
        "Other Non Operating Income Expenses": 23000.0,
        "Net Non Operating Interest Income Expense": -327000.0,
        "Interest Expense Non Operating": 327000.0,
        "Operating Income": 1482000.0,
        "Operating Expense": 23277000.0,
        "Depreciation Amortization Depletion Income Statement": 9000.0,
        "Depreciation And Amortization In Income Statement": 9000.0,
        "Amortization": 9000.0,
        "Amortization Of Intangibles Income Statement": 9000.0,
        "Selling General And Administration": 23268000.0,
        "Gross Profit": 24759000.0,
        "Cost Of Revenue": 49689000.0,
        "Total Revenue": 74448000.0,
        "Operating Revenue": 74448000.0
    }
}