{
    "2023-03-31": {
        "Tax Effect Of Unusual Items": NaN,
        "Tax Rate For Calcs": NaN,
        "Normalized EBITDA": NaN,
        "Total Unusual Items": NaN,
        "Total Unusual Items Excluding Goodwill": NaN,
        "Net Income From Continuing Operation Net Minority Interest": NaN,
        "Reconciled Depreciation": NaN,
        "Reconciled Cost Of Revenue": NaN,
        "EBITDA": NaN,
        "EBIT": NaN,
        "Net Interest Income": NaN,
        "Interest Expense": NaN,
        "Normalized Income": NaN,
        "Net Income From Continuing And Discontinued Operation": NaN,
        "Total Expenses": NaN,
        "Rent Expense Supplemental": NaN,
        "Total Operating Income As Reported": NaN,
        "Diluted Average Shares": 210653112.0,
        "Basic Average Shares": 210594545.0,
        "Diluted EPS": 0.18,
        "Basic EPS": 0.18,
        "Diluted NI Availto Com Stockholders": NaN,
        "Net Income Common Stockholders": NaN,
        "Net Income": NaN,
        "Minority Interests": NaN,
        "Net Income Including Noncontrolling Interests": NaN,
        "Net Income Continuous Operations": NaN,
        "Tax Provision": NaN,
        "Pretax Income": NaN,
        "Other Income Expense": NaN,
        "Other Non Operating Income Expenses": NaN,
        "Gain On Sale Of Security": NaN,
        "Net Non Operating Interest Income Expense": NaN,
        "Interest Expense Non Operating": NaN,
        "Operating Income": NaN,
        "Operating Expense": NaN,
        "Other Operating Expenses": NaN,
        "Selling General And Administration": NaN,
        "General And Administrative Expense": NaN,
        "Other Gand A": NaN,
        "Gross Profit": NaN,
        "Cost Of Revenue": NaN,
        "Total Revenue": NaN,
        "Operating Revenue": NaN
    },
    "2022-12-31": {
        "Tax Effect Of Unusual Items": NaN,
        "Tax Rate For Calcs": NaN,
        "Normalized EBITDA": NaN,
        "Total Unusual Items": NaN,
        "Total Unusual Items Excluding Goodwill": NaN,
        "Net Income From Continuing Operation Net Minority Interest": NaN,
        "Reconciled Depreciation": NaN,
        "Reconciled Cost Of Revenue": NaN,
        "EBITDA": NaN,
        "EBIT": NaN,
        "Net Interest Income": NaN,
        "Interest Expense": NaN,
        "Normalized Income": NaN,
        "Net Income From Continuing And Discontinued Operation": NaN,
        "Total Expenses": NaN,
        "Rent Expense Supplemental": NaN,
        "Total Operating Income As Reported": NaN,
        "Diluted Average Shares": 210594545.0,
        "Basic Average Shares": 210594545.0,
        "Diluted EPS": 0.26,
        "Basic EPS": 0.26,
        "Diluted NI Availto Com Stockholders": NaN,
        "Net Income Common Stockholders": NaN,
        "Net Income": NaN,
        "Minority Interests": NaN,
        "Net Income Including Noncontrolling Interests": NaN,
        "Net Income Continuous Operations": NaN,
        "Tax Provision": NaN,
        "Pretax Income": NaN,
        "Other Income Expense": NaN,
        "Other Non Operating Income Expenses": NaN,
        "Gain On Sale Of Security": NaN,
        "Net Non Operating Interest Income Expense": NaN,
        "Interest Expense Non Operating": NaN,
        "Operating Income": NaN,
        "Operating Expense": NaN,
        "Other Operating Expenses": NaN,
        "Selling General And Administration": NaN,
        "General And Administrative Expense": NaN,
        "Other Gand A": NaN,
        "Gross Profit": NaN,
        "Cost Of Revenue": NaN,
        "Total Revenue": NaN,
        "Operating Revenue": NaN
    },
    "2022-09-30": {
        "Tax Effect Of Unusual Items": NaN,
        "Tax Rate For Calcs": NaN,
        "Normalized EBITDA": NaN,
        "Total Unusual Items": NaN,
        "Total Unusual Items Excluding Goodwill": NaN,
        "Net Income From Continuing Operation Net Minority Interest": NaN,
        "Reconciled Depreciation": NaN,
        "Reconciled Cost Of Revenue": NaN,
        "EBITDA": NaN,
        "EBIT": NaN,
        "Net Interest Income": NaN,
        "Interest Expense": NaN,
        "Normalized Income": NaN,
        "Net Income From Continuing And Discontinued Operation": NaN,
        "Total Expenses": NaN,
        "Rent Expense Supplemental": NaN,
        "Total Operating Income As Reported": NaN,
        "Diluted Average Shares": 210594545.0,
        "Basic Average Shares": 210594545.0,
        "Diluted EPS": 0.22,
        "Basic EPS": 0.22,
        "Diluted NI Availto Com Stockholders": NaN,
        "Net Income Common Stockholders": NaN,
        "Net Income": NaN,
        "Minority Interests": NaN,
        "Net Income Including Noncontrolling Interests": NaN,
        "Net Income Continuous Operations": NaN,
        "Tax Provision": NaN,
        "Pretax Income": NaN,
        "Other Income Expense": NaN,
        "Other Non Operating Income Expenses": NaN,
        "Gain On Sale Of Security": NaN,
        "Net Non Operating Interest Income Expense": NaN,
        "Interest Expense Non Operating": NaN,
        "Operating Income": NaN,
        "Operating Expense": NaN,
        "Other Operating Expenses": NaN,
        "Selling General And Administration": NaN,
        "General And Administrative Expense": NaN,
        "Other Gand A": NaN,
        "Gross Profit": NaN,
        "Cost Of Revenue": NaN,
        "Total Revenue": NaN,
        "Operating Revenue": NaN
    },
    "2022-06-30": {
        "Tax Effect Of Unusual Items": -3370800.0,
        "Tax Rate For Calcs": 0.4,
        "Normalized EBITDA": 91067000.0,
        "Total Unusual Items": -8427000.0,
        "Total Unusual Items Excluding Goodwill": -8427000.0,
        "Net Income From Continuing Operation Net Minority Interest": 14481000.0,
        "Reconciled Depreciation": 30504000.0,
        "Reconciled Cost Of Revenue": 776132000.0,
        "EBITDA": 82640000.0,
        "EBIT": 52136000.0,
        "Net Interest Income": -21923000.0,
        "Interest Expense": 21923000.0,
        "Normalized Income": 19537200.0,
        "Net Income From Continuing And Discontinued Operation": 14481000.0,
        "Total Expenses": 827249000.0,
        "Rent Expense Supplemental": 261602000.0,
        "Total Operating Income As Reported": 60646000.0,
        "Diluted Average Shares": 210539537.0,
        "Basic Average Shares": 210539537.0,
        "Diluted EPS": 0.07,
        "Basic EPS": 0.07,
        "Diluted NI Availto Com Stockholders": 14481000.0,
        "Net Income Common Stockholders": 14481000.0,
        "Net Income": 14481000.0,
        "Minority Interests": -94000.0,
        "Net Income Including Noncontrolling Interests": 14575000.0,
        "Net Income Continuous Operations": 14575000.0,
        "Tax Provision": 15638000.0,
        "Pretax Income": 30213000.0,
        "Other Income Expense": -8510000.0,
        "Other Non Operating Income Expenses": -83000.0,
        "Gain On Sale Of Security": -8427000.0,
        "Net Non Operating Interest Income Expense": -21923000.0,
        "Interest Expense Non Operating": 21923000.0,
        "Operating Income": 60646000.0,
        "Operating Expense": 51117000.0,
        "Other Operating Expenses": -3879000.0,
        "Selling General And Administration": 54996000.0,
        "General And Administrative Expense": 54996000.0,
        "Other Gand A": 54996000.0,
        "Gross Profit": 111763000.0,
        "Cost Of Revenue": 776132000.0,
        "Total Revenue": 887895000.0,
        "Operating Revenue": 887895000.0
    },
    "2022-03-31": {
        "Diluted EPS": 0.12,
        "Total Revenue": 791,
        "Gross Profit": 100,
        "Operating Income": 48,
        "EBIT": 78,
        "Net Income": 25
    },
    "2021-12-31": {
        "Diluted EPS": 0.22,
        "Total Revenue": 780,
        "Gross Profit": 130,
        "Operating Income": 78,
        "EBIT": 107,
        "Net Income": 46
    },
    "2021-09-30": {
        "Diluted EPS": 0.12,
        "Total Revenue": 726,
        "Gross Profit": 103,
        "Operating Income": 51,
        "EBIT": 82,
        "Net Income": 25
    },
    "2021-06-30": {
        "Diluted EPS": 0.02,
        "Total Revenue": 593,
        "Gross Profit": 55,
        "Operating Income": 18,
        "EBIT": 48,
        "Net Income": 5
    },
    "2021-03-31": {
        "Diluted EPS": -0.14,
        "Total Revenue": 561,
        "Gross Profit": 36,
        "Operating Income": -7,
        "EBIT": 24,
        "Net Income": -30
    },
    "2020-12-31": {
        "Diluted EPS": 0.79,
        "Total Revenue": -303,
        "Gross Profit": 72,
        "Operating Income": 106,
        "EBIT": 137,
        "Net Income": 164
    },
    "2020-09-30": {
        "Diluted EPS": -0.82,
        "Total Revenue": NaN,
        "Gross Profit": 38,
        "Operating Income": -88,
        "EBIT": -58,
        "Net Income": -171
    },
    "2020-06-30": {
        "Diluted EPS": -0.43,
        "Total Revenue": 293,
        "Gross Profit": -33,
        "Operating Income": -77,
        "EBIT": -47,
        "Net Income": -90
    },
    "2020-03-31": {
        "Diluted EPS": -0.26,
        "Total Revenue": 618,
        "Gross Profit": 39,
        "Operating Income": -7,
        "EBIT": 28,
        "Net Income": -52
    },
    "2019-12-31": {
        "Diluted EPS": 0.16,
        "Total Revenue": 754,
        "Gross Profit": 110,
        "Operating Income": 61,
        "EBIT": 94,
        "Net Income": 33
    },
    "2019-09-30": {
        "Diluted EPS": 0.12,
        "Total Revenue": 750,
        "Gross Profit": 93,
        "Operating Income": 42,
        "EBIT": 73,
        "Net Income": 24
    },
    "2019-06-30": {
        "Diluted EPS": 0.05,
        "Total Revenue": 724,
        "Gross Profit": 79,
        "Operating Income": 26,
        "EBIT": 56,
        "Net Income": 10
    },
    "2019-03-31": {
        "Diluted EPS": 0.06,
        "Total Revenue": 731,
        "Gross Profit": 85,
        "Operating Income": 31,
        "EBIT": 60,
        "Net Income": 12
    },
    "2018-12-31": {
        "Diluted EPS": 0.01,
        "Total Revenue": 773,
        "Gross Profit": 124,
        "Operating Income": 33,
        "EBIT": 62,
        "Net Income": 0
    },
    "2018-09-30": {
        "Diluted EPS": 0.12,
        "Total Revenue": 724,
        "Gross Profit": 94,
        "Operating Income": 53,
        "EBIT": 79,
        "Net Income": 26
    },
    "2018-06-30": {
        "Diluted EPS": 0.05,
        "Total Revenue": 735,
        "Gross Profit": 83,
        "Operating Income": 25,
        "EBIT": 50,
        "Net Income": 11
    },
    "2018-03-31": {
        "Diluted EPS": 0.0,
        "Total Revenue": 850,
        "Gross Profit": 114,
        "Operating Income": 12,
        "EBIT": 39,
        "Net Income": 1
    },
    "2017-12-31": {
        "Diluted EPS": 0.32,
        "Total Revenue": 897,
        "Gross Profit": 146,
        "Operating Income": 100,
        "EBIT": 126,
        "Net Income": 69
    },
    "2017-09-30": {
        "Diluted EPS": 0.11,
        "Total Revenue": 842,
        "Gross Profit": 114,
        "Operating Income": 48,
        "EBIT": 73,
        "Net Income": 23
    },
    "2017-06-30": {
        "Diluted EPS": -0.02,
        "Total Revenue": 799,
        "Gross Profit": 95,
        "Operating Income": 36,
        "EBIT": 60,
        "Net Income": -4
    },
    "2017-03-31": {
        "Diluted EPS": 0.19,
        "Total Revenue": 781,
        "Gross Profit": 94,
        "Operating Income": 89,
        "EBIT": 113,
        "Net Income": 41
    },
    "2016-12-31": {
        "Diluted EPS": 0.09,
        "Total Revenue": 807,
        "Gross Profit": 123,
        "Operating Income": 54,
        "EBIT": 73,
        "Net Income": 21
    },
    "2016-09-30": {
        "Diluted EPS": -0.01,
        "Total Revenue": 776,
        "Gross Profit": 95,
        "Operating Income": 39,
        "EBIT": 63,
        "Net Income": -2
    },
    "2016-06-30": {
        "Diluted EPS": 0.2,
        "Total Revenue": 687,
        "Gross Profit": 70,
        "Operating Income": 64,
        "EBIT": 88,
        "Net Income": 43
    },
    "2016-03-31": {
        "Diluted EPS": 0.08,
        "Total Revenue": 659,
        "Gross Profit": 71,
        "Operating Income": 22,
        "EBIT": 47,
        "Net Income": 16
    },
    "2015-12-31": {
        "Diluted EPS": 0.03,
        "Total Revenue": 765,
        "Gross Profit": 99,
        "Operating Income": 53,
        "EBIT": 81,
        "Net Income": 6
    },
    "2015-09-30": {
        "Diluted EPS": -0.17,
        "Total Revenue": 754,
        "Gross Profit": 89,
        "Operating Income": 21,
        "EBIT": 48,
        "Net Income": -36
    },
    "2015-06-30": {
        "Diluted EPS": 0.03,
        "Total Revenue": 759,
        "Gross Profit": 84,
        "Operating Income": 14,
        "EBIT": 42,
        "Net Income": 7
    },
    "2015-03-31": {
        "Diluted EPS": -0.13,
        "Total Revenue": 775,
        "Gross Profit": 85,
        "Operating Income": 5,
        "EBIT": 33,
        "Net Income": -28
    },
    "2014-12-31": {
        "Diluted EPS": 0.05,
        "Total Revenue": 914,
        "Gross Profit": 132,
        "Operating Income": 54,
        "EBIT": 84,
        "Net Income": 10
    },
    "2014-09-30": {
        "Diluted EPS": 0.0,
        "Total Revenue": 904,
        "Gross Profit": 107,
        "Operating Income": 35,
        "EBIT": 64,
        "Net Income": 0
    },
    "2014-06-30": {
        "Diluted EPS": -0.46,
        "Total Revenue": 918,
        "Gross Profit": 98,
        "Operating Income": -38,
        "EBIT": -9,
        "Net Income": -99
    },
    "2014-03-31": {
        "Diluted EPS": -0.1,
        "Total Revenue": 915,
        "Gross Profit": 101,
        "Operating Income": 21,
        "EBIT": 49,
        "Net Income": -21
    },
    "2013-12-31": {
        "Diluted EPS": 0.15,
        "Total Revenue": NaN,
        "Gross Profit": 155,
        "Operating Income": 91,
        "EBIT": 119,
        "Net Income": 32
    },
    "2013-09-30": {
        "Diluted EPS": 0.09,
        "Total Revenue": NaN,
        "Gross Profit": 146,
        "Operating Income": 62,
        "EBIT": 91,
        "Net Income": 20
    },
    "2013-06-30": {
        "Diluted EPS": 0.04,
        "Total Revenue": 989,
        "Gross Profit": 124,
        "Operating Income": 38,
        "EBIT": 67,
        "Net Income": 9
    },
    "2013-03-31": {
        "Diluted EPS": -0.03,
        "Total Revenue": 977,
        "Gross Profit": 136,
        "Operating Income": 37,
        "EBIT": 66,
        "Net Income": -7
    },
    "2012-12-31": {
        "Diluted EPS": 0.2,
        "Total Revenue": NaN,
        "Gross Profit": 114,
        "Operating Income": 37,
        "EBIT": 68,
        "Net Income": 44
    },
    "2012-09-30": {
        "Diluted EPS": 0.16,
        "Total Revenue": 962,
        "Gross Profit": 143,
        "Operating Income": 60,
        "EBIT": 83,
        "Net Income": 33
    },
    "2012-06-30": {
        "Diluted EPS": 0.06,
        "Total Revenue": 904,
        "Gross Profit": 163,
        "Operating Income": 84,
        "EBIT": 107,
        "Net Income": 12
    },
    "2012-03-31": {
        "Diluted EPS": 0.12,
        "Total Revenue": 922,
        "Gross Profit": 135,
        "Operating Income": 55,
        "EBIT": 75,
        "Net Income": 25
    },
    "2011-12-31": {
        "Diluted EPS": 0.21,
        "Total Revenue": 959,
        "Gross Profit": 175,
        "Operating Income": 78,
        "EBIT": 98,
        "Net Income": 46
    },
    "2011-09-30": {
        "Diluted EPS": 0.09,
        "Total Revenue": 984,
        "Gross Profit": 165,
        "Operating Income": 74,
        "EBIT": 74,
        "Net Income": 20
    },
    "2011-06-30": {
        "Diluted EPS": 0.07,
        "Total Revenue": 888,
        "Gross Profit": 134,
        "Operating Income": 38,
        "EBIT": 38,
        "Net Income": 14
    },
    "2011-03-31": {
        "Diluted EPS": 0.15,
        "Total Revenue": 827,
        "Gross Profit": 127,
        "Operating Income": 61,
        "EBIT": 76,
        "Net Income": 35
    },
    "2010-12-31": {
        "Diluted EPS": 0.17,
        "Total Revenue": 867,
        "Gross Profit": 867,
        "Operating Income": 867,
        "EBIT": 867,
        "Net Income": 41
    },
    "2010-09-30": {
        "Diluted EPS": 0.12,
        "Total Revenue": 789,
        "Gross Profit": 789,
        "Operating Income": 789,
        "EBIT": 789,
        "Net Income": 29
    },
    "2010-06-30": {
        "Diluted EPS": 0.06,
        "Total Revenue": 691,
        "Gross Profit": 691,
        "Operating Income": 691,
        "EBIT": 691,
        "Net Income": 13
    },
    "2010-03-31": {
        "Diluted EPS": 0.09,
        "Total Revenue": 671,
        "Gross Profit": 671,
        "Operating Income": 671,
        "EBIT": 671,
        "Net Income": 22
    },
    "2023-06-30": {
        "Tax Effect Of Unusual Items": NaN,
        "Tax Rate For Calcs": NaN,
        "Normalized EBITDA": NaN,
        "Total Unusual Items": NaN,
        "Total Unusual Items Excluding Goodwill": NaN,
        "Net Income From Continuing Operation Net Minority Interest": NaN,
        "Reconciled Depreciation": NaN,
        "Reconciled Cost Of Revenue": NaN,
        "EBITDA": NaN,
        "EBIT": NaN,
        "Net Interest Income": NaN,
        "Interest Expense": NaN,
        "Normalized Income": NaN,
        "Net Income From Continuing And Discontinued Operation": NaN,
        "Total Expenses": NaN,
        "Rent Expense Supplemental": NaN,
        "Total Operating Income As Reported": NaN,
        "Diluted Average Shares": 210625859.0,
        "Basic Average Shares": 210625859.0,
        "Diluted EPS": 0.13,
        "Basic EPS": 0.13,
        "Diluted NI Availto Com Stockholders": NaN,
        "Net Income Common Stockholders": NaN,
        "Net Income": NaN,
        "Minority Interests": NaN,
        "Net Income Including Noncontrolling Interests": NaN,
        "Net Income Continuous Operations": NaN,
        "Tax Provision": NaN,
        "Pretax Income": NaN,
        "Other Income Expense": NaN,
        "Other Non Operating Income Expenses": NaN,
        "Gain On Sale Of Security": NaN,
        "Net Non Operating Interest Income Expense": NaN,
        "Interest Expense Non Operating": NaN,
        "Operating Income": NaN,
        "Operating Expense": NaN,
        "Other Operating Expenses": NaN,
        "Selling General And Administration": NaN,
        "General And Administrative Expense": NaN,
        "Other Gand A": NaN,
        "Gross Profit": NaN,
        "Cost Of Revenue": NaN,
        "Total Revenue": NaN,
        "Operating Revenue": NaN
    },
    "2023-09-30": {
        "Tax Effect Of Unusual Items": NaN,
        "Tax Rate For Calcs": NaN,
        "Normalized EBITDA": NaN,
        "Total Unusual Items": NaN,
        "Total Unusual Items Excluding Goodwill": NaN,
        "Net Income From Continuing Operation Net Minority Interest": NaN,
        "Reconciled Depreciation": NaN,
        "Reconciled Cost Of Revenue": NaN,
        "EBITDA": NaN,
        "EBIT": NaN,
        "Net Interest Income": NaN,
        "Interest Expense": NaN,
        "Normalized Income": NaN,
        "Net Income From Continuing And Discontinued Operation": NaN,
        "Total Expenses": NaN,
        "Rent Expense Supplemental": NaN,
        "Total Operating Income As Reported": NaN,
        "Diluted Average Shares": 210654969.0,
        "Basic Average Shares": 210654969.0,
        "Diluted EPS": 0.28,
        "Basic EPS": 0.28,
        "Diluted NI Availto Com Stockholders": NaN,
        "Net Income Common Stockholders": NaN,
        "Net Income": NaN,
        "Minority Interests": NaN,
        "Net Income Including Noncontrolling Interests": NaN,
        "Net Income Continuous Operations": NaN,
        "Tax Provision": NaN,
        "Pretax Income": NaN,
        "Other Income Expense": NaN,
        "Other Non Operating Income Expenses": NaN,
        "Gain On Sale Of Security": NaN,
        "Net Non Operating Interest Income Expense": NaN,
        "Interest Expense Non Operating": NaN,
        "Operating Income": NaN,
        "Operating Expense": NaN,
        "Other Operating Expenses": NaN,
        "Selling General And Administration": NaN,
        "General And Administrative Expense": NaN,
        "Other Gand A": NaN,
        "Gross Profit": NaN,
        "Cost Of Revenue": NaN,
        "Total Revenue": NaN,
        "Operating Revenue": NaN
    },
    "2023-12-31": {
        "Tax Effect Of Unusual Items": NaN,
        "Tax Rate For Calcs": NaN,
        "Normalized EBITDA": NaN,
        "Total Unusual Items": NaN,
        "Total Unusual Items Excluding Goodwill": NaN,
        "Net Income From Continuing Operation Net Minority Interest": NaN,
        "Reconciled Depreciation": 43462000.0,
        "Reconciled Cost Of Revenue": NaN,
        "EBITDA": NaN,
        "EBIT": NaN,
        "Net Interest Income": NaN,
        "Interest Expense": NaN,
        "Normalized Income": NaN,
        "Net Income From Continuing And Discontinued Operation": NaN,
        "Total Expenses": NaN,
        "Rent Expense Supplemental": NaN,
        "Total Operating Income As Reported": NaN,
        "Diluted Average Shares": NaN,
        "Basic Average Shares": NaN,
        "Diluted EPS": NaN,
        "Basic EPS": NaN,
        "Diluted NI Availto Com Stockholders": NaN,
        "Net Income Common Stockholders": NaN,
        "Net Income": NaN,
        "Minority Interests": NaN,
        "Net Income Including Noncontrolling Interests": NaN,
        "Net Income Continuous Operations": NaN,
        "Tax Provision": NaN,
        "Pretax Income": NaN,
        "Other Income Expense": NaN,
        "Other Non Operating Income Expenses": NaN,
        "Gain On Sale Of Security": NaN,
        "Net Non Operating Interest Income Expense": NaN,
        "Interest Expense Non Operating": NaN,
        "Operating Income": NaN,
        "Operating Expense": NaN,
        "Other Operating Expenses": NaN,
        "Selling General And Administration": NaN,
        "General And Administrative Expense": NaN,
        "Other Gand A": NaN,
        "Gross Profit": NaN,
        "Cost Of Revenue": NaN,
        "Total Revenue": NaN,
        "Operating Revenue": NaN
    },
    "2024-03-31": {
        "Tax Effect Of Unusual Items": -1163794.75635,
        "Tax Rate For Calcs": 0.397064,
        "Normalized EBITDA": 110213000.0,
        "Total Unusual Items": -2931000.0,
        "Total Unusual Items Excluding Goodwill": -2931000.0,
        "Net Income From Continuing Operation Net Minority Interest": 28509000.0,
        "Reconciled Depreciation": 43091000.0,
        "Reconciled Cost Of Revenue": 948993000.0,
        "EBITDA": 107282000.0,
        "EBIT": 64191000.0,
        "Net Interest Income": -16438000.0,
        "Interest Expense": 16438000.0,
        "Normalized Income": 30276205.24365,
        "Net Income From Continuing And Discontinued Operation": 28509000.0,
        "Total Expenses": 1013805000.0,
        "Rent Expense Supplemental": 321043000.0,
        "Total Operating Income As Reported": 67551000.0,
        "Diluted Average Shares": 210655747.0,
        "Basic Average Shares": 210655747.0,
        "Diluted EPS": 0.14,
        "Basic EPS": 0.14,
        "Diluted NI Availto Com Stockholders": 28509000.0,
        "Net Income Common Stockholders": 28509000.0,
        "Net Income": 28509000.0,
        "Minority Interests": -283000.0,
        "Net Income Including Noncontrolling Interests": 28792000.0,
        "Net Income Continuous Operations": 28792000.0,
        "Tax Provision": 18961000.0,
        "Pretax Income": 47753000.0,
        "Other Income Expense": -3360000.0,
        "Other Non Operating Income Expenses": -429000.0,
        "Gain On Sale Of Security": -2931000.0,
        "Net Non Operating Interest Income Expense": -16438000.0,
        "Interest Expense Non Operating": 16438000.0,
        "Operating Income": 67551000.0,
        "Operating Expense": 64812000.0,
        "Other Operating Expenses": -3846000.0,
        "Selling General And Administration": 68658000.0,
        "General And Administrative Expense": 68658000.0,
        "Other Gand A": 68658000.0,
        "Gross Profit": 132363000.0,
        "Cost Of Revenue": 948993000.0,
        "Total Revenue": 1081356000.0,
        "Operating Revenue": 1081356000.0
    },
    "2024-06-30": {
        "Tax Effect Of Unusual Items": -5077900.0,
        "Tax Rate For Calcs": 0.34,
        "Normalized EBITDA": 119198000.0,
        "Total Unusual Items": -14935000.0,
        "Total Unusual Items Excluding Goodwill": -14935000.0,
        "Net Income From Continuing Operation Net Minority Interest": 26632000.0,
        "Reconciled Depreciation": 45202000.0,
        "Reconciled Cost Of Revenue": 968668000.0,
        "EBITDA": 104263000.0,
        "EBIT": 59061000.0,
        "Net Interest Income": -14141000.0,
        "Interest Expense": 14141000.0,
        "Normalized Income": 36489100.0,
        "Net Income From Continuing And Discontinued Operation": 26632000.0,
        "Total Expenses": 1036682000.0,
        "Rent Expense Supplemental": 335843000.0,
        "Total Operating Income As Reported": 74219000.0,
        "Diluted Average Shares": NaN,
        "Basic Average Shares": NaN,
        "Diluted EPS": NaN,
        "Basic EPS": NaN,
        "Diluted NI Availto Com Stockholders": 26632000.0,
        "Net Income Common Stockholders": 26632000.0,
        "Net Income": 26632000.0,
        "Minority Interests": -143000.0,
        "Net Income Including Noncontrolling Interests": 26775000.0,
        "Net Income Continuous Operations": 26775000.0,
        "Tax Provision": 18145000.0,
        "Pretax Income": 44920000.0,
        "Other Income Expense": -15158000.0,
        "Other Non Operating Income Expenses": -223000.0,
        "Gain On Sale Of Security": -14935000.0,
        "Net Non Operating Interest Income Expense": -14141000.0,
        "Interest Expense Non Operating": 14141000.0,
        "Operating Income": 74219000.0,
        "Operating Expense": 68014000.0,
        "Other Operating Expenses": -4940000.0,
        "Selling General And Administration": 72954000.0,
        "General And Administrative Expense": 72954000.0,
        "Other Gand A": 72954000.0,
        "Gross Profit": 142233000.0,
        "Cost Of Revenue": 968668000.0,
        "Total Revenue": 1110901000.0,
        "Operating Revenue": 1110901000.0
    },
    "2024-09-30": {
        "Tax Effect Of Unusual Items": 943840.0,
        "Tax Rate For Calcs": 0.34,
        "Normalized EBITDA": 80583000.0,
        "Total Unusual Items": 2776000.0,
        "Total Unusual Items Excluding Goodwill": 2776000.0,
        "Net Income From Continuing Operation Net Minority Interest": 35214000.0,
        "Reconciled Depreciation": 45411000.0,
        "Reconciled Cost Of Revenue": 992523000.0,
        "EBITDA": 83359000.0,
        "EBIT": 83359000.0,
        "Net Interest Income": -8480000.0,
        "Interest Expense": 8480000.0,
        "Normalized Income": 33381840.0,
        "Net Income From Continuing And Discontinued Operation": 35214000.0,
        "Total Expenses": 1053860000.0,
        "Rent Expense Supplemental": 336291000.0,
        "Total Operating Income As Reported": 79825000.0,
        "Diluted Average Shares": 210663057.0,
        "Basic Average Shares": 210663057.0,
        "Diluted EPS": 0.17,
        "Basic EPS": 0.17,
        "Diluted NI Availto Com Stockholders": 35214000.0,
        "Net Income Common Stockholders": 35214000.0,
        "Net Income": 35214000.0,
        "Minority Interests": -76000.0,
        "Net Income Including Noncontrolling Interests": 35290000.0,
        "Net Income Continuous Operations": 35290000.0,
        "Tax Provision": 39589000.0,
        "Pretax Income": 74879000.0,
        "Other Income Expense": 3534000.0,
        "Other Non Operating Income Expenses": 758000.0,
        "Gain On Sale Of Security": 2776000.0,
        "Net Non Operating Interest Income Expense": -8480000.0,
        "Interest Expense Non Operating": 8480000.0,
        "Operating Income": 79825000.0,
        "Operating Expense": 61337000.0,
        "Other Operating Expenses": -6733000.0,
        "Selling General And Administration": 68070000.0,
        "General And Administrative Expense": 68070000.0,
        "Other Gand A": 68070000.0,
        "Gross Profit": 141162000.0,
        "Cost Of Revenue": 992523000.0,
        "Total Revenue": 1133685000.0,
        "Operating Revenue": 1133685000.0
    },
    "2024-12-31": {
        "Tax Effect Of Unusual Items": 350434.361714,
        "Tax Rate For Calcs": 0.362019,
        "Normalized EBITDA": 98941000.0,
        "Total Unusual Items": 968000.0,
        "Total Unusual Items Excluding Goodwill": 968000.0,
        "Net Income From Continuing Operation Net Minority Interest": 58404000.0,
        "Reconciled Depreciation": NaN,
        "Reconciled Cost Of Revenue": 973556000.0,
        "EBITDA": 99909000.0,
        "EBIT": 99909000.0,
        "Net Interest Income": -8179000.0,
        "Interest Expense": 8179000.0,
        "Normalized Income": 57786434.361714,
        "Net Income From Continuing And Discontinued Operation": 58404000.0,
        "Total Expenses": 1041300000.0,
        "Rent Expense Supplemental": 328708000.0,
        "Total Operating Income As Reported": 102920000.0,
        "Diluted Average Shares": 210663057.0,
        "Basic Average Shares": 210663057.0,
        "Diluted EPS": 0.28,
        "Basic EPS": 0.28,
        "Diluted NI Availto Com Stockholders": 58404000.0,
        "Net Income Common Stockholders": 58404000.0,
        "Net Income": 58404000.0,
        "Minority Interests": -118000.0,
        "Net Income Including Noncontrolling Interests": 58522000.0,
        "Net Income Continuous Operations": 58522000.0,
        "Tax Provision": 33208000.0,
        "Pretax Income": 91730000.0,
        "Other Income Expense": -3011000.0,
        "Other Non Operating Income Expenses": -3979000.0,
        "Gain On Sale Of Security": 968000.0,
        "Net Non Operating Interest Income Expense": -8179000.0,
        "Interest Expense Non Operating": 8179000.0,
        "Operating Income": 102920000.0,
        "Operating Expense": 67744000.0,
        "Other Operating Expenses": -2433000.0,
        "Selling General And Administration": 70177000.0,
        "General And Administrative Expense": 70177000.0,
        "Other Gand A": 70177000.0,
        "Gross Profit": 170664000.0,
        "Cost Of Revenue": 973556000.0,
        "Total Revenue": 1144220000.0,
        "Operating Revenue": 1144220000.0
    },
    "2025-03-31": {
        "Tax Effect Of Unusual Items": -629340.0,
        "Tax Rate For Calcs": 0.34,
        "Normalized EBITDA": 91320000.0,
        "Total Unusual Items": -1851000.0,
        "Total Unusual Items Excluding Goodwill": -1851000.0,
        "Net Income From Continuing Operation Net Minority Interest": 13930000.0,
        "Reconciled Depreciation": 46295000.0,
        "Reconciled Cost Of Revenue": 956881000.0,
        "EBITDA": 89469000.0,
        "EBIT": 43174000.0,
        "Net Interest Income": -16592000.0,
        "Interest Expense": 16592000.0,
        "Normalized Income": 15151660.0,
        "Net Income From Continuing And Discontinued Operation": 13930000.0,
        "Total Expenses": 1031445000.0,
        "Rent Expense Supplemental": 329109000.0,
        "Total Operating Income As Reported": 45147000.0,
        "Diluted Average Shares": 210663057.0,
        "Basic Average Shares": 210663057.0,
        "Diluted EPS": 0.07,
        "Basic EPS": 0.07,
        "Diluted NI Availto Com Stockholders": 13930000.0,
        "Net Income Common Stockholders": 13930000.0,
        "Net Income": 13930000.0,
        "Minority Interests": -147000.0,
        "Net Income Including Noncontrolling Interests": 14077000.0,
        "Net Income Continuous Operations": 14077000.0,
        "Tax Provision": 12505000.0,
        "Pretax Income": 26582000.0,
        "Other Income Expense": -1973000.0,
        "Other Non Operating Income Expenses": -122000.0,
        "Gain On Sale Of Security": -1851000.0,
        "Net Non Operating Interest Income Expense": -16592000.0,
        "Interest Expense Non Operating": 16592000.0,
        "Operating Income": 45147000.0,
        "Operating Expense": 74564000.0,
        "Other Operating Expenses": 1239000.0,
        "Selling General And Administration": 73325000.0,
        "General And Administrative Expense": 73325000.0,
        "Other Gand A": 73325000.0,
        "Gross Profit": 119711000.0,
        "Cost Of Revenue": 956881000.0,
        "Total Revenue": 1076592000.0,
        "Operating Revenue": 1076592000.0
    }
}