{
    "2023-03-31": {
        "Tax Effect Of Unusual Items": NaN,
        "Tax Rate For Calcs": NaN,
        "Normalized EBITDA": NaN,
        "Total Unusual Items": 12215000.0,
        "Total Unusual Items Excluding Goodwill": 12215000.0,
        "Net Income From Continuing Operation Net Minority Interest": NaN,
        "Reconciled Cost Of Revenue": NaN,
        "EBITDA": NaN,
        "EBIT": NaN,
        "Net Interest Income": NaN,
        "Interest Expense": NaN,
        "Interest Income": 226777000.0,
        "Normalized Income": NaN,
        "Net Income From Continuing And Discontinued Operation": NaN,
        "Total Expenses": NaN,
        "Diluted Average Shares": NaN,
        "Basic Average Shares": NaN,
        "Diluted EPS": NaN,
        "Basic EPS": NaN,
        "Diluted NI Availto Com Stockholders": NaN,
        "Average Dilution Earnings": NaN,
        "Net Income Common Stockholders": NaN,
        "Otherunder Preferred Stock Dividend": NaN,
        "Net Income": NaN,
        "Minority Interests": NaN,
        "Net Income Including Noncontrolling Interests": NaN,
        "Net Income Continuous Operations": NaN,
        "Tax Provision": NaN,
        "Pretax Income": NaN,
        "Other Income Expense": NaN,
        "Other Non Operating Income Expenses": NaN,
        "Gain On Sale Of Security": 12215000.0,
        "Net Non Operating Interest Income Expense": NaN,
        "Interest Expense Non Operating": NaN,
        "Interest Income Non Operating": 226777000.0,
        "Operating Income": NaN,
        "Operating Expense": NaN,
        "Other Operating Expenses": NaN,
        "Selling General And Administration": NaN,
        "General And Administrative Expense": NaN,
        "Other Gand A": NaN,
        "Salaries And Wages": NaN,
        "Gross Profit": NaN,
        "Cost Of Revenue": NaN,
        "Total Revenue": NaN,
        "Operating Revenue": NaN
    },
    "2022-12-31": {
        "Tax Effect Of Unusual Items": NaN,
        "Tax Rate For Calcs": NaN,
        "Normalized EBITDA": NaN,
        "Total Unusual Items": 59322000.0,
        "Total Unusual Items Excluding Goodwill": 59322000.0,
        "Net Income From Continuing Operation Net Minority Interest": NaN,
        "Reconciled Cost Of Revenue": NaN,
        "EBITDA": NaN,
        "EBIT": NaN,
        "Net Interest Income": NaN,
        "Interest Expense": NaN,
        "Interest Income": 194784000.0,
        "Normalized Income": NaN,
        "Net Income From Continuing And Discontinued Operation": NaN,
        "Total Expenses": NaN,
        "Diluted Average Shares": NaN,
        "Basic Average Shares": NaN,
        "Diluted EPS": NaN,
        "Basic EPS": NaN,
        "Diluted NI Availto Com Stockholders": NaN,
        "Average Dilution Earnings": NaN,
        "Net Income Common Stockholders": NaN,
        "Otherunder Preferred Stock Dividend": NaN,
        "Net Income": NaN,
        "Minority Interests": NaN,
        "Net Income Including Noncontrolling Interests": NaN,
        "Net Income Continuous Operations": NaN,
        "Tax Provision": NaN,
        "Pretax Income": NaN,
        "Other Income Expense": NaN,
        "Other Non Operating Income Expenses": NaN,
        "Gain On Sale Of Security": 59322000.0,
        "Net Non Operating Interest Income Expense": NaN,
        "Interest Expense Non Operating": NaN,
        "Interest Income Non Operating": 194784000.0,
        "Operating Income": NaN,
        "Operating Expense": NaN,
        "Other Operating Expenses": NaN,
        "Selling General And Administration": NaN,
        "General And Administrative Expense": NaN,
        "Other Gand A": NaN,
        "Salaries And Wages": NaN,
        "Gross Profit": NaN,
        "Cost Of Revenue": NaN,
        "Total Revenue": NaN,
        "Operating Revenue": NaN
    },
    "2022-09-30": {
        "Tax Effect Of Unusual Items": NaN,
        "Tax Rate For Calcs": NaN,
        "Normalized EBITDA": NaN,
        "Total Unusual Items": 4401000.0,
        "Total Unusual Items Excluding Goodwill": 4401000.0,
        "Net Income From Continuing Operation Net Minority Interest": NaN,
        "Reconciled Cost Of Revenue": NaN,
        "EBITDA": NaN,
        "EBIT": NaN,
        "Net Interest Income": NaN,
        "Interest Expense": NaN,
        "Interest Income": 160501000.0,
        "Normalized Income": NaN,
        "Net Income From Continuing And Discontinued Operation": NaN,
        "Total Expenses": NaN,
        "Diluted Average Shares": NaN,
        "Basic Average Shares": NaN,
        "Diluted EPS": NaN,
        "Basic EPS": NaN,
        "Diluted NI Availto Com Stockholders": NaN,
        "Average Dilution Earnings": 0.0,
        "Net Income Common Stockholders": NaN,
        "Otherunder Preferred Stock Dividend": NaN,
        "Net Income": NaN,
        "Minority Interests": NaN,
        "Net Income Including Noncontrolling Interests": NaN,
        "Net Income Continuous Operations": NaN,
        "Tax Provision": NaN,
        "Pretax Income": NaN,
        "Other Income Expense": NaN,
        "Other Non Operating Income Expenses": NaN,
        "Gain On Sale Of Security": 4401000.0,
        "Net Non Operating Interest Income Expense": NaN,
        "Interest Expense Non Operating": NaN,
        "Interest Income Non Operating": 160501000.0,
        "Operating Income": NaN,
        "Operating Expense": NaN,
        "Other Operating Expenses": NaN,
        "Selling General And Administration": NaN,
        "General And Administrative Expense": NaN,
        "Other Gand A": NaN,
        "Salaries And Wages": NaN,
        "Gross Profit": NaN,
        "Cost Of Revenue": NaN,
        "Total Revenue": NaN,
        "Operating Revenue": NaN
    },
    "2022-06-30": {
        "Tax Effect Of Unusual Items": -1943156.2938,
        "Tax Rate For Calcs": 0.200698,
        "Normalized EBITDA": 173222000.0,
        "Total Unusual Items": -9682000.0,
        "Total Unusual Items Excluding Goodwill": -9682000.0,
        "Net Income From Continuing Operation Net Minority Interest": 39731000.0,
        "Reconciled Cost Of Revenue": 416848000.0,
        "EBITDA": 163540000.0,
        "EBIT": 163540000.0,
        "Net Interest Income": 22377000.0,
        "Interest Expense": 96474000.0,
        "Interest Income": 118851000.0,
        "Normalized Income": 47469843.7062,
        "Net Income From Continuing And Discontinued Operation": 39731000.0,
        "Total Expenses": 552868000.0,
        "Diluted Average Shares": 175157558.0,
        "Basic Average Shares": 175157558.0,
        "Diluted EPS": 0.21,
        "Basic EPS": 0.21,
        "Diluted NI Availto Com Stockholders": 39731000.0,
        "Average Dilution Earnings": 3461000.0,
        "Net Income Common Stockholders": 36270000.0,
        "Otherunder Preferred Stock Dividend": 3461000.0,
        "Net Income": 39731000.0,
        "Minority Interests": -13875000.0,
        "Net Income Including Noncontrolling Interests": 53606000.0,
        "Net Income Continuous Operations": 53606000.0,
        "Tax Provision": 13460000.0,
        "Pretax Income": 67066000.0,
        "Other Income Expense": -3873000.0,
        "Other Non Operating Income Expenses": 5809000.0,
        "Gain On Sale Of Security": -9682000.0,
        "Net Non Operating Interest Income Expense": 22377000.0,
        "Interest Expense Non Operating": 96474000.0,
        "Interest Income Non Operating": 118851000.0,
        "Operating Income": 48562000.0,
        "Operating Expense": 136020000.0,
        "Other Operating Expenses": 13454000.0,
        "Selling General And Administration": 122566000.0,
        "General And Administrative Expense": 122566000.0,
        "Other Gand A": 122566000.0,
        "Gross Profit": 184582000.0,
        "Cost Of Revenue": 416848000.0,
        "Total Revenue": 601430000.0,
        "Operating Revenue": 601430000.0
    },
    "2023-06-30": {
        "Tax Effect Of Unusual Items": NaN,
        "Tax Rate For Calcs": NaN,
        "Normalized EBITDA": NaN,
        "Total Unusual Items": 103907000.0,
        "Total Unusual Items Excluding Goodwill": 103907000.0,
        "Net Income From Continuing Operation Net Minority Interest": NaN,
        "Reconciled Cost Of Revenue": NaN,
        "EBITDA": NaN,
        "EBIT": NaN,
        "Net Interest Income": NaN,
        "Interest Expense": NaN,
        "Interest Income": 237144000.0,
        "Normalized Income": NaN,
        "Net Income From Continuing And Discontinued Operation": NaN,
        "Total Expenses": NaN,
        "Diluted Average Shares": NaN,
        "Basic Average Shares": NaN,
        "Diluted EPS": NaN,
        "Basic EPS": NaN,
        "Diluted NI Availto Com Stockholders": NaN,
        "Average Dilution Earnings": NaN,
        "Net Income Common Stockholders": NaN,
        "Otherunder Preferred Stock Dividend": NaN,
        "Net Income": NaN,
        "Minority Interests": NaN,
        "Net Income Including Noncontrolling Interests": NaN,
        "Net Income Continuous Operations": NaN,
        "Tax Provision": NaN,
        "Pretax Income": NaN,
        "Other Income Expense": NaN,
        "Other Non Operating Income Expenses": NaN,
        "Gain On Sale Of Security": 103907000.0,
        "Net Non Operating Interest Income Expense": NaN,
        "Interest Expense Non Operating": NaN,
        "Interest Income Non Operating": 237144000.0,
        "Operating Income": NaN,
        "Operating Expense": NaN,
        "Other Operating Expenses": NaN,
        "Selling General And Administration": NaN,
        "General And Administrative Expense": NaN,
        "Other Gand A": NaN,
        "Salaries And Wages": NaN,
        "Gross Profit": NaN,
        "Cost Of Revenue": NaN,
        "Total Revenue": NaN,
        "Operating Revenue": NaN
    },
    "2022-03-31": {
        "Diluted EPS": 0.24,
        "Total Revenue": 715,
        "Gross Profit": 715,
        "Operating Income": 103,
        "EBIT": 103,
        "Net Income": 42
    },
    "2021-12-31": {
        "Diluted EPS": 0.69,
        "Total Revenue": NaN,
        "Gross Profit": NaN,
        "Operating Income": 263,
        "EBIT": 263,
        "Net Income": 124
    },
    "2021-09-30": {
        "Diluted EPS": 0.45,
        "Total Revenue": 949,
        "Gross Profit": 949,
        "Operating Income": 135,
        "EBIT": 135,
        "Net Income": 85
    },
    "2021-06-30": {
        "Diluted EPS": 0.69,
        "Total Revenue": NaN,
        "Gross Profit": NaN,
        "Operating Income": 270,
        "EBIT": 270,
        "Net Income": 125
    },
    "2021-03-31": {
        "Diluted EPS": 0.32,
        "Total Revenue": 658,
        "Gross Profit": 658,
        "Operating Income": 133,
        "EBIT": 133,
        "Net Income": 53
    },
    "2020-12-31": {
        "Diluted EPS": 0.58,
        "Total Revenue": 658,
        "Gross Profit": 658,
        "Operating Income": 166,
        "EBIT": 166,
        "Net Income": 74
    },
    "2020-09-30": {
        "Diluted EPS": 0.27,
        "Total Revenue": 490,
        "Gross Profit": 490,
        "Operating Income": 97,
        "EBIT": 97,
        "Net Income": 42
    },
    "2020-06-30": {
        "Diluted EPS": 0.35,
        "Total Revenue": 603,
        "Gross Profit": 603,
        "Operating Income": 119,
        "EBIT": 119,
        "Net Income": 51
    },
    "2020-03-31": {
        "Diluted EPS": -0.33,
        "Total Revenue": 13,
        "Gross Profit": 13,
        "Operating Income": -69,
        "EBIT": -69,
        "Net Income": -36
    },
    "2019-12-31": {
        "Diluted EPS": 0.24,
        "Total Revenue": 437,
        "Gross Profit": 437,
        "Operating Income": 75,
        "EBIT": 75,
        "Net Income": 33
    },
    "2019-09-30": {
        "Diluted EPS": 0.23,
        "Total Revenue": 466,
        "Gross Profit": 466,
        "Operating Income": 71,
        "EBIT": 71,
        "Net Income": 28
    },
    "2019-06-30": {
        "Diluted EPS": 0.23,
        "Total Revenue": 385,
        "Gross Profit": 385,
        "Operating Income": 49,
        "EBIT": 49,
        "Net Income": 27
    },
    "2019-03-31": {
        "Diluted EPS": 0.36,
        "Total Revenue": 477,
        "Gross Profit": 477,
        "Operating Income": 108,
        "EBIT": 108,
        "Net Income": 40
    },
    "2018-12-31": {
        "Diluted EPS": 0.13,
        "Total Revenue": 247,
        "Gross Profit": 247,
        "Operating Income": 32,
        "EBIT": 32,
        "Net Income": 8
    },
    "2018-09-30": {
        "Diluted EPS": 0.09,
        "Total Revenue": 241,
        "Gross Profit": 241,
        "Operating Income": 14,
        "EBIT": 14,
        "Net Income": 10
    },
    "2018-06-30": {
        "Diluted EPS": -0.2,
        "Total Revenue": 204,
        "Gross Profit": 204,
        "Operating Income": -17,
        "EBIT": -17,
        "Net Income": -17
    },
    "2018-03-31": {
        "Diluted EPS": 0.28,
        "Total Revenue": 266,
        "Gross Profit": 266,
        "Operating Income": 60,
        "EBIT": 60,
        "Net Income": 34
    },
    "2017-12-31": {
        "Diluted EPS": 0.41,
        "Total Revenue": 375,
        "Gross Profit": 375,
        "Operating Income": 64,
        "EBIT": 64,
        "Net Income": 35
    },
    "2017-09-30": {
        "Diluted EPS": 0.26,
        "Total Revenue": 288,
        "Gross Profit": 288,
        "Operating Income": 34,
        "EBIT": 34,
        "Net Income": 22
    },
    "2017-06-30": {
        "Diluted EPS": 0.53,
        "Total Revenue": 572,
        "Gross Profit": 572,
        "Operating Income": 124,
        "EBIT": 124,
        "Net Income": 44
    },
    "2017-03-31": {
        "Diluted EPS": -0.58,
        "Total Revenue": 244,
        "Gross Profit": 244,
        "Operating Income": -247,
        "EBIT": -247,
        "Net Income": -47
    },
    "2016-12-31": {
        "Diluted EPS": 0.35,
        "Total Revenue": 413,
        "Gross Profit": 413,
        "Operating Income": 114,
        "EBIT": 114,
        "Net Income": 29
    },
    "2016-09-30": {
        "Diluted EPS": 0.43,
        "Total Revenue": 335,
        "Gross Profit": 335,
        "Operating Income": 52,
        "EBIT": 52,
        "Net Income": 37
    },
    "2016-06-30": {
        "Diluted EPS": 0.46,
        "Total Revenue": 370,
        "Gross Profit": 370,
        "Operating Income": 66,
        "EBIT": 66,
        "Net Income": 38
    },
    "2016-03-31": {
        "Diluted EPS": -0.04,
        "Total Revenue": 136,
        "Gross Profit": 136,
        "Operating Income": 6,
        "EBIT": 6,
        "Net Income": -3
    },
    "2015-12-31": {
        "Diluted EPS": -0.01,
        "Total Revenue": 160,
        "Gross Profit": 160,
        "Operating Income": -26,
        "EBIT": -16,
        "Net Income": 0
    },
    "2015-09-30": {
        "Diluted EPS": -0.14,
        "Total Revenue": 144,
        "Gross Profit": 144,
        "Operating Income": 7,
        "EBIT": 20,
        "Net Income": -11
    },
    "2015-06-30": {
        "Diluted EPS": 0.15,
        "Total Revenue": 241,
        "Gross Profit": 241,
        "Operating Income": 29,
        "EBIT": 47,
        "Net Income": 12
    },
    "2015-03-31": {
        "Diluted EPS": 0.23,
        "Total Revenue": 270,
        "Gross Profit": 270,
        "Operating Income": 35,
        "EBIT": 49,
        "Net Income": 18
    },
    "2014-12-31": {
        "Diluted EPS": 0.04,
        "Total Revenue": 163,
        "Gross Profit": 163,
        "Operating Income": -50,
        "EBIT": -48,
        "Net Income": 3
    },
    "2014-09-30": {
        "Diluted EPS": 0.17,
        "Total Revenue": 175,
        "Gross Profit": 175,
        "Operating Income": -28,
        "EBIT": -18,
        "Net Income": 14
    },
    "2014-06-30": {
        "Diluted EPS": 0.22,
        "Total Revenue": 132,
        "Gross Profit": 132,
        "Operating Income": -127,
        "EBIT": -130,
        "Net Income": 18
    },
    "2014-03-31": {
        "Diluted EPS": 0.0,
        "Total Revenue": 134,
        "Gross Profit": 134,
        "Operating Income": -51,
        "EBIT": -44,
        "Net Income": NaN
    },
    "2013-12-31": {
        "Diluted EPS": 0.0,
        "Total Revenue": NaN,
        "Gross Profit": NaN,
        "Operating Income": NaN,
        "EBIT": NaN,
        "Net Income": NaN
    },
    "2013-09-30": {
        "Diluted EPS": 0.0,
        "Total Revenue": 136,
        "Gross Profit": 136,
        "Operating Income": -101,
        "EBIT": -94,
        "Net Income": NaN
    },
    "2013-06-30": {
        "Diluted EPS": 0.0,
        "Total Revenue": 89,
        "Gross Profit": 89,
        "Operating Income": -20,
        "EBIT": -20,
        "Net Income": NaN
    },
    "2012-12-31": {
        "Diluted EPS": 0.0,
        "Total Revenue": NaN,
        "Gross Profit": NaN,
        "Operating Income": NaN,
        "EBIT": NaN,
        "Net Income": NaN
    },
    "2011-12-31": {
        "Diluted EPS": 0.0,
        "Total Revenue": NaN,
        "Gross Profit": NaN,
        "Operating Income": NaN,
        "EBIT": NaN,
        "Net Income": NaN
    },
    "2023-09-30": {
        "Tax Effect Of Unusual Items": NaN,
        "Tax Rate For Calcs": NaN,
        "Normalized EBITDA": NaN,
        "Total Unusual Items": NaN,
        "Total Unusual Items Excluding Goodwill": NaN,
        "Net Income From Continuing Operation Net Minority Interest": NaN,
        "Reconciled Cost Of Revenue": NaN,
        "EBITDA": NaN,
        "EBIT": NaN,
        "Net Interest Income": NaN,
        "Interest Expense": NaN,
        "Interest Income": NaN,
        "Normalized Income": NaN,
        "Net Income From Continuing And Discontinued Operation": NaN,
        "Total Expenses": NaN,
        "Diluted Average Shares": NaN,
        "Basic Average Shares": NaN,
        "Diluted EPS": NaN,
        "Basic EPS": NaN,
        "Diluted NI Availto Com Stockholders": NaN,
        "Average Dilution Earnings": NaN,
        "Net Income Common Stockholders": NaN,
        "Otherunder Preferred Stock Dividend": 149960000.0,
        "Preferred Stock Dividends": NaN,
        "Net Income": NaN,
        "Minority Interests": NaN,
        "Net Income Including Noncontrolling Interests": NaN,
        "Net Income Continuous Operations": NaN,
        "Tax Provision": NaN,
        "Pretax Income": NaN,
        "Other Income Expense": NaN,
        "Other Non Operating Income Expenses": NaN,
        "Gain On Sale Of Security": NaN,
        "Net Non Operating Interest Income Expense": NaN,
        "Interest Expense Non Operating": NaN,
        "Interest Income Non Operating": NaN,
        "Operating Income": NaN,
        "Operating Expense": NaN,
        "Other Operating Expenses": NaN,
        "Selling General And Administration": NaN,
        "General And Administrative Expense": NaN,
        "Other Gand A": NaN,
        "Salaries And Wages": NaN,
        "Gross Profit": NaN,
        "Cost Of Revenue": NaN,
        "Total Revenue": NaN,
        "Operating Revenue": NaN
    },
    "2023-12-31": {
        "Tax Effect Of Unusual Items": NaN,
        "Tax Rate For Calcs": NaN,
        "Normalized EBITDA": NaN,
        "Total Unusual Items": NaN,
        "Total Unusual Items Excluding Goodwill": NaN,
        "Net Income From Continuing Operation Net Minority Interest": NaN,
        "Reconciled Cost Of Revenue": NaN,
        "EBITDA": NaN,
        "EBIT": NaN,
        "Net Interest Income": NaN,
        "Interest Expense": NaN,
        "Interest Income": NaN,
        "Normalized Income": NaN,
        "Net Income From Continuing And Discontinued Operation": NaN,
        "Total Expenses": NaN,
        "Diluted Average Shares": NaN,
        "Basic Average Shares": NaN,
        "Diluted EPS": NaN,
        "Basic EPS": NaN,
        "Diluted NI Availto Com Stockholders": NaN,
        "Average Dilution Earnings": NaN,
        "Net Income Common Stockholders": NaN,
        "Otherunder Preferred Stock Dividend": -15969000.0,
        "Preferred Stock Dividends": NaN,
        "Net Income": NaN,
        "Minority Interests": NaN,
        "Net Income Including Noncontrolling Interests": NaN,
        "Net Income Continuous Operations": NaN,
        "Tax Provision": NaN,
        "Pretax Income": NaN,
        "Other Income Expense": NaN,
        "Other Non Operating Income Expenses": NaN,
        "Gain On Sale Of Security": NaN,
        "Net Non Operating Interest Income Expense": NaN,
        "Interest Expense Non Operating": NaN,
        "Interest Income Non Operating": NaN,
        "Operating Income": NaN,
        "Operating Expense": NaN,
        "Other Operating Expenses": NaN,
        "Selling General And Administration": NaN,
        "General And Administrative Expense": NaN,
        "Other Gand A": NaN,
        "Salaries And Wages": NaN,
        "Gross Profit": NaN,
        "Cost Of Revenue": NaN,
        "Total Revenue": NaN,
        "Operating Revenue": NaN
    },
    "2024-03-31": {
        "Tax Effect Of Unusual Items": NaN,
        "Tax Rate For Calcs": NaN,
        "Normalized EBITDA": NaN,
        "Total Unusual Items": NaN,
        "Total Unusual Items Excluding Goodwill": NaN,
        "Net Income From Continuing Operation Net Minority Interest": NaN,
        "Reconciled Cost Of Revenue": NaN,
        "EBITDA": NaN,
        "EBIT": NaN,
        "Net Interest Income": NaN,
        "Interest Expense": NaN,
        "Interest Income": NaN,
        "Normalized Income": NaN,
        "Net Income From Continuing And Discontinued Operation": NaN,
        "Total Expenses": NaN,
        "Diluted Average Shares": NaN,
        "Basic Average Shares": NaN,
        "Diluted EPS": NaN,
        "Basic EPS": NaN,
        "Diluted NI Availto Com Stockholders": NaN,
        "Average Dilution Earnings": NaN,
        "Net Income Common Stockholders": NaN,
        "Otherunder Preferred Stock Dividend": 7272000.0,
        "Preferred Stock Dividends": NaN,
        "Net Income": NaN,
        "Minority Interests": NaN,
        "Net Income Including Noncontrolling Interests": NaN,
        "Net Income Continuous Operations": NaN,
        "Tax Provision": NaN,
        "Pretax Income": NaN,
        "Other Income Expense": NaN,
        "Other Non Operating Income Expenses": NaN,
        "Gain On Sale Of Security": NaN,
        "Net Non Operating Interest Income Expense": NaN,
        "Interest Expense Non Operating": NaN,
        "Interest Income Non Operating": NaN,
        "Operating Income": NaN,
        "Operating Expense": NaN,
        "Other Operating Expenses": NaN,
        "Selling General And Administration": NaN,
        "General And Administrative Expense": NaN,
        "Other Gand A": NaN,
        "Salaries And Wages": NaN,
        "Gross Profit": NaN,
        "Cost Of Revenue": NaN,
        "Total Revenue": NaN,
        "Operating Revenue": NaN
    },
    "2024-06-30": {
        "Tax Effect Of Unusual Items": 13184841.370834,
        "Tax Rate For Calcs": 0.129438,
        "Normalized EBITDA": 470576000.0,
        "Total Unusual Items": 101862000.0,
        "Total Unusual Items Excluding Goodwill": 101862000.0,
        "Net Income From Continuing Operation Net Minority Interest": 94938000.0,
        "Reconciled Cost Of Revenue": 419858000.0,
        "EBITDA": 572438000.0,
        "EBIT": 572438000.0,
        "Net Interest Income": -7737000.0,
        "Interest Expense": 255113000.0,
        "Interest Income": 247376000.0,
        "Normalized Income": 6260841.370834,
        "Net Income From Continuing And Discontinued Operation": 94938000.0,
        "Total Expenses": 564544000.0,
        "Diluted Average Shares": 196186922.0,
        "Basic Average Shares": 196186922.0,
        "Diluted EPS": 0.43,
        "Basic EPS": 0.43,
        "Diluted NI Availto Com Stockholders": 87344000.0,
        "Average Dilution Earnings": -7594000.0,
        "Net Income Common Stockholders": 94938000.0,
        "Otherunder Preferred Stock Dividend": NaN,
        "Preferred Stock Dividends": NaN,
        "Net Income": 94938000.0,
        "Minority Interests": -181313000.0,
        "Net Income Including Noncontrolling Interests": 276251000.0,
        "Net Income Continuous Operations": 276251000.0,
        "Tax Provision": 41074000.0,
        "Pretax Income": 317325000.0,
        "Other Income Expense": 100924000.0,
        "Other Non Operating Income Expenses": -938000.0,
        "Gain On Sale Of Security": 101862000.0,
        "Net Non Operating Interest Income Expense": -7737000.0,
        "Interest Expense Non Operating": 255113000.0,
        "Interest Income Non Operating": 247376000.0,
        "Operating Income": 224138000.0,
        "Operating Expense": 144686000.0,
        "Other Operating Expenses": 4239000.0,
        "Selling General And Administration": 140447000.0,
        "General And Administrative Expense": 140447000.0,
        "Other Gand A": 169432000.0,
        "Salaries And Wages": -28985000.0,
        "Gross Profit": 368824000.0,
        "Cost Of Revenue": 419858000.0,
        "Total Revenue": 788682000.0,
        "Operating Revenue": 788682000.0
    },
    "2024-09-30": {
        "Tax Effect Of Unusual Items": 8486215.23604,
        "Tax Rate For Calcs": 0.142012,
        "Normalized EBITDA": 498281000.0,
        "Total Unusual Items": 59757000.0,
        "Total Unusual Items Excluding Goodwill": 59757000.0,
        "Net Income From Continuing Operation Net Minority Interest": 118460000.0,
        "Reconciled Cost Of Revenue": 435876000.0,
        "EBITDA": 558038000.0,
        "EBIT": 558038000.0,
        "Net Interest Income": 11302000.0,
        "Interest Expense": 230932000.0,
        "Interest Income": 242234000.0,
        "Normalized Income": 67189215.23604,
        "Net Income From Continuing And Discontinued Operation": 118460000.0,
        "Total Expenses": 854887000.0,
        "Diluted Average Shares": 200724068.0,
        "Basic Average Shares": 200724068.0,
        "Diluted EPS": 0.55,
        "Basic EPS": 0.55,
        "Diluted NI Availto Com Stockholders": 110631000.0,
        "Average Dilution Earnings": 187696000.0,
        "Net Income Common Stockholders": -77065000.0,
        "Otherunder Preferred Stock Dividend": 195525000.0,
        "Preferred Stock Dividends": NaN,
        "Net Income": 118460000.0,
        "Minority Interests": -162193000.0,
        "Net Income Including Noncontrolling Interests": 280653000.0,
        "Net Income Continuous Operations": 280653000.0,
        "Tax Provision": 46453000.0,
        "Pretax Income": 327106000.0,
        "Other Income Expense": 40952000.0,
        "Other Non Operating Income Expenses": -18805000.0,
        "Gain On Sale Of Security": 59757000.0,
        "Net Non Operating Interest Income Expense": 11302000.0,
        "Interest Expense Non Operating": 230932000.0,
        "Interest Income Non Operating": 242234000.0,
        "Operating Income": 274852000.0,
        "Operating Expense": 419011000.0,
        "Other Operating Expenses": 2295000.0,
        "Selling General And Administration": 416716000.0,
        "General And Administrative Expense": 416716000.0,
        "Other Gand A": 197019000.0,
        "Salaries And Wages": 219697000.0,
        "Gross Profit": 693863000.0,
        "Cost Of Revenue": 435876000.0,
        "Total Revenue": 1129739000.0,
        "Operating Revenue": 1129739000.0
    },
    "2024-12-31": {
        "Tax Effect Of Unusual Items": 15457336.999497,
        "Tax Rate For Calcs": 0.124682,
        "Normalized EBITDA": 522465000.0,
        "Total Unusual Items": 123974000.0,
        "Total Unusual Items Excluding Goodwill": 123974000.0,
        "Net Income From Continuing Operation Net Minority Interest": 177317000.0,
        "Reconciled Cost Of Revenue": 463062000.0,
        "EBITDA": 646439000.0,
        "EBIT": 646439000.0,
        "Net Interest Income": -22431000.0,
        "Interest Expense": 246566000.0,
        "Interest Income": 224135000.0,
        "Normalized Income": 68800336.999497,
        "Net Income From Continuing And Discontinued Operation": 177317000.0,
        "Total Expenses": 980767000.0,
        "Diluted Average Shares": 215079786.0,
        "Basic Average Shares": 202602918.0,
        "Diluted EPS": 0.72,
        "Basic EPS": 0.72,
        "Diluted NI Availto Com Stockholders": 146462000.0,
        "Average Dilution Earnings": 189103000.0,
        "Net Income Common Stockholders": -42641000.0,
        "Otherunder Preferred Stock Dividend": 197177000.0,
        "Preferred Stock Dividends": NaN,
        "Net Income": 177317000.0,
        "Minority Interests": -172699000.0,
        "Net Income Including Noncontrolling Interests": 350016000.0,
        "Net Income Continuous Operations": 350016000.0,
        "Tax Provision": 49857000.0,
        "Pretax Income": 399873000.0,
        "Other Income Expense": 144074000.0,
        "Other Non Operating Income Expenses": 20100000.0,
        "Gain On Sale Of Security": 123974000.0,
        "Net Non Operating Interest Income Expense": -22431000.0,
        "Interest Expense Non Operating": 246566000.0,
        "Interest Income Non Operating": 224135000.0,
        "Operating Income": 278230000.0,
        "Operating Expense": 517705000.0,
        "Other Operating Expenses": 9199000.0,
        "Selling General And Administration": 508506000.0,
        "General And Administrative Expense": 508506000.0,
        "Other Gand A": 199122000.0,
        "Salaries And Wages": 309384000.0,
        "Gross Profit": 795935000.0,
        "Cost Of Revenue": 463062000.0,
        "Total Revenue": 1258997000.0,
        "Operating Revenue": 1258997000.0
    },
    "2025-03-31": {
        "Tax Effect Of Unusual Items": 11025935.832896,
        "Tax Rate For Calcs": 0.124342,
        "Normalized EBITDA": 241491000.0,
        "Total Unusual Items": 88674000.0,
        "Total Unusual Items Excluding Goodwill": 88674000.0,
        "Net Income From Continuing Operation Net Minority Interest": 47170000.0,
        "Reconciled Cost Of Revenue": 657125000.0,
        "EBITDA": 330165000.0,
        "EBIT": 330165000.0,
        "Net Interest Income": -11399000.0,
        "Interest Expense": 189127000.0,
        "Interest Income": 177728000.0,
        "Normalized Income": -30478064.167104,
        "Net Income From Continuing And Discontinued Operation": 47170000.0,
        "Total Expenses": 1014328000.0,
        "Diluted Average Shares": 209350849.0,
        "Basic Average Shares": 209350849.0,
        "Diluted EPS": 0.0,
        "Basic EPS": 0.0,
        "Diluted NI Availto Com Stockholders": 11063000.0,
        "Average Dilution Earnings": -10794000.0,
        "Net Income Common Stockholders": 21857000.0,
        "Otherunder Preferred Stock Dividend": NaN,
        "Preferred Stock Dividends": 25313000.0,
        "Net Income": 47170000.0,
        "Minority Interests": -76331000.0,
        "Net Income Including Noncontrolling Interests": 123501000.0,
        "Net Income Continuous Operations": 123501000.0,
        "Tax Provision": 17537000.0,
        "Pretax Income": 141038000.0,
        "Other Income Expense": 77960000.0,
        "Other Non Operating Income Expenses": -10714000.0,
        "Gain On Sale Of Security": 88674000.0,
        "Net Non Operating Interest Income Expense": -11399000.0,
        "Interest Expense Non Operating": 189127000.0,
        "Interest Income Non Operating": 177728000.0,
        "Operating Income": 74477000.0,
        "Operating Expense": 357203000.0,
        "Other Operating Expenses": 6656000.0,
        "Selling General And Administration": 350547000.0,
        "General And Administrative Expense": 350547000.0,
        "Other Gand A": 227914000.0,
        "Salaries And Wages": 122633000.0,
        "Gross Profit": 431680000.0,
        "Cost Of Revenue": 657125000.0,
        "Total Revenue": 1088805000.0,
        "Operating Revenue": 1088805000.0
    },
    "2025-06-30": {
        "Tax Effect Of Unusual Items": 29839758.693516,
        "Tax Rate For Calcs": 0.212443,
        "Normalized EBITDA": 335691000.0,
        "Total Unusual Items": 140460000.0,
        "Total Unusual Items Excluding Goodwill": 140460000.0,
        "Net Income From Continuing Operation Net Minority Interest": 137062000.0,
        "Reconciled Cost Of Revenue": 643709000.0,
        "EBITDA": 476151000.0,
        "EBIT": 476151000.0,
        "Net Interest Income": -19551000.0,
        "Interest Expense": 189213000.0,
        "Interest Income": 169662000.0,
        "Normalized Income": 26441758.693516,
        "Net Income From Continuing And Discontinued Operation": 137062000.0,
        "Total Expenses": 1137578000.0,
        "Diluted Average Shares": 218915599.0,
        "Basic Average Shares": 218915599.0,
        "Diluted EPS": 0.46,
        "Basic EPS": 0.46,
        "Diluted NI Availto Com Stockholders": 101366000.0,
        "Average Dilution Earnings": -10384000.0,
        "Net Income Common Stockholders": 111750000.0,
        "Otherunder Preferred Stock Dividend": NaN,
        "Preferred Stock Dividends": 25312000.0,
        "Net Income": 137062000.0,
        "Minority Interests": -88918000.0,
        "Net Income Including Noncontrolling Interests": 225980000.0,
        "Net Income Continuous Operations": 225980000.0,
        "Tax Provision": 60958000.0,
        "Pretax Income": 286938000.0,
        "Other Income Expense": 93939000.0,
        "Other Non Operating Income Expenses": -46521000.0,
        "Gain On Sale Of Security": 140460000.0,
        "Net Non Operating Interest Income Expense": -19551000.0,
        "Interest Expense Non Operating": 189213000.0,
        "Interest Income Non Operating": 169662000.0,
        "Operating Income": 212550000.0,
        "Operating Expense": 493869000.0,
        "Other Operating Expenses": 27007000.0,
        "Selling General And Administration": 466862000.0,
        "General And Administrative Expense": 466862000.0,
        "Other Gand A": 232156000.0,
        "Salaries And Wages": 234706000.0,
        "Gross Profit": 706419000.0,
        "Cost Of Revenue": 643709000.0,
        "Total Revenue": 1350128000.0,
        "Operating Revenue": 1350128000.0
    },
    "2025-09-30": {
        "Tax Effect Of Unusual Items": 63243319.264539,
        "Tax Rate For Calcs": 0.171542,
        "Normalized EBITDA": 486614000.0,
        "Total Unusual Items": 368675000.0,
        "Total Unusual Items Excluding Goodwill": 368675000.0,
        "Net Income From Continuing Operation Net Minority Interest": 288882000.0,
        "Reconciled Cost Of Revenue": 659835000.0,
        "EBITDA": 855289000.0,
        "EBIT": 855289000.0,
        "Net Interest Income": -58553000.0,
        "Interest Expense": 203018000.0,
        "Interest Income": 144465000.0,
        "Normalized Income": -16549680.735461,
        "Net Income From Continuing And Discontinued Operation": 288882000.0,
        "Total Expenses": 1308216000.0,
        "Diluted Average Shares": 219881697.0,
        "Basic Average Shares": 219881697.0,
        "Diluted EPS": 1.15,
        "Basic EPS": 1.15,
        "Diluted NI Availto Com Stockholders": 252949000.0,
        "Average Dilution Earnings": 247253000.0,
        "Net Income Common Stockholders": 5696000.0,
        "Otherunder Preferred Stock Dividend": 257873000.0,
        "Preferred Stock Dividends": 25313000.0,
        "Net Income": 288882000.0,
        "Minority Interests": -251497000.0,
        "Net Income Including Noncontrolling Interests": 540379000.0,
        "Net Income Continuous Operations": 540379000.0,
        "Tax Provision": 111892000.0,
        "Pretax Income": 652271000.0,
        "Other Income Expense": 361412000.0,
        "Other Non Operating Income Expenses": -7263000.0,
        "Gain On Sale Of Security": 368675000.0,
        "Net Non Operating Interest Income Expense": -58553000.0,
        "Interest Expense Non Operating": 203018000.0,
        "Interest Income Non Operating": 144465000.0,
        "Operating Income": 349412000.0,
        "Operating Expense": 648381000.0,
        "Other Operating Expenses": -1868000.0,
        "Selling General And Administration": 650249000.0,
        "General And Administrative Expense": 650249000.0,
        "Other Gand A": 246154000.0,
        "Salaries And Wages": 404095000.0,
        "Gross Profit": 997793000.0,
        "Cost Of Revenue": 659835000.0,
        "Total Revenue": 1657628000.0,
        "Operating Revenue": 1657628000.0
    }
}