{
    "2023-03-31": {
        "Tax Effect Of Unusual Items": 0.0,
        "Tax Rate For Calcs": 0.200946,
        "Total Unusual Items": NaN,
        "Total Unusual Items Excluding Goodwill": NaN,
        "Net Income From Continuing Operation Net Minority Interest": -33800000.0,
        "Reconciled Depreciation": 4300000.0,
        "EBIT": -33800000.0,
        "Net Interest Income": -8500000.0,
        "Interest Expense": 8500000.0,
        "Normalized Income": -33800000.0,
        "Net Income From Continuing And Discontinued Operation": -33800000.0,
        "Total Expenses": 441700000.0,
        "Diluted Average Shares": 35099968.0,
        "Basic Average Shares": 35099968.0,
        "Diluted EPS": -1.04,
        "Basic EPS": -1.04,
        "Diluted NI Availto Com Stockholders": -36400000.0,
        "Net Income Common Stockholders": -36400000.0,
        "Preferred Stock Dividends": 2600000.0,
        "Net Income": -33800000.0,
        "Net Income Including Noncontrolling Interests": -33800000.0,
        "Net Income Continuous Operations": -33800000.0,
        "Tax Provision": -8500000.0,
        "Pretax Income": -42300000.0,
        "Special Income Charges": NaN,
        "Impairment Of Capital Assets": NaN,
        "Net Non Operating Interest Income Expense": -8500000.0,
        "Interest Expense Non Operating": 8500000.0,
        "Other Operating Expenses": 11600000.0,
        "Selling General And Administration": 75300000.0,
        "General And Administrative Expense": 75300000.0,
        "Other Gand A": 75300000.0,
        "Total Revenue": 399400000.0,
        "Operating Revenue": 399400000.0
    },
    "2022-12-31": {
        "Tax Effect Of Unusual Items": 0.0,
        "Tax Rate For Calcs": 0.210412,
        "Total Unusual Items": 0.0,
        "Total Unusual Items Excluding Goodwill": 0.0,
        "Net Income From Continuing Operation Net Minority Interest": -109200000.0,
        "Reconciled Depreciation": 3500000.0,
        "EBIT": -130200000.0,
        "Net Interest Income": -8100000.0,
        "Interest Expense": 8100000.0,
        "Normalized Income": -109200000.0,
        "Net Income From Continuing And Discontinued Operation": -109200000.0,
        "Total Expenses": 510500000.0,
        "Diluted Average Shares": 35100000.0,
        "Basic Average Shares": 35100000.0,
        "Diluted EPS": -3.19,
        "Basic EPS": -3.19,
        "Diluted NI Availto Com Stockholders": -111800000.0,
        "Net Income Common Stockholders": -111800000.0,
        "Preferred Stock Dividends": 2600000.0,
        "Net Income": -109200000.0,
        "Net Income Including Noncontrolling Interests": -109200000.0,
        "Net Income Continuous Operations": -109200000.0,
        "Tax Provision": -29100000.0,
        "Pretax Income": -138300000.0,
        "Special Income Charges": 0.0,
        "Impairment Of Capital Assets": 0.0,
        "Net Non Operating Interest Income Expense": -8100000.0,
        "Interest Expense Non Operating": 8100000.0,
        "Other Operating Expenses": 17600000.0,
        "Selling General And Administration": 85100000.0,
        "General And Administrative Expense": 85100000.0,
        "Other Gand A": 85100000.0,
        "Total Revenue": 372200000.0,
        "Operating Revenue": 372200000.0
    },
    "2022-09-30": {
        "Tax Effect Of Unusual Items": -2159090.909091,
        "Tax Rate For Calcs": 0.075758,
        "Total Unusual Items": -28500000.0,
        "Total Unusual Items Excluding Goodwill": -28500000.0,
        "Net Income From Continuing Operation Net Minority Interest": -48800000.0,
        "Reconciled Depreciation": 4000000.0,
        "EBIT": -46000000.0,
        "Net Interest Income": -6800000.0,
        "Interest Expense": 6800000.0,
        "Normalized Income": -22459090.909091,
        "Net Income From Continuing And Discontinued Operation": -48800000.0,
        "Total Expenses": 506100000.0,
        "Diluted Average Shares": 35014182.0,
        "Basic Average Shares": 35014182.0,
        "Diluted EPS": -1.47,
        "Basic EPS": -1.47,
        "Diluted NI Availto Com Stockholders": -51400000.0,
        "Net Income Common Stockholders": -51400000.0,
        "Preferred Stock Dividends": 2600000.0,
        "Net Income": -48800000.0,
        "Net Income Including Noncontrolling Interests": -48800000.0,
        "Net Income Continuous Operations": -48800000.0,
        "Tax Provision": -4000000.0,
        "Pretax Income": -52800000.0,
        "Special Income Charges": -28500000.0,
        "Impairment Of Capital Assets": 28500000.0,
        "Net Non Operating Interest Income Expense": -6800000.0,
        "Interest Expense Non Operating": 6800000.0,
        "Other Operating Expenses": 11000000.0,
        "Selling General And Administration": 83800000.0,
        "General And Administrative Expense": 83800000.0,
        "Other Gand A": 83800000.0,
        "Total Revenue": 453300000.0,
        "Operating Revenue": 453300000.0
    },
    "2022-06-30": {
        "Tax Effect Of Unusual Items": 0.0,
        "Tax Rate For Calcs": 0.4,
        "Total Unusual Items": -77800000.0,
        "Total Unusual Items Excluding Goodwill": -77800000.0,
        "Net Income From Continuing Operation Net Minority Interest": -16200000.0,
        "Reconciled Depreciation": 5100000.0,
        "EBIT": 2000000.0,
        "Net Interest Income": -6100000.0,
        "Interest Expense": 6100000.0,
        "Normalized Income": -16200000.0,
        "Net Income From Continuing And Discontinued Operation": -16200000.0,
        "Total Expenses": 458700000.0,
        "Diluted Average Shares": 34964773.0,
        "Basic Average Shares": 34964773.0,
        "Diluted EPS": -0.54,
        "Basic EPS": -0.54,
        "Diluted NI Availto Com Stockholders": -18900000.0,
        "Net Income Common Stockholders": -18900000.0,
        "Preferred Stock Dividends": 2700000.0,
        "Net Income": -16200000.0,
        "Net Income Including Noncontrolling Interests": -16200000.0,
        "Net Income Continuous Operations": -16200000.0,
        "Tax Provision": 12100000.0,
        "Pretax Income": -4100000.0,
        "Special Income Charges": -77800000.0,
        "Impairment Of Capital Assets": NaN,
        "Restructuring And Mergern Acquisition": 77800000.0,
        "Net Non Operating Interest Income Expense": -6100000.0,
        "Interest Expense Non Operating": 6100000.0,
        "Other Operating Expenses": 15600000.0,
        "Selling General And Administration": 83200000.0,
        "General And Administrative Expense": 83200000.0,
        "Other Gand A": 83200000.0,
        "Total Revenue": 454600000.0,
        "Operating Revenue": 454600000.0
    },
    "2022-03-31": {
        "Diluted EPS": -0.11,
        "Total Revenue": 484,
        "Gross Profit": 24,
        "Operating Income": 25,
        "EBIT": 31,
        "Net Income": -4
    },
    "2021-12-31": {
        "Diluted EPS": -3.37,
        "Total Revenue": 531,
        "Gross Profit": -62,
        "Operating Income": -105,
        "EBIT": -90,
        "Net Income": -118
    },
    "2021-09-30": {
        "Diluted EPS": 0.56,
        "Total Revenue": 528,
        "Gross Profit": 41,
        "Operating Income": 42,
        "EBIT": 56,
        "Net Income": 20
    },
    "2021-06-30": {
        "Diluted EPS": 1.92,
        "Total Revenue": 548,
        "Gross Profit": 94,
        "Operating Income": 95,
        "EBIT": 107,
        "Net Income": 67
    },
    "2021-03-31": {
        "Diluted EPS": 0.78,
        "Total Revenue": 524,
        "Gross Profit": 38,
        "Operating Income": 38,
        "EBIT": 41,
        "Net Income": 27
    },
    "2020-12-31": {
        "Diluted EPS": -0.1,
        "Total Revenue": 521,
        "Gross Profit": 15,
        "Operating Income": 16,
        "EBIT": 25,
        "Net Income": -4
    },
    "2020-09-30": {
        "Diluted EPS": -0.72,
        "Total Revenue": 482,
        "Gross Profit": -17,
        "Operating Income": -17,
        "EBIT": -6,
        "Net Income": -25
    },
    "2020-06-30": {
        "Diluted EPS": -0.16,
        "Total Revenue": 453,
        "Gross Profit": 15,
        "Operating Income": 16,
        "EBIT": 26,
        "Net Income": -5
    },
    "2020-03-31": {
        "Diluted EPS": -0.72,
        "Total Revenue": 434,
        "Gross Profit": -16,
        "Operating Income": -15,
        "EBIT": -10,
        "Net Income": -25
    },
    "2019-12-31": {
        "Diluted EPS": -3.14,
        "Total Revenue": 476,
        "Gross Profit": -60,
        "Operating Income": -57,
        "EBIT": -50,
        "Net Income": -109
    },
    "2019-09-30": {
        "Diluted EPS": -0.73,
        "Total Revenue": 487,
        "Gross Profit": -14,
        "Operating Income": -19,
        "EBIT": -12,
        "Net Income": -25
    },
    "2019-06-30": {
        "Diluted EPS": 0.83,
        "Total Revenue": 489,
        "Gross Profit": 48,
        "Operating Income": 39,
        "EBIT": 46,
        "Net Income": 29
    },
    "2019-03-31": {
        "Diluted EPS": 2.63,
        "Total Revenue": 509,
        "Gross Profit": 110,
        "Operating Income": 109,
        "EBIT": 115,
        "Net Income": 91
    },
    "2018-12-31": {
        "Diluted EPS": -1.43,
        "Total Revenue": 402,
        "Gross Profit": -56,
        "Operating Income": -58,
        "EBIT": -49,
        "Net Income": -50
    },
    "2018-09-30": {
        "Diluted EPS": 1.17,
        "Total Revenue": 499,
        "Gross Profit": 55,
        "Operating Income": 53,
        "EBIT": 63,
        "Net Income": 41
    },
    "2018-06-30": {
        "Diluted EPS": 1.2,
        "Total Revenue": 463,
        "Gross Profit": 67,
        "Operating Income": 65,
        "EBIT": 73,
        "Net Income": 42
    },
    "2018-03-31": {
        "Diluted EPS": 0.71,
        "Total Revenue": 437,
        "Gross Profit": 35,
        "Operating Income": 33,
        "EBIT": 39,
        "Net Income": 25
    },
    "2017-12-31": {
        "Diluted EPS": 0.88,
        "Total Revenue": 456,
        "Gross Profit": 22,
        "Operating Income": 20,
        "EBIT": 29,
        "Net Income": 29
    },
    "2017-09-30": {
        "Diluted EPS": -1.78,
        "Total Revenue": 439,
        "Gross Profit": -53,
        "Operating Income": -58,
        "EBIT": -50,
        "Net Income": -61
    },
    "2017-06-30": {
        "Diluted EPS": 1.29,
        "Total Revenue": 451,
        "Gross Profit": 61,
        "Operating Income": 58,
        "EBIT": 65,
        "Net Income": 46
    },
    "2017-03-31": {
        "Diluted EPS": 1.03,
        "Total Revenue": 428,
        "Gross Profit": 53,
        "Operating Income": 49,
        "EBIT": 57,
        "Net Income": 37
    },
    "2016-12-31": {
        "Diluted EPS": 0.92,
        "Total Revenue": 405,
        "Gross Profit": 56,
        "Operating Income": 52,
        "EBIT": 60,
        "Net Income": 33
    },
    "2016-09-30": {
        "Diluted EPS": 1.57,
        "Total Revenue": 417,
        "Gross Profit": 73,
        "Operating Income": 67,
        "EBIT": 77,
        "Net Income": 55
    },
    "2016-06-30": {
        "Diluted EPS": 0.87,
        "Total Revenue": 384,
        "Gross Profit": 50,
        "Operating Income": 45,
        "EBIT": 52,
        "Net Income": 31
    },
    "2016-03-31": {
        "Diluted EPS": 0.77,
        "Total Revenue": 370,
        "Gross Profit": 44,
        "Operating Income": 38,
        "EBIT": 48,
        "Net Income": 28
    },
    "2015-12-31": {
        "Diluted EPS": 1.15,
        "Total Revenue": 373,
        "Gross Profit": 57,
        "Operating Income": 49,
        "EBIT": 57,
        "Net Income": 41
    },
    "2015-09-30": {
        "Diluted EPS": 0.98,
        "Total Revenue": 380,
        "Gross Profit": 49,
        "Operating Income": 41,
        "EBIT": 52,
        "Net Income": 35
    },
    "2015-06-30": {
        "Diluted EPS": 0.77,
        "Total Revenue": 377,
        "Gross Profit": 44,
        "Operating Income": 39,
        "EBIT": 50,
        "Net Income": 28
    },
    "2015-03-31": {
        "Diluted EPS": 1.62,
        "Total Revenue": 376,
        "Gross Profit": 72,
        "Operating Income": 67,
        "EBIT": 76,
        "Net Income": 59
    },
    "2014-12-31": {
        "Diluted EPS": 1.62,
        "Total Revenue": 431,
        "Gross Profit": 111,
        "Operating Income": 89,
        "EBIT": 98,
        "Net Income": 60
    },
    "2014-09-30": {
        "Diluted EPS": 1.22,
        "Total Revenue": 373,
        "Gross Profit": 53,
        "Operating Income": 53,
        "EBIT": 63,
        "Net Income": 45
    },
    "2014-06-30": {
        "Diluted EPS": 1.04,
        "Total Revenue": 375,
        "Gross Profit": 50,
        "Operating Income": 50,
        "EBIT": 57,
        "Net Income": 39
    },
    "2014-03-31": {
        "Diluted EPS": 1.08,
        "Total Revenue": 360,
        "Gross Profit": 49,
        "Operating Income": 48,
        "EBIT": 58,
        "Net Income": 40
    },
    "2013-12-31": {
        "Diluted EPS": 1.24,
        "Total Revenue": 406,
        "Gross Profit": 81,
        "Operating Income": 72,
        "EBIT": 82,
        "Net Income": 48
    },
    "2013-09-30": {
        "Diluted EPS": 0.81,
        "Total Revenue": 364,
        "Gross Profit": 43,
        "Operating Income": 38,
        "EBIT": 48,
        "Net Income": 31
    },
    "2013-06-30": {
        "Diluted EPS": 0.81,
        "Total Revenue": 364,
        "Gross Profit": 53,
        "Operating Income": 48,
        "EBIT": 57,
        "Net Income": 32
    },
    "2013-03-31": {
        "Diluted EPS": 0.83,
        "Total Revenue": 342,
        "Gross Profit": 48,
        "Operating Income": 42,
        "EBIT": 52,
        "Net Income": 33
    },
    "2012-12-31": {
        "Diluted EPS": 0.02,
        "Total Revenue": 345,
        "Gross Profit": 6,
        "Operating Income": 5,
        "EBIT": 14,
        "Net Income": -5
    },
    "2012-09-30": {
        "Diluted EPS": 0.34,
        "Total Revenue": 345,
        "Gross Profit": 31,
        "Operating Income": 24,
        "EBIT": 35,
        "Net Income": 13
    },
    "2012-06-30": {
        "Diluted EPS": 0.6,
        "Total Revenue": 318,
        "Gross Profit": 37,
        "Operating Income": 31,
        "EBIT": 38,
        "Net Income": 24
    },
    "2012-03-31": {
        "Diluted EPS": 0.48,
        "Total Revenue": 323,
        "Gross Profit": 41,
        "Operating Income": 34,
        "EBIT": 42,
        "Net Income": 20
    },
    "2011-12-31": {
        "Diluted EPS": 0.01,
        "Total Revenue": 319,
        "Gross Profit": 17,
        "Operating Income": 14,
        "EBIT": 23,
        "Net Income": 1
    },
    "2011-09-30": {
        "Diluted EPS": -0.26,
        "Total Revenue": 306,
        "Gross Profit": 4,
        "Operating Income": 2,
        "EBIT": 10,
        "Net Income": -11
    },
    "2011-06-30": {
        "Diluted EPS": 0.51,
        "Total Revenue": 336,
        "Gross Profit": 37,
        "Operating Income": 36,
        "EBIT": 43,
        "Net Income": 22
    },
    "2011-03-31": {
        "Diluted EPS": -2.23,
        "Total Revenue": 297,
        "Gross Profit": -91,
        "Operating Income": -91,
        "EBIT": -85,
        "Net Income": -94
    },
    "2010-12-31": {
        "Diluted EPS": 0.39,
        "Total Revenue": 317,
        "Gross Profit": 31,
        "Operating Income": 31,
        "EBIT": 37,
        "Net Income": 17
    },
    "2010-09-30": {
        "Diluted EPS": 0.5,
        "Total Revenue": 333,
        "Gross Profit": 37,
        "Operating Income": 37,
        "EBIT": 46,
        "Net Income": 23
    },
    "2010-06-30": {
        "Diluted EPS": 0.56,
        "Total Revenue": 362,
        "Gross Profit": 38,
        "Operating Income": 38,
        "EBIT": 46,
        "Net Income": 26
    },
    "2010-03-31": {
        "Diluted EPS": 0.44,
        "Total Revenue": 372,
        "Gross Profit": 40,
        "Operating Income": 40,
        "EBIT": 47,
        "Net Income": 21
    },
    "2009-12-31": {
        "Diluted EPS": 0.87,
        "Total Revenue": 391,
        "Gross Profit": 57,
        "Operating Income": 57,
        "EBIT": 59,
        "Net Income": 41
    },
    "2009-09-30": {
        "Diluted EPS": 0.58,
        "Total Revenue": 381,
        "Gross Profit": 44,
        "Operating Income": 44,
        "EBIT": 52,
        "Net Income": 28
    },
    "2009-06-30": {
        "Diluted EPS": 0.46,
        "Total Revenue": 404,
        "Gross Profit": 35,
        "Operating Income": 35,
        "EBIT": 44,
        "Net Income": 22
    },
    "2009-03-31": {
        "Diluted EPS": 0.58,
        "Total Revenue": 370,
        "Gross Profit": 38,
        "Operating Income": 38,
        "EBIT": 41,
        "Net Income": 27
    },
    "2023-06-30": {
        "Tax Effect Of Unusual Items": 0.0,
        "Tax Rate For Calcs": 0.21,
        "Total Unusual Items": NaN,
        "Total Unusual Items Excluding Goodwill": NaN,
        "Net Income From Continuing Operation Net Minority Interest": 2200000.0,
        "Reconciled Depreciation": 3800000.0,
        "EBIT": 4600000.0,
        "Net Interest Income": -8200000.0,
        "Interest Expense": 8200000.0,
        "Normalized Income": 2200000.0,
        "Net Income From Continuing And Discontinued Operation": 2200000.0,
        "Total Expenses": 367300000.0,
        "Diluted Average Shares": 35176248.0,
        "Basic Average Shares": 35176248.0,
        "Diluted EPS": -0.01,
        "Basic EPS": -0.01,
        "Diluted NI Availto Com Stockholders": -500000.0,
        "Net Income Common Stockholders": -500000.0,
        "Preferred Stock Dividends": 2700000.0,
        "Net Income": 2200000.0,
        "Net Income Including Noncontrolling Interests": 2200000.0,
        "Net Income Continuous Operations": 2200000.0,
        "Tax Provision": -5800000.0,
        "Pretax Income": -3600000.0,
        "Special Income Charges": NaN,
        "Impairment Of Capital Assets": NaN,
        "Net Non Operating Interest Income Expense": -8200000.0,
        "Interest Expense Non Operating": 8200000.0,
        "Other Operating Expenses": 6800000.0,
        "Selling General And Administration": 59700000.0,
        "General And Administrative Expense": 59700000.0,
        "Other Gand A": 59700000.0,
        "Total Revenue": 363700000.0,
        "Operating Revenue": 363700000.0
    },
    "2023-09-30": {
        "Tax Effect Of Unusual Items": 0.0,
        "Tax Rate For Calcs": 0.21,
        "Total Unusual Items": 0.0,
        "Total Unusual Items Excluding Goodwill": 0.0,
        "Net Income From Continuing Operation Net Minority Interest": -46900000.0,
        "Reconciled Depreciation": 3200000.0,
        "EBIT": -20600000.0,
        "Net Interest Income": -8700000.0,
        "Interest Expense": 8700000.0,
        "Normalized Income": -46900000.0,
        "Net Income From Continuing And Discontinued Operation": -46900000.0,
        "Total Expenses": 410800000.0,
        "Diluted Average Shares": 35197824.0,
        "Basic Average Shares": 35197824.0,
        "Diluted EPS": -1.41,
        "Basic EPS": -1.41,
        "Diluted NI Availto Com Stockholders": -49500000.0,
        "Net Income Common Stockholders": -49500000.0,
        "Preferred Stock Dividends": 2600000.0,
        "Net Income": -46900000.0,
        "Net Income Including Noncontrolling Interests": -46900000.0,
        "Net Income Continuous Operations": -46900000.0,
        "Tax Provision": 17600000.0,
        "Pretax Income": -29300000.0,
        "Special Income Charges": 0.0,
        "Impairment Of Capital Assets": 0.0,
        "Net Non Operating Interest Income Expense": -8700000.0,
        "Interest Expense Non Operating": 8700000.0,
        "Other Operating Expenses": 5100000.0,
        "Selling General And Administration": 63700000.0,
        "General And Administrative Expense": 63700000.0,
        "Other Gand A": 63700000.0,
        "Total Revenue": 381500000.0,
        "Operating Revenue": 381500000.0
    }
}