{
    "2023-03-31": {
        "Tax Effect Of Unusual Items": NaN,
        "Tax Rate For Calcs": NaN,
        "Normalized EBITDA": NaN,
        "Net Income From Continuing Operation Net Minority Interest": NaN,
        "Reconciled Depreciation": NaN,
        "Reconciled Cost Of Revenue": NaN,
        "EBITDA": NaN,
        "EBIT": NaN,
        "Net Interest Income": NaN,
        "Interest Income": NaN,
        "Normalized Income": NaN,
        "Net Income From Continuing And Discontinued Operation": NaN,
        "Total Expenses": NaN,
        "Total Operating Income As Reported": NaN,
        "Diluted Average Shares": NaN,
        "Basic Average Shares": NaN,
        "Diluted EPS": NaN,
        "Basic EPS": NaN,
        "Diluted NI Availto Com Stockholders": NaN,
        "Net Income Common Stockholders": NaN,
        "Net Income": NaN,
        "Net Income Including Noncontrolling Interests": NaN,
        "Net Income Continuous Operations": NaN,
        "Tax Provision": NaN,
        "Pretax Income": NaN,
        "Other Income Expense": NaN,
        "Other Non Operating Income Expenses": NaN,
        "Net Non Operating Interest Income Expense": NaN,
        "Total Other Finance Cost": -173000.0,
        "Interest Income Non Operating": NaN,
        "Operating Income": NaN,
        "Operating Expense": NaN,
        "Selling General And Administration": NaN,
        "Gross Profit": NaN,
        "Cost Of Revenue": NaN,
        "Total Revenue": NaN,
        "Operating Revenue": NaN
    },
    "2022-12-31": {
        "Tax Effect Of Unusual Items": NaN,
        "Tax Rate For Calcs": NaN,
        "Normalized EBITDA": NaN,
        "Total Unusual Items": 0.0,
        "Total Unusual Items Excluding Goodwill": 0.0,
        "Net Income From Continuing Operation Net Minority Interest": NaN,
        "Reconciled Depreciation": NaN,
        "Reconciled Cost Of Revenue": NaN,
        "EBITDA": NaN,
        "EBIT": NaN,
        "Net Interest Income": NaN,
        "Interest Expense": 20000.0,
        "Interest Income": NaN,
        "Normalized Income": NaN,
        "Net Income From Continuing And Discontinued Operation": NaN,
        "Total Expenses": NaN,
        "Total Operating Income As Reported": NaN,
        "Diluted Average Shares": NaN,
        "Basic Average Shares": NaN,
        "Diluted EPS": NaN,
        "Basic EPS": NaN,
        "Diluted NI Availto Com Stockholders": NaN,
        "Net Income Common Stockholders": NaN,
        "Net Income": NaN,
        "Minority Interests": 0.0,
        "Net Income Including Noncontrolling Interests": NaN,
        "Net Income Continuous Operations": NaN,
        "Tax Provision": NaN,
        "Pretax Income": NaN,
        "Other Income Expense": NaN,
        "Other Non Operating Income Expenses": NaN,
        "Special Income Charges": 0.0,
        "Gain On Sale Of Ppe": 0.0,
        "Net Non Operating Interest Income Expense": NaN,
        "Total Other Finance Cost": NaN,
        "Interest Expense Non Operating": 20000.0,
        "Interest Income Non Operating": NaN,
        "Operating Income": NaN,
        "Operating Expense": NaN,
        "Selling General And Administration": NaN,
        "Gross Profit": NaN,
        "Cost Of Revenue": NaN,
        "Total Revenue": NaN,
        "Operating Revenue": NaN
    },
    "2022-09-30": {
        "Tax Effect Of Unusual Items": NaN,
        "Tax Rate For Calcs": NaN,
        "Normalized EBITDA": NaN,
        "Total Unusual Items": 0.0,
        "Total Unusual Items Excluding Goodwill": 0.0,
        "Net Income From Continuing Operation Net Minority Interest": NaN,
        "Reconciled Depreciation": NaN,
        "Reconciled Cost Of Revenue": NaN,
        "EBITDA": NaN,
        "EBIT": NaN,
        "Net Interest Income": NaN,
        "Interest Expense": 751000.0,
        "Interest Income": NaN,
        "Normalized Income": NaN,
        "Net Income From Continuing And Discontinued Operation": NaN,
        "Total Expenses": NaN,
        "Total Operating Income As Reported": NaN,
        "Diluted Average Shares": NaN,
        "Basic Average Shares": NaN,
        "Diluted EPS": NaN,
        "Basic EPS": NaN,
        "Diluted NI Availto Com Stockholders": NaN,
        "Net Income Common Stockholders": NaN,
        "Net Income": NaN,
        "Minority Interests": 0.0,
        "Net Income Including Noncontrolling Interests": NaN,
        "Net Income Continuous Operations": NaN,
        "Tax Provision": NaN,
        "Pretax Income": NaN,
        "Other Income Expense": NaN,
        "Other Non Operating Income Expenses": NaN,
        "Special Income Charges": 0.0,
        "Gain On Sale Of Ppe": 0.0,
        "Net Non Operating Interest Income Expense": NaN,
        "Total Other Finance Cost": 751000.0,
        "Interest Expense Non Operating": 751000.0,
        "Interest Income Non Operating": NaN,
        "Operating Income": NaN,
        "Operating Expense": NaN,
        "Selling General And Administration": NaN,
        "Gross Profit": NaN,
        "Cost Of Revenue": NaN,
        "Total Revenue": NaN,
        "Operating Revenue": NaN
    },
    "2022-06-30": {
        "Tax Effect Of Unusual Items": 0.0,
        "Tax Rate For Calcs": 0.253073,
        "Normalized EBITDA": 63987000.0,
        "Total Unusual Items": 0.0,
        "Total Unusual Items Excluding Goodwill": 0.0,
        "Net Income From Continuing Operation Net Minority Interest": 36639000.0,
        "Reconciled Depreciation": 13618000.0,
        "Reconciled Cost Of Revenue": 173239000.0,
        "EBITDA": 63987000.0,
        "EBIT": 50369000.0,
        "Net Interest Income": -1316000.0,
        "Interest Expense": 1316000.0,
        "Interest Income": NaN,
        "Normalized Income": 36639000.0,
        "Net Income From Continuing And Discontinued Operation": 36639000.0,
        "Total Expenses": 256013000.0,
        "Total Operating Income As Reported": 50252000.0,
        "Diluted Average Shares": 139454109.0,
        "Basic Average Shares": 137840691.0,
        "Diluted EPS": 0.26,
        "Basic EPS": 0.27,
        "Diluted NI Availto Com Stockholders": 36639000.0,
        "Net Income Common Stockholders": 36639000.0,
        "Net Income": 36639000.0,
        "Minority Interests": 0.0,
        "Net Income Including Noncontrolling Interests": 36639000.0,
        "Net Income Continuous Operations": 36639000.0,
        "Tax Provision": 12414000.0,
        "Pretax Income": 49053000.0,
        "Other Income Expense": 117000.0,
        "Other Non Operating Income Expenses": 117000.0,
        "Special Income Charges": 0.0,
        "Gain On Sale Of Ppe": 0.0,
        "Net Non Operating Interest Income Expense": -1316000.0,
        "Total Other Finance Cost": NaN,
        "Interest Expense Non Operating": 1316000.0,
        "Interest Income Non Operating": NaN,
        "Operating Income": 50252000.0,
        "Operating Expense": 82774000.0,
        "Selling General And Administration": 82774000.0,
        "Gross Profit": 133026000.0,
        "Cost Of Revenue": 173239000.0,
        "Total Revenue": 306265000.0,
        "Operating Revenue": 306265000.0
    },
    "2022-03-31": {
        "Diluted EPS": 0.12,
        "Total Revenue": 246,
        "Gross Profit": 98,
        "Operating Income": 23,
        "EBIT": 38,
        "Net Income": 16
    },
    "2021-12-31": {
        "Diluted EPS": 0.07,
        "Total Revenue": 238,
        "Gross Profit": 97,
        "Operating Income": -3,
        "EBIT": -1,
        "Net Income": 8
    },
    "2021-09-30": {
        "Diluted EPS": 0.05,
        "Total Revenue": 203,
        "Gross Profit": 85,
        "Operating Income": 16,
        "EBIT": 24,
        "Net Income": 6
    },
    "2021-06-30": {
        "Diluted EPS": 0.03,
        "Total Revenue": 184,
        "Gross Profit": 78,
        "Operating Income": 9,
        "EBIT": 14,
        "Net Income": 3
    },
    "2021-03-31": {
        "Diluted EPS": 0.03,
        "Total Revenue": 171,
        "Gross Profit": 70,
        "Operating Income": 11,
        "EBIT": 15,
        "Net Income": 4
    },
    "2020-12-31": {
        "Diluted EPS": 0.0,
        "Total Revenue": NaN,
        "Gross Profit": NaN,
        "Operating Income": NaN,
        "EBIT": NaN,
        "Net Income": NaN
    },
    "2020-09-30": {
        "Diluted EPS": -0.01,
        "Total Revenue": 121,
        "Gross Profit": 45,
        "Operating Income": 4,
        "EBIT": 4,
        "Net Income": -1
    },
    "2019-12-31": {
        "Diluted EPS": 0.0,
        "Total Revenue": NaN,
        "Gross Profit": NaN,
        "Operating Income": NaN,
        "EBIT": NaN,
        "Net Income": NaN
    },
    "2023-06-30": {
        "Tax Effect Of Unusual Items": NaN,
        "Tax Rate For Calcs": NaN,
        "Normalized EBITDA": NaN,
        "Net Income From Continuing Operation Net Minority Interest": NaN,
        "Reconciled Depreciation": NaN,
        "Reconciled Cost Of Revenue": NaN,
        "EBITDA": NaN,
        "EBIT": NaN,
        "Net Interest Income": NaN,
        "Interest Income": 478000.0,
        "Normalized Income": NaN,
        "Net Income From Continuing And Discontinued Operation": NaN,
        "Total Expenses": NaN,
        "Total Operating Income As Reported": NaN,
        "Diluted Average Shares": 139979928.0,
        "Basic Average Shares": 139389967.0,
        "Diluted EPS": 0.29,
        "Basic EPS": 0.29,
        "Diluted NI Availto Com Stockholders": NaN,
        "Net Income Common Stockholders": NaN,
        "Net Income": NaN,
        "Net Income Including Noncontrolling Interests": NaN,
        "Net Income Continuous Operations": NaN,
        "Tax Provision": NaN,
        "Pretax Income": NaN,
        "Other Income Expense": NaN,
        "Other Non Operating Income Expenses": NaN,
        "Net Non Operating Interest Income Expense": NaN,
        "Total Other Finance Cost": NaN,
        "Interest Income Non Operating": 478000.0,
        "Operating Income": NaN,
        "Operating Expense": NaN,
        "Selling General And Administration": NaN,
        "Gross Profit": NaN,
        "Cost Of Revenue": NaN,
        "Total Revenue": NaN,
        "Operating Revenue": NaN
    },
    "2023-09-30": {
        "Tax Effect Of Unusual Items": NaN,
        "Tax Rate For Calcs": NaN,
        "Normalized EBITDA": NaN,
        "Net Income From Continuing Operation Net Minority Interest": NaN,
        "Reconciled Depreciation": NaN,
        "Reconciled Cost Of Revenue": NaN,
        "EBITDA": NaN,
        "EBIT": NaN,
        "Net Interest Income": NaN,
        "Interest Income": NaN,
        "Normalized Income": NaN,
        "Net Income From Continuing And Discontinued Operation": NaN,
        "Total Expenses": NaN,
        "Total Operating Income As Reported": NaN,
        "Diluted Average Shares": 140140899.0,
        "Basic Average Shares": 139628776.0,
        "Diluted EPS": 0.14,
        "Basic EPS": 0.14,
        "Diluted NI Availto Com Stockholders": NaN,
        "Net Income Common Stockholders": NaN,
        "Net Income": NaN,
        "Net Income Including Noncontrolling Interests": NaN,
        "Net Income Continuous Operations": NaN,
        "Tax Provision": NaN,
        "Pretax Income": NaN,
        "Other Income Expense": NaN,
        "Other Non Operating Income Expenses": NaN,
        "Net Non Operating Interest Income Expense": NaN,
        "Total Other Finance Cost": -1080000.0,
        "Interest Income Non Operating": NaN,
        "Operating Income": NaN,
        "Operating Expense": NaN,
        "Selling General And Administration": NaN,
        "Gross Profit": NaN,
        "Cost Of Revenue": NaN,
        "Total Revenue": NaN,
        "Operating Revenue": NaN
    },
    "2023-12-31": {
        "Tax Effect Of Unusual Items": NaN,
        "Tax Rate For Calcs": NaN,
        "Normalized EBITDA": NaN,
        "Total Unusual Items": NaN,
        "Total Unusual Items Excluding Goodwill": NaN,
        "Net Income From Continuing Operation Net Minority Interest": NaN,
        "Reconciled Depreciation": NaN,
        "Reconciled Cost Of Revenue": NaN,
        "EBITDA": NaN,
        "EBIT": NaN,
        "Net Interest Income": NaN,
        "Interest Income": NaN,
        "Normalized Income": NaN,
        "Net Income From Continuing And Discontinued Operation": NaN,
        "Total Expenses": NaN,
        "Total Operating Income As Reported": NaN,
        "Diluted Average Shares": NaN,
        "Basic Average Shares": NaN,
        "Diluted EPS": NaN,
        "Basic EPS": NaN,
        "Diluted NI Availto Com Stockholders": NaN,
        "Net Income Common Stockholders": NaN,
        "Net Income": NaN,
        "Net Income Including Noncontrolling Interests": NaN,
        "Net Income Continuous Operations": NaN,
        "Tax Provision": NaN,
        "Pretax Income": NaN,
        "Other Income Expense": NaN,
        "Other Non Operating Income Expenses": NaN,
        "Special Income Charges": NaN,
        "Gain On Sale Of Ppe": NaN,
        "Net Non Operating Interest Income Expense": NaN,
        "Total Other Finance Cost": -1620000.0,
        "Interest Income Non Operating": NaN,
        "Operating Income": NaN,
        "Operating Expense": NaN,
        "Selling General And Administration": NaN,
        "Gross Profit": NaN,
        "Cost Of Revenue": NaN,
        "Total Revenue": NaN,
        "Operating Revenue": NaN
    },
    "2024-03-31": {
        "Tax Effect Of Unusual Items": NaN,
        "Tax Rate For Calcs": NaN,
        "Normalized EBITDA": NaN,
        "Total Unusual Items": 0.0,
        "Total Unusual Items Excluding Goodwill": 0.0,
        "Net Income From Continuing Operation Net Minority Interest": NaN,
        "Reconciled Depreciation": NaN,
        "Reconciled Cost Of Revenue": NaN,
        "EBITDA": NaN,
        "EBIT": NaN,
        "Net Interest Income": NaN,
        "Interest Income": NaN,
        "Normalized Income": NaN,
        "Net Income From Continuing And Discontinued Operation": NaN,
        "Total Expenses": NaN,
        "Total Operating Income As Reported": NaN,
        "Diluted Average Shares": NaN,
        "Basic Average Shares": NaN,
        "Diluted EPS": NaN,
        "Basic EPS": NaN,
        "Diluted NI Availto Com Stockholders": NaN,
        "Net Income Common Stockholders": NaN,
        "Net Income": NaN,
        "Net Income Including Noncontrolling Interests": NaN,
        "Net Income Continuous Operations": NaN,
        "Tax Provision": NaN,
        "Pretax Income": NaN,
        "Other Income Expense": NaN,
        "Other Non Operating Income Expenses": NaN,
        "Special Income Charges": 0.0,
        "Gain On Sale Of Ppe": 0.0,
        "Net Non Operating Interest Income Expense": NaN,
        "Total Other Finance Cost": -1432000.0,
        "Interest Income Non Operating": NaN,
        "Operating Income": NaN,
        "Operating Expense": NaN,
        "Selling General And Administration": NaN,
        "Gross Profit": NaN,
        "Cost Of Revenue": NaN,
        "Total Revenue": NaN,
        "Operating Revenue": NaN
    },
    "2024-06-30": {
        "Tax Effect Of Unusual Items": NaN,
        "Tax Rate For Calcs": NaN,
        "Normalized EBITDA": NaN,
        "Total Unusual Items": 0.0,
        "Total Unusual Items Excluding Goodwill": 0.0,
        "Net Income From Continuing Operation Net Minority Interest": NaN,
        "Reconciled Depreciation": NaN,
        "Reconciled Cost Of Revenue": NaN,
        "EBITDA": NaN,
        "EBIT": NaN,
        "Net Interest Income": NaN,
        "Interest Income": 606000.0,
        "Normalized Income": NaN,
        "Net Income From Continuing And Discontinued Operation": NaN,
        "Total Expenses": NaN,
        "Total Operating Income As Reported": NaN,
        "Diluted Average Shares": NaN,
        "Basic Average Shares": NaN,
        "Diluted EPS": NaN,
        "Basic EPS": NaN,
        "Diluted NI Availto Com Stockholders": NaN,
        "Net Income Common Stockholders": NaN,
        "Net Income": NaN,
        "Net Income Including Noncontrolling Interests": NaN,
        "Net Income Continuous Operations": NaN,
        "Tax Provision": NaN,
        "Pretax Income": NaN,
        "Other Income Expense": NaN,
        "Other Non Operating Income Expenses": NaN,
        "Special Income Charges": 0.0,
        "Gain On Sale Of Ppe": 0.0,
        "Net Non Operating Interest Income Expense": NaN,
        "Total Other Finance Cost": NaN,
        "Interest Income Non Operating": 606000.0,
        "Operating Income": NaN,
        "Operating Expense": NaN,
        "Selling General And Administration": NaN,
        "Gross Profit": NaN,
        "Cost Of Revenue": NaN,
        "Total Revenue": NaN,
        "Operating Revenue": NaN
    },
    "2024-09-30": {
        "Tax Effect Of Unusual Items": 0.0,
        "Tax Rate For Calcs": 0.134,
        "Normalized EBITDA": 30347000.0,
        "Total Unusual Items": NaN,
        "Total Unusual Items Excluding Goodwill": NaN,
        "Net Income From Continuing Operation Net Minority Interest": 9923000.0,
        "Reconciled Depreciation": 19676000.0,
        "Reconciled Cost Of Revenue": 196061000.0,
        "EBITDA": 30347000.0,
        "EBIT": 10671000.0,
        "Net Interest Income": 544000.0,
        "Interest Income": NaN,
        "Normalized Income": 9923000.0,
        "Net Income From Continuing And Discontinued Operation": 9923000.0,
        "Total Expenses": 308462000.0,
        "Total Operating Income As Reported": 10671000.0,
        "Diluted Average Shares": 140722915.0,
        "Basic Average Shares": 140166990.0,
        "Diluted EPS": 0.07,
        "Basic EPS": 0.07,
        "Diluted NI Availto Com Stockholders": 9923000.0,
        "Net Income Common Stockholders": 9923000.0,
        "Net Income": 9923000.0,
        "Net Income Including Noncontrolling Interests": 9923000.0,
        "Net Income Continuous Operations": 9923000.0,
        "Tax Provision": 1542000.0,
        "Pretax Income": 11465000.0,
        "Other Income Expense": 250000.0,
        "Other Non Operating Income Expenses": 250000.0,
        "Special Income Charges": NaN,
        "Gain On Sale Of Ppe": NaN,
        "Net Non Operating Interest Income Expense": 544000.0,
        "Total Other Finance Cost": -544000.0,
        "Interest Income Non Operating": NaN,
        "Operating Income": 10671000.0,
        "Operating Expense": 112401000.0,
        "Selling General And Administration": 112401000.0,
        "Gross Profit": 123072000.0,
        "Cost Of Revenue": 196061000.0,
        "Total Revenue": 319133000.0,
        "Operating Revenue": 319133000.0
    },
    "2024-12-31": {
        "Tax Effect Of Unusual Items": 0.0,
        "Tax Rate For Calcs": 0.27768,
        "Normalized EBITDA": 48086000.0,
        "Total Unusual Items": NaN,
        "Total Unusual Items Excluding Goodwill": NaN,
        "Net Income From Continuing Operation Net Minority Interest": 21294000.0,
        "Reconciled Depreciation": 20696000.0,
        "Reconciled Cost Of Revenue": 208280000.0,
        "EBITDA": 48086000.0,
        "EBIT": 27390000.0,
        "Net Interest Income": 581000.0,
        "Interest Income": NaN,
        "Normalized Income": 21294000.0,
        "Net Income From Continuing And Discontinued Operation": 21294000.0,
        "Total Expenses": 319621000.0,
        "Total Operating Income As Reported": 28592000.0,
        "Diluted Average Shares": 140569488.0,
        "Basic Average Shares": 140315252.0,
        "Diluted EPS": 0.15,
        "Basic EPS": 0.15,
        "Diluted NI Availto Com Stockholders": 21294000.0,
        "Net Income Common Stockholders": 21294000.0,
        "Net Income": 21294000.0,
        "Net Income Including Noncontrolling Interests": 21294000.0,
        "Net Income Continuous Operations": 21294000.0,
        "Tax Provision": 8186000.0,
        "Pretax Income": 29480000.0,
        "Other Income Expense": 1509000.0,
        "Other Non Operating Income Expenses": 307000.0,
        "Special Income Charges": NaN,
        "Gain On Sale Of Ppe": NaN,
        "Net Non Operating Interest Income Expense": 581000.0,
        "Total Other Finance Cost": -581000.0,
        "Interest Income Non Operating": NaN,
        "Operating Income": 27390000.0,
        "Operating Expense": 111341000.0,
        "Selling General And Administration": 111341000.0,
        "Gross Profit": 138731000.0,
        "Cost Of Revenue": 208280000.0,
        "Total Revenue": 347011000.0,
        "Operating Revenue": 347011000.0
    },
    "2025-03-31": {
        "Tax Effect Of Unusual Items": -21276.0,
        "Tax Rate For Calcs": 0.197,
        "Normalized EBITDA": 27045000.0,
        "Total Unusual Items": -108000.0,
        "Total Unusual Items Excluding Goodwill": -108000.0,
        "Net Income From Continuing Operation Net Minority Interest": 4882000.0,
        "Reconciled Depreciation": 21408000.0,
        "Reconciled Cost Of Revenue": 195785000.0,
        "EBITDA": 26937000.0,
        "EBIT": 5529000.0,
        "Net Interest Income": 573000.0,
        "Interest Income": NaN,
        "Normalized Income": 4968724.0,
        "Net Income From Continuing And Discontinued Operation": 4882000.0,
        "Total Expenses": 305843000.0,
        "Total Operating Income As Reported": 5421000.0,
        "Diluted Average Shares": 141090633.0,
        "Basic Average Shares": 140361588.0,
        "Diluted EPS": 0.03,
        "Basic EPS": 0.03,
        "Diluted NI Availto Com Stockholders": 4882000.0,
        "Net Income Common Stockholders": 4882000.0,
        "Net Income": 4882000.0,
        "Net Income Including Noncontrolling Interests": 4882000.0,
        "Net Income Continuous Operations": 4882000.0,
        "Tax Provision": 1198000.0,
        "Pretax Income": 6080000.0,
        "Other Income Expense": -22000.0,
        "Other Non Operating Income Expenses": 86000.0,
        "Special Income Charges": -108000.0,
        "Gain On Sale Of Ppe": -108000.0,
        "Net Non Operating Interest Income Expense": 573000.0,
        "Total Other Finance Cost": -573000.0,
        "Interest Income Non Operating": NaN,
        "Operating Income": 5529000.0,
        "Operating Expense": 110058000.0,
        "Selling General And Administration": 110058000.0,
        "Gross Profit": 115587000.0,
        "Cost Of Revenue": 195785000.0,
        "Total Revenue": 311372000.0,
        "Operating Revenue": 311372000.0
    },
    "2025-06-30": {
        "Tax Effect Of Unusual Items": 0.0,
        "Tax Rate For Calcs": 0.264,
        "Normalized EBITDA": 68651000.0,
        "Total Unusual Items": 0.0,
        "Total Unusual Items Excluding Goodwill": 0.0,
        "Net Income From Continuing Operation Net Minority Interest": 35066000.0,
        "Reconciled Depreciation": 21886000.0,
        "Reconciled Cost Of Revenue": 210208000.0,
        "EBITDA": 68651000.0,
        "EBIT": 46765000.0,
        "Net Interest Income": 744000.0,
        "Interest Income": 744000.0,
        "Normalized Income": 35066000.0,
        "Net Income From Continuing And Discontinued Operation": 35066000.0,
        "Total Expenses": 311670000.0,
        "Total Operating Income As Reported": 46765000.0,
        "Diluted Average Shares": 141162310.0,
        "Basic Average Shares": 140709814.0,
        "Diluted EPS": 0.25,
        "Basic EPS": 0.25,
        "Diluted NI Availto Com Stockholders": 35066000.0,
        "Net Income Common Stockholders": 35066000.0,
        "Net Income": 35066000.0,
        "Net Income Including Noncontrolling Interests": 35066000.0,
        "Net Income Continuous Operations": 35066000.0,
        "Tax Provision": 12593000.0,
        "Pretax Income": 47659000.0,
        "Other Income Expense": 150000.0,
        "Other Non Operating Income Expenses": 150000.0,
        "Special Income Charges": 0.0,
        "Gain On Sale Of Ppe": 0.0,
        "Net Non Operating Interest Income Expense": 744000.0,
        "Total Other Finance Cost": NaN,
        "Interest Income Non Operating": 744000.0,
        "Operating Income": 46765000.0,
        "Operating Expense": 101462000.0,
        "Selling General And Administration": 101462000.0,
        "Gross Profit": 148227000.0,
        "Cost Of Revenue": 210208000.0,
        "Total Revenue": 358435000.0,
        "Operating Revenue": 358435000.0
    },
    "2025-09-30": {
        "Tax Effect Of Unusual Items": 8019.0,
        "Tax Rate For Calcs": 0.297,
        "Normalized EBITDA": 39160000.0,
        "Total Unusual Items": 27000.0,
        "Total Unusual Items Excluding Goodwill": 27000.0,
        "Net Income From Continuing Operation Net Minority Interest": 12218000.0,
        "Reconciled Depreciation": 22780000.0,
        "Reconciled Cost Of Revenue": 211149000.0,
        "EBITDA": 39187000.0,
        "EBIT": 16407000.0,
        "Net Interest Income": 820000.0,
        "Interest Income": NaN,
        "Normalized Income": 12199019.0,
        "Net Income From Continuing And Discontinued Operation": 12218000.0,
        "Total Expenses": 328163000.0,
        "Total Operating Income As Reported": 16434000.0,
        "Diluted Average Shares": 141676722.0,
        "Basic Average Shares": 140829409.0,
        "Diluted EPS": 0.09,
        "Basic EPS": 0.09,
        "Diluted NI Availto Com Stockholders": 12218000.0,
        "Net Income Common Stockholders": 12218000.0,
        "Net Income": 12218000.0,
        "Net Income Including Noncontrolling Interests": 12218000.0,
        "Net Income Continuous Operations": 12218000.0,
        "Tax Provision": 5154000.0,
        "Pretax Income": 17372000.0,
        "Other Income Expense": 145000.0,
        "Other Non Operating Income Expenses": 118000.0,
        "Special Income Charges": 27000.0,
        "Gain On Sale Of Ppe": 27000.0,
        "Net Non Operating Interest Income Expense": 820000.0,
        "Total Other Finance Cost": -820000.0,
        "Interest Income Non Operating": NaN,
        "Operating Income": 16407000.0,
        "Operating Expense": 117014000.0,
        "Selling General And Administration": 117014000.0,
        "Gross Profit": 133421000.0,
        "Cost Of Revenue": 211149000.0,
        "Total Revenue": 344570000.0,
        "Operating Revenue": 344570000.0
    }
}