{
    "2023-03-31": {
        "Tax Effect Of Unusual Items": NaN,
        "Tax Rate For Calcs": NaN,
        "Normalized EBITDA": NaN,
        "Total Unusual Items": NaN,
        "Total Unusual Items Excluding Goodwill": NaN,
        "Net Income From Continuing Operation Net Minority Interest": NaN,
        "Reconciled Depreciation": NaN,
        "Reconciled Cost Of Revenue": NaN,
        "EBITDA": NaN,
        "EBIT": NaN,
        "Net Interest Income": NaN,
        "Interest Expense": NaN,
        "Interest Income": NaN,
        "Normalized Income": NaN,
        "Net Income From Continuing And Discontinued Operation": NaN,
        "Total Expenses": NaN,
        "Total Operating Income As Reported": NaN,
        "Diluted Average Shares": NaN,
        "Basic Average Shares": NaN,
        "Diluted EPS": NaN,
        "Basic EPS": NaN,
        "Diluted NI Availto Com Stockholders": NaN,
        "Net Income Common Stockholders": NaN,
        "Net Income": NaN,
        "Minority Interests": NaN,
        "Net Income Including Noncontrolling Interests": NaN,
        "Net Income Continuous Operations": NaN,
        "Tax Provision": NaN,
        "Pretax Income": NaN,
        "Other Income Expense": NaN,
        "Special Income Charges": NaN,
        "Gain On Sale Of Ppe": NaN,
        "Other Special Charges": NaN,
        "Earnings From Equity Interest": NaN,
        "Gain On Sale Of Security": 971000.0,
        "Net Non Operating Interest Income Expense": NaN,
        "Interest Expense Non Operating": NaN,
        "Interest Income Non Operating": NaN,
        "Operating Income": NaN,
        "Operating Expense": NaN,
        "Depreciation Amortization Depletion Income Statement": NaN,
        "Depreciation And Amortization In Income Statement": NaN,
        "Selling General And Administration": NaN,
        "General And Administrative Expense": NaN,
        "Other Gand A": NaN,
        "Gross Profit": NaN,
        "Cost Of Revenue": NaN,
        "Total Revenue": NaN,
        "Operating Revenue": NaN
    },
    "2022-12-31": {
        "Tax Effect Of Unusual Items": NaN,
        "Tax Rate For Calcs": NaN,
        "Normalized EBITDA": NaN,
        "Total Unusual Items": NaN,
        "Total Unusual Items Excluding Goodwill": NaN,
        "Net Income From Continuing Operation Net Minority Interest": NaN,
        "Reconciled Depreciation": NaN,
        "Reconciled Cost Of Revenue": NaN,
        "EBITDA": NaN,
        "EBIT": NaN,
        "Net Interest Income": NaN,
        "Interest Expense": NaN,
        "Interest Income": NaN,
        "Normalized Income": NaN,
        "Net Income From Continuing And Discontinued Operation": NaN,
        "Total Expenses": NaN,
        "Total Operating Income As Reported": NaN,
        "Diluted Average Shares": NaN,
        "Basic Average Shares": NaN,
        "Diluted EPS": NaN,
        "Basic EPS": NaN,
        "Diluted NI Availto Com Stockholders": NaN,
        "Net Income Common Stockholders": NaN,
        "Net Income": NaN,
        "Minority Interests": NaN,
        "Net Income Including Noncontrolling Interests": NaN,
        "Net Income Continuous Operations": NaN,
        "Tax Provision": NaN,
        "Pretax Income": NaN,
        "Other Income Expense": NaN,
        "Special Income Charges": NaN,
        "Gain On Sale Of Ppe": NaN,
        "Other Special Charges": 0.0,
        "Earnings From Equity Interest": NaN,
        "Gain On Sale Of Security": 630000.0,
        "Net Non Operating Interest Income Expense": NaN,
        "Interest Expense Non Operating": NaN,
        "Interest Income Non Operating": NaN,
        "Operating Income": NaN,
        "Operating Expense": NaN,
        "Depreciation Amortization Depletion Income Statement": NaN,
        "Depreciation And Amortization In Income Statement": NaN,
        "Selling General And Administration": NaN,
        "General And Administrative Expense": NaN,
        "Other Gand A": NaN,
        "Gross Profit": NaN,
        "Cost Of Revenue": NaN,
        "Total Revenue": NaN,
        "Operating Revenue": NaN
    },
    "2022-09-30": {
        "Tax Effect Of Unusual Items": NaN,
        "Tax Rate For Calcs": NaN,
        "Normalized EBITDA": NaN,
        "Total Unusual Items": NaN,
        "Total Unusual Items Excluding Goodwill": NaN,
        "Net Income From Continuing Operation Net Minority Interest": NaN,
        "Reconciled Depreciation": NaN,
        "Reconciled Cost Of Revenue": NaN,
        "EBITDA": NaN,
        "EBIT": NaN,
        "Net Interest Income": NaN,
        "Interest Expense": NaN,
        "Interest Income": NaN,
        "Normalized Income": NaN,
        "Net Income From Continuing And Discontinued Operation": NaN,
        "Total Expenses": NaN,
        "Total Operating Income As Reported": NaN,
        "Diluted Average Shares": NaN,
        "Basic Average Shares": NaN,
        "Diluted EPS": NaN,
        "Basic EPS": NaN,
        "Diluted NI Availto Com Stockholders": NaN,
        "Net Income Common Stockholders": NaN,
        "Net Income": NaN,
        "Minority Interests": NaN,
        "Net Income Including Noncontrolling Interests": NaN,
        "Net Income Continuous Operations": NaN,
        "Tax Provision": NaN,
        "Pretax Income": NaN,
        "Other Income Expense": NaN,
        "Special Income Charges": NaN,
        "Gain On Sale Of Ppe": NaN,
        "Other Special Charges": 1166000.0,
        "Earnings From Equity Interest": NaN,
        "Gain On Sale Of Security": 1533000.0,
        "Net Non Operating Interest Income Expense": NaN,
        "Interest Expense Non Operating": NaN,
        "Interest Income Non Operating": NaN,
        "Operating Income": NaN,
        "Operating Expense": NaN,
        "Depreciation Amortization Depletion Income Statement": NaN,
        "Depreciation And Amortization In Income Statement": NaN,
        "Selling General And Administration": NaN,
        "General And Administrative Expense": NaN,
        "Other Gand A": NaN,
        "Gross Profit": NaN,
        "Cost Of Revenue": NaN,
        "Total Revenue": NaN,
        "Operating Revenue": NaN
    },
    "2022-06-30": {
        "Tax Effect Of Unusual Items": 35924.265072,
        "Tax Rate For Calcs": 0.001993,
        "Normalized EBITDA": 11587000.0,
        "Total Unusual Items": 18025000.0,
        "Total Unusual Items Excluding Goodwill": 18025000.0,
        "Net Income From Continuing Operation Net Minority Interest": 16312000.0,
        "Reconciled Depreciation": 3153000.0,
        "Reconciled Cost Of Revenue": 2957000.0,
        "EBITDA": 29612000.0,
        "EBIT": 26459000.0,
        "Net Interest Income": 3030000.0,
        "Interest Expense": 6389000.0,
        "Interest Income": 9419000.0,
        "Normalized Income": -1677075.734928,
        "Net Income From Continuing And Discontinued Operation": 16312000.0,
        "Total Expenses": 11162000.0,
        "Total Operating Income As Reported": -3033000.0,
        "Diluted Average Shares": 16152043.0,
        "Basic Average Shares": 16152043.0,
        "Diluted EPS": 1.01,
        "Basic EPS": 1.01,
        "Diluted NI Availto Com Stockholders": 16312000.0,
        "Net Income Common Stockholders": 16312000.0,
        "Net Income": 16312000.0,
        "Minority Interests": -3718000.0,
        "Net Income Including Noncontrolling Interests": 20030000.0,
        "Net Income Continuous Operations": 20030000.0,
        "Tax Provision": 40000.0,
        "Pretax Income": 20070000.0,
        "Other Income Expense": 20073000.0,
        "Special Income Charges": 3893000.0,
        "Gain On Sale Of Ppe": 3893000.0,
        "Other Special Charges": NaN,
        "Earnings From Equity Interest": 2048000.0,
        "Gain On Sale Of Security": 14132000.0,
        "Net Non Operating Interest Income Expense": 3030000.0,
        "Interest Expense Non Operating": 6389000.0,
        "Interest Income Non Operating": 9419000.0,
        "Operating Income": -3033000.0,
        "Operating Expense": 7350000.0,
        "Depreciation Amortization Depletion Income Statement": 2298000.0,
        "Depreciation And Amortization In Income Statement": 2298000.0,
        "Selling General And Administration": 5052000.0,
        "General And Administrative Expense": 5052000.0,
        "Other Gand A": 5052000.0,
        "Gross Profit": 4317000.0,
        "Cost Of Revenue": 3812000.0,
        "Total Revenue": 8129000.0,
        "Operating Revenue": 7259000.0
    },
    "2022-03-31": {
        "Diluted EPS": 0.7,
        "Total Revenue": 8,
        "Gross Profit": 4,
        "Operating Income": -4,
        "EBIT": -1,
        "Net Income": 11
    },
    "2021-12-31": {
        "Diluted EPS": -0.42,
        "Total Revenue": 9,
        "Gross Profit": 4,
        "Operating Income": -4,
        "EBIT": 0,
        "Net Income": -7
    },
    "2021-09-30": {
        "Diluted EPS": 1.2,
        "Total Revenue": 10,
        "Gross Profit": 5,
        "Operating Income": -5,
        "EBIT": -1,
        "Net Income": 19
    },
    "2021-06-30": {
        "Diluted EPS": -1.69,
        "Total Revenue": 11,
        "Gross Profit": 6,
        "Operating Income": -9,
        "EBIT": -5,
        "Net Income": -27
    },
    "2021-03-31": {
        "Diluted EPS": 1.12,
        "Total Revenue": 12,
        "Gross Profit": 6,
        "Operating Income": -3,
        "EBIT": 1,
        "Net Income": 18
    },
    "2020-12-31": {
        "Diluted EPS": 0.02,
        "Total Revenue": 19,
        "Gross Profit": 13,
        "Operating Income": 4,
        "EBIT": 9,
        "Net Income": 0
    },
    "2020-09-30": {
        "Diluted EPS": 0.5,
        "Total Revenue": 12,
        "Gross Profit": 6,
        "Operating Income": -2,
        "EBIT": 2,
        "Net Income": 8
    },
    "2020-06-30": {
        "Diluted EPS": -0.14,
        "Total Revenue": 15,
        "Gross Profit": 9,
        "Operating Income": 1,
        "EBIT": 6,
        "Net Income": -2
    },
    "2020-03-31": {
        "Diluted EPS": 0.18,
        "Total Revenue": 13,
        "Gross Profit": 7,
        "Operating Income": -3,
        "EBIT": 1,
        "Net Income": 3
    },
    "2019-12-31": {
        "Diluted EPS": 0.02,
        "Total Revenue": 22,
        "Gross Profit": 15,
        "Operating Income": 6,
        "EBIT": 9,
        "Net Income": 1
    },
    "2019-09-30": {
        "Diluted EPS": -0.47,
        "Total Revenue": 13,
        "Gross Profit": 7,
        "Operating Income": -1,
        "EBIT": 4,
        "Net Income": -8
    },
    "2019-06-30": {
        "Diluted EPS": -0.17,
        "Total Revenue": 12,
        "Gross Profit": 5,
        "Operating Income": -4,
        "EBIT": 0,
        "Net Income": -3
    },
    "2019-03-31": {
        "Diluted EPS": -0.38,
        "Total Revenue": 12,
        "Gross Profit": 6,
        "Operating Income": -2,
        "EBIT": 2,
        "Net Income": -6
    },
    "2018-12-31": {
        "Diluted EPS": 8.86,
        "Total Revenue": 54,
        "Gross Profit": 40,
        "Operating Income": 29,
        "EBIT": 36,
        "Net Income": 148
    },
    "2018-09-30": {
        "Diluted EPS": 1.21,
        "Total Revenue": 33,
        "Gross Profit": 17,
        "Operating Income": 5,
        "EBIT": 14,
        "Net Income": 20
    },
    "2018-06-30": {
        "Diluted EPS": 0.34,
        "Total Revenue": 32,
        "Gross Profit": 16,
        "Operating Income": 4,
        "EBIT": 11,
        "Net Income": 6
    },
    "2018-03-31": {
        "Diluted EPS": -0.06,
        "Total Revenue": 31,
        "Gross Profit": 17,
        "Operating Income": 5,
        "EBIT": 13,
        "Net Income": -1
    },
    "2017-12-31": {
        "Diluted EPS": -0.09,
        "Total Revenue": 31,
        "Gross Profit": 14,
        "Operating Income": 3,
        "EBIT": 10,
        "Net Income": -1
    },
    "2017-09-30": {
        "Diluted EPS": 0.59,
        "Total Revenue": 32,
        "Gross Profit": 16,
        "Operating Income": 5,
        "EBIT": 13,
        "Net Income": 9
    },
    "2017-06-30": {
        "Diluted EPS": -0.72,
        "Total Revenue": 32,
        "Gross Profit": 16,
        "Operating Income": 5,
        "EBIT": 13,
        "Net Income": -11
    },
    "2017-03-31": {
        "Diluted EPS": -0.39,
        "Total Revenue": 32,
        "Gross Profit": 16,
        "Operating Income": 4,
        "EBIT": 12,
        "Net Income": -6
    },
    "2016-12-31": {
        "Diluted EPS": 0.09,
        "Total Revenue": 30,
        "Gross Profit": 13,
        "Operating Income": 3,
        "EBIT": 11,
        "Net Income": 1
    },
    "2016-09-30": {
        "Diluted EPS": -0.26,
        "Total Revenue": 30,
        "Gross Profit": 14,
        "Operating Income": 4,
        "EBIT": 11,
        "Net Income": -4
    },
    "2016-06-30": {
        "Diluted EPS": 0.16,
        "Total Revenue": 31,
        "Gross Profit": 16,
        "Operating Income": 5,
        "EBIT": 11,
        "Net Income": 2
    },
    "2016-03-31": {
        "Diluted EPS": -0.24,
        "Total Revenue": 29,
        "Gross Profit": 14,
        "Operating Income": 3,
        "EBIT": 10,
        "Net Income": -4
    },
    "2015-12-31": {
        "Diluted EPS": -0.09,
        "Total Revenue": 29,
        "Gross Profit": 12,
        "Operating Income": -2,
        "EBIT": 4,
        "Net Income": -2
    },
    "2015-09-30": {
        "Diluted EPS": -0.35,
        "Total Revenue": 28,
        "Gross Profit": 13,
        "Operating Income": 2,
        "EBIT": 9,
        "Net Income": -5
    },
    "2015-06-30": {
        "Diluted EPS": 0.05,
        "Total Revenue": 24,
        "Gross Profit": 13,
        "Operating Income": 4,
        "EBIT": 9,
        "Net Income": 1
    },
    "2015-03-31": {
        "Diluted EPS": 0.17,
        "Total Revenue": 23,
        "Gross Profit": 11,
        "Operating Income": 2,
        "EBIT": 7,
        "Net Income": 3
    },
    "2014-12-31": {
        "Diluted EPS": 2.09,
        "Total Revenue": 21,
        "Gross Profit": 10,
        "Operating Income": -3,
        "EBIT": 3,
        "Net Income": 27
    },
    "2014-09-30": {
        "Diluted EPS": -0.13,
        "Total Revenue": 19,
        "Gross Profit": 9,
        "Operating Income": 0,
        "EBIT": 6,
        "Net Income": -2
    },
    "2014-06-30": {
        "Diluted EPS": 0.07,
        "Total Revenue": 20,
        "Gross Profit": 10,
        "Operating Income": 0,
        "EBIT": 4,
        "Net Income": 1
    },
    "2014-03-31": {
        "Diluted EPS": 0.25,
        "Total Revenue": 19,
        "Gross Profit": 9,
        "Operating Income": 0,
        "EBIT": 6,
        "Net Income": 3
    },
    "2013-12-31": {
        "Diluted EPS": 3.33,
        "Total Revenue": 20,
        "Gross Profit": 11,
        "Operating Income": -18,
        "EBIT": -15,
        "Net Income": 38
    },
    "2013-09-30": {
        "Diluted EPS": -0.62,
        "Total Revenue": 20,
        "Gross Profit": 9,
        "Operating Income": -1,
        "EBIT": 5,
        "Net Income": -7
    },
    "2013-06-30": {
        "Diluted EPS": 0.67,
        "Total Revenue": 20,
        "Gross Profit": 11,
        "Operating Income": 1,
        "EBIT": 8,
        "Net Income": 8
    },
    "2013-03-31": {
        "Diluted EPS": -0.02,
        "Total Revenue": 20,
        "Gross Profit": 10,
        "Operating Income": 2,
        "EBIT": 10,
        "Net Income": 0
    },
    "2012-12-31": {
        "Diluted EPS": -0.45,
        "Total Revenue": -1,
        "Gross Profit": 0,
        "Operating Income": -6,
        "EBIT": 0,
        "Net Income": -5
    },
    "2012-09-30": {
        "Diluted EPS": -0.0,
        "Total Revenue": 28,
        "Gross Profit": 14,
        "Operating Income": 5,
        "EBIT": 10,
        "Net Income": 0
    },
    "2012-06-30": {
        "Diluted EPS": 0.35,
        "Total Revenue": 27,
        "Gross Profit": 14,
        "Operating Income": 5,
        "EBIT": 13,
        "Net Income": 4
    },
    "2012-03-31": {
        "Diluted EPS": -0.59,
        "Total Revenue": 28,
        "Gross Profit": 14,
        "Operating Income": 4,
        "EBIT": 10,
        "Net Income": -7
    },
    "2011-12-31": {
        "Diluted EPS": -0.1,
        "Total Revenue": -6,
        "Gross Profit": -3,
        "Operating Income": -44,
        "EBIT": -39,
        "Net Income": -6
    },
    "2011-09-30": {
        "Diluted EPS": -0.03,
        "Total Revenue": 29,
        "Gross Profit": 13,
        "Operating Income": 1,
        "EBIT": 7,
        "Net Income": 0
    },
    "2011-06-30": {
        "Diluted EPS": 0.8,
        "Total Revenue": 29,
        "Gross Profit": 14,
        "Operating Income": 1,
        "EBIT": 9,
        "Net Income": 14
    },
    "2011-03-31": {
        "Diluted EPS": -0.86,
        "Total Revenue": 28,
        "Gross Profit": 12,
        "Operating Income": -5,
        "EBIT": 3,
        "Net Income": -10
    },
    "2010-12-31": {
        "Diluted EPS": -5.3,
        "Total Revenue": -3,
        "Gross Profit": 6,
        "Operating Income": -55,
        "EBIT": -47,
        "Net Income": -61
    },
    "2010-09-30": {
        "Diluted EPS": -0.84,
        "Total Revenue": 32,
        "Gross Profit": 13,
        "Operating Income": 1,
        "EBIT": 9,
        "Net Income": -10
    },
    "2010-06-30": {
        "Diluted EPS": -1.25,
        "Total Revenue": 37,
        "Gross Profit": 13,
        "Operating Income": 0,
        "EBIT": 9,
        "Net Income": -14
    },
    "2010-03-31": {
        "Diluted EPS": -1.09,
        "Total Revenue": 40,
        "Gross Profit": 16,
        "Operating Income": 2,
        "EBIT": 11,
        "Net Income": -13
    },
    "2009-12-31": {
        "Diluted EPS": -2.29,
        "Total Revenue": -18,
        "Gross Profit": -5,
        "Operating Income": -27,
        "EBIT": -16,
        "Net Income": -26
    },
    "2009-09-30": {
        "Diluted EPS": -0.88,
        "Total Revenue": 41,
        "Gross Profit": 16,
        "Operating Income": 2,
        "EBIT": 11,
        "Net Income": -10
    },
    "2009-06-30": {
        "Diluted EPS": -2.51,
        "Total Revenue": 44,
        "Gross Profit": 21,
        "Operating Income": -23,
        "EBIT": -13,
        "Net Income": -29
    },
    "2009-03-31": {
        "Diluted EPS": -0.63,
        "Total Revenue": 46,
        "Gross Profit": 17,
        "Operating Income": 2,
        "EBIT": 12,
        "Net Income": -7
    },
    "2023-06-30": {
        "Tax Effect Of Unusual Items": NaN,
        "Tax Rate For Calcs": NaN,
        "Normalized EBITDA": NaN,
        "Total Unusual Items": NaN,
        "Total Unusual Items Excluding Goodwill": NaN,
        "Net Income From Continuing Operation Net Minority Interest": NaN,
        "Reconciled Depreciation": NaN,
        "Reconciled Cost Of Revenue": NaN,
        "EBITDA": NaN,
        "EBIT": NaN,
        "Net Interest Income": NaN,
        "Interest Expense": NaN,
        "Interest Income": NaN,
        "Normalized Income": NaN,
        "Net Income From Continuing And Discontinued Operation": NaN,
        "Total Expenses": NaN,
        "Total Operating Income As Reported": NaN,
        "Diluted Average Shares": 16152043.0,
        "Basic Average Shares": 16152043.0,
        "Diluted EPS": 0.01,
        "Basic EPS": 0.01,
        "Diluted NI Availto Com Stockholders": NaN,
        "Net Income Common Stockholders": NaN,
        "Net Income": NaN,
        "Minority Interests": NaN,
        "Net Income Including Noncontrolling Interests": NaN,
        "Net Income Continuous Operations": NaN,
        "Tax Provision": NaN,
        "Pretax Income": NaN,
        "Other Income Expense": NaN,
        "Special Income Charges": NaN,
        "Gain On Sale Of Ppe": NaN,
        "Other Special Charges": 1710000.0,
        "Earnings From Equity Interest": NaN,
        "Gain On Sale Of Security": 22000.0,
        "Net Non Operating Interest Income Expense": NaN,
        "Interest Expense Non Operating": NaN,
        "Interest Income Non Operating": NaN,
        "Operating Income": NaN,
        "Operating Expense": NaN,
        "Depreciation Amortization Depletion Income Statement": NaN,
        "Depreciation And Amortization In Income Statement": NaN,
        "Selling General And Administration": NaN,
        "General And Administrative Expense": NaN,
        "Other Gand A": NaN,
        "Gross Profit": NaN,
        "Cost Of Revenue": NaN,
        "Total Revenue": NaN,
        "Operating Revenue": NaN
    },
    "2023-09-30": {
        "Tax Effect Of Unusual Items": NaN,
        "Tax Rate For Calcs": NaN,
        "Normalized EBITDA": NaN,
        "Total Unusual Items": -32000.0,
        "Total Unusual Items Excluding Goodwill": -32000.0,
        "Net Income From Continuing Operation Net Minority Interest": NaN,
        "Reconciled Depreciation": NaN,
        "Reconciled Cost Of Revenue": NaN,
        "EBITDA": NaN,
        "EBIT": NaN,
        "Net Interest Income": NaN,
        "Interest Expense": NaN,
        "Interest Income": NaN,
        "Normalized Income": NaN,
        "Net Income From Continuing And Discontinued Operation": NaN,
        "Total Expenses": NaN,
        "Total Operating Income As Reported": NaN,
        "Diluted Average Shares": 16152043.0,
        "Basic Average Shares": 16152043.0,
        "Diluted EPS": 0.18,
        "Basic EPS": 0.18,
        "Diluted NI Availto Com Stockholders": NaN,
        "Net Income Common Stockholders": NaN,
        "Net Income": NaN,
        "Minority Interests": NaN,
        "Net Income Including Noncontrolling Interests": NaN,
        "Net Income Continuous Operations": NaN,
        "Tax Provision": NaN,
        "Pretax Income": NaN,
        "Other Income Expense": NaN,
        "Special Income Charges": -32000.0,
        "Gain On Sale Of Ppe": -32000.0,
        "Other Special Charges": NaN,
        "Earnings From Equity Interest": NaN,
        "Gain On Sale Of Security": NaN,
        "Net Non Operating Interest Income Expense": NaN,
        "Interest Expense Non Operating": NaN,
        "Interest Income Non Operating": NaN,
        "Operating Income": NaN,
        "Operating Expense": NaN,
        "Depreciation Amortization Depletion Income Statement": NaN,
        "Depreciation And Amortization In Income Statement": NaN,
        "Selling General And Administration": NaN,
        "General And Administrative Expense": NaN,
        "Other Gand A": NaN,
        "Gross Profit": NaN,
        "Cost Of Revenue": NaN,
        "Total Revenue": NaN,
        "Operating Revenue": NaN
    },
    "2023-12-31": {
        "Tax Effect Of Unusual Items": -468947.368421,
        "Tax Rate For Calcs": 0.225564,
        "Normalized EBITDA": 3804000.0,
        "Total Unusual Items": -2079000.0,
        "Total Unusual Items Excluding Goodwill": -2079000.0,
        "Net Income From Continuing Operation Net Minority Interest": -2123000.0,
        "Reconciled Depreciation": 4053000.0,
        "Reconciled Cost Of Revenue": 7294000.0,
        "EBITDA": 1725000.0,
        "EBIT": -2328000.0,
        "Net Interest Income": -282000.0,
        "Interest Expense": 1928000.0,
        "Interest Income": 1646000.0,
        "Normalized Income": -512947.368421,
        "Net Income From Continuing And Discontinued Operation": -2123000.0,
        "Total Expenses": 16238000.0,
        "Total Operating Income As Reported": -2191000.0,
        "Diluted Average Shares": NaN,
        "Basic Average Shares": NaN,
        "Diluted EPS": NaN,
        "Basic EPS": NaN,
        "Diluted NI Availto Com Stockholders": -2123000.0,
        "Net Income Common Stockholders": -2123000.0,
        "Net Income": -2123000.0,
        "Minority Interests": 1173000.0,
        "Net Income Including Noncontrolling Interests": -3296000.0,
        "Net Income Continuous Operations": -3296000.0,
        "Tax Provision": -960000.0,
        "Pretax Income": -4256000.0,
        "Other Income Expense": -1783000.0,
        "Special Income Charges": -2079000.0,
        "Gain On Sale Of Ppe": -2079000.0,
        "Other Special Charges": 0.0,
        "Earnings From Equity Interest": 296000.0,
        "Gain On Sale Of Security": 0.0,
        "Net Non Operating Interest Income Expense": -282000.0,
        "Interest Expense Non Operating": 1928000.0,
        "Interest Income Non Operating": 1646000.0,
        "Operating Income": -2191000.0,
        "Operating Expense": 8922000.0,
        "Depreciation Amortization Depletion Income Statement": 4031000.0,
        "Depreciation And Amortization In Income Statement": 4031000.0,
        "Selling General And Administration": 4891000.0,
        "General And Administrative Expense": 4891000.0,
        "Other Gand A": 4891000.0,
        "Gross Profit": 6731000.0,
        "Cost Of Revenue": 7316000.0,
        "Total Revenue": 14047000.0,
        "Operating Revenue": 12787000.0
    },
    "2024-03-31": {
        "Tax Effect Of Unusual Items": 0.0,
        "Tax Rate For Calcs": 0.171048,
        "Normalized EBITDA": 7884000.0,
        "Total Unusual Items": NaN,
        "Total Unusual Items Excluding Goodwill": NaN,
        "Net Income From Continuing Operation Net Minority Interest": 1751000.0,
        "Reconciled Depreciation": 3185000.0,
        "Reconciled Cost Of Revenue": 6621000.0,
        "EBITDA": 7884000.0,
        "EBIT": 4699000.0,
        "Net Interest Income": 3811000.0,
        "Interest Expense": 1922000.0,
        "Interest Income": 5733000.0,
        "Normalized Income": 1751000.0,
        "Net Income From Continuing And Discontinued Operation": 1751000.0,
        "Total Expenses": 13416000.0,
        "Total Operating Income As Reported": -1517000.0,
        "Diluted Average Shares": 16152043.0,
        "Basic Average Shares": 16152043.0,
        "Diluted EPS": 0.11,
        "Basic EPS": 0.11,
        "Diluted NI Availto Com Stockholders": 1751000.0,
        "Net Income Common Stockholders": 1751000.0,
        "Net Income": 1751000.0,
        "Minority Interests": -551000.0,
        "Net Income Including Noncontrolling Interests": 2302000.0,
        "Net Income Continuous Operations": 2302000.0,
        "Tax Provision": 475000.0,
        "Pretax Income": 2777000.0,
        "Other Income Expense": 483000.0,
        "Special Income Charges": NaN,
        "Gain On Sale Of Ppe": NaN,
        "Other Special Charges": NaN,
        "Earnings From Equity Interest": 483000.0,
        "Gain On Sale Of Security": NaN,
        "Net Non Operating Interest Income Expense": 3811000.0,
        "Interest Expense Non Operating": 1922000.0,
        "Interest Income Non Operating": 5733000.0,
        "Operating Income": -1517000.0,
        "Operating Expense": 6782000.0,
        "Depreciation Amortization Depletion Income Statement": 3172000.0,
        "Depreciation And Amortization In Income Statement": 3172000.0,
        "Selling General And Administration": 3610000.0,
        "General And Administrative Expense": 3610000.0,
        "Other Gand A": 3610000.0,
        "Gross Profit": 5265000.0,
        "Cost Of Revenue": 6634000.0,
        "Total Revenue": 11899000.0,
        "Operating Revenue": 11279000.0
    },
    "2024-06-30": {
        "Tax Effect Of Unusual Items": 0.0,
        "Tax Rate For Calcs": 0.291686,
        "Normalized EBITDA": 7184000.0,
        "Total Unusual Items": 0.0,
        "Total Unusual Items Excluding Goodwill": 0.0,
        "Net Income From Continuing Operation Net Minority Interest": 1167000.0,
        "Reconciled Depreciation": 3166000.0,
        "Reconciled Cost Of Revenue": 6595000.0,
        "EBITDA": 7184000.0,
        "EBIT": 4018000.0,
        "Net Interest Income": 2881000.0,
        "Interest Expense": 1913000.0,
        "Interest Income": 4794000.0,
        "Normalized Income": 1167000.0,
        "Net Income From Continuing And Discontinued Operation": 1167000.0,
        "Total Expenses": 13050000.0,
        "Total Operating Income As Reported": -1277000.0,
        "Diluted Average Shares": 16152043.0,
        "Basic Average Shares": 16152043.0,
        "Diluted EPS": 0.07,
        "Basic EPS": 0.07,
        "Diluted NI Availto Com Stockholders": 1167000.0,
        "Net Income Common Stockholders": 1167000.0,
        "Net Income": 1167000.0,
        "Minority Interests": -324000.0,
        "Net Income Including Noncontrolling Interests": 1491000.0,
        "Net Income Continuous Operations": 1491000.0,
        "Tax Provision": 614000.0,
        "Pretax Income": 2105000.0,
        "Other Income Expense": 501000.0,
        "Special Income Charges": 0.0,
        "Gain On Sale Of Ppe": 0.0,
        "Other Special Charges": NaN,
        "Earnings From Equity Interest": 501000.0,
        "Gain On Sale Of Security": NaN,
        "Net Non Operating Interest Income Expense": 2881000.0,
        "Interest Expense Non Operating": 1913000.0,
        "Interest Income Non Operating": 4794000.0,
        "Operating Income": -1277000.0,
        "Operating Expense": 6426000.0,
        "Depreciation Amortization Depletion Income Statement": 3137000.0,
        "Depreciation And Amortization In Income Statement": 3137000.0,
        "Selling General And Administration": 3289000.0,
        "General And Administrative Expense": 3289000.0,
        "Other Gand A": 3289000.0,
        "Gross Profit": 5149000.0,
        "Cost Of Revenue": 6624000.0,
        "Total Revenue": 11773000.0,
        "Operating Revenue": 11188000.0
    },
    "2024-09-30": {
        "Tax Effect Of Unusual Items": -5014517.246156,
        "Tax Rate For Calcs": 0.214296,
        "Normalized EBITDA": 7183000.0,
        "Total Unusual Items": -23400000.0,
        "Total Unusual Items Excluding Goodwill": -23400000.0,
        "Net Income From Continuing Operation Net Minority Interest": -17460000.0,
        "Reconciled Depreciation": 3317000.0,
        "Reconciled Cost Of Revenue": 6792000.0,
        "EBITDA": -16217000.0,
        "EBIT": -19534000.0,
        "Net Interest Income": 3383000.0,
        "Interest Expense": 2123000.0,
        "Interest Income": 5506000.0,
        "Normalized Income": 925482.753844,
        "Net Income From Continuing And Discontinued Operation": -17460000.0,
        "Total Expenses": 13670000.0,
        "Total Operating Income As Reported": -2063000.0,
        "Diluted Average Shares": 16152043.0,
        "Basic Average Shares": 16152043.0,
        "Diluted EPS": -1.08,
        "Basic EPS": -1.08,
        "Diluted NI Availto Com Stockholders": -17460000.0,
        "Net Income Common Stockholders": -17460000.0,
        "Net Income": -17460000.0,
        "Minority Interests": -444000.0,
        "Net Income Including Noncontrolling Interests": -17016000.0,
        "Net Income Continuous Operations": -17016000.0,
        "Tax Provision": -4641000.0,
        "Pretax Income": -21657000.0,
        "Other Income Expense": -22977000.0,
        "Special Income Charges": -23400000.0,
        "Gain On Sale Of Ppe": -23400000.0,
        "Other Special Charges": NaN,
        "Earnings From Equity Interest": 423000.0,
        "Gain On Sale Of Security": NaN,
        "Net Non Operating Interest Income Expense": 3383000.0,
        "Interest Expense Non Operating": 2123000.0,
        "Interest Income Non Operating": 5506000.0,
        "Operating Income": -2063000.0,
        "Operating Expense": 6681000.0,
        "Depreciation Amortization Depletion Income Statement": 3120000.0,
        "Depreciation And Amortization In Income Statement": 3120000.0,
        "Selling General And Administration": 3561000.0,
        "General And Administrative Expense": 3561000.0,
        "Other Gand A": 3561000.0,
        "Gross Profit": 4618000.0,
        "Cost Of Revenue": 6989000.0,
        "Total Revenue": 11607000.0,
        "Operating Revenue": 11074000.0
    },
    "2024-12-31": {
        "Tax Effect Of Unusual Items": -119538.745387,
        "Tax Rate For Calcs": 0.202952,
        "Normalized EBITDA": 5063000.0,
        "Total Unusual Items": -589000.0,
        "Total Unusual Items Excluding Goodwill": -589000.0,
        "Net Income From Continuing Operation Net Minority Interest": -161000.0,
        "Reconciled Depreciation": 2865000.0,
        "Reconciled Cost Of Revenue": 6798000.0,
        "EBITDA": 4474000.0,
        "EBIT": 1609000.0,
        "Net Interest Income": 2060000.0,
        "Interest Expense": 1880000.0,
        "Interest Income": 3940000.0,
        "Normalized Income": 308461.254613,
        "Net Income From Continuing And Discontinued Operation": -161000.0,
        "Total Expenses": 13823000.0,
        "Total Operating Income As Reported": -1784000.0,
        "Diluted Average Shares": NaN,
        "Basic Average Shares": NaN,
        "Diluted EPS": NaN,
        "Basic EPS": NaN,
        "Diluted NI Availto Com Stockholders": -161000.0,
        "Net Income Common Stockholders": -161000.0,
        "Net Income": -161000.0,
        "Minority Interests": 55000.0,
        "Net Income Including Noncontrolling Interests": -216000.0,
        "Net Income Continuous Operations": -216000.0,
        "Tax Provision": -55000.0,
        "Pretax Income": -271000.0,
        "Other Income Expense": -547000.0,
        "Special Income Charges": -589000.0,
        "Gain On Sale Of Ppe": -589000.0,
        "Other Special Charges": NaN,
        "Earnings From Equity Interest": 42000.0,
        "Gain On Sale Of Security": NaN,
        "Net Non Operating Interest Income Expense": 2060000.0,
        "Interest Expense Non Operating": 1880000.0,
        "Interest Income Non Operating": 3940000.0,
        "Operating Income": -1784000.0,
        "Operating Expense": 7007000.0,
        "Depreciation Amortization Depletion Income Statement": 2847000.0,
        "Depreciation And Amortization In Income Statement": 2847000.0,
        "Selling General And Administration": 4160000.0,
        "General And Administrative Expense": 4160000.0,
        "Other Gand A": 4160000.0,
        "Gross Profit": 5223000.0,
        "Cost Of Revenue": 6816000.0,
        "Total Revenue": 12039000.0,
        "Operating Revenue": 11222000.0
    }
}