{
    "2023-03-31": {
        "Tax Effect Of Unusual Items": NaN,
        "Tax Rate For Calcs": NaN,
        "Normalized EBITDA": NaN,
        "Net Income From Continuing Operation Net Minority Interest": NaN,
        "Reconciled Depreciation": NaN,
        "Reconciled Cost Of Revenue": NaN,
        "EBITDA": NaN,
        "EBIT": NaN,
        "Net Interest Income": NaN,
        "Interest Income": NaN,
        "Normalized Income": NaN,
        "Net Income From Continuing And Discontinued Operation": NaN,
        "Total Expenses": NaN,
        "Total Operating Income As Reported": NaN,
        "Diluted Average Shares": NaN,
        "Basic Average Shares": NaN,
        "Diluted EPS": NaN,
        "Basic EPS": NaN,
        "Diluted NI Availto Com Stockholders": NaN,
        "Net Income Common Stockholders": NaN,
        "Net Income": NaN,
        "Net Income Including Noncontrolling Interests": NaN,
        "Net Income Continuous Operations": NaN,
        "Tax Provision": NaN,
        "Pretax Income": NaN,
        "Other Income Expense": NaN,
        "Other Non Operating Income Expenses": NaN,
        "Net Non Operating Interest Income Expense": NaN,
        "Total Other Finance Cost": -726000.0,
        "Interest Income Non Operating": NaN,
        "Operating Income": NaN,
        "Operating Expense": NaN,
        "Other Operating Expenses": NaN,
        "Research And Development": NaN,
        "Selling General And Administration": NaN,
        "Selling And Marketing Expense": NaN,
        "General And Administrative Expense": NaN,
        "Other Gand A": NaN,
        "Gross Profit": NaN,
        "Cost Of Revenue": NaN,
        "Total Revenue": NaN,
        "Operating Revenue": NaN
    },
    "2022-12-31": {
        "Tax Effect Of Unusual Items": NaN,
        "Tax Rate For Calcs": NaN,
        "Normalized EBITDA": NaN,
        "Total Unusual Items": -1428000.0,
        "Total Unusual Items Excluding Goodwill": -1428000.0,
        "Net Income From Continuing Operation Net Minority Interest": NaN,
        "Reconciled Depreciation": NaN,
        "Reconciled Cost Of Revenue": NaN,
        "EBITDA": NaN,
        "EBIT": NaN,
        "Net Interest Income": NaN,
        "Interest Income": NaN,
        "Normalized Income": NaN,
        "Net Income From Continuing And Discontinued Operation": NaN,
        "Total Expenses": NaN,
        "Total Operating Income As Reported": NaN,
        "Diluted Average Shares": NaN,
        "Basic Average Shares": NaN,
        "Diluted EPS": NaN,
        "Basic EPS": NaN,
        "Diluted NI Availto Com Stockholders": NaN,
        "Net Income Common Stockholders": NaN,
        "Net Income": NaN,
        "Net Income Including Noncontrolling Interests": NaN,
        "Net Income Continuous Operations": NaN,
        "Tax Provision": NaN,
        "Pretax Income": NaN,
        "Other Income Expense": NaN,
        "Other Non Operating Income Expenses": NaN,
        "Special Income Charges": -1428000.0,
        "Write Off": 0.0,
        "Restructuring And Mergern Acquisition": 1428000.0,
        "Net Non Operating Interest Income Expense": NaN,
        "Total Other Finance Cost": NaN,
        "Interest Income Non Operating": NaN,
        "Operating Income": NaN,
        "Operating Expense": NaN,
        "Other Operating Expenses": NaN,
        "Research And Development": NaN,
        "Selling General And Administration": NaN,
        "Selling And Marketing Expense": NaN,
        "General And Administrative Expense": NaN,
        "Other Gand A": NaN,
        "Gross Profit": NaN,
        "Cost Of Revenue": NaN,
        "Total Revenue": NaN,
        "Operating Revenue": NaN
    },
    "2022-09-30": {
        "Tax Effect Of Unusual Items": NaN,
        "Tax Rate For Calcs": NaN,
        "Normalized EBITDA": NaN,
        "Total Unusual Items": -273000.0,
        "Total Unusual Items Excluding Goodwill": -273000.0,
        "Net Income From Continuing Operation Net Minority Interest": NaN,
        "Reconciled Depreciation": NaN,
        "Reconciled Cost Of Revenue": NaN,
        "EBITDA": NaN,
        "EBIT": NaN,
        "Net Interest Income": NaN,
        "Interest Income": NaN,
        "Normalized Income": NaN,
        "Net Income From Continuing And Discontinued Operation": NaN,
        "Total Expenses": NaN,
        "Total Operating Income As Reported": NaN,
        "Diluted Average Shares": NaN,
        "Basic Average Shares": NaN,
        "Diluted EPS": NaN,
        "Basic EPS": NaN,
        "Diluted NI Availto Com Stockholders": NaN,
        "Net Income Common Stockholders": NaN,
        "Net Income": NaN,
        "Net Income Including Noncontrolling Interests": NaN,
        "Net Income Continuous Operations": NaN,
        "Tax Provision": NaN,
        "Pretax Income": NaN,
        "Other Income Expense": NaN,
        "Other Non Operating Income Expenses": NaN,
        "Special Income Charges": -273000.0,
        "Write Off": 0.0,
        "Restructuring And Mergern Acquisition": 273000.0,
        "Net Non Operating Interest Income Expense": NaN,
        "Total Other Finance Cost": -290000.0,
        "Interest Income Non Operating": NaN,
        "Operating Income": NaN,
        "Operating Expense": NaN,
        "Other Operating Expenses": NaN,
        "Research And Development": NaN,
        "Selling General And Administration": NaN,
        "Selling And Marketing Expense": NaN,
        "General And Administrative Expense": NaN,
        "Other Gand A": NaN,
        "Gross Profit": NaN,
        "Cost Of Revenue": NaN,
        "Total Revenue": NaN,
        "Operating Revenue": NaN
    },
    "2022-06-30": {
        "Tax Effect Of Unusual Items": -10000.0,
        "Tax Rate For Calcs": 0.4,
        "Normalized EBITDA": -10071000.0,
        "Total Unusual Items": -25000.0,
        "Total Unusual Items Excluding Goodwill": -25000.0,
        "Net Income From Continuing Operation Net Minority Interest": -11557000.0,
        "Reconciled Depreciation": 1221000.0,
        "Reconciled Cost Of Revenue": 85239000.0,
        "EBITDA": -10096000.0,
        "EBIT": -11317000.0,
        "Net Interest Income": 129000.0,
        "Interest Income": NaN,
        "Normalized Income": -11542000.0,
        "Net Income From Continuing And Discontinued Operation": -11557000.0,
        "Total Expenses": 130296000.0,
        "Total Operating Income As Reported": -11342000.0,
        "Diluted Average Shares": 86868000.0,
        "Basic Average Shares": 86868000.0,
        "Diluted EPS": -0.13,
        "Basic EPS": -0.13,
        "Diluted NI Availto Com Stockholders": -11557000.0,
        "Net Income Common Stockholders": -11557000.0,
        "Net Income": -11557000.0,
        "Net Income Including Noncontrolling Interests": -11557000.0,
        "Net Income Continuous Operations": -11557000.0,
        "Tax Provision": 228000.0,
        "Pretax Income": -11329000.0,
        "Other Income Expense": -141000.0,
        "Other Non Operating Income Expenses": -116000.0,
        "Special Income Charges": -25000.0,
        "Write Off": 0.0,
        "Impairment Of Capital Assets": 0.0,
        "Restructuring And Mergern Acquisition": 25000.0,
        "Net Non Operating Interest Income Expense": 129000.0,
        "Total Other Finance Cost": -129000.0,
        "Interest Income Non Operating": NaN,
        "Operating Income": -11317000.0,
        "Operating Expense": 45057000.0,
        "Other Operating Expenses": NaN,
        "Research And Development": 17402000.0,
        "Selling General And Administration": 27655000.0,
        "Selling And Marketing Expense": 14506000.0,
        "General And Administrative Expense": 13149000.0,
        "Other Gand A": 13149000.0,
        "Gross Profit": 33740000.0,
        "Cost Of Revenue": 85239000.0,
        "Total Revenue": 118979000.0,
        "Operating Revenue": 118979000.0
    },
    "2022-03-31": {
        "Diluted EPS": -0.1,
        "Total Revenue": 125,
        "Gross Profit": 34,
        "Operating Income": -9,
        "EBIT": -7,
        "Net Income": -8
    },
    "2021-12-31": {
        "Diluted EPS": -0.09,
        "Total Revenue": 143,
        "Gross Profit": 32,
        "Operating Income": -7,
        "EBIT": -9,
        "Net Income": -7
    },
    "2021-09-30": {
        "Diluted EPS": -0.18,
        "Total Revenue": 111,
        "Gross Profit": 24,
        "Operating Income": -16,
        "EBIT": -14,
        "Net Income": -15
    },
    "2021-06-30": {
        "Diluted EPS": -0.28,
        "Total Revenue": 99,
        "Gross Profit": 26,
        "Operating Income": -26,
        "EBIT": -24,
        "Net Income": -23
    },
    "2021-03-31": {
        "Diluted EPS": -0.13,
        "Total Revenue": 83,
        "Gross Profit": 26,
        "Operating Income": -11,
        "EBIT": -10,
        "Net Income": -11
    },
    "2020-12-31": {
        "Diluted EPS": -0.19,
        "Total Revenue": 115,
        "Gross Profit": 25,
        "Operating Income": -16,
        "EBIT": -13,
        "Net Income": -15
    },
    "2020-09-30": {
        "Diluted EPS": -0.22,
        "Total Revenue": 110,
        "Gross Profit": 21,
        "Operating Income": -18,
        "EBIT": -15,
        "Net Income": -17
    },
    "2020-06-30": {
        "Diluted EPS": -0.38,
        "Total Revenue": 67,
        "Gross Profit": 5,
        "Operating Income": -30,
        "EBIT": -28,
        "Net Income": -29
    },
    "2020-03-31": {
        "Diluted EPS": -0.51,
        "Total Revenue": 65,
        "Gross Profit": 4,
        "Operating Income": -41,
        "EBIT": -38,
        "Net Income": -39
    },
    "2019-12-31": {
        "Diluted EPS": 0.27,
        "Total Revenue": 122,
        "Gross Profit": 14,
        "Operating Income": 22,
        "EBIT": 25,
        "Net Income": 20
    },
    "2019-09-30": {
        "Diluted EPS": -0.41,
        "Total Revenue": 106,
        "Gross Profit": 11,
        "Operating Income": -31,
        "EBIT": -28,
        "Net Income": -31
    },
    "2019-06-30": {
        "Diluted EPS": -0.45,
        "Total Revenue": 84,
        "Gross Profit": 10,
        "Operating Income": -34,
        "EBIT": -32,
        "Net Income": -34
    },
    "2019-03-31": {
        "Diluted EPS": -0.55,
        "Total Revenue": 58,
        "Gross Profit": 2,
        "Operating Income": -42,
        "EBIT": -40,
        "Net Income": -41
    },
    "2018-12-31": {
        "Diluted EPS": -0.55,
        "Total Revenue": 122,
        "Gross Profit": 5,
        "Operating Income": -40,
        "EBIT": -38,
        "Net Income": -39
    },
    "2018-09-30": {
        "Diluted EPS": -0.19,
        "Total Revenue": 131,
        "Gross Profit": 30,
        "Operating Income": -13,
        "EBIT": -12,
        "Net Income": -13
    },
    "2018-06-30": {
        "Diluted EPS": -0.29,
        "Total Revenue": 111,
        "Gross Profit": 28,
        "Operating Income": -16,
        "EBIT": -15,
        "Net Income": -18
    },
    "2018-03-31": {
        "Diluted EPS": -0.09,
        "Total Revenue": 101,
        "Gross Profit": 29,
        "Operating Income": -6,
        "EBIT": -5,
        "Net Income": -5
    },
    "2017-12-31": {
        "Diluted EPS": 0.04,
        "Total Revenue": 125,
        "Gross Profit": 30,
        "Operating Income": 3,
        "EBIT": 4,
        "Net Income": 3
    },
    "2017-09-30": {
        "Diluted EPS": 0.1,
        "Total Revenue": 105,
        "Gross Profit": 28,
        "Operating Income": 6,
        "EBIT": 7,
        "Net Income": 6
    },
    "2017-06-30": {
        "Diluted EPS": -0.03,
        "Total Revenue": 79,
        "Gross Profit": 17,
        "Operating Income": -3,
        "EBIT": -2,
        "Net Income": -2
    },
    "2017-03-31": {
        "Diluted EPS": 0.0,
        "Total Revenue": 62,
        "Gross Profit": 16,
        "Operating Income": 0,
        "EBIT": 1,
        "Net Income": 0
    },
    "2016-12-31": {
        "Diluted EPS": 0.0,
        "Total Revenue": NaN,
        "Gross Profit": NaN,
        "Operating Income": NaN,
        "EBIT": NaN,
        "Net Income": NaN
    },
    "2023-06-30": {
        "Tax Effect Of Unusual Items": NaN,
        "Tax Rate For Calcs": NaN,
        "Normalized EBITDA": NaN,
        "Net Income From Continuing Operation Net Minority Interest": NaN,
        "Reconciled Depreciation": NaN,
        "Reconciled Cost Of Revenue": NaN,
        "EBITDA": NaN,
        "EBIT": NaN,
        "Net Interest Income": NaN,
        "Interest Income": 835000.0,
        "Normalized Income": NaN,
        "Net Income From Continuing And Discontinued Operation": NaN,
        "Total Expenses": NaN,
        "Total Operating Income As Reported": NaN,
        "Diluted Average Shares": NaN,
        "Basic Average Shares": NaN,
        "Diluted EPS": NaN,
        "Basic EPS": NaN,
        "Diluted NI Availto Com Stockholders": NaN,
        "Net Income Common Stockholders": NaN,
        "Net Income": NaN,
        "Net Income Including Noncontrolling Interests": NaN,
        "Net Income Continuous Operations": NaN,
        "Tax Provision": NaN,
        "Pretax Income": NaN,
        "Other Income Expense": NaN,
        "Other Non Operating Income Expenses": NaN,
        "Net Non Operating Interest Income Expense": NaN,
        "Total Other Finance Cost": NaN,
        "Interest Income Non Operating": 835000.0,
        "Operating Income": NaN,
        "Operating Expense": NaN,
        "Other Operating Expenses": NaN,
        "Research And Development": NaN,
        "Selling General And Administration": NaN,
        "Selling And Marketing Expense": NaN,
        "General And Administrative Expense": NaN,
        "Other Gand A": NaN,
        "Gross Profit": NaN,
        "Cost Of Revenue": NaN,
        "Total Revenue": NaN,
        "Operating Revenue": NaN
    },
    "2023-09-30": {
        "Tax Effect Of Unusual Items": NaN,
        "Tax Rate For Calcs": NaN,
        "Normalized EBITDA": NaN,
        "Net Income From Continuing Operation Net Minority Interest": NaN,
        "Reconciled Depreciation": NaN,
        "Reconciled Cost Of Revenue": NaN,
        "EBITDA": NaN,
        "EBIT": NaN,
        "Net Interest Income": NaN,
        "Interest Income": 1175000.0,
        "Normalized Income": NaN,
        "Net Income From Continuing And Discontinued Operation": NaN,
        "Total Expenses": NaN,
        "Total Operating Income As Reported": NaN,
        "Diluted Average Shares": NaN,
        "Basic Average Shares": NaN,
        "Diluted EPS": NaN,
        "Basic EPS": NaN,
        "Diluted NI Availto Com Stockholders": NaN,
        "Net Income Common Stockholders": NaN,
        "Net Income": NaN,
        "Net Income Including Noncontrolling Interests": NaN,
        "Net Income Continuous Operations": NaN,
        "Tax Provision": NaN,
        "Pretax Income": NaN,
        "Other Income Expense": NaN,
        "Other Non Operating Income Expenses": NaN,
        "Net Non Operating Interest Income Expense": NaN,
        "Total Other Finance Cost": -1175000.0,
        "Interest Income Non Operating": 1175000.0,
        "Operating Income": NaN,
        "Operating Expense": NaN,
        "Other Operating Expenses": NaN,
        "Research And Development": NaN,
        "Selling General And Administration": NaN,
        "Selling And Marketing Expense": NaN,
        "General And Administrative Expense": NaN,
        "Other Gand A": NaN,
        "Gross Profit": NaN,
        "Cost Of Revenue": NaN,
        "Total Revenue": NaN,
        "Operating Revenue": NaN
    },
    "2023-12-31": {
        "Tax Effect Of Unusual Items": 0.0,
        "Tax Rate For Calcs": 0.161212,
        "Normalized EBITDA": 394000.0,
        "Net Income From Continuing Operation Net Minority Interest": 692000.0,
        "Reconciled Depreciation": 852000.0,
        "Reconciled Cost Of Revenue": 87744000.0,
        "EBITDA": 394000.0,
        "EBIT": -458000.0,
        "Net Interest Income": 1199000.0,
        "Interest Income": NaN,
        "Normalized Income": 692000.0,
        "Net Income From Continuing And Discontinued Operation": 692000.0,
        "Total Expenses": 135551000.0,
        "Total Operating Income As Reported": -458000.0,
        "Diluted Average Shares": 101938000.0,
        "Basic Average Shares": 94819000.0,
        "Diluted EPS": 0.01,
        "Basic EPS": 0.01,
        "Diluted NI Availto Com Stockholders": 692000.0,
        "Net Income Common Stockholders": 692000.0,
        "Net Income": 692000.0,
        "Net Income Including Noncontrolling Interests": 692000.0,
        "Net Income Continuous Operations": 692000.0,
        "Tax Provision": 133000.0,
        "Pretax Income": 825000.0,
        "Other Income Expense": 84000.0,
        "Other Non Operating Income Expenses": 84000.0,
        "Net Non Operating Interest Income Expense": 1199000.0,
        "Total Other Finance Cost": NaN,
        "Interest Income Non Operating": NaN,
        "Operating Income": -458000.0,
        "Operating Expense": 47807000.0,
        "Other Operating Expenses": 71000.0,
        "Research And Development": 16450000.0,
        "Selling General And Administration": 31286000.0,
        "Selling And Marketing Expense": 18004000.0,
        "General And Administrative Expense": 13282000.0,
        "Other Gand A": 13282000.0,
        "Gross Profit": 47349000.0,
        "Cost Of Revenue": 87744000.0,
        "Total Revenue": 135093000.0,
        "Operating Revenue": 135093000.0
    },
    "2024-03-31": {
        "Tax Effect Of Unusual Items": NaN,
        "Tax Rate For Calcs": NaN,
        "Normalized EBITDA": NaN,
        "Total Unusual Items": NaN,
        "Total Unusual Items Excluding Goodwill": NaN,
        "Net Income From Continuing Operation Net Minority Interest": NaN,
        "Reconciled Depreciation": NaN,
        "Reconciled Cost Of Revenue": NaN,
        "EBITDA": NaN,
        "EBIT": NaN,
        "Net Interest Income": NaN,
        "Interest Income": NaN,
        "Normalized Income": NaN,
        "Net Income From Continuing And Discontinued Operation": NaN,
        "Total Expenses": NaN,
        "Total Operating Income As Reported": NaN,
        "Diluted Average Shares": NaN,
        "Basic Average Shares": NaN,
        "Diluted EPS": NaN,
        "Basic EPS": NaN,
        "Diluted NI Availto Com Stockholders": NaN,
        "Net Income Common Stockholders": NaN,
        "Net Income": NaN,
        "Net Income Including Noncontrolling Interests": NaN,
        "Net Income Continuous Operations": NaN,
        "Tax Provision": NaN,
        "Pretax Income": NaN,
        "Other Income Expense": NaN,
        "Other Non Operating Income Expenses": NaN,
        "Special Income Charges": NaN,
        "Other Special Charges": NaN,
        "Net Non Operating Interest Income Expense": NaN,
        "Total Other Finance Cost": -1386000.0,
        "Interest Income Non Operating": NaN,
        "Operating Income": NaN,
        "Operating Expense": NaN,
        "Other Operating Expenses": NaN,
        "Research And Development": NaN,
        "Selling General And Administration": NaN,
        "Selling And Marketing Expense": NaN,
        "General And Administrative Expense": NaN,
        "Other Gand A": NaN,
        "Gross Profit": NaN,
        "Cost Of Revenue": NaN,
        "Total Revenue": NaN,
        "Operating Revenue": NaN
    },
    "2024-06-30": {
        "Tax Effect Of Unusual Items": NaN,
        "Tax Rate For Calcs": NaN,
        "Normalized EBITDA": NaN,
        "Total Unusual Items": NaN,
        "Total Unusual Items Excluding Goodwill": NaN,
        "Net Income From Continuing Operation Net Minority Interest": NaN,
        "Reconciled Depreciation": NaN,
        "Reconciled Cost Of Revenue": NaN,
        "EBITDA": NaN,
        "EBIT": NaN,
        "Net Interest Income": NaN,
        "Interest Income": 1495000.0,
        "Normalized Income": NaN,
        "Net Income From Continuing And Discontinued Operation": NaN,
        "Total Expenses": NaN,
        "Total Operating Income As Reported": NaN,
        "Diluted Average Shares": NaN,
        "Basic Average Shares": NaN,
        "Diluted EPS": NaN,
        "Basic EPS": NaN,
        "Diluted NI Availto Com Stockholders": NaN,
        "Net Income Common Stockholders": NaN,
        "Net Income": NaN,
        "Net Income Including Noncontrolling Interests": NaN,
        "Net Income Continuous Operations": NaN,
        "Tax Provision": NaN,
        "Pretax Income": NaN,
        "Other Income Expense": NaN,
        "Other Non Operating Income Expenses": NaN,
        "Special Income Charges": NaN,
        "Other Special Charges": NaN,
        "Net Non Operating Interest Income Expense": NaN,
        "Total Other Finance Cost": NaN,
        "Interest Income Non Operating": 1495000.0,
        "Operating Income": NaN,
        "Operating Expense": NaN,
        "Other Operating Expenses": NaN,
        "Research And Development": NaN,
        "Selling General And Administration": NaN,
        "Selling And Marketing Expense": NaN,
        "General And Administrative Expense": NaN,
        "Other Gand A": NaN,
        "Gross Profit": NaN,
        "Cost Of Revenue": NaN,
        "Total Revenue": NaN,
        "Operating Revenue": NaN
    },
    "2024-09-30": {
        "Tax Effect Of Unusual Items": 0.0,
        "Tax Rate For Calcs": 0.21,
        "Normalized EBITDA": -4742000.0,
        "Total Unusual Items": NaN,
        "Total Unusual Items Excluding Goodwill": NaN,
        "Net Income From Continuing Operation Net Minority Interest": -4439000.0,
        "Reconciled Depreciation": 711000.0,
        "Reconciled Cost Of Revenue": 89251000.0,
        "EBITDA": -4742000.0,
        "EBIT": -5453000.0,
        "Net Interest Income": 1400000.0,
        "Interest Income": 1400000.0,
        "Normalized Income": -4439000.0,
        "Net Income From Continuing And Discontinued Operation": -4439000.0,
        "Total Expenses": 143120000.0,
        "Total Operating Income As Reported": -5453000.0,
        "Diluted Average Shares": 99731000.0,
        "Basic Average Shares": 99731000.0,
        "Diluted EPS": -0.04,
        "Basic EPS": -0.04,
        "Diluted NI Availto Com Stockholders": -4439000.0,
        "Net Income Common Stockholders": -4439000.0,
        "Net Income": -4439000.0,
        "Net Income Including Noncontrolling Interests": -4439000.0,
        "Net Income Continuous Operations": -4439000.0,
        "Tax Provision": 329000.0,
        "Pretax Income": -4110000.0,
        "Other Income Expense": -57000.0,
        "Other Non Operating Income Expenses": -57000.0,
        "Special Income Charges": NaN,
        "Other Special Charges": NaN,
        "Net Non Operating Interest Income Expense": 1400000.0,
        "Total Other Finance Cost": NaN,
        "Interest Income Non Operating": 1400000.0,
        "Operating Income": -5453000.0,
        "Operating Expense": 53869000.0,
        "Other Operating Expenses": 1423000.0,
        "Research And Development": 17562000.0,
        "Selling General And Administration": 34884000.0,
        "Selling And Marketing Expense": 17832000.0,
        "General And Administrative Expense": 17052000.0,
        "Other Gand A": 17052000.0,
        "Gross Profit": 48416000.0,
        "Cost Of Revenue": 89251000.0,
        "Total Revenue": 137667000.0,
        "Operating Revenue": 137667000.0
    },
    "2024-12-31": {
        "Tax Effect Of Unusual Items": 0.0,
        "Tax Rate For Calcs": 0.21,
        "Normalized EBITDA": -5223000.0,
        "Total Unusual Items": NaN,
        "Total Unusual Items Excluding Goodwill": NaN,
        "Net Income From Continuing Operation Net Minority Interest": -4861000.0,
        "Reconciled Depreciation": 805000.0,
        "Reconciled Cost Of Revenue": 76718000.0,
        "EBITDA": -5223000.0,
        "EBIT": -6028000.0,
        "Net Interest Income": 1303000.0,
        "Interest Income": 1303000.0,
        "Normalized Income": -4861000.0,
        "Net Income From Continuing And Discontinued Operation": -4861000.0,
        "Total Expenses": 127600000.0,
        "Total Operating Income As Reported": -6028000.0,
        "Diluted Average Shares": 100687000.0,
        "Basic Average Shares": 100687000.0,
        "Diluted EPS": -0.05,
        "Basic EPS": -0.05,
        "Diluted NI Availto Com Stockholders": -4861000.0,
        "Net Income Common Stockholders": -4861000.0,
        "Net Income": -4861000.0,
        "Net Income Including Noncontrolling Interests": -4861000.0,
        "Net Income Continuous Operations": -4861000.0,
        "Tax Provision": 132000.0,
        "Pretax Income": -4729000.0,
        "Other Income Expense": -4000.0,
        "Other Non Operating Income Expenses": -4000.0,
        "Special Income Charges": NaN,
        "Other Special Charges": NaN,
        "Net Non Operating Interest Income Expense": 1303000.0,
        "Total Other Finance Cost": NaN,
        "Interest Income Non Operating": 1303000.0,
        "Operating Income": -6028000.0,
        "Operating Expense": 50882000.0,
        "Other Operating Expenses": 488000.0,
        "Research And Development": 15267000.0,
        "Selling General And Administration": 35127000.0,
        "Selling And Marketing Expense": 20823000.0,
        "General And Administrative Expense": 14304000.0,
        "Other Gand A": 14304000.0,
        "Gross Profit": 44854000.0,
        "Cost Of Revenue": 76718000.0,
        "Total Revenue": 121572000.0,
        "Operating Revenue": 121572000.0
    },
    "2025-03-31": {
        "Tax Effect Of Unusual Items": 0.0,
        "Tax Rate For Calcs": 0.21,
        "Normalized EBITDA": -622000.0,
        "Total Unusual Items": NaN,
        "Total Unusual Items Excluding Goodwill": NaN,
        "Net Income From Continuing Operation Net Minority Interest": -835000.0,
        "Reconciled Depreciation": 829000.0,
        "Reconciled Cost Of Revenue": 66339000.0,
        "EBITDA": -622000.0,
        "EBIT": -1451000.0,
        "Net Interest Income": 1316000.0,
        "Interest Income": NaN,
        "Normalized Income": -835000.0,
        "Net Income From Continuing And Discontinued Operation": -835000.0,
        "Total Expenses": 120517000.0,
        "Total Operating Income As Reported": -1451000.0,
        "Diluted Average Shares": 102217000.0,
        "Basic Average Shares": 102217000.0,
        "Diluted EPS": -0.01,
        "Basic EPS": -0.01,
        "Diluted NI Availto Com Stockholders": -835000.0,
        "Net Income Common Stockholders": -835000.0,
        "Net Income": -835000.0,
        "Net Income Including Noncontrolling Interests": -835000.0,
        "Net Income Continuous Operations": -835000.0,
        "Tax Provision": 502000.0,
        "Pretax Income": -333000.0,
        "Other Income Expense": -198000.0,
        "Other Non Operating Income Expenses": -198000.0,
        "Special Income Charges": NaN,
        "Other Special Charges": NaN,
        "Net Non Operating Interest Income Expense": 1316000.0,
        "Total Other Finance Cost": -1316000.0,
        "Interest Income Non Operating": NaN,
        "Operating Income": -1451000.0,
        "Operating Expense": 54178000.0,
        "Other Operating Expenses": 25000.0,
        "Research And Development": 16165000.0,
        "Selling General And Administration": 37988000.0,
        "Selling And Marketing Expense": 20203000.0,
        "General And Administrative Expense": 17785000.0,
        "Other Gand A": 17785000.0,
        "Gross Profit": 52727000.0,
        "Cost Of Revenue": 66339000.0,
        "Total Revenue": 119066000.0,
        "Operating Revenue": 119066000.0
    },
    "2025-06-30": {
        "Tax Effect Of Unusual Items": 0.0,
        "Tax Rate For Calcs": 0.21,
        "Normalized EBITDA": 2791000.0,
        "Total Unusual Items": NaN,
        "Total Unusual Items Excluding Goodwill": NaN,
        "Net Income From Continuing Operation Net Minority Interest": 3124000.0,
        "Reconciled Depreciation": 858000.0,
        "Reconciled Cost Of Revenue": 71330000.0,
        "EBITDA": 2791000.0,
        "EBIT": 1933000.0,
        "Net Interest Income": 1344000.0,
        "Interest Income": 1344000.0,
        "Normalized Income": 3124000.0,
        "Net Income From Continuing And Discontinued Operation": 3124000.0,
        "Total Expenses": 127472000.0,
        "Total Operating Income As Reported": 1933000.0,
        "Diluted Average Shares": 108061000.0,
        "Basic Average Shares": 103885000.0,
        "Diluted EPS": 0.03,
        "Basic EPS": 0.03,
        "Diluted NI Availto Com Stockholders": 3124000.0,
        "Net Income Common Stockholders": 3124000.0,
        "Net Income": 3124000.0,
        "Net Income Including Noncontrolling Interests": 3124000.0,
        "Net Income Continuous Operations": 3124000.0,
        "Tax Provision": -254000.0,
        "Pretax Income": 2870000.0,
        "Other Income Expense": -407000.0,
        "Other Non Operating Income Expenses": -407000.0,
        "Special Income Charges": NaN,
        "Other Special Charges": NaN,
        "Net Non Operating Interest Income Expense": 1344000.0,
        "Total Other Finance Cost": NaN,
        "Interest Income Non Operating": 1344000.0,
        "Operating Income": 1933000.0,
        "Operating Expense": 56142000.0,
        "Other Operating Expenses": 216000.0,
        "Research And Development": 18489000.0,
        "Selling General And Administration": 37437000.0,
        "Selling And Marketing Expense": 21103000.0,
        "General And Administrative Expense": 16334000.0,
        "Other Gand A": 16334000.0,
        "Gross Profit": 58075000.0,
        "Cost Of Revenue": 71330000.0,
        "Total Revenue": 129405000.0,
        "Operating Revenue": 129405000.0
    },
    "2025-09-30": {
        "Tax Effect Of Unusual Items": 90817.703145,
        "Tax Rate For Calcs": 0.021915,
        "Normalized EBITDA": -2373000.0,
        "Total Unusual Items": 4144000.0,
        "Total Unusual Items Excluding Goodwill": 4144000.0,
        "Net Income From Continuing Operation Net Minority Interest": 6873000.0,
        "Reconciled Depreciation": 899000.0,
        "Reconciled Cost Of Revenue": 83023000.0,
        "EBITDA": 1771000.0,
        "EBIT": 872000.0,
        "Net Interest Income": 1508000.0,
        "Interest Income": 1508000.0,
        "Normalized Income": 2819817.703145,
        "Net Income From Continuing And Discontinued Operation": 6873000.0,
        "Total Expenses": 138657000.0,
        "Total Operating Income As Reported": 872000.0,
        "Diluted Average Shares": 109638000.0,
        "Basic Average Shares": 105198000.0,
        "Diluted EPS": 0.06,
        "Basic EPS": 0.07,
        "Diluted NI Availto Com Stockholders": 6873000.0,
        "Net Income Common Stockholders": 6873000.0,
        "Net Income": 6873000.0,
        "Net Income Including Noncontrolling Interests": 6873000.0,
        "Net Income Continuous Operations": 6873000.0,
        "Tax Provision": 154000.0,
        "Pretax Income": 7027000.0,
        "Other Income Expense": 4647000.0,
        "Other Non Operating Income Expenses": 503000.0,
        "Special Income Charges": 4144000.0,
        "Other Special Charges": -4144000.0,
        "Net Non Operating Interest Income Expense": 1508000.0,
        "Total Other Finance Cost": NaN,
        "Interest Income Non Operating": 1508000.0,
        "Operating Income": 872000.0,
        "Operating Expense": 55634000.0,
        "Other Operating Expenses": 1940000.0,
        "Research And Development": 18144000.0,
        "Selling General And Administration": 35550000.0,
        "Selling And Marketing Expense": 20459000.0,
        "General And Administrative Expense": 15091000.0,
        "Other Gand A": 15091000.0,
        "Gross Profit": 56506000.0,
        "Cost Of Revenue": 83023000.0,
        "Total Revenue": 139529000.0,
        "Operating Revenue": 139529000.0
    }
}