{
    "2023-03-31": {
        "Tax Effect Of Unusual Items": -2970.0,
        "Tax Rate For Calcs": 0.27,
        "Normalized EBITDA": 90239000.0,
        "Total Unusual Items": -11000.0,
        "Total Unusual Items Excluding Goodwill": -11000.0,
        "Net Income From Continuing Operation Net Minority Interest": 16485000.0,
        "Reconciled Depreciation": 41004000.0,
        "Reconciled Cost Of Revenue": 153571000.0,
        "EBITDA": 90228000.0,
        "EBIT": 49224000.0,
        "Net Interest Income": -26581000.0,
        "Interest Expense": 26581000.0,
        "Normalized Income": 16493030.0,
        "Net Income From Continuing And Discontinued Operation": 16485000.0,
        "Total Expenses": 179996000.0,
        "Diluted Average Shares": 154281000.0,
        "Basic Average Shares": 154116000.0,
        "Diluted EPS": 0.1,
        "Basic EPS": 0.1,
        "Diluted NI Availto Com Stockholders": 15750000.0,
        "Net Income Common Stockholders": 15750000.0,
        "Otherunder Preferred Stock Dividend": 735000.0,
        "Net Income": 16485000.0,
        "Net Income Including Noncontrolling Interests": 16485000.0,
        "Net Income Continuous Operations": 16485000.0,
        "Tax Provision": 6158000.0,
        "Pretax Income": 22643000.0,
        "Other Income Expense": -614000.0,
        "Other Non Operating Income Expenses": -603000.0,
        "Special Income Charges": -11000.0,
        "Gain On Sale Of Ppe": 3605000.0,
        "Impairment Of Capital Assets": 2569000.0,
        "Restructuring And Mergern Acquisition": 1047000.0,
        "Net Non Operating Interest Income Expense": -26581000.0,
        "Interest Expense Non Operating": 26581000.0,
        "Operating Income": 49838000.0,
        "Operating Expense": 26425000.0,
        "Selling General And Administration": 26425000.0,
        "Gross Profit": 76263000.0,
        "Cost Of Revenue": 153571000.0,
        "Total Revenue": 229834000.0,
        "Operating Revenue": 229834000.0
    },
    "2022-12-31": {
        "Tax Effect Of Unusual Items": 218727.421466,
        "Tax Rate For Calcs": 0.14447,
        "Normalized EBITDA": 77800000.0,
        "Total Unusual Items": 1514000.0,
        "Total Unusual Items Excluding Goodwill": 1514000.0,
        "Net Income From Continuing Operation Net Minority Interest": 10458000.0,
        "Reconciled Depreciation": 40710000.0,
        "Reconciled Cost Of Revenue": 148664000.0,
        "EBITDA": 79314000.0,
        "EBIT": 38604000.0,
        "Net Interest Income": -26380000.0,
        "Interest Expense": 26380000.0,
        "Normalized Income": 9162727.421466,
        "Net Income From Continuing And Discontinued Operation": 10458000.0,
        "Total Expenses": 179884000.0,
        "Diluted Average Shares": 153682000.0,
        "Basic Average Shares": 153554000.0,
        "Diluted EPS": 0.07,
        "Basic EPS": 0.07,
        "Diluted NI Availto Com Stockholders": 10143000.0,
        "Net Income Common Stockholders": 10143000.0,
        "Otherunder Preferred Stock Dividend": 315000.0,
        "Net Income": 10458000.0,
        "Net Income Including Noncontrolling Interests": 10458000.0,
        "Net Income Continuous Operations": 10458000.0,
        "Tax Provision": 1766000.0,
        "Pretax Income": 12224000.0,
        "Other Income Expense": -383000.0,
        "Other Non Operating Income Expenses": -1897000.0,
        "Special Income Charges": 1514000.0,
        "Gain On Sale Of Ppe": 6739000.0,
        "Impairment Of Capital Assets": 5225000.0,
        "Restructuring And Mergern Acquisition": 0.0,
        "Net Non Operating Interest Income Expense": -26380000.0,
        "Interest Expense Non Operating": 26380000.0,
        "Operating Income": 38987000.0,
        "Operating Expense": 31220000.0,
        "Selling General And Administration": 31220000.0,
        "Gross Profit": 70207000.0,
        "Cost Of Revenue": 148664000.0,
        "Total Revenue": 218871000.0,
        "Operating Revenue": 218871000.0
    },
    "2022-09-30": {
        "Tax Effect Of Unusual Items": 1855472.118959,
        "Tax Rate For Calcs": 0.217243,
        "Normalized EBITDA": 36273000.0,
        "Total Unusual Items": 8541000.0,
        "Total Unusual Items Excluding Goodwill": 8541000.0,
        "Net Income From Continuing Operation Net Minority Interest": 15371000.0,
        "Reconciled Depreciation": 40785000.0,
        "Reconciled Cost Of Revenue": 147480000.0,
        "EBITDA": 44814000.0,
        "EBIT": 44814000.0,
        "Net Interest Income": -25177000.0,
        "Interest Expense": 25177000.0,
        "Normalized Income": 8685472.118959,
        "Net Income From Continuing And Discontinued Operation": 15371000.0,
        "Total Expenses": 177980000.0,
        "Diluted Average Shares": 153687000.0,
        "Basic Average Shares": 153550000.0,
        "Diluted EPS": 0.1,
        "Basic EPS": 0.1,
        "Diluted NI Availto Com Stockholders": 15371000.0,
        "Net Income Common Stockholders": 15371000.0,
        "Otherunder Preferred Stock Dividend": 294000.0,
        "Net Income": 15371000.0,
        "Net Income Including Noncontrolling Interests": 15371000.0,
        "Net Income Continuous Operations": 15371000.0,
        "Tax Provision": 4266000.0,
        "Pretax Income": 19637000.0,
        "Other Income Expense": 9126000.0,
        "Other Non Operating Income Expenses": 585000.0,
        "Special Income Charges": 8541000.0,
        "Gain On Sale Of Ppe": 12695000.0,
        "Impairment Of Capital Assets": 4154000.0,
        "Restructuring And Mergern Acquisition": 0.0,
        "Net Non Operating Interest Income Expense": -25177000.0,
        "Interest Expense Non Operating": 25177000.0,
        "Operating Income": 35688000.0,
        "Operating Expense": 30500000.0,
        "Selling General And Administration": 30500000.0,
        "Gross Profit": 66188000.0,
        "Cost Of Revenue": 147480000.0,
        "Total Revenue": 213668000.0,
        "Operating Revenue": 213668000.0
    },
    "2022-06-30": {
        "Tax Effect Of Unusual Items": 5148360.0,
        "Tax Rate For Calcs": 0.36,
        "Normalized EBITDA": 78370000.0,
        "Total Unusual Items": 14301000.0,
        "Total Unusual Items Excluding Goodwill": 14301000.0,
        "Net Income From Continuing Operation Net Minority Interest": 16746000.0,
        "Reconciled Depreciation": 42151000.0,
        "Reconciled Cost Of Revenue": 151421000.0,
        "EBITDA": 92671000.0,
        "EBIT": 50520000.0,
        "Net Interest Income": -24456000.0,
        "Interest Expense": 24456000.0,
        "Normalized Income": 7593360.0,
        "Net Income From Continuing And Discontinued Operation": 16746000.0,
        "Total Expenses": 179112000.0,
        "Diluted Average Shares": 153164000.0,
        "Basic Average Shares": 153033000.0,
        "Diluted EPS": 0.11,
        "Basic EPS": 0.11,
        "Diluted NI Availto Com Stockholders": 16441000.0,
        "Net Income Common Stockholders": 16441000.0,
        "Otherunder Preferred Stock Dividend": 305000.0,
        "Net Income": 16746000.0,
        "Net Income Including Noncontrolling Interests": 16746000.0,
        "Net Income Continuous Operations": 16746000.0,
        "Tax Provision": 9318000.0,
        "Pretax Income": 26064000.0,
        "Other Income Expense": 13804000.0,
        "Other Non Operating Income Expenses": -497000.0,
        "Special Income Charges": 14301000.0,
        "Gain On Sale Of Ppe": 18948000.0,
        "Impairment Of Capital Assets": 4647000.0,
        "Restructuring And Mergern Acquisition": 0.0,
        "Net Non Operating Interest Income Expense": -24456000.0,
        "Interest Expense Non Operating": 24456000.0,
        "Operating Income": 36716000.0,
        "Operating Expense": 27691000.0,
        "Selling General And Administration": 27691000.0,
        "Gross Profit": 64407000.0,
        "Cost Of Revenue": 151421000.0,
        "Total Revenue": 215828000.0,
        "Operating Revenue": 215828000.0
    },
    "2023-06-30": {
        "Tax Effect Of Unusual Items": NaN,
        "Tax Rate For Calcs": NaN,
        "Normalized EBITDA": NaN,
        "Total Unusual Items": NaN,
        "Total Unusual Items Excluding Goodwill": NaN,
        "Net Income From Continuing Operation Net Minority Interest": NaN,
        "Reconciled Depreciation": NaN,
        "Reconciled Cost Of Revenue": NaN,
        "EBITDA": NaN,
        "EBIT": NaN,
        "Net Interest Income": NaN,
        "Interest Expense": NaN,
        "Normalized Income": NaN,
        "Net Income From Continuing And Discontinued Operation": NaN,
        "Total Expenses": NaN,
        "Diluted Average Shares": NaN,
        "Basic Average Shares": NaN,
        "Diluted EPS": NaN,
        "Basic EPS": NaN,
        "Diluted NI Availto Com Stockholders": NaN,
        "Average Dilution Earnings": 0.0,
        "Net Income Common Stockholders": NaN,
        "Otherunder Preferred Stock Dividend": NaN,
        "Net Income": NaN,
        "Net Income Including Noncontrolling Interests": NaN,
        "Net Income Continuous Operations": NaN,
        "Tax Provision": NaN,
        "Pretax Income": NaN,
        "Other Income Expense": NaN,
        "Other Non Operating Income Expenses": NaN,
        "Special Income Charges": NaN,
        "Gain On Sale Of Ppe": NaN,
        "Other Special Charges": NaN,
        "Impairment Of Capital Assets": NaN,
        "Restructuring And Mergern Acquisition": NaN,
        "Net Non Operating Interest Income Expense": NaN,
        "Interest Expense Non Operating": NaN,
        "Operating Income": NaN,
        "Operating Expense": NaN,
        "Selling General And Administration": NaN,
        "Gross Profit": NaN,
        "Cost Of Revenue": NaN,
        "Total Revenue": NaN,
        "Operating Revenue": NaN
    },
    "2022-03-31": {
        "Diluted EPS": 0.01,
        "Total Revenue": 197,
        "Gross Profit": 104,
        "Operating Income": 26,
        "EBIT": 75,
        "Net Income": 2
    },
    "2021-12-31": {
        "Diluted EPS": 0.03,
        "Total Revenue": 195,
        "Gross Profit": 104,
        "Operating Income": 26,
        "EBIT": 77,
        "Net Income": 6
    },
    "2021-09-30": {
        "Diluted EPS": 0.06,
        "Total Revenue": 195,
        "Gross Profit": 103,
        "Operating Income": 24,
        "EBIT": 76,
        "Net Income": 9
    },
    "2021-06-30": {
        "Diluted EPS": 0.06,
        "Total Revenue": 196,
        "Gross Profit": 107,
        "Operating Income": 33,
        "EBIT": 84,
        "Net Income": 9
    },
    "2021-03-31": {
        "Diluted EPS": 0.03,
        "Total Revenue": 195,
        "Gross Profit": 108,
        "Operating Income": 30,
        "EBIT": 88,
        "Net Income": 4
    },
    "2020-12-31": {
        "Diluted EPS": 0.03,
        "Total Revenue": 199,
        "Gross Profit": 114,
        "Operating Income": 31,
        "EBIT": 87,
        "Net Income": 5
    },
    "2020-09-30": {
        "Diluted EPS": 0.12,
        "Total Revenue": 206,
        "Gross Profit": 119,
        "Operating Income": 40,
        "EBIT": 96,
        "Net Income": 18
    },
    "2020-06-30": {
        "Diluted EPS": -0.2,
        "Total Revenue": 220,
        "Gross Profit": 128,
        "Operating Income": -7,
        "EBIT": 51,
        "Net Income": -30
    },
    "2020-03-31": {
        "Diluted EPS": -0.41,
        "Total Revenue": 250,
        "Gross Profit": 136,
        "Operating Income": -52,
        "EBIT": 107,
        "Net Income": -61
    },
    "2019-12-31": {
        "Diluted EPS": 0.32,
        "Total Revenue": 246,
        "Gross Profit": 135,
        "Operating Income": 28,
        "EBIT": 87,
        "Net Income": 46
    },
    "2019-09-30": {
        "Diluted EPS": 0.14,
        "Total Revenue": 245,
        "Gross Profit": 131,
        "Operating Income": 46,
        "EBIT": 103,
        "Net Income": 20
    },
    "2019-06-30": {
        "Diluted EPS": 0.09,
        "Total Revenue": 238,
        "Gross Profit": 126,
        "Operating Income": 43,
        "EBIT": 96,
        "Net Income": 11
    },
    "2019-03-31": {
        "Diluted EPS": 0.15,
        "Total Revenue": 236,
        "Gross Profit": 118,
        "Operating Income": 41,
        "EBIT": 93,
        "Net Income": 19
    },
    "2018-12-31": {
        "Diluted EPS": 0.15,
        "Total Revenue": 233,
        "Gross Profit": 113,
        "Operating Income": 39,
        "EBIT": 89,
        "Net Income": 13
    },
    "2018-09-30": {
        "Diluted EPS": 0.08,
        "Total Revenue": 232,
        "Gross Profit": 113,
        "Operating Income": 36,
        "EBIT": 86,
        "Net Income": 10
    },
    "2018-06-30": {
        "Diluted EPS": 0.02,
        "Total Revenue": 227,
        "Gross Profit": 108,
        "Operating Income": 32,
        "EBIT": 81,
        "Net Income": 2
    },
    "2018-03-31": {
        "Diluted EPS": -0.06,
        "Total Revenue": 212,
        "Gross Profit": 105,
        "Operating Income": 28,
        "EBIT": 77,
        "Net Income": -4
    },
    "2017-12-31": {
        "Diluted EPS": 0.69,
        "Total Revenue": 209,
        "Gross Profit": 100,
        "Operating Income": 15,
        "EBIT": 63,
        "Net Income": 48
    },
    "2017-09-30": {
        "Diluted EPS": -0.15,
        "Total Revenue": 198,
        "Gross Profit": 87,
        "Operating Income": 3,
        "EBIT": 52,
        "Net Income": -10
    },
    "2017-06-30": {
        "Diluted EPS": -0.1,
        "Total Revenue": 198,
        "Gross Profit": 96,
        "Operating Income": 16,
        "EBIT": 65,
        "Net Income": -7
    },
    "2017-03-31": {
        "Diluted EPS": -0.17,
        "Total Revenue": 190,
        "Gross Profit": 92,
        "Operating Income": 7,
        "EBIT": 58,
        "Net Income": -12
    },
    "2016-12-31": {
        "Diluted EPS": -0.56,
        "Total Revenue": 194,
        "Gross Profit": 98,
        "Operating Income": -40,
        "EBIT": 13,
        "Net Income": -39
    },
    "2016-09-30": {
        "Diluted EPS": -0.14,
        "Total Revenue": 196,
        "Gross Profit": 103,
        "Operating Income": 4,
        "EBIT": 58,
        "Net Income": -10
    },
    "2016-06-30": {
        "Diluted EPS": -0.07,
        "Total Revenue": 204,
        "Gross Profit": 111,
        "Operating Income": 14,
        "EBIT": 68,
        "Net Income": -4
    },
    "2016-03-31": {
        "Diluted EPS": -0.03,
        "Total Revenue": 213,
        "Gross Profit": 115,
        "Operating Income": 8,
        "EBIT": 64,
        "Net Income": -2
    },
    "2015-12-31": {
        "Diluted EPS": -1.91,
        "Total Revenue": 241,
        "Gross Profit": 120,
        "Operating Income": 109,
        "EBIT": 171,
        "Net Income": -130
    },
    "2015-09-30": {
        "Diluted EPS": -0.15,
        "Total Revenue": 249,
        "Gross Profit": 125,
        "Operating Income": 15,
        "EBIT": 75,
        "Net Income": -10
    },
    "2015-06-30": {
        "Diluted EPS": -0.35,
        "Total Revenue": 255,
        "Gross Profit": 128,
        "Operating Income": 28,
        "EBIT": 89,
        "Net Income": -24
    },
    "2015-03-31": {
        "Diluted EPS": 0.45,
        "Total Revenue": 253,
        "Gross Profit": 129,
        "Operating Income": 32,
        "EBIT": 92,
        "Net Income": 31
    },
    "2014-12-31": {
        "Diluted EPS": 0.28,
        "Total Revenue": 263,
        "Gross Profit": 125,
        "Operating Income": 52,
        "EBIT": -29,
        "Net Income": 19
    },
    "2014-09-30": {
        "Diluted EPS": 0.48,
        "Total Revenue": 724,
        "Gross Profit": 266,
        "Operating Income": 66,
        "EBIT": 172,
        "Net Income": 34
    },
    "2014-06-30": {
        "Diluted EPS": 0.19,
        "Total Revenue": 739,
        "Gross Profit": 256,
        "Operating Income": 43,
        "EBIT": 168,
        "Net Income": 12
    },
    "2014-03-31": {
        "Diluted EPS": 0.47,
        "Total Revenue": 643,
        "Gross Profit": 233,
        "Operating Income": 51,
        "EBIT": 151,
        "Net Income": 33
    },
    "2013-12-31": {
        "Diluted EPS": 0.34,
        "Total Revenue": 739,
        "Gross Profit": 237,
        "Operating Income": 67,
        "EBIT": 23,
        "Net Income": 23
    },
    "2013-09-30": {
        "Diluted EPS": 0.62,
        "Total Revenue": 776,
        "Gross Profit": 245,
        "Operating Income": 70,
        "EBIT": 165,
        "Net Income": 41
    },
    "2013-06-30": {
        "Diluted EPS": 0.14,
        "Total Revenue": 836,
        "Gross Profit": 256,
        "Operating Income": 72,
        "EBIT": 166,
        "Net Income": 9
    },
    "2013-03-31": {
        "Diluted EPS": 0.76,
        "Total Revenue": 810,
        "Gross Profit": 225,
        "Operating Income": 58,
        "EBIT": 155,
        "Net Income": 50
    },
    "2012-12-31": {
        "Diluted EPS": -0.05,
        "Total Revenue": 830,
        "Gross Profit": 235,
        "Operating Income": 50,
        "EBIT": 149,
        "Net Income": -6
    },
    "2012-09-30": {
        "Diluted EPS": 1.74,
        "Total Revenue": 719,
        "Gross Profit": 211,
        "Operating Income": 40,
        "EBIT": 139,
        "Net Income": 113
    },
    "2012-06-30": {
        "Diluted EPS": -2.4,
        "Total Revenue": 631,
        "Gross Profit": 194,
        "Operating Income": -114,
        "EBIT": -10,
        "Net Income": -153
    },
    "2012-03-31": {
        "Diluted EPS": 0.09,
        "Total Revenue": 615,
        "Gross Profit": 190,
        "Operating Income": 40,
        "EBIT": 174,
        "Net Income": 5
    },
    "2011-12-31": {
        "Diluted EPS": -1.07,
        "Total Revenue": 660,
        "Gross Profit": 175,
        "Operating Income": -1,
        "EBIT": 97,
        "Net Income": -67
    },
    "2011-09-30": {
        "Diluted EPS": -3.44,
        "Total Revenue": 690,
        "Gross Profit": 187,
        "Operating Income": -193,
        "EBIT": 105,
        "Net Income": -216
    },
    "2011-06-30": {
        "Diluted EPS": -0.45,
        "Total Revenue": 644,
        "Gross Profit": 173,
        "Operating Income": -10,
        "EBIT": 89,
        "Net Income": -28
    },
    "2011-03-31": {
        "Diluted EPS": -0.48,
        "Total Revenue": 618,
        "Gross Profit": 185,
        "Operating Income": 3,
        "EBIT": 106,
        "Net Income": -30
    },
    "2010-12-31": {
        "Diluted EPS": -1.9,
        "Total Revenue": 571,
        "Gross Profit": 182,
        "Operating Income": -139,
        "EBIT": -35,
        "Net Income": -118
    },
    "2010-09-30": {
        "Diluted EPS": -0.29,
        "Total Revenue": 626,
        "Gross Profit": 195,
        "Operating Income": 6,
        "EBIT": 110,
        "Net Income": -18
    },
    "2010-06-30": {
        "Diluted EPS": 0.28,
        "Total Revenue": 644,
        "Gross Profit": 209,
        "Operating Income": 8,
        "EBIT": 119,
        "Net Income": 18
    },
    "2010-03-31": {
        "Diluted EPS": 0.27,
        "Total Revenue": 576,
        "Gross Profit": 211,
        "Operating Income": 33,
        "EBIT": 130,
        "Net Income": 17
    },
    "2009-12-31": {
        "Diluted EPS": 0.38,
        "Total Revenue": 655,
        "Gross Profit": 217,
        "Operating Income": 30,
        "EBIT": 137,
        "Net Income": 23
    },
    "2009-09-30": {
        "Diluted EPS": 0.3,
        "Total Revenue": 680,
        "Gross Profit": 230,
        "Operating Income": 57,
        "EBIT": 147,
        "Net Income": 18
    },
    "2009-06-30": {
        "Diluted EPS": -8.66,
        "Total Revenue": 678,
        "Gross Profit": 228,
        "Operating Income": -190,
        "EBIT": 47,
        "Net Income": -531
    },
    "2009-03-31": {
        "Diluted EPS": -0.97,
        "Total Revenue": 703,
        "Gross Profit": 240,
        "Operating Income": -25,
        "EBIT": -34,
        "Net Income": -59
    },
    "2023-09-30": {
        "Tax Effect Of Unusual Items": NaN,
        "Tax Rate For Calcs": NaN,
        "Normalized EBITDA": NaN,
        "Total Unusual Items": NaN,
        "Total Unusual Items Excluding Goodwill": NaN,
        "Net Income From Continuing Operation Net Minority Interest": NaN,
        "Reconciled Depreciation": NaN,
        "Reconciled Cost Of Revenue": NaN,
        "EBITDA": NaN,
        "EBIT": NaN,
        "Net Interest Income": NaN,
        "Interest Expense": NaN,
        "Normalized Income": NaN,
        "Net Income From Continuing And Discontinued Operation": NaN,
        "Total Expenses": NaN,
        "Diluted Average Shares": 154401000.0,
        "Basic Average Shares": 154163000.0,
        "Diluted EPS": 0.2,
        "Basic EPS": 0.2,
        "Diluted NI Availto Com Stockholders": NaN,
        "Average Dilution Earnings": 0.0,
        "Net Income Common Stockholders": NaN,
        "Otherunder Preferred Stock Dividend": NaN,
        "Net Income": NaN,
        "Net Income Including Noncontrolling Interests": NaN,
        "Net Income Continuous Operations": NaN,
        "Tax Provision": NaN,
        "Pretax Income": NaN,
        "Other Income Expense": NaN,
        "Other Non Operating Income Expenses": NaN,
        "Special Income Charges": NaN,
        "Gain On Sale Of Ppe": NaN,
        "Other Special Charges": NaN,
        "Impairment Of Capital Assets": NaN,
        "Restructuring And Mergern Acquisition": NaN,
        "Net Non Operating Interest Income Expense": NaN,
        "Interest Expense Non Operating": NaN,
        "Operating Income": NaN,
        "Operating Expense": NaN,
        "Selling General And Administration": NaN,
        "Gross Profit": NaN,
        "Cost Of Revenue": NaN,
        "Total Revenue": NaN,
        "Operating Revenue": NaN
    },
    "2023-12-31": {
        "Tax Effect Of Unusual Items": -385894.633324,
        "Tax Rate For Calcs": 0.227264,
        "Normalized EBITDA": 115870000.0,
        "Total Unusual Items": -1698000.0,
        "Total Unusual Items Excluding Goodwill": -1698000.0,
        "Net Income From Continuing Operation Net Minority Interest": 33002000.0,
        "Reconciled Depreciation": 43526000.0,
        "Reconciled Cost Of Revenue": 154987000.0,
        "EBITDA": 114172000.0,
        "EBIT": 70646000.0,
        "Net Interest Income": -27938000.0,
        "Interest Expense": 27938000.0,
        "Normalized Income": 34314105.366676,
        "Net Income From Continuing And Discontinued Operation": 33002000.0,
        "Total Expenses": 187994000.0,
        "Diluted Average Shares": 154177000.0,
        "Basic Average Shares": 153876000.0,
        "Diluted EPS": 0.21,
        "Basic EPS": 0.21,
        "Diluted NI Availto Com Stockholders": 32542000.0,
        "Average Dilution Earnings": NaN,
        "Net Income Common Stockholders": 32542000.0,
        "Otherunder Preferred Stock Dividend": 460000.0,
        "Net Income": 33002000.0,
        "Net Income Including Noncontrolling Interests": 33002000.0,
        "Net Income Continuous Operations": 33002000.0,
        "Tax Provision": 9706000.0,
        "Pretax Income": 42708000.0,
        "Other Income Expense": -953000.0,
        "Other Non Operating Income Expenses": 745000.0,
        "Special Income Charges": -1698000.0,
        "Gain On Sale Of Ppe": 2181000.0,
        "Other Special Charges": NaN,
        "Impairment Of Capital Assets": 3658000.0,
        "Restructuring And Mergern Acquisition": 221000.0,
        "Net Non Operating Interest Income Expense": -27938000.0,
        "Interest Expense Non Operating": 27938000.0,
        "Operating Income": 71599000.0,
        "Operating Expense": 33007000.0,
        "Selling General And Administration": 33007000.0,
        "Gross Profit": 104606000.0,
        "Cost Of Revenue": 154987000.0,
        "Total Revenue": 259593000.0,
        "Operating Revenue": 259593000.0
    },
    "2024-03-31": {
        "Tax Effect Of Unusual Items": -45552.132127,
        "Tax Rate For Calcs": 0.243594,
        "Normalized EBITDA": 124888000.0,
        "Total Unusual Items": -187000.0,
        "Total Unusual Items Excluding Goodwill": -187000.0,
        "Net Income From Continuing Operation Net Minority Interest": 40532000.0,
        "Reconciled Depreciation": 43782000.0,
        "Reconciled Cost Of Revenue": 155578000.0,
        "EBITDA": 124701000.0,
        "EBIT": 80919000.0,
        "Net Interest Income": -27334000.0,
        "Interest Expense": 27334000.0,
        "Normalized Income": 40673447.867873,
        "Net Income From Continuing And Discontinued Operation": 40532000.0,
        "Total Expenses": 187243000.0,
        "Diluted Average Shares": 154501000.0,
        "Basic Average Shares": 154187000.0,
        "Diluted EPS": 0.26,
        "Basic EPS": 0.26,
        "Diluted NI Availto Com Stockholders": 39699000.0,
        "Average Dilution Earnings": -85000.0,
        "Net Income Common Stockholders": 39784000.0,
        "Otherunder Preferred Stock Dividend": 748000.0,
        "Net Income": 40532000.0,
        "Net Income Including Noncontrolling Interests": 40532000.0,
        "Net Income Continuous Operations": 40532000.0,
        "Tax Provision": 13053000.0,
        "Pretax Income": 53585000.0,
        "Other Income Expense": -326000.0,
        "Other Non Operating Income Expenses": -139000.0,
        "Special Income Charges": -187000.0,
        "Gain On Sale Of Ppe": 2381000.0,
        "Other Special Charges": NaN,
        "Impairment Of Capital Assets": 2568000.0,
        "Restructuring And Mergern Acquisition": 0.0,
        "Net Non Operating Interest Income Expense": -27334000.0,
        "Interest Expense Non Operating": 27334000.0,
        "Operating Income": 81245000.0,
        "Operating Expense": 31665000.0,
        "Selling General And Administration": 31665000.0,
        "Gross Profit": 112910000.0,
        "Cost Of Revenue": 155578000.0,
        "Total Revenue": 268488000.0,
        "Operating Revenue": 268488000.0
    },
    "2024-06-30": {
        "Tax Effect Of Unusual Items": NaN,
        "Tax Rate For Calcs": NaN,
        "Normalized EBITDA": NaN,
        "Total Unusual Items": NaN,
        "Total Unusual Items Excluding Goodwill": NaN,
        "Net Income From Continuing Operation Net Minority Interest": NaN,
        "Reconciled Depreciation": NaN,
        "Reconciled Cost Of Revenue": NaN,
        "EBITDA": NaN,
        "EBIT": NaN,
        "Net Interest Income": NaN,
        "Interest Expense": NaN,
        "Normalized Income": NaN,
        "Net Income From Continuing And Discontinued Operation": NaN,
        "Total Expenses": NaN,
        "Diluted Average Shares": NaN,
        "Basic Average Shares": NaN,
        "Diluted EPS": NaN,
        "Basic EPS": NaN,
        "Diluted NI Availto Com Stockholders": NaN,
        "Average Dilution Earnings": NaN,
        "Net Income Common Stockholders": NaN,
        "Otherunder Preferred Stock Dividend": NaN,
        "Net Income": NaN,
        "Net Income Including Noncontrolling Interests": NaN,
        "Net Income Continuous Operations": NaN,
        "Earnings From Equity Interest Net Of Tax": 0.0,
        "Tax Provision": NaN,
        "Pretax Income": NaN,
        "Other Income Expense": NaN,
        "Other Non Operating Income Expenses": NaN,
        "Special Income Charges": NaN,
        "Gain On Sale Of Ppe": NaN,
        "Other Special Charges": NaN,
        "Impairment Of Capital Assets": NaN,
        "Restructuring And Mergern Acquisition": NaN,
        "Net Non Operating Interest Income Expense": NaN,
        "Interest Expense Non Operating": NaN,
        "Operating Income": NaN,
        "Operating Expense": NaN,
        "Selling General And Administration": NaN,
        "Gross Profit": NaN,
        "Cost Of Revenue": NaN,
        "Total Revenue": NaN,
        "Operating Revenue": NaN
    },
    "2024-09-30": {
        "Tax Effect Of Unusual Items": -3680680.0,
        "Tax Rate For Calcs": 0.29,
        "Normalized EBITDA": 145163000.0,
        "Total Unusual Items": -12692000.0,
        "Total Unusual Items Excluding Goodwill": -12692000.0,
        "Net Income From Continuing Operation Net Minority Interest": 37516000.0,
        "Reconciled Depreciation": 49339000.0,
        "Reconciled Cost Of Revenue": 162582000.0,
        "EBITDA": 132471000.0,
        "EBIT": 83132000.0,
        "Net Interest Income": -30179000.0,
        "Interest Expense": 30179000.0,
        "Normalized Income": 46527320.0,
        "Net Income From Continuing And Discontinued Operation": 37516000.0,
        "Total Expenses": 196641000.0,
        "Diluted Average Shares": 166173000.0,
        "Basic Average Shares": 165847000.0,
        "Diluted EPS": 0.22,
        "Basic EPS": 0.22,
        "Diluted NI Availto Com Stockholders": 36957000.0,
        "Average Dilution Earnings": -129000.0,
        "Net Income Common Stockholders": 37086000.0,
        "Otherunder Preferred Stock Dividend": 430000.0,
        "Net Income": 37516000.0,
        "Net Income Including Noncontrolling Interests": 37516000.0,
        "Net Income Continuous Operations": 37516000.0,
        "Earnings From Equity Interest Net Of Tax": NaN,
        "Tax Provision": 15437000.0,
        "Pretax Income": 52953000.0,
        "Other Income Expense": -12388000.0,
        "Other Non Operating Income Expenses": 304000.0,
        "Special Income Charges": -12692000.0,
        "Gain On Sale Of Ppe": 2218000.0,
        "Other Special Charges": 3181000.0,
        "Impairment Of Capital Assets": 2509000.0,
        "Restructuring And Mergern Acquisition": 9220000.0,
        "Net Non Operating Interest Income Expense": -30179000.0,
        "Interest Expense Non Operating": 30179000.0,
        "Operating Income": 95520000.0,
        "Operating Expense": 34059000.0,
        "Selling General And Administration": 34059000.0,
        "Gross Profit": 129579000.0,
        "Cost Of Revenue": 162582000.0,
        "Total Revenue": 292161000.0,
        "Operating Revenue": 292161000.0
    },
    "2024-12-31": {
        "Tax Effect Of Unusual Items": 2198900.589571,
        "Tax Rate For Calcs": 0.237411,
        "Normalized EBITDA": 166530000.0,
        "Total Unusual Items": 9262000.0,
        "Total Unusual Items Excluding Goodwill": 9262000.0,
        "Net Income From Continuing Operation Net Minority Interest": 59758000.0,
        "Reconciled Depreciation": 59192000.0,
        "Reconciled Cost Of Revenue": 175246000.0,
        "EBITDA": 175792000.0,
        "EBIT": 116600000.0,
        "Net Interest Income": -38238000.0,
        "Interest Expense": 38238000.0,
        "Normalized Income": 52694900.589571,
        "Net Income From Continuing And Discontinued Operation": 59758000.0,
        "Total Expenses": 217480000.0,
        "Diluted Average Shares": 173848000.0,
        "Basic Average Shares": 173451000.0,
        "Diluted EPS": 0.34,
        "Basic EPS": 0.34,
        "Diluted NI Availto Com Stockholders": 60442000.0,
        "Average Dilution Earnings": 1356000.0,
        "Net Income Common Stockholders": 59086000.0,
        "Otherunder Preferred Stock Dividend": 672000.0,
        "Net Income": 59758000.0,
        "Net Income Including Noncontrolling Interests": 59758000.0,
        "Net Income Continuous Operations": 59758000.0,
        "Earnings From Equity Interest Net Of Tax": NaN,
        "Tax Provision": 18604000.0,
        "Pretax Income": 78362000.0,
        "Other Income Expense": 7664000.0,
        "Other Non Operating Income Expenses": -1598000.0,
        "Special Income Charges": 9262000.0,
        "Gain On Sale Of Ppe": 12712000.0,
        "Other Special Charges": 0.0,
        "Impairment Of Capital Assets": 1203000.0,
        "Restructuring And Mergern Acquisition": 2247000.0,
        "Net Non Operating Interest Income Expense": -38238000.0,
        "Interest Expense Non Operating": 38238000.0,
        "Operating Income": 108936000.0,
        "Operating Expense": 42234000.0,
        "Selling General And Administration": 42234000.0,
        "Gross Profit": 151170000.0,
        "Cost Of Revenue": 175246000.0,
        "Total Revenue": 326416000.0,
        "Operating Revenue": 326416000.0
    },
    "2025-03-31": {
        "Tax Effect Of Unusual Items": 405490.0,
        "Tax Rate For Calcs": 0.23,
        "Normalized EBITDA": 186788000.0,
        "Total Unusual Items": 1763000.0,
        "Total Unusual Items Excluding Goodwill": 1763000.0,
        "Net Income From Continuing Operation Net Minority Interest": 70850000.0,
        "Reconciled Depreciation": 58824000.0,
        "Reconciled Cost Of Revenue": 182676000.0,
        "EBITDA": 188551000.0,
        "EBIT": 129727000.0,
        "Net Interest Income": -37741000.0,
        "Interest Expense": 37741000.0,
        "Normalized Income": 69492490.0,
        "Net Income From Continuing And Discontinued Operation": 70850000.0,
        "Total Expenses": 219883000.0,
        "Diluted Average Shares": 174371000.0,
        "Basic Average Shares": 174014000.0,
        "Diluted EPS": 0.4,
        "Basic EPS": 0.4,
        "Diluted NI Availto Com Stockholders": 69907000.0,
        "Average Dilution Earnings": 464000.0,
        "Net Income Common Stockholders": 69443000.0,
        "Otherunder Preferred Stock Dividend": 1407000.0,
        "Net Income": 70850000.0,
        "Net Income Including Noncontrolling Interests": 70850000.0,
        "Net Income Continuous Operations": 70850000.0,
        "Earnings From Equity Interest Net Of Tax": NaN,
        "Tax Provision": 21136000.0,
        "Pretax Income": 91986000.0,
        "Other Income Expense": 2447000.0,
        "Other Non Operating Income Expenses": 684000.0,
        "Special Income Charges": 1763000.0,
        "Gain On Sale Of Ppe": 7335000.0,
        "Other Special Charges": NaN,
        "Impairment Of Capital Assets": 972000.0,
        "Restructuring And Mergern Acquisition": 4600000.0,
        "Net Non Operating Interest Income Expense": -37741000.0,
        "Interest Expense Non Operating": 37741000.0,
        "Operating Income": 127280000.0,
        "Operating Expense": 37207000.0,
        "Selling General And Administration": 37207000.0,
        "Gross Profit": 164487000.0,
        "Cost Of Revenue": 182676000.0,
        "Total Revenue": 347163000.0,
        "Operating Revenue": 347163000.0
    },
    "2025-06-30": {
        "Tax Effect Of Unusual Items": -3333460.0,
        "Tax Rate For Calcs": 0.26,
        "Normalized EBITDA": 204791000.0,
        "Total Unusual Items": -12821000.0,
        "Total Unusual Items Excluding Goodwill": -12821000.0,
        "Net Income From Continuing Operation Net Minority Interest": 63420000.0,
        "Reconciled Depreciation": 64219000.0,
        "Reconciled Cost Of Revenue": 209177000.0,
        "EBITDA": 191970000.0,
        "EBIT": 127751000.0,
        "Net Interest Income": -41711000.0,
        "Interest Expense": 41711000.0,
        "Normalized Income": 72907540.0,
        "Net Income From Continuing And Discontinued Operation": 63420000.0,
        "Total Expenses": 245421000.0,
        "Diluted Average Shares": 175264000.0,
        "Basic Average Shares": 175007000.0,
        "Diluted EPS": 0.36,
        "Basic EPS": 0.36,
        "Diluted NI Availto Com Stockholders": 62918000.0,
        "Average Dilution Earnings": -16000.0,
        "Net Income Common Stockholders": 62934000.0,
        "Otherunder Preferred Stock Dividend": 486000.0,
        "Net Income": 63420000.0,
        "Net Income Including Noncontrolling Interests": 63420000.0,
        "Net Income Continuous Operations": 63420000.0,
        "Earnings From Equity Interest Net Of Tax": -187000.0,
        "Tax Provision": 22433000.0,
        "Pretax Income": 86040000.0,
        "Other Income Expense": -9980000.0,
        "Other Non Operating Income Expenses": 2841000.0,
        "Special Income Charges": -12821000.0,
        "Gain On Sale Of Ppe": 4297000.0,
        "Other Special Charges": NaN,
        "Impairment Of Capital Assets": 10847000.0,
        "Restructuring And Mergern Acquisition": 6271000.0,
        "Net Non Operating Interest Income Expense": -41711000.0,
        "Interest Expense Non Operating": 41711000.0,
        "Operating Income": 137731000.0,
        "Operating Expense": 36244000.0,
        "Selling General And Administration": 36244000.0,
        "Gross Profit": 173975000.0,
        "Cost Of Revenue": 209177000.0,
        "Total Revenue": 383152000.0,
        "Operating Revenue": 383152000.0
    },
    "2025-09-30": {
        "Tax Effect Of Unusual Items": -856960.0,
        "Tax Rate For Calcs": 0.26,
        "Normalized EBITDA": 212130000.0,
        "Total Unusual Items": -3296000.0,
        "Total Unusual Items Excluding Goodwill": -3296000.0,
        "Net Income From Continuing Operation Net Minority Interest": 71248000.0,
        "Reconciled Depreciation": 68315000.0,
        "Reconciled Cost Of Revenue": 196955000.0,
        "EBITDA": 208834000.0,
        "EBIT": 140519000.0,
        "Net Interest Income": -43661000.0,
        "Interest Expense": 43661000.0,
        "Normalized Income": 73687040.0,
        "Net Income From Continuing And Discontinued Operation": 71248000.0,
        "Total Expenses": 234631000.0,
        "Diluted Average Shares": 174913000.0,
        "Basic Average Shares": 174619000.0,
        "Diluted EPS": 0.4,
        "Basic EPS": 0.4,
        "Diluted NI Availto Com Stockholders": 70704000.0,
        "Average Dilution Earnings": 0.0,
        "Net Income Common Stockholders": 70704000.0,
        "Otherunder Preferred Stock Dividend": 544000.0,
        "Net Income": 71248000.0,
        "Net Income Including Noncontrolling Interests": 71248000.0,
        "Net Income Continuous Operations": 71248000.0,
        "Earnings From Equity Interest Net Of Tax": -185000.0,
        "Tax Provision": 25425000.0,
        "Pretax Income": 96858000.0,
        "Other Income Expense": -7280000.0,
        "Other Non Operating Income Expenses": -3984000.0,
        "Special Income Charges": -3296000.0,
        "Gain On Sale Of Ppe": 3835000.0,
        "Other Special Charges": NaN,
        "Impairment Of Capital Assets": 4676000.0,
        "Restructuring And Mergern Acquisition": 2455000.0,
        "Net Non Operating Interest Income Expense": -43661000.0,
        "Interest Expense Non Operating": 43661000.0,
        "Operating Income": 147799000.0,
        "Operating Expense": 37676000.0,
        "Selling General And Administration": 37676000.0,
        "Gross Profit": 185475000.0,
        "Cost Of Revenue": 196955000.0,
        "Total Revenue": 382430000.0,
        "Operating Revenue": 382430000.0
    }
}