{
    "2023-03-31": {
        "Tax Effect Of Unusual Items": 0.0,
        "Tax Rate For Calcs": 0.216,
        "Net Income From Continuing Operation Net Minority Interest": 8562000.0,
        "Reconciled Depreciation": 1738000.0,
        "Net Interest Income": 28094000.0,
        "Interest Expense": 8016000.0,
        "Interest Income": 36110000.0,
        "Normalized Income": 8562000.0,
        "Net Income From Continuing And Discontinued Operation": 8562000.0,
        "Diluted Average Shares": 17060000.0,
        "Basic Average Shares": 17048000.0,
        "Diluted EPS": 0.5,
        "Basic EPS": 0.5,
        "Diluted NI Availto Com Stockholders": 8562000.0,
        "Net Income Common Stockholders": 8562000.0,
        "Net Income": 8562000.0,
        "Net Income Including Noncontrolling Interests": 8562000.0,
        "Net Income Continuous Operations": 8562000.0,
        "Tax Provision": 2359000.0,
        "Pretax Income": 10921000.0,
        "Gain On Sale Of Security": -104000.0,
        "Depreciation Amortization Depletion Income Statement": NaN,
        "Depreciation And Amortization In Income Statement": NaN,
        "Amortization": NaN,
        "Amortization Of Intangibles Income Statement": NaN,
        "Selling General And Administration": 12426000.0,
        "General And Administrative Expense": 12426000.0,
        "Insurance And Claims": 479000.0,
        "Salaries And Wages": 11947000.0,
        "Total Revenue": 34771000.0,
        "Operating Revenue": 34771000.0,
        "Occupancy And Equipment": 6045000.0,
        "Other Non Interest Expense": 3825000.0
    },
    "2022-12-31": {
        "Tax Effect Of Unusual Items": NaN,
        "Tax Rate For Calcs": NaN,
        "Net Income From Continuing Operation Net Minority Interest": NaN,
        "Reconciled Depreciation": NaN,
        "Net Interest Income": NaN,
        "Interest Expense": NaN,
        "Interest Income": NaN,
        "Normalized Income": NaN,
        "Net Income From Continuing And Discontinued Operation": NaN,
        "Diluted Average Shares": NaN,
        "Basic Average Shares": NaN,
        "Diluted EPS": NaN,
        "Basic EPS": NaN,
        "Diluted NI Availto Com Stockholders": NaN,
        "Net Income Common Stockholders": NaN,
        "Net Income": NaN,
        "Net Income Including Noncontrolling Interests": NaN,
        "Net Income Continuous Operations": NaN,
        "Tax Provision": NaN,
        "Pretax Income": NaN,
        "Gain On Sale Of Security": NaN,
        "Depreciation Amortization Depletion Income Statement": -116000.0,
        "Depreciation And Amortization In Income Statement": -116000.0,
        "Amortization": -116000.0,
        "Amortization Of Intangibles Income Statement": -116000.0,
        "Selling General And Administration": NaN,
        "General And Administrative Expense": NaN,
        "Insurance And Claims": NaN,
        "Salaries And Wages": NaN,
        "Total Revenue": NaN,
        "Operating Revenue": NaN,
        "Occupancy And Equipment": NaN,
        "Other Non Interest Expense": NaN
    },
    "2022-09-30": {
        "Tax Effect Of Unusual Items": NaN,
        "Tax Rate For Calcs": NaN,
        "Net Income From Continuing Operation Net Minority Interest": NaN,
        "Reconciled Depreciation": NaN,
        "Net Interest Income": NaN,
        "Interest Expense": NaN,
        "Interest Income": NaN,
        "Normalized Income": NaN,
        "Net Income From Continuing And Discontinued Operation": NaN,
        "Diluted Average Shares": NaN,
        "Basic Average Shares": NaN,
        "Diluted EPS": NaN,
        "Basic EPS": NaN,
        "Diluted NI Availto Com Stockholders": NaN,
        "Net Income Common Stockholders": NaN,
        "Net Income": NaN,
        "Net Income Including Noncontrolling Interests": NaN,
        "Net Income Continuous Operations": NaN,
        "Tax Provision": NaN,
        "Pretax Income": NaN,
        "Gain On Sale Of Security": NaN,
        "Depreciation Amortization Depletion Income Statement": 48000.0,
        "Depreciation And Amortization In Income Statement": 48000.0,
        "Amortization": 48000.0,
        "Amortization Of Intangibles Income Statement": 48000.0,
        "Selling General And Administration": NaN,
        "General And Administrative Expense": NaN,
        "Insurance And Claims": NaN,
        "Salaries And Wages": NaN,
        "Total Revenue": NaN,
        "Operating Revenue": NaN
    },
    "2022-06-30": {
        "Tax Effect Of Unusual Items": 0.0,
        "Tax Rate For Calcs": 0.229075,
        "Net Income From Continuing Operation Net Minority Interest": 11974000.0,
        "Reconciled Depreciation": 1890000.0,
        "Net Interest Income": 29038000.0,
        "Interest Expense": 1555000.0,
        "Interest Income": 30593000.0,
        "Normalized Income": 11974000.0,
        "Net Income From Continuing And Discontinued Operation": 11974000.0,
        "Diluted Average Shares": 16535000.0,
        "Basic Average Shares": 16494000.0,
        "Diluted EPS": 0.72,
        "Basic EPS": 0.72,
        "Diluted NI Availto Com Stockholders": 11974000.0,
        "Net Income Common Stockholders": 11974000.0,
        "Net Income": 11974000.0,
        "Net Income Including Noncontrolling Interests": 11974000.0,
        "Net Income Continuous Operations": 11974000.0,
        "Tax Provision": 3558000.0,
        "Pretax Income": 15532000.0,
        "Gain On Sale Of Security": 154000.0,
        "Depreciation Amortization Depletion Income Statement": NaN,
        "Depreciation And Amortization In Income Statement": NaN,
        "Amortization": NaN,
        "Amortization Of Intangibles Income Statement": NaN,
        "Selling General And Administration": 11978000.0,
        "General And Administrative Expense": 11978000.0,
        "Insurance And Claims": 291000.0,
        "Salaries And Wages": 11687000.0,
        "Total Revenue": 36782000.0,
        "Operating Revenue": 36782000.0
    },
    "2022-03-31": {
        "Diluted EPS": 0.76,
        "Total Revenue": 37,
        "Gross Profit": 36,
        "Operating Income": 16,
        "EBIT": NaN,
        "Net Income": 13
    },
    "2021-12-31": {
        "Diluted EPS": 0.62,
        "Total Revenue": 36,
        "Gross Profit": 35,
        "Operating Income": 13,
        "EBIT": NaN,
        "Net Income": 10
    },
    "2021-09-30": {
        "Diluted EPS": 0.78,
        "Total Revenue": 38,
        "Gross Profit": 36,
        "Operating Income": 17,
        "EBIT": NaN,
        "Net Income": 13
    },
    "2021-06-30": {
        "Diluted EPS": 0.81,
        "Total Revenue": 38,
        "Gross Profit": 37,
        "Operating Income": 17,
        "EBIT": NaN,
        "Net Income": 13
    },
    "2021-03-31": {
        "Diluted EPS": 0.81,
        "Total Revenue": 36,
        "Gross Profit": 35,
        "Operating Income": 17,
        "EBIT": NaN,
        "Net Income": 13
    },
    "2020-12-31": {
        "Diluted EPS": 0.76,
        "Total Revenue": 37,
        "Gross Profit": 36,
        "Operating Income": 16,
        "EBIT": NaN,
        "Net Income": 12
    },
    "2020-09-30": {
        "Diluted EPS": 0.67,
        "Total Revenue": 36,
        "Gross Profit": 34,
        "Operating Income": 14,
        "EBIT": NaN,
        "Net Income": 11
    },
    "2020-06-30": {
        "Diluted EPS": 0.56,
        "Total Revenue": 35,
        "Gross Profit": 32,
        "Operating Income": 12,
        "EBIT": NaN,
        "Net Income": 9
    },
    "2020-03-31": {
        "Diluted EPS": 0.5,
        "Total Revenue": 36,
        "Gross Profit": 31,
        "Operating Income": 10,
        "EBIT": NaN,
        "Net Income": 8
    },
    "2019-12-31": {
        "Diluted EPS": 0.6,
        "Total Revenue": 35,
        "Gross Profit": 30,
        "Operating Income": 12,
        "EBIT": NaN,
        "Net Income": 10
    },
    "2019-09-30": {
        "Diluted EPS": 0.61,
        "Total Revenue": 36,
        "Gross Profit": 30,
        "Operating Income": 13,
        "EBIT": NaN,
        "Net Income": 10
    },
    "2019-06-30": {
        "Diluted EPS": 0.55,
        "Total Revenue": 34,
        "Gross Profit": 29,
        "Operating Income": 11,
        "EBIT": NaN,
        "Net Income": 9
    },
    "2019-03-31": {
        "Diluted EPS": 0.53,
        "Total Revenue": 33,
        "Gross Profit": 28,
        "Operating Income": 11,
        "EBIT": NaN,
        "Net Income": 9
    },
    "2018-12-31": {
        "Diluted EPS": 0.54,
        "Total Revenue": 33,
        "Gross Profit": 28,
        "Operating Income": 11,
        "EBIT": NaN,
        "Net Income": 9
    },
    "2018-09-30": {
        "Diluted EPS": 0.57,
        "Total Revenue": 32,
        "Gross Profit": 28,
        "Operating Income": 12,
        "EBIT": NaN,
        "Net Income": 9
    },
    "2018-06-30": {
        "Diluted EPS": 0.6,
        "Total Revenue": 32,
        "Gross Profit": 29,
        "Operating Income": 12,
        "EBIT": NaN,
        "Net Income": 10
    },
    "2018-03-31": {
        "Diluted EPS": 0.52,
        "Total Revenue": 29,
        "Gross Profit": 27,
        "Operating Income": 11,
        "EBIT": NaN,
        "Net Income": 9
    },
    "2017-12-31": {
        "Diluted EPS": 0.5,
        "Total Revenue": 29,
        "Gross Profit": 27,
        "Operating Income": 10,
        "EBIT": NaN,
        "Net Income": 8
    },
    "2017-09-30": {
        "Diluted EPS": 0.46,
        "Total Revenue": 29,
        "Gross Profit": 27,
        "Operating Income": 10,
        "EBIT": NaN,
        "Net Income": 7
    },
    "2017-06-30": {
        "Diluted EPS": 0.45,
        "Total Revenue": 28,
        "Gross Profit": 26,
        "Operating Income": 10,
        "EBIT": NaN,
        "Net Income": 7
    },
    "2017-03-31": {
        "Diluted EPS": 0.41,
        "Total Revenue": 27,
        "Gross Profit": 25,
        "Operating Income": 9,
        "EBIT": NaN,
        "Net Income": 7
    },
    "2016-12-31": {
        "Diluted EPS": 0.42,
        "Total Revenue": 26,
        "Gross Profit": 25,
        "Operating Income": 9,
        "EBIT": NaN,
        "Net Income": 7
    },
    "2016-09-30": {
        "Diluted EPS": 0.41,
        "Total Revenue": 26,
        "Gross Profit": 25,
        "Operating Income": 9,
        "EBIT": NaN,
        "Net Income": 7
    },
    "2016-06-30": {
        "Diluted EPS": 0.41,
        "Total Revenue": 26,
        "Gross Profit": 25,
        "Operating Income": 10,
        "EBIT": NaN,
        "Net Income": 7
    },
    "2016-03-31": {
        "Diluted EPS": 0.41,
        "Total Revenue": 26,
        "Gross Profit": 24,
        "Operating Income": 9,
        "EBIT": NaN,
        "Net Income": 7
    },
    "2015-12-31": {
        "Diluted EPS": 0.41,
        "Total Revenue": 25,
        "Gross Profit": 24,
        "Operating Income": 9,
        "EBIT": NaN,
        "Net Income": 7
    },
    "2015-09-30": {
        "Diluted EPS": 0.38,
        "Total Revenue": 25,
        "Gross Profit": 24,
        "Operating Income": 8,
        "EBIT": NaN,
        "Net Income": 6
    },
    "2015-06-30": {
        "Diluted EPS": 0.4,
        "Total Revenue": 25,
        "Gross Profit": 24,
        "Operating Income": 9,
        "EBIT": NaN,
        "Net Income": 6
    },
    "2015-03-31": {
        "Diluted EPS": 0.37,
        "Total Revenue": 24,
        "Gross Profit": 23,
        "Operating Income": 9,
        "EBIT": NaN,
        "Net Income": 6
    },
    "2014-12-31": {
        "Diluted EPS": 0.4,
        "Total Revenue": 24,
        "Gross Profit": 23,
        "Operating Income": 9,
        "EBIT": NaN,
        "Net Income": 6
    },
    "2014-09-30": {
        "Diluted EPS": 0.39,
        "Total Revenue": 24,
        "Gross Profit": 23,
        "Operating Income": 9,
        "EBIT": NaN,
        "Net Income": 6
    },
    "2014-06-30": {
        "Diluted EPS": 0.35,
        "Total Revenue": 24,
        "Gross Profit": 22,
        "Operating Income": 8,
        "EBIT": NaN,
        "Net Income": 6
    },
    "2014-03-31": {
        "Diluted EPS": 0.34,
        "Total Revenue": 23,
        "Gross Profit": 22,
        "Operating Income": 8,
        "EBIT": NaN,
        "Net Income": 5
    },
    "2013-12-31": {
        "Diluted EPS": 0.37,
        "Total Revenue": 23,
        "Gross Profit": 22,
        "Operating Income": 8,
        "EBIT": NaN,
        "Net Income": 6
    },
    "2013-09-30": {
        "Diluted EPS": 0.36,
        "Total Revenue": 23,
        "Gross Profit": 21,
        "Operating Income": 8,
        "EBIT": NaN,
        "Net Income": 6
    },
    "2013-06-30": {
        "Diluted EPS": 0.33,
        "Total Revenue": 23,
        "Gross Profit": 21,
        "Operating Income": 7,
        "EBIT": NaN,
        "Net Income": 5
    },
    "2013-03-31": {
        "Diluted EPS": 0.33,
        "Total Revenue": 23,
        "Gross Profit": 21,
        "Operating Income": 7,
        "EBIT": NaN,
        "Net Income": 5
    },
    "2012-12-31": {
        "Diluted EPS": 0.35,
        "Total Revenue": 24,
        "Gross Profit": 21,
        "Operating Income": 8,
        "EBIT": NaN,
        "Net Income": 6
    },
    "2012-09-30": {
        "Diluted EPS": 0.37,
        "Total Revenue": 24,
        "Gross Profit": 21,
        "Operating Income": 8,
        "EBIT": NaN,
        "Net Income": 6
    },
    "2012-06-30": {
        "Diluted EPS": 0.36,
        "Total Revenue": 24,
        "Gross Profit": 21,
        "Operating Income": 8,
        "EBIT": NaN,
        "Net Income": 6
    },
    "2012-03-31": {
        "Diluted EPS": 0.34,
        "Total Revenue": 24,
        "Gross Profit": 21,
        "Operating Income": 8,
        "EBIT": NaN,
        "Net Income": 5
    },
    "2011-12-31": {
        "Diluted EPS": 0.34,
        "Total Revenue": 25,
        "Gross Profit": 21,
        "Operating Income": 8,
        "EBIT": NaN,
        "Net Income": 5
    },
    "2011-09-30": {
        "Diluted EPS": 0.35,
        "Total Revenue": 27,
        "Gross Profit": 23,
        "Operating Income": 8,
        "EBIT": NaN,
        "Net Income": 5
    },
    "2011-06-30": {
        "Diluted EPS": 0.38,
        "Total Revenue": 26,
        "Gross Profit": 21,
        "Operating Income": 8,
        "EBIT": NaN,
        "Net Income": 6
    },
    "2011-03-31": {
        "Diluted EPS": 0.34,
        "Total Revenue": 26,
        "Gross Profit": 20,
        "Operating Income": 8,
        "EBIT": NaN,
        "Net Income": 5
    },
    "2010-12-31": {
        "Diluted EPS": 0.34,
        "Total Revenue": 25,
        "Gross Profit": 19,
        "Operating Income": 8,
        "EBIT": NaN,
        "Net Income": 5
    },
    "2010-09-30": {
        "Diluted EPS": 0.36,
        "Total Revenue": 26,
        "Gross Profit": 20,
        "Operating Income": 8,
        "EBIT": NaN,
        "Net Income": 6
    },
    "2010-06-30": {
        "Diluted EPS": 0.37,
        "Total Revenue": 27,
        "Gross Profit": 21,
        "Operating Income": 8,
        "EBIT": NaN,
        "Net Income": 6
    },
    "2010-03-31": {
        "Diluted EPS": 0.35,
        "Total Revenue": 26,
        "Gross Profit": 20,
        "Operating Income": 8,
        "EBIT": NaN,
        "Net Income": 5
    },
    "2009-12-31": {
        "Diluted EPS": 0.33,
        "Total Revenue": 26,
        "Gross Profit": 19,
        "Operating Income": 10,
        "EBIT": NaN,
        "Net Income": 5
    },
    "2009-09-30": {
        "Diluted EPS": 0.33,
        "Total Revenue": 26,
        "Gross Profit": 19,
        "Operating Income": 7,
        "EBIT": NaN,
        "Net Income": 5
    },
    "2009-06-30": {
        "Diluted EPS": 0.32,
        "Total Revenue": 26,
        "Gross Profit": 20,
        "Operating Income": 7,
        "EBIT": NaN,
        "Net Income": 5
    },
    "2009-03-31": {
        "Diluted EPS": 0.43,
        "Total Revenue": 28,
        "Gross Profit": 22,
        "Operating Income": 10,
        "EBIT": NaN,
        "Net Income": 7
    },
    "2023-06-30": {
        "Tax Effect Of Unusual Items": NaN,
        "Tax Rate For Calcs": NaN,
        "Net Income From Continuing Operation Net Minority Interest": NaN,
        "Reconciled Depreciation": NaN,
        "Net Interest Income": NaN,
        "Interest Expense": NaN,
        "Interest Income": NaN,
        "Normalized Income": NaN,
        "Net Income From Continuing And Discontinued Operation": NaN,
        "Diluted Average Shares": NaN,
        "Basic Average Shares": NaN,
        "Diluted EPS": NaN,
        "Basic EPS": NaN,
        "Diluted NI Availto Com Stockholders": NaN,
        "Net Income Common Stockholders": NaN,
        "Net Income": NaN,
        "Net Income Including Noncontrolling Interests": NaN,
        "Net Income Continuous Operations": NaN,
        "Tax Provision": NaN,
        "Pretax Income": NaN,
        "Gain On Sale Of Security": NaN,
        "Depreciation Amortization Depletion Income Statement": 44000.0,
        "Depreciation And Amortization In Income Statement": 44000.0,
        "Amortization": 44000.0,
        "Amortization Of Intangibles Income Statement": 44000.0,
        "Selling General And Administration": NaN,
        "General And Administrative Expense": NaN,
        "Insurance And Claims": NaN,
        "Salaries And Wages": NaN,
        "Total Revenue": NaN,
        "Operating Revenue": NaN,
        "Occupancy And Equipment": NaN,
        "Other Non Interest Expense": NaN
    },
    "2023-09-30": {
        "Tax Effect Of Unusual Items": NaN,
        "Tax Rate For Calcs": NaN,
        "Net Income From Continuing Operation Net Minority Interest": NaN,
        "Reconciled Depreciation": NaN,
        "Net Interest Income": NaN,
        "Interest Expense": NaN,
        "Interest Income": NaN,
        "Normalized Income": NaN,
        "Net Income From Continuing And Discontinued Operation": NaN,
        "Diluted Average Shares": 17050000.0,
        "Basic Average Shares": 17050000.0,
        "Diluted EPS": 0.46,
        "Basic EPS": 0.46,
        "Diluted NI Availto Com Stockholders": NaN,
        "Net Income Common Stockholders": NaN,
        "Net Income": NaN,
        "Net Income Including Noncontrolling Interests": NaN,
        "Net Income Continuous Operations": NaN,
        "Tax Provision": NaN,
        "Pretax Income": NaN,
        "Gain On Sale Of Security": NaN,
        "Depreciation Amortization Depletion Income Statement": 43000.0,
        "Depreciation And Amortization In Income Statement": 43000.0,
        "Amortization": 43000.0,
        "Amortization Of Intangibles Income Statement": 43000.0,
        "Selling General And Administration": NaN,
        "General And Administrative Expense": NaN,
        "Insurance And Claims": NaN,
        "Salaries And Wages": NaN,
        "Total Revenue": NaN,
        "Operating Revenue": NaN,
        "Occupancy And Equipment": NaN,
        "Other Non Interest Expense": NaN
    },
    "2023-12-31": {
        "Tax Effect Of Unusual Items": 0.0,
        "Tax Rate For Calcs": 0.176828,
        "Net Income From Continuing Operation Net Minority Interest": 7723000.0,
        "Reconciled Depreciation": 1756000.0,
        "Net Interest Income": 25613000.0,
        "Interest Expense": 18711000.0,
        "Interest Income": 44324000.0,
        "Normalized Income": 7723000.0,
        "Net Income From Continuing And Discontinued Operation": 7723000.0,
        "Diluted Average Shares": 17004000.0,
        "Basic Average Shares": 17002000.0,
        "Diluted EPS": 0.46,
        "Basic EPS": 0.46,
        "Diluted NI Availto Com Stockholders": 7723000.0,
        "Net Income Common Stockholders": 7723000.0,
        "Net Income": 7723000.0,
        "Net Income Including Noncontrolling Interests": 7723000.0,
        "Net Income Continuous Operations": 7723000.0,
        "Tax Provision": 1659000.0,
        "Pretax Income": 9382000.0,
        "Gain On Sale Of Security": 122000.0,
        "Depreciation Amortization Depletion Income Statement": 44000.0,
        "Depreciation And Amortization In Income Statement": 44000.0,
        "Amortization": 44000.0,
        "Amortization Of Intangibles Income Statement": 44000.0,
        "Selling General And Administration": 13438000.0,
        "General And Administrative Expense": 12265000.0,
        "Insurance And Claims": 572000.0,
        "Salaries And Wages": 11693000.0,
        "Total Revenue": 33097000.0,
        "Operating Revenue": 33097000.0,
        "Occupancy And Equipment": 6284000.0,
        "Other Non Interest Expense": -5567000.0
    },
    "2024-03-31": {
        "Tax Effect Of Unusual Items": 0.0,
        "Tax Rate For Calcs": 0.209,
        "Net Income From Continuing Operation Net Minority Interest": 7660000.0,
        "Reconciled Depreciation": 1394000.0,
        "Net Interest Income": 26455000.0,
        "Interest Expense": 20222000.0,
        "Interest Income": 46677000.0,
        "Normalized Income": 7660000.0,
        "Net Income From Continuing And Discontinued Operation": 7660000.0,
        "Diluted Average Shares": 16867000.0,
        "Basic Average Shares": 16865000.0,
        "Diluted EPS": 0.45,
        "Basic EPS": 0.45,
        "Diluted NI Availto Com Stockholders": 7660000.0,
        "Net Income Common Stockholders": 7660000.0,
        "Net Income": 7660000.0,
        "Net Income Including Noncontrolling Interests": 7660000.0,
        "Net Income Continuous Operations": 7660000.0,
        "Tax Provision": 2024000.0,
        "Pretax Income": 9684000.0,
        "Gain On Sale Of Security": 17000.0,
        "Depreciation Amortization Depletion Income Statement": NaN,
        "Depreciation And Amortization In Income Statement": NaN,
        "Amortization": NaN,
        "Amortization Of Intangibles Income Statement": NaN,
        "Selling General And Administration": 13608000.0,
        "General And Administrative Expense": 13608000.0,
        "Insurance And Claims": 715000.0,
        "Salaries And Wages": 12893000.0,
        "Total Revenue": 34313000.0,
        "Operating Revenue": 34313000.0,
        "Occupancy And Equipment": 6591000.0,
        "Other Non Interest Expense": 3813000.0
    },
    "2024-06-30": {
        "Tax Effect Of Unusual Items": 0.0,
        "Tax Rate For Calcs": 0.212,
        "Net Income From Continuing Operation Net Minority Interest": 8604000.0,
        "Reconciled Depreciation": 1250000.0,
        "Net Interest Income": 27152000.0,
        "Interest Expense": 20820000.0,
        "Interest Income": 47972000.0,
        "Normalized Income": 8604000.0,
        "Net Income From Continuing And Discontinued Operation": 8604000.0,
        "Diluted Average Shares": 16709000.0,
        "Basic Average Shares": 16685000.0,
        "Diluted EPS": 0.52,
        "Basic EPS": 0.52,
        "Diluted NI Availto Com Stockholders": 8604000.0,
        "Net Income Common Stockholders": 8604000.0,
        "Net Income": 8604000.0,
        "Net Income Including Noncontrolling Interests": 8604000.0,
        "Net Income Continuous Operations": 8604000.0,
        "Tax Provision": 2311000.0,
        "Pretax Income": 10915000.0,
        "Gain On Sale Of Security": 54000.0,
        "Depreciation Amortization Depletion Income Statement": 40000.0,
        "Depreciation And Amortization In Income Statement": 40000.0,
        "Amortization": 40000.0,
        "Amortization Of Intangibles Income Statement": 40000.0,
        "Selling General And Administration": 13734000.0,
        "General And Administrative Expense": 13734000.0,
        "Insurance And Claims": 698000.0,
        "Salaries And Wages": 13036000.0,
        "Total Revenue": 35008000.0,
        "Operating Revenue": 35008000.0,
        "Occupancy And Equipment": 6508000.0,
        "Other Non Interest Expense": 3036000.0
    },
    "2024-09-30": {
        "Tax Effect Of Unusual Items": 0.0,
        "Tax Rate For Calcs": 0.222,
        "Net Income From Continuing Operation Net Minority Interest": 8975000.0,
        "Reconciled Depreciation": 1364000.0,
        "Net Interest Income": 28438000.0,
        "Interest Expense": 21005000.0,
        "Interest Income": 49443000.0,
        "Normalized Income": 8975000.0,
        "Net Income From Continuing And Discontinued Operation": 8975000.0,
        "Diluted Average Shares": 16742000.0,
        "Basic Average Shares": 16710000.0,
        "Diluted EPS": 0.53,
        "Basic EPS": 0.54,
        "Diluted NI Availto Com Stockholders": 8975000.0,
        "Net Income Common Stockholders": 8975000.0,
        "Net Income": 8975000.0,
        "Net Income Including Noncontrolling Interests": 8975000.0,
        "Net Income Continuous Operations": 8975000.0,
        "Tax Provision": 2562000.0,
        "Pretax Income": 11537000.0,
        "Gain On Sale Of Security": 94000.0,
        "Depreciation Amortization Depletion Income Statement": 78000.0,
        "Depreciation And Amortization In Income Statement": 78000.0,
        "Amortization": 78000.0,
        "Amortization Of Intangibles Income Statement": 78000.0,
        "Selling General And Administration": 14144000.0,
        "General And Administrative Expense": 14144000.0,
        "Insurance And Claims": 698000.0,
        "Salaries And Wages": 13446000.0,
        "Total Revenue": 36571000.0,
        "Operating Revenue": 36571000.0,
        "Occupancy And Equipment": 6446000.0,
        "Other Non Interest Expense": 3432000.0
    },
    "2024-12-31": {
        "Tax Effect Of Unusual Items": 0.0,
        "Tax Rate For Calcs": 0.144006,
        "Net Income From Continuing Operation Net Minority Interest": 4470000.0,
        "Reconciled Depreciation": 1353000.0,
        "Net Interest Income": 29687000.0,
        "Interest Expense": 21214000.0,
        "Interest Income": 50901000.0,
        "Normalized Income": 4470000.0,
        "Net Income From Continuing And Discontinued Operation": 4470000.0,
        "Diluted Average Shares": NaN,
        "Basic Average Shares": NaN,
        "Diluted EPS": NaN,
        "Basic EPS": NaN,
        "Diluted NI Availto Com Stockholders": 4470000.0,
        "Net Income Common Stockholders": 4470000.0,
        "Net Income": 4470000.0,
        "Net Income Including Noncontrolling Interests": 4470000.0,
        "Net Income Continuous Operations": 4470000.0,
        "Tax Provision": 752000.0,
        "Pretax Income": 5222000.0,
        "Gain On Sale Of Security": -3072000.0,
        "Depreciation Amortization Depletion Income Statement": 89000.0,
        "Depreciation And Amortization In Income Statement": 89000.0,
        "Amortization": 89000.0,
        "Amortization Of Intangibles Income Statement": 89000.0,
        "Selling General And Administration": 15249000.0,
        "General And Administrative Expense": 13996000.0,
        "Insurance And Claims": 664000.0,
        "Salaries And Wages": 13332000.0,
        "Total Revenue": 33914000.0,
        "Operating Revenue": 33914000.0,
        "Occupancy And Equipment": 6989000.0,
        "Other Non Interest Expense": -2306000.0
    }
}