{
    "2023-03-31": {
        "Tax Effect Of Unusual Items": -335508.0,
        "Tax Rate For Calcs": 0.219,
        "Normalized EBITDA": 64754000.0,
        "Total Unusual Items": -1532000.0,
        "Total Unusual Items Excluding Goodwill": -1532000.0,
        "Net Income From Continuing Operation Net Minority Interest": 29635000.0,
        "Reconciled Depreciation": 14533000.0,
        "Reconciled Cost Of Revenue": 275302000.0,
        "EBITDA": 63222000.0,
        "EBIT": 48689000.0,
        "Net Interest Income": -9500000.0,
        "Interest Expense": 10731000.0,
        "Interest Income": 1231000.0,
        "Normalized Income": 30831492.0,
        "Net Income From Continuing And Discontinued Operation": 29635000.0,
        "Total Expenses": 327977000.0,
        "Total Operating Income As Reported": 47458000.0,
        "Diluted Average Shares": 151795000.0,
        "Basic Average Shares": 150607000.0,
        "Diluted EPS": 0.11,
        "Basic EPS": 0.11,
        "Diluted NI Availto Com Stockholders": 17151000.0,
        "Net Income Common Stockholders": 17151000.0,
        "Preferred Stock Dividends": 12484000.0,
        "Net Income": 29635000.0,
        "Net Income Including Noncontrolling Interests": 29635000.0,
        "Net Income Continuous Operations": 29635000.0,
        "Tax Provision": 8323000.0,
        "Pretax Income": 37958000.0,
        "Other Income Expense": -1338000.0,
        "Other Non Operating Income Expenses": 194000.0,
        "Special Income Charges": -1338000.0,
        "Other Special Charges": NaN,
        "Restructuring And Mergern Acquisition": 1338000.0,
        "Gain On Sale Of Security": -194000.0,
        "Net Non Operating Interest Income Expense": -9500000.0,
        "Interest Expense Non Operating": 10731000.0,
        "Interest Income Non Operating": 1231000.0,
        "Operating Income": 48796000.0,
        "Operating Expense": 48744000.0,
        "Depreciation Amortization Depletion Income Statement": 10602000.0,
        "Depreciation And Amortization In Income Statement": 10602000.0,
        "Selling General And Administration": 38142000.0,
        "General And Administrative Expense": 38142000.0,
        "Other Gand A": 38142000.0,
        "Gross Profit": 97540000.0,
        "Cost Of Revenue": 279233000.0,
        "Total Revenue": 376773000.0,
        "Operating Revenue": 376773000.0
    },
    "2022-12-31": {
        "Tax Effect Of Unusual Items": NaN,
        "Tax Rate For Calcs": NaN,
        "Normalized EBITDA": NaN,
        "Total Unusual Items": NaN,
        "Total Unusual Items Excluding Goodwill": NaN,
        "Net Income From Continuing Operation Net Minority Interest": NaN,
        "Reconciled Depreciation": NaN,
        "Reconciled Cost Of Revenue": NaN,
        "EBITDA": NaN,
        "EBIT": NaN,
        "Net Interest Income": NaN,
        "Interest Expense": NaN,
        "Interest Income": NaN,
        "Normalized Income": NaN,
        "Net Income From Continuing And Discontinued Operation": NaN,
        "Total Expenses": NaN,
        "Total Operating Income As Reported": NaN,
        "Diluted Average Shares": NaN,
        "Basic Average Shares": NaN,
        "Diluted EPS": NaN,
        "Basic EPS": NaN,
        "Diluted NI Availto Com Stockholders": NaN,
        "Net Income Common Stockholders": NaN,
        "Preferred Stock Dividends": NaN,
        "Net Income": NaN,
        "Net Income Including Noncontrolling Interests": NaN,
        "Net Income Continuous Operations": NaN,
        "Tax Provision": NaN,
        "Pretax Income": NaN,
        "Other Income Expense": NaN,
        "Other Non Operating Income Expenses": NaN,
        "Special Income Charges": NaN,
        "Other Special Charges": 0.0,
        "Restructuring And Mergern Acquisition": NaN,
        "Gain On Sale Of Security": NaN,
        "Net Non Operating Interest Income Expense": NaN,
        "Interest Expense Non Operating": NaN,
        "Interest Income Non Operating": NaN,
        "Operating Income": NaN,
        "Operating Expense": NaN,
        "Depreciation Amortization Depletion Income Statement": NaN,
        "Depreciation And Amortization In Income Statement": NaN,
        "Selling General And Administration": NaN,
        "General And Administrative Expense": NaN,
        "Other Gand A": NaN,
        "Gross Profit": NaN,
        "Cost Of Revenue": NaN,
        "Total Revenue": NaN,
        "Operating Revenue": NaN
    },
    "2022-09-30": {
        "Tax Effect Of Unusual Items": NaN,
        "Tax Rate For Calcs": NaN,
        "Normalized EBITDA": NaN,
        "Total Unusual Items": NaN,
        "Total Unusual Items Excluding Goodwill": NaN,
        "Net Income From Continuing Operation Net Minority Interest": NaN,
        "Reconciled Depreciation": NaN,
        "Reconciled Cost Of Revenue": NaN,
        "EBITDA": NaN,
        "EBIT": NaN,
        "Net Interest Income": NaN,
        "Interest Expense": NaN,
        "Interest Income": 778000.0,
        "Normalized Income": NaN,
        "Net Income From Continuing And Discontinued Operation": NaN,
        "Total Expenses": NaN,
        "Total Operating Income As Reported": NaN,
        "Diluted Average Shares": NaN,
        "Basic Average Shares": NaN,
        "Diluted EPS": NaN,
        "Basic EPS": NaN,
        "Diluted NI Availto Com Stockholders": NaN,
        "Net Income Common Stockholders": NaN,
        "Preferred Stock Dividends": NaN,
        "Net Income": NaN,
        "Net Income Including Noncontrolling Interests": NaN,
        "Net Income Continuous Operations": NaN,
        "Tax Provision": NaN,
        "Pretax Income": NaN,
        "Other Income Expense": NaN,
        "Other Non Operating Income Expenses": NaN,
        "Special Income Charges": NaN,
        "Other Special Charges": -42750000.0,
        "Restructuring And Mergern Acquisition": NaN,
        "Gain On Sale Of Security": NaN,
        "Net Non Operating Interest Income Expense": NaN,
        "Interest Expense Non Operating": NaN,
        "Interest Income Non Operating": 778000.0,
        "Operating Income": NaN,
        "Operating Expense": NaN,
        "Depreciation Amortization Depletion Income Statement": NaN,
        "Depreciation And Amortization In Income Statement": NaN,
        "Selling General And Administration": NaN,
        "General And Administrative Expense": NaN,
        "Other Gand A": NaN,
        "Gross Profit": NaN,
        "Cost Of Revenue": NaN,
        "Total Revenue": NaN,
        "Operating Revenue": NaN
    },
    "2022-06-30": {
        "Tax Effect Of Unusual Items": -23200.0,
        "Tax Rate For Calcs": 0.4,
        "Normalized EBITDA": 15663000.0,
        "Total Unusual Items": -58000.0,
        "Total Unusual Items Excluding Goodwill": -58000.0,
        "Net Income From Continuing Operation Net Minority Interest": -2777000.0,
        "Reconciled Depreciation": 24556000.0,
        "Reconciled Cost Of Revenue": 377386000.0,
        "EBITDA": 15605000.0,
        "EBIT": -8951000.0,
        "Net Interest Income": -8021000.0,
        "Interest Expense": 8021000.0,
        "Normalized Income": -2742200.0,
        "Net Income From Continuing And Discontinued Operation": -2777000.0,
        "Total Expenses": 433451000.0,
        "Total Operating Income As Reported": -6844000.0,
        "Diluted Average Shares": 150203000.0,
        "Basic Average Shares": 150203000.0,
        "Diluted EPS": -0.11,
        "Basic EPS": -0.11,
        "Diluted NI Availto Com Stockholders": -14959000.0,
        "Net Income Common Stockholders": -14959000.0,
        "Preferred Stock Dividends": 12182000.0,
        "Net Income": -2777000.0,
        "Net Income Including Noncontrolling Interests": -2777000.0,
        "Net Income Continuous Operations": -2777000.0,
        "Tax Provision": -14195000.0,
        "Pretax Income": -16972000.0,
        "Other Income Expense": -429000.0,
        "Other Non Operating Income Expenses": -371000.0,
        "Special Income Charges": 1678000.0,
        "Other Special Charges": NaN,
        "Restructuring And Mergern Acquisition": -1678000.0,
        "Gain On Sale Of Security": -1736000.0,
        "Net Non Operating Interest Income Expense": -8021000.0,
        "Interest Expense Non Operating": 8021000.0,
        "Operating Income": -8522000.0,
        "Operating Expense": 55898000.0,
        "Depreciation Amortization Depletion Income Statement": 24389000.0,
        "Depreciation And Amortization In Income Statement": 24389000.0,
        "Selling General And Administration": 31509000.0,
        "General And Administrative Expense": 31509000.0,
        "Other Gand A": 31509000.0,
        "Gross Profit": 47376000.0,
        "Cost Of Revenue": 377553000.0,
        "Total Revenue": 424929000.0,
        "Operating Revenue": 424929000.0
    },
    "2022-03-31": {
        "Diluted EPS": -0.25,
        "Total Revenue": 301,
        "Gross Profit": 27,
        "Operating Income": -38,
        "EBIT": -13,
        "Net Income": -38
    },
    "2021-12-31": {
        "Diluted EPS": -0.26,
        "Total Revenue": 220,
        "Gross Profit": 10,
        "Operating Income": -20,
        "EBIT": -12,
        "Net Income": -32
    },
    "2021-09-30": {
        "Diluted EPS": -0.25,
        "Total Revenue": 189,
        "Gross Profit": 6,
        "Operating Income": -20,
        "EBIT": -4,
        "Net Income": -33
    },
    "2021-06-30": {
        "Diluted EPS": -0.04,
        "Total Revenue": 197,
        "Gross Profit": 21,
        "Operating Income": -1,
        "EBIT": 7,
        "Net Income": -6
    },
    "2021-03-31": {
        "Diluted EPS": 0.04,
        "Total Revenue": 248,
        "Gross Profit": 46,
        "Operating Income": 15,
        "EBIT": 25,
        "Net Income": 5
    },
    "2020-12-31": {
        "Diluted EPS": -0.08,
        "Total Revenue": 181,
        "Gross Profit": 35,
        "Operating Income": -2,
        "EBIT": 6,
        "Net Income": -10
    },
    "2020-09-30": {
        "Diluted EPS": -0.06,
        "Total Revenue": 139,
        "Gross Profit": 27,
        "Operating Income": -5,
        "EBIT": 2,
        "Net Income": -7
    },
    "2020-06-30": {
        "Diluted EPS": 0.02,
        "Total Revenue": 115,
        "Gross Profit": 22,
        "Operating Income": 1,
        "EBIT": 8,
        "Net Income": 2
    },
    "2020-03-31": {
        "Diluted EPS": 0.61,
        "Total Revenue": 438,
        "Gross Profit": 118,
        "Operating Income": 101,
        "EBIT": 110,
        "Net Income": 74
    },
    "2019-12-31": {
        "Diluted EPS": 0.0,
        "Total Revenue": NaN,
        "Gross Profit": NaN,
        "Operating Income": NaN,
        "EBIT": NaN,
        "Net Income": NaN
    },
    "2019-09-30": {
        "Diluted EPS": 0.15,
        "Total Revenue": 198,
        "Gross Profit": 47,
        "Operating Income": 28,
        "EBIT": 28,
        "Net Income": 18
    },
    "2018-12-31": {
        "Diluted EPS": 0.0,
        "Total Revenue": NaN,
        "Gross Profit": NaN,
        "Operating Income": NaN,
        "EBIT": NaN,
        "Net Income": NaN
    },
    "2023-06-30": {
        "Tax Effect Of Unusual Items": 63993.0,
        "Tax Rate For Calcs": 0.257,
        "Normalized EBITDA": 110230000.0,
        "Total Unusual Items": 249000.0,
        "Total Unusual Items Excluding Goodwill": 249000.0,
        "Net Income From Continuing Operation Net Minority Interest": 64808000.0,
        "Reconciled Depreciation": 13159000.0,
        "Reconciled Cost Of Revenue": 357370000.0,
        "EBITDA": 110479000.0,
        "EBIT": 97320000.0,
        "Net Interest Income": -10109000.0,
        "Interest Expense": 10109000.0,
        "Interest Income": 1468000.0,
        "Normalized Income": 64622993.0,
        "Net Income From Continuing And Discontinued Operation": 64808000.0,
        "Total Expenses": 410779000.0,
        "Total Operating Income As Reported": 96241000.0,
        "Diluted Average Shares": 152129000.0,
        "Basic Average Shares": 150919000.0,
        "Diluted EPS": 0.34,
        "Basic EPS": 0.34,
        "Diluted NI Availto Com Stockholders": 52024000.0,
        "Net Income Common Stockholders": 52024000.0,
        "Preferred Stock Dividends": 12784000.0,
        "Net Income": 64808000.0,
        "Net Income Including Noncontrolling Interests": 64808000.0,
        "Net Income Continuous Operations": 64808000.0,
        "Tax Provision": 22403000.0,
        "Pretax Income": 87211000.0,
        "Other Income Expense": 374000.0,
        "Other Non Operating Income Expenses": 125000.0,
        "Special Income Charges": -705000.0,
        "Restructuring And Mergern Acquisition": 705000.0,
        "Gain On Sale Of Security": 954000.0,
        "Net Non Operating Interest Income Expense": -10109000.0,
        "Interest Expense Non Operating": 10109000.0,
        "Interest Income Non Operating": 1468000.0,
        "Operating Income": 96946000.0,
        "Operating Expense": 53096000.0,
        "Depreciation Amortization Depletion Income Statement": 12846000.0,
        "Depreciation And Amortization In Income Statement": 12846000.0,
        "Selling General And Administration": 40250000.0,
        "General And Administrative Expense": 40250000.0,
        "Other Gand A": 40250000.0,
        "Gross Profit": 150042000.0,
        "Cost Of Revenue": 357683000.0,
        "Total Revenue": 507725000.0,
        "Operating Revenue": 507725000.0
    },
    "2023-09-30": {
        "Tax Effect Of Unusual Items": NaN,
        "Tax Rate For Calcs": NaN,
        "Normalized EBITDA": NaN,
        "Total Unusual Items": NaN,
        "Total Unusual Items Excluding Goodwill": NaN,
        "Net Income From Continuing Operation Net Minority Interest": NaN,
        "Reconciled Depreciation": NaN,
        "Reconciled Cost Of Revenue": NaN,
        "EBITDA": NaN,
        "EBIT": NaN,
        "Net Interest Income": NaN,
        "Interest Expense": NaN,
        "Interest Income": NaN,
        "Normalized Income": NaN,
        "Net Income From Continuing And Discontinued Operation": NaN,
        "Total Expenses": NaN,
        "Total Operating Income As Reported": NaN,
        "Diluted Average Shares": 152323000.0,
        "Basic Average Shares": 151068000.0,
        "Diluted EPS": 0.07,
        "Basic EPS": 0.07,
        "Diluted NI Availto Com Stockholders": NaN,
        "Net Income Common Stockholders": NaN,
        "Preferred Stock Dividends": NaN,
        "Net Income": NaN,
        "Net Income Including Noncontrolling Interests": NaN,
        "Net Income Continuous Operations": NaN,
        "Tax Provision": NaN,
        "Pretax Income": NaN,
        "Other Income Expense": NaN,
        "Other Non Operating Income Expenses": NaN,
        "Special Income Charges": NaN,
        "Impairment Of Capital Assets": 0.0,
        "Restructuring And Mergern Acquisition": NaN,
        "Gain On Sale Of Security": NaN,
        "Net Non Operating Interest Income Expense": NaN,
        "Interest Expense Non Operating": NaN,
        "Interest Income Non Operating": NaN,
        "Operating Income": NaN,
        "Operating Expense": NaN,
        "Depreciation Amortization Depletion Income Statement": NaN,
        "Depreciation And Amortization In Income Statement": NaN,
        "Selling General And Administration": NaN,
        "General And Administrative Expense": NaN,
        "Other Gand A": NaN,
        "Gross Profit": NaN,
        "Cost Of Revenue": NaN,
        "Total Revenue": NaN,
        "Operating Revenue": NaN
    },
    "2023-12-31": {
        "Tax Effect Of Unusual Items": 1427.452649,
        "Tax Rate For Calcs": 0.017408,
        "Normalized EBITDA": 45860000.0,
        "Total Unusual Items": 82000.0,
        "Total Unusual Items Excluding Goodwill": 82000.0,
        "Net Income From Continuing Operation Net Minority Interest": 23086000.0,
        "Reconciled Depreciation": 13590000.0,
        "Reconciled Cost Of Revenue": 253363000.0,
        "EBITDA": 45942000.0,
        "EBIT": 32352000.0,
        "Net Interest Income": -6651000.0,
        "Interest Expense": 8857000.0,
        "Interest Income": 2206000.0,
        "Normalized Income": 23005427.452649,
        "Net Income From Continuing And Discontinued Operation": 23086000.0,
        "Total Expenses": 310663000.0,
        "Total Operating Income As Reported": 30220000.0,
        "Diluted Average Shares": 152110000.0,
        "Basic Average Shares": 151175000.0,
        "Diluted EPS": 0.04,
        "Basic EPS": 0.04,
        "Diluted NI Availto Com Stockholders": 9754000.0,
        "Net Income Common Stockholders": 9754000.0,
        "Preferred Stock Dividends": 13332000.0,
        "Net Income": 23086000.0,
        "Net Income Including Noncontrolling Interests": 23086000.0,
        "Net Income Continuous Operations": 23086000.0,
        "Tax Provision": 409000.0,
        "Pretax Income": 23495000.0,
        "Other Income Expense": -806000.0,
        "Other Non Operating Income Expenses": -888000.0,
        "Special Income Charges": -732000.0,
        "Impairment Of Capital Assets": NaN,
        "Restructuring And Mergern Acquisition": 732000.0,
        "Gain On Sale Of Security": 814000.0,
        "Net Non Operating Interest Income Expense": -6651000.0,
        "Interest Expense Non Operating": 8857000.0,
        "Interest Income Non Operating": 2206000.0,
        "Operating Income": 30952000.0,
        "Operating Expense": 53277000.0,
        "Depreciation Amortization Depletion Income Statement": 9567000.0,
        "Depreciation And Amortization In Income Statement": 9567000.0,
        "Selling General And Administration": 43710000.0,
        "General And Administrative Expense": 43710000.0,
        "Other Gand A": 43710000.0,
        "Gross Profit": 84229000.0,
        "Cost Of Revenue": 257386000.0,
        "Total Revenue": 341615000.0,
        "Operating Revenue": 341615000.0
    },
    "2024-03-31": {
        "Tax Effect Of Unusual Items": 88736.0,
        "Tax Rate For Calcs": 0.376,
        "Normalized EBITDA": 25937000.0,
        "Total Unusual Items": 236000.0,
        "Total Unusual Items Excluding Goodwill": 236000.0,
        "Net Income From Continuing Operation Net Minority Interest": 2165000.0,
        "Reconciled Depreciation": 13764000.0,
        "Reconciled Cost Of Revenue": 94176000.0,
        "EBITDA": 26173000.0,
        "EBIT": 12409000.0,
        "Net Interest Income": -5260000.0,
        "Interest Expense": 8940000.0,
        "Interest Income": 3680000.0,
        "Normalized Income": 2017736.0,
        "Net Income From Continuing And Discontinued Operation": 2165000.0,
        "Total Expenses": 145724000.0,
        "Total Operating Income As Reported": 8414000.0,
        "Diluted Average Shares": 151351000.0,
        "Basic Average Shares": 151351000.0,
        "Diluted EPS": -0.07,
        "Basic EPS": -0.07,
        "Diluted NI Availto Com Stockholders": -11337000.0,
        "Net Income Common Stockholders": -11337000.0,
        "Preferred Stock Dividends": 13502000.0,
        "Net Income": 2165000.0,
        "Net Income Including Noncontrolling Interests": 2165000.0,
        "Net Income Continuous Operations": 2165000.0,
        "Tax Provision": 1304000.0,
        "Pretax Income": 3469000.0,
        "Other Income Expense": 1050000.0,
        "Other Non Operating Income Expenses": 814000.0,
        "Special Income Charges": 735000.0,
        "Impairment Of Capital Assets": NaN,
        "Restructuring And Mergern Acquisition": -735000.0,
        "Gain On Sale Of Security": -499000.0,
        "Net Non Operating Interest Income Expense": -5260000.0,
        "Interest Expense Non Operating": 8940000.0,
        "Interest Income Non Operating": 3680000.0,
        "Operating Income": 7679000.0,
        "Operating Expense": 47411000.0,
        "Depreciation Amortization Depletion Income Statement": 9627000.0,
        "Depreciation And Amortization In Income Statement": 9627000.0,
        "Selling General And Administration": 37784000.0,
        "General And Administrative Expense": 37784000.0,
        "Other Gand A": 37784000.0,
        "Gross Profit": 55090000.0,
        "Cost Of Revenue": 98313000.0,
        "Total Revenue": 153403000.0,
        "Operating Revenue": 153403000.0
    },
    "2024-06-30": {
        "Tax Effect Of Unusual Items": -226243.0,
        "Tax Rate For Calcs": 0.233,
        "Normalized EBITDA": 56064000.0,
        "Total Unusual Items": -971000.0,
        "Total Unusual Items Excluding Goodwill": -971000.0,
        "Net Income From Continuing Operation Net Minority Interest": 25698000.0,
        "Reconciled Depreciation": 12971000.0,
        "Reconciled Cost Of Revenue": 165719000.0,
        "EBITDA": 55093000.0,
        "EBIT": 42122000.0,
        "Net Interest Income": -3832000.0,
        "Interest Expense": 8614000.0,
        "Interest Income": 4782000.0,
        "Normalized Income": 26442757.0,
        "Net Income From Continuing And Discontinued Operation": 25698000.0,
        "Total Expenses": 215661000.0,
        "Total Operating Income As Reported": 39602000.0,
        "Diluted Average Shares": 152207000.0,
        "Basic Average Shares": 151797000.0,
        "Diluted EPS": 0.08,
        "Basic EPS": 0.08,
        "Diluted NI Availto Com Stockholders": 11949000.0,
        "Net Income Common Stockholders": 11949000.0,
        "Preferred Stock Dividends": 13749000.0,
        "Net Income": 25698000.0,
        "Net Income Including Noncontrolling Interests": 25698000.0,
        "Net Income Continuous Operations": 25698000.0,
        "Tax Provision": 7810000.0,
        "Pretax Income": 33508000.0,
        "Other Income Expense": -2765000.0,
        "Other Non Operating Income Expenses": -1794000.0,
        "Special Income Charges": -503000.0,
        "Impairment Of Capital Assets": NaN,
        "Restructuring And Mergern Acquisition": 503000.0,
        "Gain On Sale Of Security": -468000.0,
        "Net Non Operating Interest Income Expense": -3832000.0,
        "Interest Expense Non Operating": 8614000.0,
        "Interest Income Non Operating": 4782000.0,
        "Operating Income": 40105000.0,
        "Operating Expense": 45848000.0,
        "Depreciation Amortization Depletion Income Statement": 8877000.0,
        "Depreciation And Amortization In Income Statement": 8877000.0,
        "Selling General And Administration": 36971000.0,
        "General And Administrative Expense": 36971000.0,
        "Other Gand A": 36971000.0,
        "Gross Profit": 85953000.0,
        "Cost Of Revenue": 169813000.0,
        "Total Revenue": 255766000.0,
        "Operating Revenue": 255766000.0
    },
    "2024-09-30": {
        "Tax Effect Of Unusual Items": -34034070.0,
        "Tax Rate For Calcs": 0.21,
        "Normalized EBITDA": 46025000.0,
        "Total Unusual Items": -162067000.0,
        "Total Unusual Items Excluding Goodwill": -162067000.0,
        "Net Income From Continuing Operation Net Minority Interest": -141354000.0,
        "Reconciled Depreciation": 13198000.0,
        "Reconciled Cost Of Revenue": 148773000.0,
        "EBITDA": -116042000.0,
        "EBIT": -129240000.0,
        "Net Interest Income": -4041000.0,
        "Interest Expense": 8264000.0,
        "Interest Income": 4223000.0,
        "Normalized Income": -13321070.0,
        "Net Income From Continuing And Discontinued Operation": -141354000.0,
        "Total Expenses": 202120000.0,
        "Total Operating Income As Reported": -132675000.0,
        "Diluted Average Shares": 151923000.0,
        "Basic Average Shares": 151923000.0,
        "Diluted EPS": -1.02,
        "Basic EPS": -1.02,
        "Diluted NI Availto Com Stockholders": -155434000.0,
        "Net Income Common Stockholders": -155434000.0,
        "Preferred Stock Dividends": 14080000.0,
        "Net Income": -141354000.0,
        "Net Income Including Noncontrolling Interests": -141354000.0,
        "Net Income Continuous Operations": -141354000.0,
        "Tax Provision": 3850000.0,
        "Pretax Income": -137504000.0,
        "Other Income Expense": -162749000.0,
        "Other Non Operating Income Expenses": -682000.0,
        "Special Income Charges": -161961000.0,
        "Impairment Of Capital Assets": 162000000.0,
        "Restructuring And Mergern Acquisition": -39000.0,
        "Gain On Sale Of Security": -106000.0,
        "Net Non Operating Interest Income Expense": -4041000.0,
        "Interest Expense Non Operating": 8264000.0,
        "Interest Income Non Operating": 4223000.0,
        "Operating Income": 29286000.0,
        "Operating Expense": 49029000.0,
        "Depreciation Amortization Depletion Income Statement": 8880000.0,
        "Depreciation And Amortization In Income Statement": 8880000.0,
        "Selling General And Administration": 40149000.0,
        "General And Administrative Expense": 40149000.0,
        "Other Gand A": 40149000.0,
        "Gross Profit": 78315000.0,
        "Cost Of Revenue": 153091000.0,
        "Total Revenue": 231406000.0,
        "Operating Revenue": 231406000.0
    },
    "2024-12-31": {
        "Tax Effect Of Unusual Items": -26183768.848843,
        "Tax Rate For Calcs": 0.154256,
        "Normalized EBITDA": 41546000.0,
        "Total Unusual Items": -169742000.0,
        "Total Unusual Items Excluding Goodwill": -169742000.0,
        "Net Income From Continuing Operation Net Minority Interest": -126903000.0,
        "Reconciled Depreciation": 12846000.0,
        "Reconciled Cost Of Revenue": 192769000.0,
        "EBITDA": -128196000.0,
        "EBIT": -141042000.0,
        "Net Interest Income": -4915000.0,
        "Interest Expense": 9007000.0,
        "Interest Income": 4092000.0,
        "Normalized Income": 16655231.151157,
        "Net Income From Continuing And Discontinued Operation": -126903000.0,
        "Total Expenses": 251278000.0,
        "Total Operating Income As Reported": -142346000.0,
        "Diluted Average Shares": NaN,
        "Basic Average Shares": NaN,
        "Diluted EPS": NaN,
        "Basic EPS": NaN,
        "Diluted NI Availto Com Stockholders": -141241000.0,
        "Net Income Common Stockholders": -141241000.0,
        "Preferred Stock Dividends": 14338000.0,
        "Net Income": -126903000.0,
        "Net Income Including Noncontrolling Interests": -126903000.0,
        "Net Income Continuous Operations": -126903000.0,
        "Tax Provision": -23146000.0,
        "Pretax Income": -150049000.0,
        "Other Income Expense": -169088000.0,
        "Other Non Operating Income Expenses": 654000.0,
        "Special Income Charges": -166300000.0,
        "Impairment Of Capital Assets": 165904000.0,
        "Restructuring And Mergern Acquisition": 396000.0,
        "Gain On Sale Of Security": -3442000.0,
        "Net Non Operating Interest Income Expense": -4915000.0,
        "Interest Expense Non Operating": 9007000.0,
        "Interest Income Non Operating": 4092000.0,
        "Operating Income": 23954000.0,
        "Operating Expense": 54365000.0,
        "Depreciation Amortization Depletion Income Statement": 8702000.0,
        "Depreciation And Amortization In Income Statement": 8702000.0,
        "Selling General And Administration": 45663000.0,
        "General And Administrative Expense": 45663000.0,
        "Other Gand A": 45663000.0,
        "Gross Profit": 78319000.0,
        "Cost Of Revenue": 196913000.0,
        "Total Revenue": 275232000.0,
        "Operating Revenue": 275232000.0
    }
}