{
    "2023-03-31": {
        "Tax Effect Of Unusual Items": NaN,
        "Tax Rate For Calcs": NaN,
        "Normalized EBITDA": NaN,
        "Total Unusual Items": NaN,
        "Total Unusual Items Excluding Goodwill": NaN,
        "Net Income From Continuing Operation Net Minority Interest": NaN,
        "Reconciled Depreciation": NaN,
        "Reconciled Cost Of Revenue": NaN,
        "EBITDA": NaN,
        "EBIT": NaN,
        "Net Interest Income": NaN,
        "Interest Expense": NaN,
        "Normalized Income": NaN,
        "Net Income From Continuing And Discontinued Operation": NaN,
        "Total Expenses": NaN,
        "Total Operating Income As Reported": NaN,
        "Diluted Average Shares": 9510000.0,
        "Basic Average Shares": 9504000.0,
        "Diluted EPS": 0.39,
        "Basic EPS": 0.39,
        "Diluted NI Availto Com Stockholders": NaN,
        "Net Income Common Stockholders": NaN,
        "Net Income": NaN,
        "Net Income Including Noncontrolling Interests": NaN,
        "Net Income Continuous Operations": NaN,
        "Tax Provision": NaN,
        "Pretax Income": NaN,
        "Other Income Expense": NaN,
        "Other Non Operating Income Expenses": NaN,
        "Special Income Charges": NaN,
        "Other Special Charges": NaN,
        "Net Non Operating Interest Income Expense": NaN,
        "Interest Expense Non Operating": NaN,
        "Operating Income": NaN,
        "Operating Expense": NaN,
        "Other Taxes": NaN,
        "Depreciation Amortization Depletion Income Statement": NaN,
        "Depreciation And Amortization In Income Statement": NaN,
        "Gross Profit": NaN,
        "Cost Of Revenue": NaN,
        "Total Revenue": NaN,
        "Operating Revenue": NaN
    },
    "2022-12-31": {
        "Tax Effect Of Unusual Items": 120279.069767,
        "Tax Rate For Calcs": 0.27907,
        "Normalized EBITDA": 8361000.0,
        "Total Unusual Items": 431000.0,
        "Total Unusual Items Excluding Goodwill": 431000.0,
        "Net Income From Continuing Operation Net Minority Interest": 2325000.0,
        "Reconciled Depreciation": 3270000.0,
        "Reconciled Cost Of Revenue": 15210000.0,
        "EBITDA": 8792000.0,
        "EBIT": 5522000.0,
        "Net Interest Income": -2297000.0,
        "Interest Expense": 2297000.0,
        "Normalized Income": 2014279.069767,
        "Net Income From Continuing And Discontinued Operation": 2325000.0,
        "Total Expenses": 19980000.0,
        "Total Operating Income As Reported": 4237000.0,
        "Diluted Average Shares": NaN,
        "Basic Average Shares": NaN,
        "Diluted EPS": NaN,
        "Basic EPS": NaN,
        "Diluted NI Availto Com Stockholders": 2325000.0,
        "Net Income Common Stockholders": 2325000.0,
        "Net Income": 2325000.0,
        "Net Income Including Noncontrolling Interests": 2325000.0,
        "Net Income Continuous Operations": 2325000.0,
        "Tax Provision": 900000.0,
        "Pretax Income": 3225000.0,
        "Other Income Expense": 385000.0,
        "Other Non Operating Income Expenses": -46000.0,
        "Special Income Charges": 431000.0,
        "Other Special Charges": -431000.0,
        "Net Non Operating Interest Income Expense": -2297000.0,
        "Interest Expense Non Operating": 2297000.0,
        "Operating Income": 5137000.0,
        "Operating Expense": 4770000.0,
        "Other Taxes": 1500000.0,
        "Depreciation Amortization Depletion Income Statement": 3270000.0,
        "Depreciation And Amortization In Income Statement": 3270000.0,
        "Gross Profit": 9907000.0,
        "Cost Of Revenue": 15210000.0,
        "Total Revenue": 25117000.0,
        "Operating Revenue": 25117000.0
    },
    "2022-09-30": {
        "Tax Effect Of Unusual Items": NaN,
        "Tax Rate For Calcs": NaN,
        "Normalized EBITDA": NaN,
        "Total Unusual Items": NaN,
        "Total Unusual Items Excluding Goodwill": NaN,
        "Net Income From Continuing Operation Net Minority Interest": NaN,
        "Reconciled Depreciation": NaN,
        "Reconciled Cost Of Revenue": NaN,
        "EBITDA": NaN,
        "EBIT": NaN,
        "Net Interest Income": NaN,
        "Interest Expense": NaN,
        "Normalized Income": NaN,
        "Net Income From Continuing And Discontinued Operation": NaN,
        "Total Expenses": NaN,
        "Total Operating Income As Reported": NaN,
        "Diluted Average Shares": 9492000.0,
        "Basic Average Shares": 9477000.0,
        "Diluted EPS": 0.65,
        "Basic EPS": 0.65,
        "Diluted NI Availto Com Stockholders": NaN,
        "Net Income Common Stockholders": NaN,
        "Net Income": NaN,
        "Net Income Including Noncontrolling Interests": NaN,
        "Net Income Continuous Operations": NaN,
        "Tax Provision": NaN,
        "Pretax Income": NaN,
        "Other Income Expense": NaN,
        "Other Non Operating Income Expenses": NaN,
        "Special Income Charges": NaN,
        "Other Special Charges": NaN,
        "Net Non Operating Interest Income Expense": NaN,
        "Interest Expense Non Operating": NaN,
        "Operating Income": NaN,
        "Operating Expense": NaN,
        "Other Taxes": NaN,
        "Depreciation Amortization Depletion Income Statement": NaN,
        "Depreciation And Amortization In Income Statement": NaN,
        "Gross Profit": NaN,
        "Cost Of Revenue": NaN,
        "Total Revenue": NaN,
        "Operating Revenue": NaN
    },
    "2022-06-30": {
        "Tax Effect Of Unusual Items": 82543.198937,
        "Tax Rate For Calcs": 0.254763,
        "Normalized EBITDA": 11590000.0,
        "Total Unusual Items": 324000.0,
        "Total Unusual Items Excluding Goodwill": 324000.0,
        "Net Income From Continuing Operation Net Minority Interest": 5046000.0,
        "Reconciled Depreciation": 3055000.0,
        "Reconciled Cost Of Revenue": 11975000.0,
        "EBITDA": 11914000.0,
        "EBIT": 8859000.0,
        "Net Interest Income": -2088000.0,
        "Interest Expense": 2088000.0,
        "Normalized Income": 4804543.198937,
        "Net Income From Continuing And Discontinued Operation": 5046000.0,
        "Total Expenses": 16443000.0,
        "Total Operating Income As Reported": 6843000.0,
        "Diluted Average Shares": 9470000.0,
        "Basic Average Shares": 9452000.0,
        "Diluted EPS": 0.53,
        "Basic EPS": 0.53,
        "Diluted NI Availto Com Stockholders": 5046000.0,
        "Net Income Common Stockholders": 5046000.0,
        "Net Income": 5046000.0,
        "Net Income Including Noncontrolling Interests": 5046000.0,
        "Net Income Continuous Operations": 5046000.0,
        "Tax Provision": 1725000.0,
        "Pretax Income": 6771000.0,
        "Other Income Expense": 291000.0,
        "Other Non Operating Income Expenses": -33000.0,
        "Special Income Charges": 324000.0,
        "Other Special Charges": -324000.0,
        "Net Non Operating Interest Income Expense": -2088000.0,
        "Interest Expense Non Operating": 2088000.0,
        "Operating Income": 8568000.0,
        "Operating Expense": 4468000.0,
        "Other Taxes": 1413000.0,
        "Depreciation Amortization Depletion Income Statement": 3055000.0,
        "Depreciation And Amortization In Income Statement": 3055000.0,
        "Gross Profit": 13036000.0,
        "Cost Of Revenue": 11975000.0,
        "Total Revenue": 25011000.0,
        "Operating Revenue": 25011000.0
    },
    "2022-03-31": {
        "Diluted EPS": 0.47,
        "Total Revenue": 22,
        "Gross Profit": 22,
        "Operating Income": 5,
        "EBIT": 8,
        "Net Income": 4
    },
    "2021-12-31": {
        "Diluted EPS": 0.32,
        "Total Revenue": 23,
        "Gross Profit": 23,
        "Operating Income": 5,
        "EBIT": 8,
        "Net Income": 3
    },
    "2021-09-30": {
        "Diluted EPS": 0.54,
        "Total Revenue": 25,
        "Gross Profit": 25,
        "Operating Income": 7,
        "EBIT": 10,
        "Net Income": 5
    },
    "2021-06-30": {
        "Diluted EPS": 0.48,
        "Total Revenue": 22,
        "Gross Profit": 22,
        "Operating Income": 6,
        "EBIT": 9,
        "Net Income": 5
    },
    "2021-03-31": {
        "Diluted EPS": 0.45,
        "Total Revenue": 21,
        "Gross Profit": 21,
        "Operating Income": 4,
        "EBIT": 7,
        "Net Income": 4
    },
    "2020-12-31": {
        "Diluted EPS": 0.32,
        "Total Revenue": 22,
        "Gross Profit": 22,
        "Operating Income": 5,
        "EBIT": 8,
        "Net Income": 3
    },
    "2020-09-30": {
        "Diluted EPS": 0.54,
        "Total Revenue": 25,
        "Gross Profit": 25,
        "Operating Income": 7,
        "EBIT": 10,
        "Net Income": 5
    },
    "2020-06-30": {
        "Diluted EPS": 0.49,
        "Total Revenue": 22,
        "Gross Profit": 22,
        "Operating Income": 6,
        "EBIT": 9,
        "Net Income": 5
    },
    "2020-03-31": {
        "Diluted EPS": 0.44,
        "Total Revenue": 20,
        "Gross Profit": 20,
        "Operating Income": 4,
        "EBIT": 7,
        "Net Income": 4
    },
    "2019-12-31": {
        "Diluted EPS": 0.32,
        "Total Revenue": 21,
        "Gross Profit": 21,
        "Operating Income": 5,
        "EBIT": 7,
        "Net Income": 3
    },
    "2019-09-30": {
        "Diluted EPS": 0.48,
        "Total Revenue": 23,
        "Gross Profit": 23,
        "Operating Income": 6,
        "EBIT": 8,
        "Net Income": 4
    },
    "2019-06-30": {
        "Diluted EPS": 0.41,
        "Total Revenue": 21,
        "Gross Profit": 21,
        "Operating Income": 5,
        "EBIT": 8,
        "Net Income": 4
    },
    "2019-03-31": {
        "Diluted EPS": 0.39,
        "Total Revenue": 19,
        "Gross Profit": 19,
        "Operating Income": 4,
        "EBIT": 7,
        "Net Income": 4
    },
    "2018-12-31": {
        "Diluted EPS": 0.33,
        "Total Revenue": 19,
        "Gross Profit": 19,
        "Operating Income": 5,
        "EBIT": 7,
        "Net Income": 3
    },
    "2018-09-30": {
        "Diluted EPS": 0.42,
        "Total Revenue": 22,
        "Gross Profit": 22,
        "Operating Income": 5,
        "EBIT": 8,
        "Net Income": 4
    },
    "2018-06-30": {
        "Diluted EPS": 0.42,
        "Total Revenue": 20,
        "Gross Profit": 20,
        "Operating Income": 5,
        "EBIT": 8,
        "Net Income": 4
    },
    "2018-03-31": {
        "Diluted EPS": 0.37,
        "Total Revenue": 19,
        "Gross Profit": 19,
        "Operating Income": 4,
        "EBIT": 7,
        "Net Income": 3
    },
    "2017-12-31": {
        "Diluted EPS": 0.4,
        "Total Revenue": 20,
        "Gross Profit": 20,
        "Operating Income": 5,
        "EBIT": 8,
        "Net Income": 4
    },
    "2017-09-30": {
        "Diluted EPS": 0.42,
        "Total Revenue": 22,
        "Gross Profit": 22,
        "Operating Income": 5,
        "EBIT": 8,
        "Net Income": 4
    },
    "2017-06-30": {
        "Diluted EPS": 0.35,
        "Total Revenue": 21,
        "Gross Profit": 21,
        "Operating Income": 5,
        "EBIT": 7,
        "Net Income": 3
    },
    "2017-03-31": {
        "Diluted EPS": 0.34,
        "Total Revenue": 19,
        "Gross Profit": 19,
        "Operating Income": 4,
        "EBIT": 6,
        "Net Income": 3
    },
    "2016-12-31": {
        "Diluted EPS": 0.29,
        "Total Revenue": 19,
        "Gross Profit": 19,
        "Operating Income": 4,
        "EBIT": 7,
        "Net Income": 3
    },
    "2016-09-30": {
        "Diluted EPS": 0.48,
        "Total Revenue": 22,
        "Gross Profit": 22,
        "Operating Income": 6,
        "EBIT": 8,
        "Net Income": 4
    },
    "2016-06-30": {
        "Diluted EPS": 0.33,
        "Total Revenue": 19,
        "Gross Profit": 19,
        "Operating Income": 5,
        "EBIT": 7,
        "Net Income": 3
    },
    "2016-03-31": {
        "Diluted EPS": 0.31,
        "Total Revenue": 18,
        "Gross Profit": 18,
        "Operating Income": 4,
        "EBIT": 6,
        "Net Income": 3
    },
    "2015-12-31": {
        "Diluted EPS": 0.21,
        "Total Revenue": 19,
        "Gross Profit": 19,
        "Operating Income": 4,
        "EBIT": 6,
        "Net Income": 2
    },
    "2015-09-30": {
        "Diluted EPS": 0.41,
        "Total Revenue": 21,
        "Gross Profit": 21,
        "Operating Income": 5,
        "EBIT": 8,
        "Net Income": 4
    },
    "2015-06-30": {
        "Diluted EPS": 0.36,
        "Total Revenue": 20,
        "Gross Profit": 20,
        "Operating Income": 5,
        "EBIT": 7,
        "Net Income": 3
    },
    "2015-03-31": {
        "Diluted EPS": 0.28,
        "Total Revenue": 18,
        "Gross Profit": 18,
        "Operating Income": 4,
        "EBIT": 6,
        "Net Income": 3
    },
    "2014-12-31": {
        "Diluted EPS": 0.25,
        "Total Revenue": 18,
        "Gross Profit": 18,
        "Operating Income": 4,
        "EBIT": 6,
        "Net Income": 2
    },
    "2014-09-30": {
        "Diluted EPS": 0.37,
        "Total Revenue": 20,
        "Gross Profit": 20,
        "Operating Income": 5,
        "EBIT": 8,
        "Net Income": 3
    },
    "2014-06-30": {
        "Diluted EPS": 0.22,
        "Total Revenue": 18,
        "Gross Profit": 18,
        "Operating Income": 4,
        "EBIT": 6,
        "Net Income": 2
    },
    "2014-03-31": {
        "Diluted EPS": 0.23,
        "Total Revenue": 17,
        "Gross Profit": 17,
        "Operating Income": 3,
        "EBIT": 5,
        "Net Income": 2
    },
    "2013-12-31": {
        "Diluted EPS": 0.18,
        "Total Revenue": 17,
        "Gross Profit": 17,
        "Operating Income": 3,
        "EBIT": 5,
        "Net Income": 2
    },
    "2013-09-30": {
        "Diluted EPS": 0.29,
        "Total Revenue": 18,
        "Gross Profit": 18,
        "Operating Income": 4,
        "EBIT": 6,
        "Net Income": 3
    },
    "2013-06-30": {
        "Diluted EPS": 0.28,
        "Total Revenue": 18,
        "Gross Profit": 18,
        "Operating Income": 4,
        "EBIT": 6,
        "Net Income": 3
    },
    "2013-03-31": {
        "Diluted EPS": 0.19,
        "Total Revenue": 16,
        "Gross Profit": 16,
        "Operating Income": 3,
        "EBIT": 5,
        "Net Income": 2
    },
    "2012-12-31": {
        "Diluted EPS": 0.19,
        "Total Revenue": 17,
        "Gross Profit": 17,
        "Operating Income": 3,
        "EBIT": 6,
        "Net Income": 2
    },
    "2012-09-30": {
        "Diluted EPS": 0.33,
        "Total Revenue": 19,
        "Gross Profit": 19,
        "Operating Income": 4,
        "EBIT": 6,
        "Net Income": 3
    },
    "2012-06-30": {
        "Diluted EPS": 0.32,
        "Total Revenue": 18,
        "Gross Profit": 18,
        "Operating Income": 4,
        "EBIT": 6,
        "Net Income": 3
    },
    "2012-03-31": {
        "Diluted EPS": 0.29,
        "Total Revenue": 17,
        "Gross Profit": 17,
        "Operating Income": 4,
        "EBIT": 6,
        "Net Income": 3
    },
    "2011-12-31": {
        "Diluted EPS": 0.21,
        "Total Revenue": 16,
        "Gross Profit": 16,
        "Operating Income": 4,
        "EBIT": 5,
        "Net Income": 2
    },
    "2011-09-30": {
        "Diluted EPS": 0.26,
        "Total Revenue": 18,
        "Gross Profit": 18,
        "Operating Income": 4,
        "EBIT": 6,
        "Net Income": 2
    },
    "2011-06-30": {
        "Diluted EPS": 0.23,
        "Total Revenue": 17,
        "Gross Profit": 17,
        "Operating Income": 4,
        "EBIT": 5,
        "Net Income": 2
    },
    "2011-03-31": {
        "Diluted EPS": 0.13,
        "Total Revenue": 15,
        "Gross Profit": 15,
        "Operating Income": 2,
        "EBIT": 4,
        "Net Income": 1
    },
    "2010-12-31": {
        "Diluted EPS": 0.16,
        "Total Revenue": 16,
        "Gross Profit": 16,
        "Operating Income": 3,
        "EBIT": 5,
        "Net Income": 1
    },
    "2010-09-30": {
        "Diluted EPS": 0.38,
        "Total Revenue": 18,
        "Gross Profit": 18,
        "Operating Income": 5,
        "EBIT": 6,
        "Net Income": 3
    },
    "2010-06-30": {
        "Diluted EPS": 0.24,
        "Total Revenue": 16,
        "Gross Profit": 16,
        "Operating Income": 4,
        "EBIT": 5,
        "Net Income": 2
    },
    "2010-03-31": {
        "Diluted EPS": 0.22,
        "Total Revenue": 15,
        "Gross Profit": 15,
        "Operating Income": 3,
        "EBIT": 5,
        "Net Income": 2
    },
    "2009-12-31": {
        "Diluted EPS": 0.2,
        "Total Revenue": 16,
        "Gross Profit": 16,
        "Operating Income": 3,
        "EBIT": 5,
        "Net Income": 2
    },
    "2009-09-30": {
        "Diluted EPS": 0.28,
        "Total Revenue": 16,
        "Gross Profit": 16,
        "Operating Income": 4,
        "EBIT": 6,
        "Net Income": 2
    },
    "2009-06-30": {
        "Diluted EPS": 0.27,
        "Total Revenue": 15,
        "Gross Profit": 15,
        "Operating Income": 4,
        "EBIT": 5,
        "Net Income": 2
    },
    "2009-03-31": {
        "Diluted EPS": 0.22,
        "Total Revenue": 14,
        "Gross Profit": 14,
        "Operating Income": 3,
        "EBIT": 4,
        "Net Income": 2
    },
    "2023-06-30": {
        "Tax Effect Of Unusual Items": NaN,
        "Tax Rate For Calcs": NaN,
        "Normalized EBITDA": NaN,
        "Total Unusual Items": NaN,
        "Total Unusual Items Excluding Goodwill": NaN,
        "Net Income From Continuing Operation Net Minority Interest": NaN,
        "Reconciled Depreciation": NaN,
        "Reconciled Cost Of Revenue": NaN,
        "EBITDA": NaN,
        "EBIT": NaN,
        "Net Interest Income": NaN,
        "Interest Expense": NaN,
        "Normalized Income": NaN,
        "Net Income From Continuing And Discontinued Operation": NaN,
        "Total Expenses": NaN,
        "Total Operating Income As Reported": NaN,
        "Diluted Average Shares": 10002000.0,
        "Basic Average Shares": 9998000.0,
        "Diluted EPS": 0.44,
        "Basic EPS": 0.44,
        "Diluted NI Availto Com Stockholders": NaN,
        "Net Income Common Stockholders": NaN,
        "Net Income": NaN,
        "Net Income Including Noncontrolling Interests": NaN,
        "Net Income Continuous Operations": NaN,
        "Tax Provision": NaN,
        "Pretax Income": NaN,
        "Other Income Expense": NaN,
        "Other Non Operating Income Expenses": NaN,
        "Special Income Charges": NaN,
        "Other Special Charges": NaN,
        "Net Non Operating Interest Income Expense": NaN,
        "Interest Expense Non Operating": NaN,
        "Operating Income": NaN,
        "Operating Expense": NaN,
        "Other Taxes": NaN,
        "Depreciation Amortization Depletion Income Statement": NaN,
        "Depreciation And Amortization In Income Statement": NaN,
        "Gross Profit": NaN,
        "Cost Of Revenue": NaN,
        "Total Revenue": NaN,
        "Operating Revenue": NaN
    },
    "2023-09-30": {
        "Tax Effect Of Unusual Items": NaN,
        "Tax Rate For Calcs": NaN,
        "Normalized EBITDA": NaN,
        "Total Unusual Items": NaN,
        "Total Unusual Items Excluding Goodwill": NaN,
        "Net Income From Continuing Operation Net Minority Interest": NaN,
        "Reconciled Depreciation": NaN,
        "Reconciled Cost Of Revenue": NaN,
        "EBITDA": NaN,
        "EBIT": NaN,
        "Net Interest Income": NaN,
        "Interest Expense": NaN,
        "Normalized Income": NaN,
        "Net Income From Continuing And Discontinued Operation": NaN,
        "Total Expenses": NaN,
        "Total Operating Income As Reported": NaN,
        "Diluted Average Shares": 10279000.0,
        "Basic Average Shares": 10276000.0,
        "Diluted EPS": 0.49,
        "Basic EPS": 0.49,
        "Diluted NI Availto Com Stockholders": NaN,
        "Net Income Common Stockholders": NaN,
        "Net Income": NaN,
        "Net Income Including Noncontrolling Interests": NaN,
        "Net Income Continuous Operations": NaN,
        "Tax Provision": NaN,
        "Pretax Income": NaN,
        "Other Income Expense": NaN,
        "Other Non Operating Income Expenses": NaN,
        "Special Income Charges": NaN,
        "Other Special Charges": NaN,
        "Net Non Operating Interest Income Expense": NaN,
        "Interest Expense Non Operating": NaN,
        "Operating Income": NaN,
        "Operating Expense": NaN,
        "Other Taxes": NaN,
        "Depreciation Amortization Depletion Income Statement": NaN,
        "Depreciation And Amortization In Income Statement": NaN,
        "Gross Profit": NaN,
        "Cost Of Revenue": NaN,
        "Total Revenue": NaN,
        "Operating Revenue": NaN
    },
    "2023-12-31": {
        "Tax Effect Of Unusual Items": 78837.328767,
        "Tax Rate For Calcs": 0.255137,
        "Normalized EBITDA": 10012000.0,
        "Total Unusual Items": 309000.0,
        "Total Unusual Items Excluding Goodwill": 309000.0,
        "Net Income From Continuing Operation Net Minority Interest": 3480000.0,
        "Reconciled Depreciation": 3453000.0,
        "Reconciled Cost Of Revenue": 12817000.0,
        "EBITDA": 10321000.0,
        "EBIT": 6868000.0,
        "Net Interest Income": -2196000.0,
        "Interest Expense": 2196000.0,
        "Normalized Income": 3249837.328767,
        "Net Income From Continuing And Discontinued Operation": 3480000.0,
        "Total Expenses": 17838000.0,
        "Total Operating Income As Reported": 5514000.0,
        "Diluted Average Shares": NaN,
        "Basic Average Shares": NaN,
        "Diluted EPS": NaN,
        "Basic EPS": NaN,
        "Diluted NI Availto Com Stockholders": 3480000.0,
        "Net Income Common Stockholders": 3480000.0,
        "Net Income": 3480000.0,
        "Net Income Including Noncontrolling Interests": 3480000.0,
        "Net Income Continuous Operations": 3480000.0,
        "Tax Provision": 1192000.0,
        "Pretax Income": 4672000.0,
        "Other Income Expense": 162000.0,
        "Other Non Operating Income Expenses": -147000.0,
        "Special Income Charges": 309000.0,
        "Other Special Charges": -309000.0,
        "Net Non Operating Interest Income Expense": -2196000.0,
        "Interest Expense Non Operating": 2196000.0,
        "Operating Income": 6706000.0,
        "Operating Expense": 5021000.0,
        "Other Taxes": 1568000.0,
        "Depreciation Amortization Depletion Income Statement": 3453000.0,
        "Depreciation And Amortization In Income Statement": 3453000.0,
        "Gross Profit": 11727000.0,
        "Cost Of Revenue": 12817000.0,
        "Total Revenue": 24544000.0,
        "Operating Revenue": 24544000.0
    },
    "2024-03-31": {
        "Tax Effect Of Unusual Items": NaN,
        "Tax Rate For Calcs": NaN,
        "Normalized EBITDA": NaN,
        "Total Unusual Items": 285000.0,
        "Total Unusual Items Excluding Goodwill": 285000.0,
        "Net Income From Continuing Operation Net Minority Interest": NaN,
        "Reconciled Depreciation": NaN,
        "Reconciled Cost Of Revenue": NaN,
        "EBITDA": NaN,
        "EBIT": NaN,
        "Net Interest Income": NaN,
        "Interest Expense": NaN,
        "Normalized Income": NaN,
        "Net Income From Continuing And Discontinued Operation": NaN,
        "Total Expenses": NaN,
        "Total Operating Income As Reported": NaN,
        "Diluted Average Shares": NaN,
        "Basic Average Shares": NaN,
        "Diluted EPS": NaN,
        "Basic EPS": NaN,
        "Diluted NI Availto Com Stockholders": NaN,
        "Net Income Common Stockholders": NaN,
        "Net Income": NaN,
        "Net Income Including Noncontrolling Interests": NaN,
        "Net Income Continuous Operations": NaN,
        "Tax Provision": NaN,
        "Pretax Income": NaN,
        "Other Income Expense": NaN,
        "Other Non Operating Income Expenses": NaN,
        "Special Income Charges": 285000.0,
        "Other Special Charges": -285000.0,
        "Net Non Operating Interest Income Expense": NaN,
        "Interest Expense Non Operating": NaN,
        "Operating Income": NaN,
        "Operating Expense": NaN,
        "Other Operating Expenses": NaN,
        "Other Taxes": NaN,
        "Depreciation Amortization Depletion Income Statement": NaN,
        "Depreciation And Amortization In Income Statement": NaN,
        "Gross Profit": NaN,
        "Cost Of Revenue": NaN,
        "Total Revenue": NaN,
        "Operating Revenue": NaN
    },
    "2024-06-30": {
        "Tax Effect Of Unusual Items": 0.0,
        "Tax Rate For Calcs": 0.267538,
        "Normalized EBITDA": 12870000.0,
        "Total Unusual Items": 367000.0,
        "Total Unusual Items Excluding Goodwill": 367000.0,
        "Net Income From Continuing Operation Net Minority Interest": 5325000.0,
        "Reconciled Depreciation": 3424000.0,
        "Reconciled Cost Of Revenue": 13325000.0,
        "EBITDA": 12870000.0,
        "EBIT": 9445000.0,
        "Net Interest Income": -2175000.0,
        "Interest Expense": 2175000.0,
        "Normalized Income": 5325000.0,
        "Net Income From Continuing And Discontinued Operation": 5325000.0,
        "Total Expenses": 17906000.0,
        "Total Operating Income As Reported": 7198000.0,
        "Diluted Average Shares": 10295000.0,
        "Basic Average Shares": 10293000.0,
        "Diluted EPS": 0.52,
        "Basic EPS": 0.52,
        "Diluted NI Availto Com Stockholders": 5325000.0,
        "Net Income Common Stockholders": 5325000.0,
        "Net Income": 5325000.0,
        "Net Income Including Noncontrolling Interests": 5325000.0,
        "Net Income Continuous Operations": 5325000.0,
        "Tax Provision": 1945000.0,
        "Pretax Income": 7270000.0,
        "Other Income Expense": -65000.0,
        "Other Non Operating Income Expenses": -65000.0,
        "Special Income Charges": 367000.0,
        "Other Special Charges": -367000.0,
        "Net Non Operating Interest Income Expense": -2175000.0,
        "Interest Expense Non Operating": 2175000.0,
        "Operating Income": 9510000.0,
        "Operating Expense": 4582000.0,
        "Other Operating Expenses": -367000.0,
        "Other Taxes": 1524000.0,
        "Depreciation Amortization Depletion Income Statement": 3425000.0,
        "Depreciation And Amortization In Income Statement": 3425000.0,
        "Gross Profit": 14092000.0,
        "Cost Of Revenue": 13324000.0,
        "Total Revenue": 27416000.0,
        "Operating Revenue": 27416000.0
    },
    "2024-09-30": {
        "Tax Effect Of Unusual Items": 121757.198953,
        "Tax Rate For Calcs": 0.256872,
        "Normalized EBITDA": 14175000.0,
        "Total Unusual Items": 474000.0,
        "Total Unusual Items Excluding Goodwill": 474000.0,
        "Net Income From Continuing Operation Net Minority Interest": 6813000.0,
        "Reconciled Depreciation": 3288000.0,
        "Reconciled Cost Of Revenue": 13337000.0,
        "EBITDA": 14649000.0,
        "EBIT": 11361000.0,
        "Net Interest Income": -2193000.0,
        "Interest Expense": 2193000.0,
        "Normalized Income": 6460757.198953,
        "Net Income From Continuing And Discontinued Operation": 6813000.0,
        "Total Expenses": 18197000.0,
        "Total Operating Income As Reported": 8590000.0,
        "Diluted Average Shares": 10298000.0,
        "Basic Average Shares": 10297000.0,
        "Diluted EPS": 0.66,
        "Basic EPS": 0.66,
        "Diluted NI Availto Com Stockholders": 6813000.0,
        "Net Income Common Stockholders": 6813000.0,
        "Net Income": 6813000.0,
        "Net Income Including Noncontrolling Interests": 6813000.0,
        "Net Income Continuous Operations": 6813000.0,
        "Tax Provision": 2355000.0,
        "Pretax Income": 9168000.0,
        "Other Income Expense": 416000.0,
        "Other Non Operating Income Expenses": -58000.0,
        "Special Income Charges": 474000.0,
        "Other Special Charges": -474000.0,
        "Net Non Operating Interest Income Expense": -2193000.0,
        "Interest Expense Non Operating": 2193000.0,
        "Operating Income": 10945000.0,
        "Operating Expense": 4859000.0,
        "Other Operating Expenses": NaN,
        "Other Taxes": 1572000.0,
        "Depreciation Amortization Depletion Income Statement": 3287000.0,
        "Depreciation And Amortization In Income Statement": 3287000.0,
        "Gross Profit": 15804000.0,
        "Cost Of Revenue": 13338000.0,
        "Total Revenue": 29142000.0,
        "Operating Revenue": 29142000.0
    },
    "2024-12-31": {
        "Tax Effect Of Unusual Items": 133094.051757,
        "Tax Rate For Calcs": 0.257435,
        "Normalized EBITDA": 10357000.0,
        "Total Unusual Items": 517000.0,
        "Total Unusual Items Excluding Goodwill": 517000.0,
        "Net Income From Continuing Operation Net Minority Interest": 3845000.0,
        "Reconciled Depreciation": 3452000.0,
        "Reconciled Cost Of Revenue": 14804000.0,
        "EBITDA": 10874000.0,
        "EBIT": 7422000.0,
        "Net Interest Income": -2244000.0,
        "Interest Expense": 2244000.0,
        "Normalized Income": 3461094.051757,
        "Net Income From Continuing And Discontinued Operation": 3845000.0,
        "Total Expenses": 19874000.0,
        "Total Operating Income As Reported": 5643000.0,
        "Diluted Average Shares": 10302000.0,
        "Basic Average Shares": 10300000.0,
        "Diluted EPS": 0.37,
        "Basic EPS": 0.37,
        "Diluted NI Availto Com Stockholders": 3845000.0,
        "Net Income Common Stockholders": 3845000.0,
        "Net Income": 3845000.0,
        "Net Income Including Noncontrolling Interests": 3845000.0,
        "Net Income Continuous Operations": 3845000.0,
        "Tax Provision": 1333000.0,
        "Pretax Income": 5178000.0,
        "Other Income Expense": 446000.0,
        "Other Non Operating Income Expenses": -71000.0,
        "Special Income Charges": 517000.0,
        "Other Special Charges": -517000.0,
        "Net Non Operating Interest Income Expense": -2244000.0,
        "Interest Expense Non Operating": 2244000.0,
        "Operating Income": 6976000.0,
        "Operating Expense": 5070000.0,
        "Other Operating Expenses": NaN,
        "Other Taxes": 1618000.0,
        "Depreciation Amortization Depletion Income Statement": 3452000.0,
        "Depreciation And Amortization In Income Statement": 3452000.0,
        "Gross Profit": 12046000.0,
        "Cost Of Revenue": 14804000.0,
        "Total Revenue": 26850000.0,
        "Operating Revenue": 26850000.0
    },
    "2025-03-31": {
        "Tax Effect Of Unusual Items": 143791.655229,
        "Tax Rate For Calcs": 0.254049,
        "Normalized EBITDA": 12243000.0,
        "Total Unusual Items": 566000.0,
        "Total Unusual Items Excluding Goodwill": 566000.0,
        "Net Income From Continuing Operation Net Minority Interest": 5435000.0,
        "Reconciled Depreciation": 3357000.0,
        "Reconciled Cost Of Revenue": 13446000.0,
        "EBITDA": 12809000.0,
        "EBIT": 9452000.0,
        "Net Interest Income": -2166000.0,
        "Interest Expense": 2166000.0,
        "Normalized Income": 5012791.655229,
        "Net Income From Continuing And Discontinued Operation": 5435000.0,
        "Total Expenses": 18489000.0,
        "Total Operating Income As Reported": 5546000.0,
        "Diluted Average Shares": 10306000.0,
        "Basic Average Shares": 10302000.0,
        "Diluted EPS": 0.53,
        "Basic EPS": 0.53,
        "Diluted NI Availto Com Stockholders": 5435000.0,
        "Net Income Common Stockholders": 5435000.0,
        "Net Income": 5435000.0,
        "Net Income Including Noncontrolling Interests": 5435000.0,
        "Net Income Continuous Operations": 5435000.0,
        "Tax Provision": 1851000.0,
        "Pretax Income": 7286000.0,
        "Other Income Expense": 2055000.0,
        "Other Non Operating Income Expenses": 1489000.0,
        "Special Income Charges": 566000.0,
        "Other Special Charges": -566000.0,
        "Net Non Operating Interest Income Expense": -2166000.0,
        "Interest Expense Non Operating": 2166000.0,
        "Operating Income": 7397000.0,
        "Operating Expense": 5043000.0,
        "Other Operating Expenses": NaN,
        "Other Taxes": 1686000.0,
        "Depreciation Amortization Depletion Income Statement": 3357000.0,
        "Depreciation And Amortization In Income Statement": 3357000.0,
        "Gross Profit": 12440000.0,
        "Cost Of Revenue": 13446000.0,
        "Total Revenue": 25886000.0,
        "Operating Revenue": 25886000.0
    },
    "2025-06-30": {
        "Tax Effect Of Unusual Items": 0.0,
        "Tax Rate For Calcs": 0.255885,
        "Normalized EBITDA": 14022000.0,
        "Total Unusual Items": NaN,
        "Total Unusual Items Excluding Goodwill": NaN,
        "Net Income From Continuing Operation Net Minority Interest": 6290000.0,
        "Reconciled Depreciation": 3414000.0,
        "Reconciled Cost Of Revenue": 13514000.0,
        "EBITDA": 14022000.0,
        "EBIT": 10608000.0,
        "Net Interest Income": -2155000.0,
        "Interest Expense": 2155000.0,
        "Normalized Income": 6290000.0,
        "Net Income From Continuing And Discontinued Operation": 6290000.0,
        "Total Expenses": 17912000.0,
        "Total Operating Income As Reported": 7855000.0,
        "Diluted Average Shares": 10310000.0,
        "Basic Average Shares": 10308000.0,
        "Diluted EPS": 0.61,
        "Basic EPS": 0.61,
        "Diluted NI Availto Com Stockholders": 6290000.0,
        "Net Income Common Stockholders": 6290000.0,
        "Net Income": 6290000.0,
        "Net Income Including Noncontrolling Interests": 6290000.0,
        "Net Income Continuous Operations": 6290000.0,
        "Tax Provision": 2163000.0,
        "Pretax Income": 8453000.0,
        "Other Income Expense": -29000.0,
        "Other Non Operating Income Expenses": -29000.0,
        "Special Income Charges": NaN,
        "Other Special Charges": NaN,
        "Net Non Operating Interest Income Expense": -2155000.0,
        "Interest Expense Non Operating": 2155000.0,
        "Operating Income": 10637000.0,
        "Operating Expense": 4398000.0,
        "Other Operating Expenses": -619000.0,
        "Other Taxes": 1603000.0,
        "Depreciation Amortization Depletion Income Statement": 3414000.0,
        "Depreciation And Amortization In Income Statement": 3414000.0,
        "Gross Profit": 15035000.0,
        "Cost Of Revenue": 13514000.0,
        "Total Revenue": 28549000.0,
        "Operating Revenue": 28549000.0
    }
}