{
    "2025-03-31": {
        "Tax Effect Of Unusual Items": 0.0,
        "Tax Rate For Calcs": 0.25,
        "Net Income From Continuing Operation Net Minority Interest": 6500000.0,
        "Reconciled Depreciation": 7400000.0,
        "EBIT": 19700000.0,
        "Net Interest Income": -4200000.0,
        "Interest Expense": 4200000.0,
        "Interest Income": 11900000.0,
        "Normalized Income": 6500000.0,
        "Net Income From Continuing And Discontinued Operation": 6500000.0,
        "Total Expenses": 155200000.0,
        "Diluted Average Shares": 216666667.0,
        "Basic Average Shares": 162500000.0,
        "Diluted EPS": 0.03,
        "Basic EPS": 0.04,
        "Diluted NI Availto Com Stockholders": 6500000.0,
        "Net Income Common Stockholders": 6500000.0,
        "Preferred Stock Dividends": NaN,
        "Net Income": 6500000.0,
        "Minority Interests": -1300000.0,
        "Net Income Including Noncontrolling Interests": 7800000.0,
        "Net Income Continuous Operations": 7800000.0,
        "Tax Provision": 7700000.0,
        "Pretax Income": 15500000.0,
        "Net Non Operating Interest Income Expense": -4200000.0,
        "Interest Expense Non Operating": 4200000.0,
        "Other Operating Expenses": 9600000.0,
        "Depreciation And Amortization In Income Statement": 7400000.0,
        "Selling General And Administration": 75900000.0,
        "General And Administrative Expense": 75900000.0,
        "Other Gand A": 24500000.0,
        "Salaries And Wages": 51400000.0,
        "Total Revenue": 170700000.0,
        "Operating Revenue": 170700000.0,
        "Loss Adjustment Expense": 45200000.0,
        "Net Policyholder Benefits And Claims": 45200000.0,
        "Policyholder Benefits Gross": 382800000.0,
        "Policyholder Benefits Ceded": 337600000.0
    },
    "2024-03-31": {
        "Tax Effect Of Unusual Items": 0.0,
        "Tax Rate For Calcs": 0.25,
        "Net Income From Continuing Operation Net Minority Interest": 7100000.0,
        "Reconciled Depreciation": 4900000.0,
        "EBIT": 15000000.0,
        "Net Interest Income": -3000000.0,
        "Interest Expense": 3000000.0,
        "Interest Income": 7700000.0,
        "Normalized Income": 7100000.0,
        "Net Income From Continuing And Discontinued Operation": 7100000.0,
        "Total Expenses": 116800000.0,
        "Diluted Average Shares": 177500000.0,
        "Basic Average Shares": 177500000.0,
        "Diluted EPS": 0.04,
        "Basic EPS": 0.04,
        "Diluted NI Availto Com Stockholders": 7100000.0,
        "Net Income Common Stockholders": 7100000.0,
        "Net Income": 7100000.0,
        "Minority Interests": 5000000.0,
        "Net Income Including Noncontrolling Interests": 2100000.0,
        "Net Income Continuous Operations": 2100000.0,
        "Tax Provision": 9900000.0,
        "Pretax Income": 12000000.0,
        "Net Non Operating Interest Income Expense": -3000000.0,
        "Interest Expense Non Operating": 3000000.0,
        "Other Operating Expenses": 6400000.0,
        "Depreciation And Amortization In Income Statement": 4900000.0,
        "Selling General And Administration": 51300000.0,
        "General And Administrative Expense": 51300000.0,
        "Other Gand A": 10900000.0,
        "Salaries And Wages": 40400000.0,
        "Total Revenue": 128800000.0,
        "Operating Revenue": 128800000.0,
        "Loss Adjustment Expense": 28700000.0,
        "Net Policyholder Benefits And Claims": 28700000.0,
        "Policyholder Benefits Gross": 234700000.0,
        "Policyholder Benefits Ceded": 206000000.0
    },
    "2023-12-31": {
        "Tax Effect Of Unusual Items": 0.0,
        "Tax Rate For Calcs": 0.19,
        "Net Income From Continuing Operation Net Minority Interest": -2800000.0,
        "Reconciled Depreciation": 4000000.0,
        "EBIT": 0.0,
        "Net Interest Income": -3900000.0,
        "Interest Expense": 3900000.0,
        "Interest Income": 8100000.0,
        "Normalized Income": -2800000.0,
        "Net Income From Continuing And Discontinued Operation": -2800000.0,
        "Total Expenses": 105400000.0,
        "Diluted Average Shares": NaN,
        "Basic Average Shares": NaN,
        "Diluted EPS": NaN,
        "Basic EPS": NaN,
        "Diluted NI Availto Com Stockholders": -2800000.0,
        "Net Income Common Stockholders": -2800000.0,
        "Net Income": -2800000.0,
        "Minority Interests": 7600000.0,
        "Net Income Including Noncontrolling Interests": -10400000.0,
        "Net Income Continuous Operations": -10400000.0,
        "Tax Provision": 6500000.0,
        "Pretax Income": -3900000.0,
        "Net Non Operating Interest Income Expense": -3900000.0,
        "Interest Expense Non Operating": 3900000.0,
        "Other Operating Expenses": -2400000.0,
        "Depreciation And Amortization In Income Statement": 4000000.0,
        "Selling General And Administration": 77100000.0,
        "General And Administrative Expense": 77100000.0,
        "Other Gand A": -46600000.0,
        "Salaries And Wages": NaN,
        "Total Revenue": 101500000.0,
        "Operating Revenue": 101500000.0,
        "Loss Adjustment Expense": 6400000.0,
        "Net Policyholder Benefits And Claims": 6400000.0,
        "Policyholder Benefits Gross": 202700000.0,
        "Policyholder Benefits Ceded": 196300000.0
    },
    "2025-06-30": {
        "Tax Effect Of Unusual Items": 0.0,
        "Tax Rate For Calcs": 0.25,
        "Net Income From Continuing Operation Net Minority Interest": 8800000.0,
        "Reconciled Depreciation": 8300000.0,
        "EBIT": 29200000.0,
        "Net Interest Income": -6900000.0,
        "Interest Expense": 6900000.0,
        "Interest Income": 12500000.0,
        "Normalized Income": 8800000.0,
        "Net Income From Continuing And Discontinued Operation": 8800000.0,
        "Total Expenses": 181900000.0,
        "Diluted Average Shares": 219986563.0,
        "Basic Average Shares": 219986563.0,
        "Diluted EPS": 0.040002,
        "Basic EPS": 0.040002,
        "Diluted NI Availto Com Stockholders": 8800000.0,
        "Net Income Common Stockholders": 8800000.0,
        "Preferred Stock Dividends": NaN,
        "Net Income": 8800000.0,
        "Minority Interests": -4300000.0,
        "Net Income Including Noncontrolling Interests": 13100000.0,
        "Net Income Continuous Operations": 13100000.0,
        "Tax Provision": 9200000.0,
        "Pretax Income": 22300000.0,
        "Net Non Operating Interest Income Expense": -6900000.0,
        "Interest Expense Non Operating": 6900000.0,
        "Other Operating Expenses": 2700000.0,
        "Depreciation And Amortization In Income Statement": 8300000.0,
        "Selling General And Administration": 95200000.0,
        "General And Administrative Expense": 95200000.0,
        "Other Gand A": 30300000.0,
        "Salaries And Wages": 64900000.0,
        "Total Revenue": 204200000.0,
        "Operating Revenue": 204200000.0,
        "Loss Adjustment Expense": 51300000.0,
        "Net Policyholder Benefits And Claims": 51300000.0,
        "Policyholder Benefits Gross": 395400000.0,
        "Policyholder Benefits Ceded": 344100000.0
    },
    "2024-06-30": {
        "Tax Effect Of Unusual Items": NaN,
        "Tax Rate For Calcs": NaN,
        "Net Income From Continuing Operation Net Minority Interest": NaN,
        "Reconciled Depreciation": NaN,
        "EBIT": NaN,
        "Net Interest Income": NaN,
        "Interest Expense": NaN,
        "Interest Income": NaN,
        "Normalized Income": NaN,
        "Net Income From Continuing And Discontinued Operation": NaN,
        "Total Expenses": NaN,
        "Diluted Average Shares": 216666667.0,
        "Basic Average Shares": 162500000.0,
        "Diluted EPS": -0.055385,
        "Basic EPS": -0.055385,
        "Diluted NI Availto Com Stockholders": NaN,
        "Net Income Common Stockholders": NaN,
        "Preferred Stock Dividends": NaN,
        "Net Income": NaN,
        "Minority Interests": NaN,
        "Net Income Including Noncontrolling Interests": NaN,
        "Net Income Continuous Operations": NaN,
        "Tax Provision": NaN,
        "Pretax Income": NaN,
        "Net Non Operating Interest Income Expense": NaN,
        "Interest Expense Non Operating": NaN,
        "Other Operating Expenses": NaN,
        "Depreciation And Amortization In Income Statement": NaN,
        "Selling General And Administration": NaN,
        "General And Administrative Expense": NaN,
        "Other Gand A": NaN,
        "Salaries And Wages": NaN,
        "Total Revenue": NaN,
        "Operating Revenue": NaN,
        "Loss Adjustment Expense": NaN,
        "Net Policyholder Benefits And Claims": NaN,
        "Policyholder Benefits Gross": NaN,
        "Policyholder Benefits Ceded": NaN
    },
    "2025-09-30": {
        "Tax Effect Of Unusual Items": 0.0,
        "Tax Rate For Calcs": 0.25,
        "Net Income From Continuing Operation Net Minority Interest": -1368800000.0,
        "Reconciled Depreciation": 10000000.0,
        "EBIT": -1341300000.0,
        "Net Interest Income": -16200000.0,
        "Interest Expense": 16200000.0,
        "Interest Income": 21500000.0,
        "Normalized Income": -1368800000.0,
        "Net Income From Continuing And Discontinued Operation": -1368800000.0,
        "Total Expenses": 1638200000.0,
        "Diluted Average Shares": 206064119.0,
        "Basic Average Shares": 206064119.0,
        "Diluted EPS": -6.99,
        "Basic EPS": -6.99,
        "Diluted NI Availto Com Stockholders": -1439700000.0,
        "Net Income Common Stockholders": -1439700000.0,
        "Preferred Stock Dividends": 70900000.0,
        "Net Income": -1368800000.0,
        "Minority Interests": -1800000.0,
        "Net Income Including Noncontrolling Interests": -1367000000.0,
        "Net Income Continuous Operations": -1367000000.0,
        "Tax Provision": 9500000.0,
        "Pretax Income": -1357500000.0,
        "Net Non Operating Interest Income Expense": -16200000.0,
        "Interest Expense Non Operating": 16200000.0,
        "Other Operating Expenses": 1410900000.0,
        "Depreciation And Amortization In Income Statement": 10000000.0,
        "Selling General And Administration": 127800000.0,
        "General And Administrative Expense": 127800000.0,
        "Other Gand A": 43600000.0,
        "Salaries And Wages": 84200000.0,
        "Total Revenue": 280700000.0,
        "Operating Revenue": 280700000.0,
        "Loss Adjustment Expense": 50800000.0,
        "Net Policyholder Benefits And Claims": 50800000.0,
        "Policyholder Benefits Gross": 392200000.0,
        "Policyholder Benefits Ceded": 341400000.0
    },
    "2024-12-31": {
        "Tax Effect Of Unusual Items": 0.0,
        "Tax Rate For Calcs": 0.10327,
        "Net Income From Continuing Operation Net Minority Interest": 21000000.0,
        "Reconciled Depreciation": 10400000.0,
        "EBIT": 24740000.0,
        "Net Interest Income": -1500000.0,
        "Interest Expense": 1500000.0,
        "Interest Income": 2300000.0,
        "Normalized Income": 21000000.0,
        "Net Income From Continuing And Discontinued Operation": 21000000.0,
        "Total Expenses": 146300000.0,
        "Diluted Average Shares": NaN,
        "Basic Average Shares": NaN,
        "Diluted EPS": NaN,
        "Basic EPS": NaN,
        "Diluted NI Availto Com Stockholders": 21000000.0,
        "Net Income Common Stockholders": 21000000.0,
        "Preferred Stock Dividends": NaN,
        "Net Income": 21000000.0,
        "Minority Interests": 400000.0,
        "Net Income Including Noncontrolling Interests": 20600000.0,
        "Net Income Continuous Operations": 20840000.0,
        "Tax Provision": 2400000.0,
        "Pretax Income": 23240000.0,
        "Net Non Operating Interest Income Expense": -1500000.0,
        "Interest Expense Non Operating": 1500000.0,
        "Other Operating Expenses": 18400000.0,
        "Depreciation And Amortization In Income Statement": 10400000.0,
        "Selling General And Administration": 62500000.0,
        "General And Administrative Expense": 62500000.0,
        "Other Gand A": 30100000.0,
        "Salaries And Wages": 32400000.0,
        "Total Revenue": 169540000.0,
        "Operating Revenue": 169540000.0,
        "Loss Adjustment Expense": 55700000.0,
        "Net Policyholder Benefits And Claims": 55700000.0,
        "Policyholder Benefits Gross": 385600000.0,
        "Policyholder Benefits Ceded": 329900000.0
    },
    "2024-09-30": {
        "Tax Effect Of Unusual Items": 0.0,
        "Tax Rate For Calcs": 0.25,
        "Net Income From Continuing Operation Net Minority Interest": 8100000.0,
        "Reconciled Depreciation": 5800000.0,
        "EBIT": 7900000.0,
        "Net Interest Income": -6600000.0,
        "Interest Expense": 6600000.0,
        "Interest Income": 13800000.0,
        "Normalized Income": 8100000.0,
        "Net Income From Continuing And Discontinued Operation": 8100000.0,
        "Total Expenses": 149700000.0,
        "Diluted Average Shares": 216666667.0,
        "Basic Average Shares": 162500000.0,
        "Diluted EPS": 0.037385,
        "Basic EPS": 0.049846,
        "Diluted NI Availto Com Stockholders": 8100000.0,
        "Net Income Common Stockholders": 8100000.0,
        "Preferred Stock Dividends": NaN,
        "Net Income": 8100000.0,
        "Minority Interests": -1300000.0,
        "Net Income Including Noncontrolling Interests": 9400000.0,
        "Net Income Continuous Operations": 9400000.0,
        "Tax Provision": -8100000.0,
        "Pretax Income": 1300000.0,
        "Net Non Operating Interest Income Expense": -6600000.0,
        "Interest Expense Non Operating": 6600000.0,
        "Other Operating Expenses": 3700000.0,
        "Depreciation And Amortization In Income Statement": 5800000.0,
        "Selling General And Administration": 71600000.0,
        "General And Administrative Expense": 71600000.0,
        "Other Gand A": 23100000.0,
        "Salaries And Wages": 48500000.0,
        "Total Revenue": 151000000.0,
        "Operating Revenue": 151000000.0,
        "Loss Adjustment Expense": 39700000.0,
        "Net Policyholder Benefits And Claims": 39700000.0,
        "Policyholder Benefits Gross": 310600000.0,
        "Policyholder Benefits Ceded": 270900000.0
    }
}