{
    "2023-04-30": {
        "Tax Effect Of Unusual Items": 146790.0,
        "Tax Rate For Calcs": 0.21,
        "Normalized EBITDA": -56990000.0,
        "Total Unusual Items": 699000.0,
        "Total Unusual Items Excluding Goodwill": 699000.0,
        "Net Income From Continuing Operation Net Minority Interest": -61468000.0,
        "Reconciled Depreciation": 3288000.0,
        "Reconciled Cost Of Revenue": 14847000.0,
        "EBITDA": -56291000.0,
        "EBIT": -59579000.0,
        "Net Interest Income": 4025000.0,
        "Interest Expense": 967000.0,
        "Interest Income": 4992000.0,
        "Normalized Income": -62020210.0,
        "Net Income From Continuing And Discontinued Operation": -61468000.0,
        "Total Expenses": 217656000.0,
        "Total Operating Income As Reported": -65245000.0,
        "Diluted Average Shares": 216413000.0,
        "Basic Average Shares": 216413000.0,
        "Diluted EPS": -0.28,
        "Basic EPS": -0.28,
        "Diluted NI Availto Com Stockholders": -61468000.0,
        "Net Income Common Stockholders": -61468000.0,
        "Net Income": -61468000.0,
        "Net Income Including Noncontrolling Interests": -61468000.0,
        "Net Income Continuous Operations": -61468000.0,
        "Tax Provision": 922000.0,
        "Pretax Income": -60546000.0,
        "Other Income Expense": 674000.0,
        "Other Non Operating Income Expenses": -25000.0,
        "Gain On Sale Of Security": 699000.0,
        "Net Non Operating Interest Income Expense": 4025000.0,
        "Interest Expense Non Operating": 967000.0,
        "Interest Income Non Operating": 4992000.0,
        "Operating Income": -65245000.0,
        "Operating Expense": 202809000.0,
        "Research And Development": 76316000.0,
        "Selling General And Administration": 126493000.0,
        "Selling And Marketing Expense": 93237000.0,
        "General And Administrative Expense": 33256000.0,
        "Other Gand A": 33256000.0,
        "Salaries And Wages": NaN,
        "Gross Profit": 137564000.0,
        "Cost Of Revenue": 14847000.0,
        "Total Revenue": 152411000.0,
        "Operating Revenue": 152411000.0
    },
    "2023-01-31": {
        "Tax Effect Of Unusual Items": NaN,
        "Tax Rate For Calcs": NaN,
        "Normalized EBITDA": NaN,
        "Total Unusual Items": NaN,
        "Total Unusual Items Excluding Goodwill": NaN,
        "Net Income From Continuing Operation Net Minority Interest": NaN,
        "Reconciled Depreciation": NaN,
        "Reconciled Cost Of Revenue": NaN,
        "EBITDA": NaN,
        "EBIT": NaN,
        "Net Interest Income": NaN,
        "Interest Expense": NaN,
        "Interest Income": NaN,
        "Normalized Income": NaN,
        "Net Income From Continuing And Discontinued Operation": NaN,
        "Total Expenses": NaN,
        "Total Operating Income As Reported": NaN,
        "Diluted Average Shares": 214195000.0,
        "Basic Average Shares": 214195000.0,
        "Diluted EPS": -0.44,
        "Basic EPS": -0.44,
        "Diluted NI Availto Com Stockholders": NaN,
        "Net Income Common Stockholders": NaN,
        "Net Income": NaN,
        "Net Income Including Noncontrolling Interests": NaN,
        "Net Income Continuous Operations": NaN,
        "Tax Provision": NaN,
        "Pretax Income": NaN,
        "Other Income Expense": NaN,
        "Other Non Operating Income Expenses": NaN,
        "Gain On Sale Of Security": NaN,
        "Net Non Operating Interest Income Expense": NaN,
        "Interest Expense Non Operating": NaN,
        "Interest Income Non Operating": NaN,
        "Operating Income": NaN,
        "Operating Expense": NaN,
        "Research And Development": NaN,
        "Selling General And Administration": NaN,
        "Selling And Marketing Expense": NaN,
        "General And Administrative Expense": NaN,
        "Other Gand A": NaN,
        "Salaries And Wages": NaN,
        "Gross Profit": NaN,
        "Cost Of Revenue": NaN,
        "Total Revenue": NaN,
        "Operating Revenue": NaN
    },
    "2022-10-31": {
        "Tax Effect Of Unusual Items": NaN,
        "Tax Rate For Calcs": NaN,
        "Normalized EBITDA": NaN,
        "Total Unusual Items": NaN,
        "Total Unusual Items Excluding Goodwill": NaN,
        "Net Income From Continuing Operation Net Minority Interest": NaN,
        "Reconciled Depreciation": NaN,
        "Reconciled Cost Of Revenue": NaN,
        "EBITDA": NaN,
        "EBIT": NaN,
        "Net Interest Income": NaN,
        "Interest Expense": NaN,
        "Interest Income": NaN,
        "Normalized Income": NaN,
        "Net Income From Continuing And Discontinued Operation": NaN,
        "Total Expenses": NaN,
        "Total Operating Income As Reported": NaN,
        "Diluted Average Shares": 204657000.0,
        "Basic Average Shares": 204657000.0,
        "Diluted EPS": -0.49,
        "Basic EPS": -0.49,
        "Diluted NI Availto Com Stockholders": NaN,
        "Net Income Common Stockholders": NaN,
        "Net Income": NaN,
        "Net Income Including Noncontrolling Interests": NaN,
        "Net Income Continuous Operations": NaN,
        "Tax Provision": NaN,
        "Pretax Income": NaN,
        "Other Income Expense": NaN,
        "Other Non Operating Income Expenses": NaN,
        "Gain On Sale Of Security": NaN,
        "Net Non Operating Interest Income Expense": NaN,
        "Interest Expense Non Operating": NaN,
        "Interest Income Non Operating": NaN,
        "Operating Income": NaN,
        "Operating Expense": NaN,
        "Research And Development": NaN,
        "Selling General And Administration": NaN,
        "Selling And Marketing Expense": NaN,
        "General And Administrative Expense": NaN,
        "Other Gand A": NaN,
        "Salaries And Wages": NaN,
        "Gross Profit": NaN,
        "Cost Of Revenue": NaN,
        "Total Revenue": NaN,
        "Operating Revenue": NaN
    },
    "2022-07-31": {
        "Tax Effect Of Unusual Items": 0.0,
        "Tax Rate For Calcs": 0.4,
        "Normalized EBITDA": -108073000.0,
        "Total Unusual Items": 252000.0,
        "Total Unusual Items Excluding Goodwill": 252000.0,
        "Net Income From Continuing Operation Net Minority Interest": -112969000.0,
        "Reconciled Depreciation": 3199000.0,
        "Reconciled Cost Of Revenue": 13756000.0,
        "EBITDA": -108073000.0,
        "EBIT": -111272000.0,
        "Net Interest Income": -475000.0,
        "Interest Expense": 475000.0,
        "Interest Income": 551000.0,
        "Normalized Income": -112969000.0,
        "Net Income From Continuing And Discontinued Operation": -112969000.0,
        "Total Expenses": 246168000.0,
        "Total Operating Income As Reported": -111272000.0,
        "Diluted Average Shares": 191352000.0,
        "Basic Average Shares": 191352000.0,
        "Diluted EPS": -0.59,
        "Basic EPS": -0.59,
        "Diluted NI Availto Com Stockholders": -112969000.0,
        "Net Income Common Stockholders": -112969000.0,
        "Net Income": -112969000.0,
        "Net Income Including Noncontrolling Interests": -112969000.0,
        "Net Income Continuous Operations": -112969000.0,
        "Tax Provision": 1222000.0,
        "Pretax Income": -111747000.0,
        "Other Income Expense": -715000.0,
        "Other Non Operating Income Expenses": -967000.0,
        "Gain On Sale Of Security": 252000.0,
        "Net Non Operating Interest Income Expense": -475000.0,
        "Interest Expense Non Operating": 475000.0,
        "Interest Income Non Operating": 551000.0,
        "Operating Income": -111272000.0,
        "Operating Expense": 232412000.0,
        "Research And Development": 75233000.0,
        "Selling General And Administration": 157179000.0,
        "Selling And Marketing Expense": 110392000.0,
        "General And Administrative Expense": 46787000.0,
        "Other Gand A": 46787000.0,
        "Salaries And Wages": NaN,
        "Gross Profit": 121140000.0,
        "Cost Of Revenue": 13756000.0,
        "Total Revenue": 134896000.0,
        "Operating Revenue": 134896000.0
    },
    "2022-04-30": {
        "Diluted EPS": -0.52,
        "Total Revenue": 121,
        "Gross Profit": 108,
        "Operating Income": -96,
        "EBIT": -90,
        "Net Income": -99
    },
    "2022-01-31": {
        "Diluted EPS": -0.49,
        "Total Revenue": 112,
        "Gross Profit": 100,
        "Operating Income": -87,
        "EBIT": -81,
        "Net Income": -90
    },
    "2021-10-31": {
        "Diluted EPS": -0.37,
        "Total Revenue": 100,
        "Gross Profit": 91,
        "Operating Income": -68,
        "EBIT": -63,
        "Net Income": -69
    },
    "2021-07-31": {
        "Diluted EPS": -0.4,
        "Total Revenue": 89,
        "Gross Profit": 80,
        "Operating Income": -60,
        "EBIT": -52,
        "Net Income": -68
    },
    "2021-04-30": {
        "Diluted EPS": -0.37,
        "Total Revenue": 77,
        "Gross Profit": 69,
        "Operating Income": -50,
        "EBIT": -41,
        "Net Income": -61
    },
    "2021-01-31": {
        "Diluted EPS": -0.39,
        "Total Revenue": 68,
        "Gross Profit": 60,
        "Operating Income": -51,
        "EBIT": -42,
        "Net Income": -62
    },
    "2020-10-31": {
        "Diluted EPS": -0.65,
        "Total Revenue": 59,
        "Gross Profit": 52,
        "Operating Income": -62,
        "EBIT": -53,
        "Net Income": -73
    },
    "2020-07-31": {
        "Diluted EPS": -0.54,
        "Total Revenue": 52,
        "Gross Profit": 45,
        "Operating Income": -34,
        "EBIT": -27,
        "Net Income": -41
    },
    "2020-04-30": {
        "Diluted EPS": -0.47,
        "Total Revenue": 48,
        "Gross Profit": 42,
        "Operating Income": -29,
        "EBIT": -23,
        "Net Income": -36
    },
    "2020-01-31": {
        "Diluted EPS": 0.0,
        "Total Revenue": NaN,
        "Gross Profit": NaN,
        "Operating Income": NaN,
        "EBIT": NaN,
        "Net Income": NaN
    },
    "2019-01-31": {
        "Diluted EPS": 0.0,
        "Total Revenue": NaN,
        "Gross Profit": NaN,
        "Operating Income": NaN,
        "EBIT": NaN,
        "Net Income": NaN
    },
    "2023-07-31": {
        "Tax Effect Of Unusual Items": NaN,
        "Tax Rate For Calcs": NaN,
        "Normalized EBITDA": NaN,
        "Total Unusual Items": NaN,
        "Total Unusual Items Excluding Goodwill": NaN,
        "Net Income From Continuing Operation Net Minority Interest": NaN,
        "Reconciled Depreciation": NaN,
        "Reconciled Cost Of Revenue": NaN,
        "EBITDA": NaN,
        "EBIT": NaN,
        "Net Interest Income": NaN,
        "Interest Expense": NaN,
        "Interest Income": NaN,
        "Normalized Income": NaN,
        "Net Income From Continuing And Discontinued Operation": NaN,
        "Total Expenses": NaN,
        "Total Operating Income As Reported": NaN,
        "Diluted Average Shares": NaN,
        "Basic Average Shares": NaN,
        "Diluted EPS": NaN,
        "Basic EPS": NaN,
        "Diluted NI Availto Com Stockholders": NaN,
        "Net Income Common Stockholders": NaN,
        "Net Income": NaN,
        "Net Income Including Noncontrolling Interests": NaN,
        "Net Income Continuous Operations": NaN,
        "Tax Provision": NaN,
        "Pretax Income": NaN,
        "Other Income Expense": NaN,
        "Other Non Operating Income Expenses": NaN,
        "Gain On Sale Of Security": NaN,
        "Net Non Operating Interest Income Expense": NaN,
        "Interest Expense Non Operating": NaN,
        "Interest Income Non Operating": NaN,
        "Operating Income": NaN,
        "Operating Expense": NaN,
        "Research And Development": NaN,
        "Selling General And Administration": NaN,
        "Selling And Marketing Expense": NaN,
        "General And Administrative Expense": NaN,
        "Other Gand A": NaN,
        "Salaries And Wages": 24716000.0,
        "Gross Profit": NaN,
        "Cost Of Revenue": NaN,
        "Total Revenue": NaN,
        "Operating Revenue": NaN
    },
    "2023-10-31": {
        "Tax Effect Of Unusual Items": NaN,
        "Tax Rate For Calcs": NaN,
        "Normalized EBITDA": NaN,
        "Total Unusual Items": NaN,
        "Total Unusual Items Excluding Goodwill": NaN,
        "Net Income From Continuing Operation Net Minority Interest": NaN,
        "Reconciled Depreciation": NaN,
        "Reconciled Cost Of Revenue": NaN,
        "EBITDA": NaN,
        "EBIT": NaN,
        "Net Interest Income": NaN,
        "Interest Expense": NaN,
        "Interest Income": NaN,
        "Normalized Income": NaN,
        "Net Income From Continuing And Discontinued Operation": NaN,
        "Total Expenses": NaN,
        "Total Operating Income As Reported": NaN,
        "Diluted Average Shares": 221776000.0,
        "Basic Average Shares": 221776000.0,
        "Diluted EPS": -0.28,
        "Basic EPS": -0.28,
        "Diluted NI Availto Com Stockholders": NaN,
        "Net Income Common Stockholders": NaN,
        "Net Income": NaN,
        "Net Income Including Noncontrolling Interests": NaN,
        "Net Income Continuous Operations": NaN,
        "Tax Provision": NaN,
        "Pretax Income": NaN,
        "Other Income Expense": NaN,
        "Other Non Operating Income Expenses": NaN,
        "Gain On Sale Of Security": NaN,
        "Net Non Operating Interest Income Expense": NaN,
        "Interest Expense Non Operating": NaN,
        "Interest Income Non Operating": NaN,
        "Operating Income": NaN,
        "Operating Expense": NaN,
        "Research And Development": NaN,
        "Selling General And Administration": NaN,
        "Selling And Marketing Expense": NaN,
        "General And Administrative Expense": NaN,
        "Other Gand A": NaN,
        "Salaries And Wages": NaN,
        "Gross Profit": NaN,
        "Cost Of Revenue": NaN,
        "Total Revenue": NaN,
        "Operating Revenue": NaN
    },
    "2024-01-31": {
        "Tax Effect Of Unusual Items": 202650.0,
        "Tax Rate For Calcs": 0.21,
        "Normalized EBITDA": -57662000.0,
        "Total Unusual Items": 965000.0,
        "Total Unusual Items Excluding Goodwill": 965000.0,
        "Net Income From Continuing Operation Net Minority Interest": -62398000.0,
        "Reconciled Depreciation": 3937000.0,
        "Reconciled Cost Of Revenue": 17392000.0,
        "EBITDA": -56697000.0,
        "EBIT": -60634000.0,
        "Net Interest Income": 4420000.0,
        "Interest Expense": 1005000.0,
        "Interest Income": 5425000.0,
        "Normalized Income": -63160350.0,
        "Net Income From Continuing And Discontinued Operation": -62398000.0,
        "Total Expenses": 239083000.0,
        "Total Operating Income As Reported": -67948000.0,
        "Diluted Average Shares": 224300000.0,
        "Basic Average Shares": 224300000.0,
        "Diluted EPS": -0.28,
        "Basic EPS": -0.28,
        "Diluted NI Availto Com Stockholders": -62398000.0,
        "Net Income Common Stockholders": -62398000.0,
        "Net Income": -62398000.0,
        "Net Income Including Noncontrolling Interests": -62398000.0,
        "Net Income Continuous Operations": -62398000.0,
        "Tax Provision": 759000.0,
        "Pretax Income": -61639000.0,
        "Other Income Expense": 1889000.0,
        "Other Non Operating Income Expenses": 924000.0,
        "Gain On Sale Of Security": 965000.0,
        "Net Non Operating Interest Income Expense": 4420000.0,
        "Interest Expense Non Operating": 1005000.0,
        "Interest Income Non Operating": 5425000.0,
        "Operating Income": -67948000.0,
        "Operating Expense": 221691000.0,
        "Research And Development": 82973000.0,
        "Selling General And Administration": 138718000.0,
        "Selling And Marketing Expense": 103921000.0,
        "General And Administrative Expense": 34797000.0,
        "Other Gand A": 34797000.0,
        "Salaries And Wages": NaN,
        "Gross Profit": 153743000.0,
        "Cost Of Revenue": 17392000.0,
        "Total Revenue": 171135000.0,
        "Operating Revenue": 171135000.0
    },
    "2024-04-30": {
        "Tax Effect Of Unusual Items": -110250.0,
        "Tax Rate For Calcs": 0.21,
        "Normalized EBITDA": -57270000.0,
        "Total Unusual Items": -525000.0,
        "Total Unusual Items Excluding Goodwill": -525000.0,
        "Net Income From Continuing Operation Net Minority Interest": -63722000.0,
        "Reconciled Depreciation": 4014000.0,
        "Reconciled Cost Of Revenue": 17804000.0,
        "EBITDA": -57795000.0,
        "EBIT": -61809000.0,
        "Net Interest Income": 4434000.0,
        "Interest Expense": 942000.0,
        "Interest Income": 5376000.0,
        "Normalized Income": -63307250.0,
        "Net Income From Continuing And Discontinued Operation": -63722000.0,
        "Total Expenses": 238617000.0,
        "Total Operating Income As Reported": -66169000.0,
        "Diluted Average Shares": 227069000.0,
        "Basic Average Shares": 227069000.0,
        "Diluted EPS": -0.28,
        "Basic EPS": -0.28,
        "Diluted NI Availto Com Stockholders": -63722000.0,
        "Net Income Common Stockholders": -63722000.0,
        "Net Income": -63722000.0,
        "Net Income Including Noncontrolling Interests": -63722000.0,
        "Net Income Continuous Operations": -63722000.0,
        "Tax Provision": 971000.0,
        "Pretax Income": -62751000.0,
        "Other Income Expense": -1016000.0,
        "Other Non Operating Income Expenses": -491000.0,
        "Gain On Sale Of Security": -525000.0,
        "Net Non Operating Interest Income Expense": 4434000.0,
        "Interest Expense Non Operating": 942000.0,
        "Interest Income Non Operating": 5376000.0,
        "Operating Income": -66169000.0,
        "Operating Expense": 220813000.0,
        "Research And Development": 82791000.0,
        "Selling General And Administration": 138022000.0,
        "Selling And Marketing Expense": 104332000.0,
        "General And Administrative Expense": 33690000.0,
        "Other Gand A": 33690000.0,
        "Salaries And Wages": NaN,
        "Gross Profit": 154644000.0,
        "Cost Of Revenue": 17804000.0,
        "Total Revenue": 172448000.0,
        "Operating Revenue": 172448000.0
    },
    "2024-07-31": {
        "Tax Effect Of Unusual Items": 295470.0,
        "Tax Rate For Calcs": 0.21,
        "Normalized EBITDA": -67165000.0,
        "Total Unusual Items": 1407000.0,
        "Total Unusual Items Excluding Goodwill": 1407000.0,
        "Net Income From Continuing Operation Net Minority Interest": -72189000.0,
        "Reconciled Depreciation": 4279000.0,
        "Reconciled Cost Of Revenue": 19987000.0,
        "EBITDA": -65758000.0,
        "EBIT": -70037000.0,
        "Net Interest Income": 4454000.0,
        "Interest Expense": 955000.0,
        "Interest Income": 5409000.0,
        "Normalized Income": -73300530.0,
        "Net Income From Continuing And Discontinued Operation": -72189000.0,
        "Total Expenses": 256009000.0,
        "Total Operating Income As Reported": -76797000.0,
        "Diluted Average Shares": 229760000.0,
        "Basic Average Shares": 229760000.0,
        "Diluted EPS": -0.31,
        "Basic EPS": -0.31,
        "Diluted NI Availto Com Stockholders": -72189000.0,
        "Net Income Common Stockholders": -72189000.0,
        "Net Income": -72189000.0,
        "Net Income Including Noncontrolling Interests": -72189000.0,
        "Net Income Continuous Operations": -72189000.0,
        "Tax Provision": 1197000.0,
        "Pretax Income": -70992000.0,
        "Other Income Expense": 1351000.0,
        "Other Non Operating Income Expenses": -56000.0,
        "Gain On Sale Of Security": 1407000.0,
        "Net Non Operating Interest Income Expense": 4454000.0,
        "Interest Expense Non Operating": 955000.0,
        "Interest Income Non Operating": 5409000.0,
        "Operating Income": -76797000.0,
        "Operating Expense": 236022000.0,
        "Research And Development": 91151000.0,
        "Selling General And Administration": 144871000.0,
        "Selling And Marketing Expense": 108649000.0,
        "General And Administrative Expense": 36222000.0,
        "Other Gand A": 36222000.0,
        "Salaries And Wages": NaN,
        "Gross Profit": 159225000.0,
        "Cost Of Revenue": 19987000.0,
        "Total Revenue": 179212000.0,
        "Operating Revenue": 179212000.0
    },
    "2024-10-31": {
        "Tax Effect Of Unusual Items": -187530.0,
        "Tax Rate For Calcs": 0.21,
        "Normalized EBITDA": -49901000.0,
        "Total Unusual Items": -893000.0,
        "Total Unusual Items Excluding Goodwill": -893000.0,
        "Net Income From Continuing Operation Net Minority Interest": -57326000.0,
        "Reconciled Depreciation": 4437000.0,
        "Reconciled Cost Of Revenue": 19798000.0,
        "EBITDA": -50794000.0,
        "EBIT": -55231000.0,
        "Net Interest Income": 3884000.0,
        "Interest Expense": 934000.0,
        "Interest Income": 4818000.0,
        "Normalized Income": -56620530.0,
        "Net Income From Continuing And Discontinued Operation": -57326000.0,
        "Total Expenses": 244062000.0,
        "Total Operating Income As Reported": -60180000.0,
        "Diluted Average Shares": 229624000.0,
        "Basic Average Shares": 229624000.0,
        "Diluted EPS": -0.25,
        "Basic EPS": -0.25,
        "Diluted NI Availto Com Stockholders": -57326000.0,
        "Net Income Common Stockholders": -57326000.0,
        "Net Income": -57326000.0,
        "Net Income Including Noncontrolling Interests": -57326000.0,
        "Net Income Continuous Operations": -57326000.0,
        "Tax Provision": 1161000.0,
        "Pretax Income": -56165000.0,
        "Other Income Expense": 131000.0,
        "Other Non Operating Income Expenses": 1024000.0,
        "Gain On Sale Of Security": -893000.0,
        "Net Non Operating Interest Income Expense": 3884000.0,
        "Interest Expense Non Operating": 934000.0,
        "Interest Income Non Operating": 4818000.0,
        "Operating Income": -60180000.0,
        "Operating Expense": 224264000.0,
        "Research And Development": 83286000.0,
        "Selling General And Administration": 140978000.0,
        "Selling And Marketing Expense": 104708000.0,
        "General And Administrative Expense": 36270000.0,
        "Other Gand A": 36270000.0,
        "Salaries And Wages": NaN,
        "Gross Profit": 164084000.0,
        "Cost Of Revenue": 19798000.0,
        "Total Revenue": 183882000.0,
        "Operating Revenue": 183882000.0
    },
    "2025-01-31": {
        "Tax Effect Of Unusual Items": 251600.0,
        "Tax Rate For Calcs": 0.4,
        "Normalized EBITDA": -55827000.0,
        "Total Unusual Items": 629000.0,
        "Total Unusual Items Excluding Goodwill": 629000.0,
        "Net Income From Continuing Operation Net Minority Interest": -62299000.0,
        "Reconciled Depreciation": 4813000.0,
        "Reconciled Cost Of Revenue": 19604000.0,
        "EBITDA": -55198000.0,
        "EBIT": -60011000.0,
        "Net Interest Income": 3394000.0,
        "Interest Expense": 852000.0,
        "Interest Income": 4246000.0,
        "Normalized Income": -62676400.0,
        "Net Income From Continuing And Discontinued Operation": -62299000.0,
        "Total Expenses": 251923000.0,
        "Total Operating Income As Reported": -63589000.0,
        "Diluted Average Shares": NaN,
        "Basic Average Shares": NaN,
        "Diluted EPS": NaN,
        "Basic EPS": NaN,
        "Diluted NI Availto Com Stockholders": -62299000.0,
        "Net Income Common Stockholders": -62299000.0,
        "Net Income": -62299000.0,
        "Net Income Including Noncontrolling Interests": -62299000.0,
        "Net Income Continuous Operations": -62299000.0,
        "Tax Provision": 1436000.0,
        "Pretax Income": -60863000.0,
        "Other Income Expense": -668000.0,
        "Other Non Operating Income Expenses": -1297000.0,
        "Gain On Sale Of Security": 629000.0,
        "Net Non Operating Interest Income Expense": 3394000.0,
        "Interest Expense Non Operating": 852000.0,
        "Interest Income Non Operating": 4246000.0,
        "Operating Income": -63589000.0,
        "Operating Expense": 232319000.0,
        "Research And Development": 84239000.0,
        "Selling General And Administration": 148080000.0,
        "Selling And Marketing Expense": 102261000.0,
        "General And Administrative Expense": 45819000.0,
        "Other Gand A": 45819000.0,
        "Salaries And Wages": NaN,
        "Gross Profit": 168730000.0,
        "Cost Of Revenue": 19604000.0,
        "Total Revenue": 188334000.0,
        "Operating Revenue": 188334000.0
    }
}