{
    "2023-06-30": {
        "Tax Effect Of Unusual Items": -63567.4,
        "Tax Rate For Calcs": 0.2126,
        "Total Unusual Items": -299000.0,
        "Total Unusual Items Excluding Goodwill": -299000.0,
        "Net Income From Continuing Operation Net Minority Interest": 87154000.0,
        "Reconciled Depreciation": 29862000.0,
        "Net Interest Income": 257917000.0,
        "Interest Expense": 223314000.0,
        "Interest Income": 481231000.0,
        "Normalized Income": 87389432.6,
        "Net Income From Continuing And Discontinued Operation": 87154000.0,
        "Diluted Average Shares": 150870000.0,
        "Basic Average Shares": 149986000.0,
        "Diluted EPS": 0.56,
        "Basic EPS": 0.56,
        "Diluted NI Availto Com Stockholders": 84279000.0,
        "Net Income Common Stockholders": 84279000.0,
        "Otherunder Preferred Stock Dividend": NaN,
        "Preferred Stock Dividends": 2875000.0,
        "Net Income": 87154000.0,
        "Net Income Including Noncontrolling Interests": 87154000.0,
        "Net Income Continuous Operations": 87154000.0,
        "Tax Provision": 23533000.0,
        "Pretax Income": 110687000.0,
        "Gain On Sale Of Security": 5107000.0,
        "Depreciation Amortization Depletion Income Statement": 2203000.0,
        "Depreciation And Amortization In Income Statement": 2203000.0,
        "Amortization": 2203000.0,
        "Amortization Of Intangibles Income Statement": 2203000.0,
        "Selling General And Administration": 130745000.0,
        "Selling And Marketing Expense": 7106000.0,
        "General And Administrative Expense": 123639000.0,
        "Insurance And Claims": 9550000.0,
        "Salaries And Wages": 114089000.0,
        "Total Revenue": 321826000.0,
        "Operating Revenue": 321826000.0,
        "Occupancy And Equipment": 18562000.0,
        "Professional Expense And Contract Services Expense": 4831000.0,
        "Other Non Interest Expense": 32696000.0
    },
    "2023-03-31": {
        "Tax Effect Of Unusual Items": 55019.6,
        "Tax Rate For Calcs": 0.2092,
        "Total Unusual Items": 263000.0,
        "Total Unusual Items Excluding Goodwill": 263000.0,
        "Net Income From Continuing Operation Net Minority Interest": 103360000.0,
        "Reconciled Depreciation": 13966000.0,
        "Net Interest Income": 274010000.0,
        "Interest Expense": 168807000.0,
        "Interest Income": 442817000.0,
        "Normalized Income": 103152019.6,
        "Net Income From Continuing And Discontinued Operation": 103360000.0,
        "Diluted Average Shares": 151128000.0,
        "Basic Average Shares": 149763000.0,
        "Diluted EPS": 0.66,
        "Basic EPS": 0.67,
        "Diluted NI Availto Com Stockholders": 100485000.0,
        "Net Income Common Stockholders": 100485000.0,
        "Otherunder Preferred Stock Dividend": NaN,
        "Preferred Stock Dividends": 2875000.0,
        "Net Income": 103360000.0,
        "Net Income Including Noncontrolling Interests": 103360000.0,
        "Net Income Continuous Operations": 103360000.0,
        "Tax Provision": 27340000.0,
        "Pretax Income": 130700000.0,
        "Special Income Charges": NaN,
        "Gain On Sale Of Business": NaN,
        "Gain On Sale Of Security": 5134000.0,
        "Depreciation Amortization Depletion Income Statement": 2203000.0,
        "Depreciation And Amortization In Income Statement": 2203000.0,
        "Amortization": 2203000.0,
        "Amortization Of Intangibles Income Statement": 2203000.0,
        "Selling General And Administration": 129144000.0,
        "Selling And Marketing Expense": 5849000.0,
        "General And Administrative Expense": 123295000.0,
        "Insurance And Claims": 6875000.0,
        "Salaries And Wages": 116420000.0,
        "Total Revenue": 334945000.0,
        "Operating Revenue": 334945000.0,
        "Occupancy And Equipment": 19993000.0,
        "Professional Expense And Contract Services Expense": 3857000.0,
        "Other Non Interest Expense": 31077000.0
    },
    "2022-12-31": {
        "Tax Effect Of Unusual Items": NaN,
        "Tax Rate For Calcs": NaN,
        "Total Unusual Items": NaN,
        "Total Unusual Items Excluding Goodwill": NaN,
        "Net Income From Continuing Operation Net Minority Interest": NaN,
        "Reconciled Depreciation": NaN,
        "Net Interest Income": NaN,
        "Interest Expense": NaN,
        "Interest Income": NaN,
        "Normalized Income": NaN,
        "Net Income From Continuing And Discontinued Operation": NaN,
        "Diluted Average Shares": NaN,
        "Basic Average Shares": NaN,
        "Diluted EPS": NaN,
        "Basic EPS": NaN,
        "Diluted NI Availto Com Stockholders": NaN,
        "Net Income Common Stockholders": NaN,
        "Otherunder Preferred Stock Dividend": NaN,
        "Preferred Stock Dividends": NaN,
        "Net Income": NaN,
        "Net Income Including Noncontrolling Interests": NaN,
        "Net Income Continuous Operations": NaN,
        "Tax Provision": NaN,
        "Pretax Income": NaN,
        "Special Income Charges": 0.0,
        "Gain On Sale Of Business": 0.0,
        "Gain On Sale Of Security": NaN,
        "Depreciation Amortization Depletion Income Statement": NaN,
        "Depreciation And Amortization In Income Statement": NaN,
        "Amortization": NaN,
        "Amortization Of Intangibles Income Statement": NaN,
        "Selling General And Administration": NaN,
        "Selling And Marketing Expense": NaN,
        "General And Administrative Expense": NaN,
        "Insurance And Claims": NaN,
        "Salaries And Wages": NaN,
        "Total Revenue": NaN,
        "Operating Revenue": NaN,
        "Occupancy And Equipment": NaN,
        "Professional Expense And Contract Services Expense": NaN,
        "Other Non Interest Expense": NaN
    },
    "2022-09-30": {
        "Tax Effect Of Unusual Items": NaN,
        "Tax Rate For Calcs": NaN,
        "Total Unusual Items": NaN,
        "Total Unusual Items Excluding Goodwill": NaN,
        "Net Income From Continuing Operation Net Minority Interest": NaN,
        "Reconciled Depreciation": NaN,
        "Net Interest Income": NaN,
        "Interest Expense": NaN,
        "Interest Income": NaN,
        "Normalized Income": NaN,
        "Net Income From Continuing And Discontinued Operation": NaN,
        "Diluted Average Shares": NaN,
        "Basic Average Shares": NaN,
        "Diluted EPS": NaN,
        "Basic EPS": NaN,
        "Diluted NI Availto Com Stockholders": NaN,
        "Net Income Common Stockholders": NaN,
        "Otherunder Preferred Stock Dividend": 604000.0,
        "Preferred Stock Dividends": NaN,
        "Net Income": NaN,
        "Net Income Including Noncontrolling Interests": NaN,
        "Net Income Continuous Operations": NaN,
        "Tax Provision": NaN,
        "Pretax Income": NaN,
        "Special Income Charges": 0.0,
        "Gain On Sale Of Business": 0.0,
        "Gain On Sale Of Security": NaN,
        "Depreciation Amortization Depletion Income Statement": NaN,
        "Depreciation And Amortization In Income Statement": NaN,
        "Amortization": NaN,
        "Amortization Of Intangibles Income Statement": NaN,
        "Selling General And Administration": NaN,
        "Selling And Marketing Expense": NaN,
        "General And Administrative Expense": NaN,
        "Insurance And Claims": NaN,
        "Salaries And Wages": NaN,
        "Total Revenue": NaN,
        "Operating Revenue": NaN
    },
    "2022-06-30": {
        "Tax Effect Of Unusual Items": 355524.0,
        "Tax Rate For Calcs": 0.212,
        "Total Unusual Items": 1677000.0,
        "Total Unusual Items Excluding Goodwill": 1677000.0,
        "Net Income From Continuing Operation Net Minority Interest": 86824000.0,
        "Reconciled Depreciation": 2203000.0,
        "Net Interest Income": 216146000.0,
        "Interest Expense": 20845000.0,
        "Interest Income": 236991000.0,
        "Normalized Income": 85502524.0,
        "Net Income From Continuing And Discontinued Operation": 86824000.0,
        "Diluted Average Shares": 150203000.0,
        "Basic Average Shares": 149083000.0,
        "Diluted EPS": 0.56,
        "Basic EPS": 0.56,
        "Diluted NI Availto Com Stockholders": 83949000.0,
        "Net Income Common Stockholders": 83949000.0,
        "Otherunder Preferred Stock Dividend": NaN,
        "Preferred Stock Dividends": 2875000.0,
        "Net Income": 86824000.0,
        "Net Income Including Noncontrolling Interests": 86824000.0,
        "Net Income Continuous Operations": 86824000.0,
        "Tax Provision": 23363000.0,
        "Pretax Income": 110187000.0,
        "Special Income Charges": 0.0,
        "Gain On Sale Of Business": 0.0,
        "Gain On Sale Of Security": -8000.0,
        "Depreciation Amortization Depletion Income Statement": 2203000.0,
        "Depreciation And Amortization In Income Statement": 2203000.0,
        "Amortization": 2203000.0,
        "Amortization Of Intangibles Income Statement": 2203000.0,
        "Selling General And Administration": 123721000.0,
        "Selling And Marketing Expense": 5655000.0,
        "General And Administrative Expense": 118066000.0,
        "Other Gand A": 21223000.0,
        "Insurance And Claims": 5400000.0,
        "Salaries And Wages": 112666000.0,
        "Total Revenue": 290128000.0,
        "Operating Revenue": 290128000.0
    },
    "2022-03-31": {
        "Diluted EPS": 0.47,
        "Total Revenue": 277,
        "Gross Profit": 262,
        "Operating Income": 93,
        "EBIT": NaN,
        "Net Income": 71
    },
    "2021-12-31": {
        "Diluted EPS": 0.48,
        "Total Revenue": 283,
        "Gross Profit": 268,
        "Operating Income": 90,
        "EBIT": NaN,
        "Net Income": 74
    },
    "2021-09-30": {
        "Diluted EPS": 0.56,
        "Total Revenue": 282,
        "Gross Profit": 266,
        "Operating Income": 112,
        "EBIT": NaN,
        "Net Income": 85
    },
    "2021-06-30": {
        "Diluted EPS": 0.56,
        "Total Revenue": 273,
        "Gross Profit": 253,
        "Operating Income": 113,
        "EBIT": NaN,
        "Net Income": 86
    },
    "2021-03-31": {
        "Diluted EPS": 0.58,
        "Total Revenue": 292,
        "Gross Profit": 271,
        "Operating Income": 119,
        "EBIT": NaN,
        "Net Income": 89
    },
    "2020-12-31": {
        "Diluted EPS": 0.39,
        "Total Revenue": 297,
        "Gross Profit": 274,
        "Operating Income": 75,
        "EBIT": NaN,
        "Net Income": 62
    },
    "2020-09-30": {
        "Diluted EPS": 0.26,
        "Total Revenue": 289,
        "Gross Profit": 258,
        "Operating Income": -13,
        "EBIT": NaN,
        "Net Income": 40
    },
    "2020-06-30": {
        "Diluted EPS": 0.94,
        "Total Revenue": 479,
        "Gross Profit": 444,
        "Operating Income": 200,
        "EBIT": NaN,
        "Net Income": 145
    },
    "2020-03-31": {
        "Diluted EPS": 0.27,
        "Total Revenue": 362,
        "Gross Profit": 301,
        "Operating Income": 56,
        "EBIT": NaN,
        "Net Income": 42
    },
    "2019-12-31": {
        "Diluted EPS": 0.43,
        "Total Revenue": 362,
        "Gross Profit": 293,
        "Operating Income": 83,
        "EBIT": NaN,
        "Net Income": 68
    },
    "2019-09-30": {
        "Diluted EPS": 0.49,
        "Total Revenue": 392,
        "Gross Profit": 307,
        "Operating Income": 106,
        "EBIT": NaN,
        "Net Income": 80
    },
    "2019-06-30": {
        "Diluted EPS": 0.49,
        "Total Revenue": 402,
        "Gross Profit": 309,
        "Operating Income": 107,
        "EBIT": NaN,
        "Net Income": 81
    },
    "2019-03-31": {
        "Diluted EPS": 0.5,
        "Total Revenue": 397,
        "Gross Profit": 307,
        "Operating Income": 110,
        "EBIT": NaN,
        "Net Income": 83
    },
    "2018-12-31": {
        "Diluted EPS": 0.51,
        "Total Revenue": 390,
        "Gross Profit": 308,
        "Operating Income": 109,
        "EBIT": NaN,
        "Net Income": 86
    },
    "2018-09-30": {
        "Diluted EPS": 0.48,
        "Total Revenue": 384,
        "Gross Profit": 308,
        "Operating Income": 111,
        "EBIT": NaN,
        "Net Income": 83
    },
    "2018-06-30": {
        "Diluted EPS": 0.5,
        "Total Revenue": 384,
        "Gross Profit": 319,
        "Operating Income": 111,
        "EBIT": NaN,
        "Net Income": 86
    },
    "2018-03-31": {
        "Diluted EPS": 0.4,
        "Total Revenue": 352,
        "Gross Profit": 300,
        "Operating Income": 108,
        "EBIT": NaN,
        "Net Income": 67
    },
    "2017-12-31": {
        "Diluted EPS": 0.3,
        "Total Revenue": 315,
        "Gross Profit": 272,
        "Operating Income": 90,
        "EBIT": NaN,
        "Net Income": 48
    },
    "2017-09-30": {
        "Diluted EPS": 0.41,
        "Total Revenue": 318,
        "Gross Profit": 276,
        "Operating Income": 94,
        "EBIT": NaN,
        "Net Income": 63
    },
    "2017-06-30": {
        "Diluted EPS": 0.36,
        "Total Revenue": 300,
        "Gross Profit": 266,
        "Operating Income": 78,
        "EBIT": NaN,
        "Net Income": 55
    },
    "2017-03-31": {
        "Diluted EPS": 0.35,
        "Total Revenue": 287,
        "Gross Profit": 260,
        "Operating Income": 77,
        "EBIT": NaN,
        "Net Income": 54
    },
    "2016-12-31": {
        "Diluted EPS": 0.34,
        "Total Revenue": 294,
        "Gross Profit": 272,
        "Operating Income": 78,
        "EBIT": NaN,
        "Net Income": 53
    },
    "2016-09-30": {
        "Diluted EPS": 0.34,
        "Total Revenue": 295,
        "Gross Profit": 274,
        "Operating Income": 77,
        "EBIT": NaN,
        "Net Income": 51
    },
    "2016-06-30": {
        "Diluted EPS": 0.31,
        "Total Revenue": 279,
        "Gross Profit": 259,
        "Operating Income": 71,
        "EBIT": NaN,
        "Net Income": 47
    },
    "2016-03-31": {
        "Diluted EPS": 0.27,
        "Total Revenue": 277,
        "Gross Profit": 255,
        "Operating Income": 61,
        "EBIT": NaN,
        "Net Income": 40
    },
    "2015-12-31": {
        "Diluted EPS": 0.27,
        "Total Revenue": 274,
        "Gross Profit": 254,
        "Operating Income": 58,
        "EBIT": NaN,
        "Net Income": 39
    },
    "2015-09-30": {
        "Diluted EPS": 0.31,
        "Total Revenue": 270,
        "Gross Profit": 251,
        "Operating Income": 71,
        "EBIT": NaN,
        "Net Income": 47
    },
    "2015-06-30": {
        "Diluted EPS": 0.31,
        "Total Revenue": 272,
        "Gross Profit": 253,
        "Operating Income": 71,
        "EBIT": NaN,
        "Net Income": 48
    },
    "2015-03-31": {
        "Diluted EPS": 0.3,
        "Total Revenue": 266,
        "Gross Profit": 248,
        "Operating Income": 69,
        "EBIT": NaN,
        "Net Income": 45
    },
    "2014-12-31": {
        "Diluted EPS": 0.3,
        "Total Revenue": 261,
        "Gross Profit": 245,
        "Operating Income": 67,
        "EBIT": NaN,
        "Net Income": 48
    },
    "2014-09-30": {
        "Diluted EPS": 0.31,
        "Total Revenue": 261,
        "Gross Profit": 248,
        "Operating Income": 75,
        "EBIT": NaN,
        "Net Income": 49
    },
    "2014-06-30": {
        "Diluted EPS": 0.28,
        "Total Revenue": 254,
        "Gross Profit": 241,
        "Operating Income": 68,
        "EBIT": NaN,
        "Net Income": 45
    },
    "2014-03-31": {
        "Diluted EPS": 0.27,
        "Total Revenue": 252,
        "Gross Profit": 238,
        "Operating Income": 66,
        "EBIT": NaN,
        "Net Income": 44
    },
    "2013-12-31": {
        "Diluted EPS": 0.28,
        "Total Revenue": 257,
        "Gross Profit": 243,
        "Operating Income": 62,
        "EBIT": NaN,
        "Net Income": 46
    },
    "2013-09-30": {
        "Diluted EPS": 0.27,
        "Total Revenue": 247,
        "Gross Profit": 231,
        "Operating Income": 67,
        "EBIT": NaN,
        "Net Income": 44
    },
    "2013-06-30": {
        "Diluted EPS": 0.28,
        "Total Revenue": 261,
        "Gross Profit": 244,
        "Operating Income": 70,
        "EBIT": NaN,
        "Net Income": 47
    },
    "2013-03-31": {
        "Diluted EPS": 0.27,
        "Total Revenue": 257,
        "Gross Profit": 240,
        "Operating Income": 69,
        "EBIT": NaN,
        "Net Income": 46
    },
    "2012-12-31": {
        "Diluted EPS": 0.26,
        "Total Revenue": 258,
        "Gross Profit": 239,
        "Operating Income": 70,
        "EBIT": NaN,
        "Net Income": 45
    },
    "2012-09-30": {
        "Diluted EPS": 0.26,
        "Total Revenue": 260,
        "Gross Profit": 237,
        "Operating Income": 67,
        "EBIT": NaN,
        "Net Income": 45
    },
    "2012-06-30": {
        "Diluted EPS": 0.24,
        "Total Revenue": 255,
        "Gross Profit": 230,
        "Operating Income": 64,
        "EBIT": NaN,
        "Net Income": 42
    },
    "2012-03-31": {
        "Diluted EPS": 0.24,
        "Total Revenue": 259,
        "Gross Profit": 233,
        "Operating Income": 63,
        "EBIT": NaN,
        "Net Income": 41
    },
    "2011-12-31": {
        "Diluted EPS": 0.22,
        "Total Revenue": 252,
        "Gross Profit": 222,
        "Operating Income": 50,
        "EBIT": NaN,
        "Net Income": 40
    },
    "2011-09-30": {
        "Diluted EPS": 0.2,
        "Total Revenue": 254,
        "Gross Profit": 222,
        "Operating Income": 59,
        "EBIT": NaN,
        "Net Income": 34
    },
    "2011-06-30": {
        "Diluted EPS": 0.15,
        "Total Revenue": 250,
        "Gross Profit": 216,
        "Operating Income": 44,
        "EBIT": NaN,
        "Net Income": 26
    },
    "2011-03-31": {
        "Diluted EPS": 0.09,
        "Total Revenue": 259,
        "Gross Profit": 226,
        "Operating Income": 31,
        "EBIT": NaN,
        "Net Income": 15
    },
    "2010-12-31": {
        "Diluted EPS": 0.04,
        "Total Revenue": 264,
        "Gross Profit": 225,
        "Operating Income": 6,
        "EBIT": NaN,
        "Net Income": 7
    },
    "2010-09-30": {
        "Diluted EPS": 0.04,
        "Total Revenue": 278,
        "Gross Profit": 236,
        "Operating Income": 15,
        "EBIT": NaN,
        "Net Income": 7
    },
    "2010-06-30": {
        "Diluted EPS": -0.06,
        "Total Revenue": 286,
        "Gross Profit": 241,
        "Operating Income": -12,
        "EBIT": NaN,
        "Net Income": -10
    },
    "2010-03-31": {
        "Diluted EPS": -0.2,
        "Total Revenue": 314,
        "Gross Profit": 267,
        "Operating Income": -50,
        "EBIT": NaN,
        "Net Income": -34
    },
    "2009-12-31": {
        "Diluted EPS": -1.42,
        "Total Revenue": 315,
        "Gross Profit": 263,
        "Operating Income": -291,
        "EBIT": NaN,
        "Net Income": -181
    },
    "2009-09-30": {
        "Diluted EPS": 0.07,
        "Total Revenue": 314,
        "Gross Profit": 255,
        "Operating Income": 18,
        "EBIT": NaN,
        "Net Income": 9
    },
    "2009-06-30": {
        "Diluted EPS": -0.19,
        "Total Revenue": 352,
        "Gross Profit": 281,
        "Operating Income": -44,
        "EBIT": NaN,
        "Net Income": -25
    },
    "2009-03-31": {
        "Diluted EPS": 0.28,
        "Total Revenue": 351,
        "Gross Profit": 278,
        "Operating Income": 32,
        "EBIT": NaN,
        "Net Income": 35
    },
    "2023-09-30": {
        "Tax Effect Of Unusual Items": NaN,
        "Tax Rate For Calcs": NaN,
        "Total Unusual Items": NaN,
        "Total Unusual Items Excluding Goodwill": NaN,
        "Net Income From Continuing Operation Net Minority Interest": NaN,
        "Reconciled Depreciation": NaN,
        "Net Interest Income": NaN,
        "Interest Expense": NaN,
        "Interest Income": NaN,
        "Normalized Income": NaN,
        "Net Income From Continuing And Discontinued Operation": NaN,
        "Diluted Average Shares": NaN,
        "Basic Average Shares": NaN,
        "Diluted EPS": NaN,
        "Basic EPS": NaN,
        "Diluted NI Availto Com Stockholders": NaN,
        "Net Income Common Stockholders": NaN,
        "Otherunder Preferred Stock Dividend": 477000.0,
        "Preferred Stock Dividends": NaN,
        "Net Income": NaN,
        "Net Income Including Noncontrolling Interests": NaN,
        "Net Income Continuous Operations": NaN,
        "Tax Provision": NaN,
        "Pretax Income": NaN,
        "Gain On Sale Of Security": NaN,
        "Depreciation Amortization Depletion Income Statement": NaN,
        "Depreciation And Amortization In Income Statement": NaN,
        "Amortization": NaN,
        "Amortization Of Intangibles Income Statement": NaN,
        "Selling General And Administration": NaN,
        "Selling And Marketing Expense": NaN,
        "General And Administrative Expense": NaN,
        "Insurance And Claims": NaN,
        "Salaries And Wages": NaN,
        "Total Revenue": NaN,
        "Operating Revenue": NaN,
        "Occupancy And Equipment": NaN,
        "Professional Expense And Contract Services Expense": NaN,
        "Other Non Interest Expense": NaN
    },
    "2023-12-31": {
        "Tax Effect Of Unusual Items": -46514.879464,
        "Tax Rate For Calcs": 0.342021,
        "Total Unusual Items": -136000.0,
        "Total Unusual Items Excluding Goodwill": -136000.0,
        "Net Income From Continuing Operation Net Minority Interest": -90806000.0,
        "Reconciled Depreciation": 25603000.0,
        "Net Interest Income": 253402000.0,
        "Interest Expense": 271965000.0,
        "Interest Income": 525367000.0,
        "Normalized Income": -90716514.879464,
        "Net Income From Continuing And Discontinued Operation": -90806000.0,
        "Diluted Average Shares": 151007000.0,
        "Basic Average Shares": 150085000.0,
        "Diluted EPS": -0.63,
        "Basic EPS": -0.63,
        "Diluted NI Availto Com Stockholders": -92097000.0,
        "Net Income Common Stockholders": -92097000.0,
        "Otherunder Preferred Stock Dividend": NaN,
        "Preferred Stock Dividends": 2875000.0,
        "Net Income": -90806000.0,
        "Net Income Including Noncontrolling Interests": -90806000.0,
        "Net Income Continuous Operations": -90807000.0,
        "Tax Provision": -47202000.0,
        "Pretax Income": -138009000.0,
        "Gain On Sale Of Security": -34309000.0,
        "Depreciation Amortization Depletion Income Statement": 2203000.0,
        "Depreciation And Amortization In Income Statement": 2203000.0,
        "Amortization": 2203000.0,
        "Amortization Of Intangibles Income Statement": 2203000.0,
        "Selling General And Administration": 170534000.0,
        "Selling And Marketing Expense": 8351000.0,
        "General And Administrative Expense": 162183000.0,
        "Insurance And Claims": 41497000.0,
        "Salaries And Wages": 120686000.0,
        "Total Revenue": 121802000.0,
        "Operating Revenue": 121802000.0,
        "Occupancy And Equipment": 19171000.0,
        "Professional Expense And Contract Services Expense": 6762000.0,
        "Other Non Interest Expense": 40139000.0
    },
    "2024-03-31": {
        "Tax Effect Of Unusual Items": -60526.8,
        "Tax Rate For Calcs": 0.1978,
        "Total Unusual Items": -306000.0,
        "Total Unusual Items Excluding Goodwill": -306000.0,
        "Net Income From Continuing Operation Net Minority Interest": 81169000.0,
        "Reconciled Depreciation": 25228000.0,
        "Net Interest Income": 257858000.0,
        "Interest Expense": 265530000.0,
        "Interest Income": 523388000.0,
        "Normalized Income": 81414473.2,
        "Net Income From Continuing And Discontinued Operation": 81169000.0,
        "Diluted Average Shares": 151292000.0,
        "Basic Average Shares": 149855000.0,
        "Diluted EPS": 0.52,
        "Basic EPS": 0.52,
        "Diluted NI Availto Com Stockholders": 78294000.0,
        "Net Income Common Stockholders": 78294000.0,
        "Otherunder Preferred Stock Dividend": NaN,
        "Preferred Stock Dividends": 2875000.0,
        "Net Income": 81169000.0,
        "Net Income Including Noncontrolling Interests": 81169000.0,
        "Net Income Continuous Operations": 81169000.0,
        "Tax Provision": 20016000.0,
        "Pretax Income": 101185000.0,
        "Gain On Sale Of Security": 7929000.0,
        "Depreciation Amortization Depletion Income Statement": 2203000.0,
        "Depreciation And Amortization In Income Statement": 2203000.0,
        "Amortization": 2203000.0,
        "Amortization Of Intangibles Income Statement": 2203000.0,
        "Selling General And Administration": 139858000.0,
        "Selling And Marketing Expense": 6517000.0,
        "General And Administrative Expense": 133341000.0,
        "Insurance And Claims": 13946000.0,
        "Salaries And Wages": 119395000.0,
        "Total Revenue": 320863000.0,
        "Operating Revenue": 320863000.0,
        "Occupancy And Equipment": 18232000.0,
        "Professional Expense And Contract Services Expense": 4672000.0,
        "Other Non Interest Expense": 30713000.0
    },
    "2024-06-30": {
        "Tax Effect Of Unusual Items": -131670.0,
        "Tax Rate For Calcs": 0.21,
        "Total Unusual Items": -627000.0,
        "Total Unusual Items Excluding Goodwill": -627000.0,
        "Net Income From Continuing Operation Net Minority Interest": 115573000.0,
        "Reconciled Depreciation": 24101000.0,
        "Net Interest Income": 256593000.0,
        "Interest Expense": 273681000.0,
        "Interest Income": 530274000.0,
        "Normalized Income": 116068330.0,
        "Net Income From Continuing And Discontinued Operation": 115573000.0,
        "Diluted Average Shares": 151288000.0,
        "Basic Average Shares": 149872000.0,
        "Diluted EPS": 0.74,
        "Basic EPS": 0.75,
        "Diluted NI Availto Com Stockholders": 112698000.0,
        "Net Income Common Stockholders": 112698000.0,
        "Otherunder Preferred Stock Dividend": NaN,
        "Preferred Stock Dividends": 2875000.0,
        "Net Income": 115573000.0,
        "Net Income Including Noncontrolling Interests": 115573000.0,
        "Net Income Continuous Operations": 115573000.0,
        "Tax Provision": -12689000.0,
        "Pretax Income": 102884000.0,
        "Gain On Sale Of Security": 4752000.0,
        "Depreciation Amortization Depletion Income Statement": 2203000.0,
        "Depreciation And Amortization In Income Statement": 2203000.0,
        "Amortization": 2203000.0,
        "Amortization Of Intangibles Income Statement": 2203000.0,
        "Selling General And Administration": 136247000.0,
        "Selling And Marketing Expense": 7535000.0,
        "General And Administrative Expense": 128712000.0,
        "Insurance And Claims": 7131000.0,
        "Salaries And Wages": 121581000.0,
        "Total Revenue": 319959000.0,
        "Operating Revenue": 319959000.0,
        "Occupancy And Equipment": 17578000.0,
        "Professional Expense And Contract Services Expense": 4429000.0,
        "Other Non Interest Expense": 33611000.0
    },
    "2024-09-30": {
        "Tax Effect Of Unusual Items": -88206.025411,
        "Tax Rate For Calcs": 0.186089,
        "Total Unusual Items": -474000.0,
        "Total Unusual Items Excluding Goodwill": -474000.0,
        "Net Income From Continuing Operation Net Minority Interest": 88018000.0,
        "Reconciled Depreciation": 24691000.0,
        "Net Interest Income": 262509000.0,
        "Interest Expense": 277809000.0,
        "Interest Income": 540318000.0,
        "Normalized Income": 88403793.974589,
        "Net Income From Continuing And Discontinued Operation": 88018000.0,
        "Diluted Average Shares": 151492000.0,
        "Basic Average Shares": 150247000.0,
        "Diluted EPS": 0.56,
        "Basic EPS": 0.56,
        "Diluted NI Availto Com Stockholders": 84669000.0,
        "Net Income Common Stockholders": 84669000.0,
        "Otherunder Preferred Stock Dividend": 474000.0,
        "Preferred Stock Dividends": 2875000.0,
        "Net Income": 88018000.0,
        "Net Income Including Noncontrolling Interests": 88018000.0,
        "Net Income Continuous Operations": 88018000.0,
        "Tax Provision": 20124000.0,
        "Pretax Income": 108142000.0,
        "Gain On Sale Of Security": 4417000.0,
        "Depreciation Amortization Depletion Income Statement": 2203000.0,
        "Depreciation And Amortization In Income Statement": 2203000.0,
        "Amortization": 2203000.0,
        "Amortization Of Intangibles Income Statement": 2203000.0,
        "Selling General And Administration": 135942000.0,
        "Selling And Marketing Expense": 6683000.0,
        "General And Administrative Expense": 129259000.0,
        "Insurance And Claims": 8223000.0,
        "Salaries And Wages": 121036000.0,
        "Total Revenue": 326981000.0,
        "Operating Revenue": 326981000.0,
        "Occupancy And Equipment": 18189000.0,
        "Professional Expense And Contract Services Expense": 5639000.0,
        "Other Non Interest Expense": 35876000.0
    },
    "2024-12-31": {
        "Tax Effect Of Unusual Items": -1259897.418876,
        "Tax Rate For Calcs": 0.090784,
        "Total Unusual Items": -13878000.0,
        "Total Unusual Items Excluding Goodwill": -13878000.0,
        "Net Income From Continuing Operation Net Minority Interest": -161615000.0,
        "Reconciled Depreciation": 28493000.0,
        "Net Interest Income": 270288000.0,
        "Interest Expense": 258435000.0,
        "Interest Income": 528724000.0,
        "Normalized Income": -148996897.418876,
        "Net Income From Continuing And Discontinued Operation": -161615000.0,
        "Diluted Average Shares": 159164000.0,
        "Basic Average Shares": 157710000.0,
        "Diluted EPS": -1.04,
        "Basic EPS": -1.04,
        "Diluted NI Availto Com Stockholders": -162997000.0,
        "Net Income Common Stockholders": -162997000.0,
        "Otherunder Preferred Stock Dividend": NaN,
        "Preferred Stock Dividends": 2875000.0,
        "Net Income": -161615000.0,
        "Net Income Including Noncontrolling Interests": -161615000.0,
        "Net Income Continuous Operations": -161615000.0,
        "Tax Provision": -16137000.0,
        "Pretax Income": -177752000.0,
        "Gain On Sale Of Security": -139162000.0,
        "Depreciation Amortization Depletion Income Statement": 2203000.0,
        "Depreciation And Amortization In Income Statement": 2203000.0,
        "Amortization": 2203000.0,
        "Amortization Of Intangibles Income Statement": 2203000.0,
        "Selling General And Administration": 142490000.0,
        "Selling And Marketing Expense": 7407000.0,
        "General And Administrative Expense": 135083000.0,
        "Insurance And Claims": 9139000.0,
        "Salaries And Wages": 125944000.0,
        "Total Revenue": 61563000.0,
        "Operating Revenue": 61563000.0,
        "Occupancy And Equipment": 19054000.0,
        "Professional Expense And Contract Services Expense": 6861000.0,
        "Other Non Interest Expense": 37480000.0
    },
    "2025-03-31": {
        "Tax Effect Of Unusual Items": -140743.4,
        "Tax Rate For Calcs": 0.1603,
        "Total Unusual Items": -878000.0,
        "Total Unusual Items Excluding Goodwill": -878000.0,
        "Net Income From Continuing Operation Net Minority Interest": 101687000.0,
        "Reconciled Depreciation": 22520000.0,
        "Net Interest Income": 285941000.0,
        "Interest Expense": 239937000.0,
        "Interest Income": 525877000.0,
        "Normalized Income": 102424256.6,
        "Net Income From Continuing And Discontinued Operation": 101687000.0,
        "Diluted Average Shares": 166604000.0,
        "Basic Average Shares": 165228000.0,
        "Diluted EPS": 0.59,
        "Basic EPS": 0.6,
        "Diluted NI Availto Com Stockholders": 98812000.0,
        "Net Income Common Stockholders": 98812000.0,
        "Otherunder Preferred Stock Dividend": NaN,
        "Preferred Stock Dividends": 2875000.0,
        "Net Income": 101687000.0,
        "Net Income Including Noncontrolling Interests": 101687000.0,
        "Net Income Continuous Operations": 101686000.0,
        "Tax Provision": 19409000.0,
        "Pretax Income": 121095000.0,
        "Gain On Sale Of Security": 4349000.0,
        "Depreciation Amortization Depletion Income Statement": 2203000.0,
        "Depreciation And Amortization In Income Statement": 2203000.0,
        "Amortization": 2203000.0,
        "Amortization Of Intangibles Income Statement": 2203000.0,
        "Selling General And Administration": 140719000.0,
        "Selling And Marketing Expense": 6386000.0,
        "General And Administrative Expense": 134333000.0,
        "Insurance And Claims": 10436000.0,
        "Salaries And Wages": 123897000.0,
        "Total Revenue": 342124000.0,
        "Operating Revenue": 342124000.0,
        "Occupancy And Equipment": 19908000.0,
        "Professional Expense And Contract Services Expense": 6083000.0,
        "Other Non Interest Expense": 39113000.0
    },
    "2025-06-30": {
        "Tax Effect Of Unusual Items": -352879.881686,
        "Tax Rate For Calcs": 0.203389,
        "Total Unusual Items": -1735000.0,
        "Total Unusual Items Excluding Goodwill": -1735000.0,
        "Net Income From Continuing Operation Net Minority Interest": 111230000.0,
        "Reconciled Depreciation": 26169000.0,
        "Net Interest Income": 300000000.0,
        "Interest Expense": 245536000.0,
        "Interest Income": 545536000.0,
        "Normalized Income": 112612120.118314,
        "Net Income From Continuing And Discontinued Operation": 111230000.0,
        "Diluted Average Shares": 166343000.0,
        "Basic Average Shares": 164936000.0,
        "Diluted EPS": 0.65,
        "Basic EPS": 0.65,
        "Diluted NI Availto Com Stockholders": 108355000.0,
        "Net Income Common Stockholders": 108355000.0,
        "Otherunder Preferred Stock Dividend": NaN,
        "Preferred Stock Dividends": 2875000.0,
        "Net Income": 111230000.0,
        "Net Income Including Noncontrolling Interests": 111230000.0,
        "Net Income Continuous Operations": 111230000.0,
        "Tax Provision": 28399000.0,
        "Pretax Income": 139629000.0,
        "Gain On Sale Of Security": 5772000.0,
        "Depreciation Amortization Depletion Income Statement": 2203000.0,
        "Depreciation And Amortization In Income Statement": 2203000.0,
        "Amortization": 2203000.0,
        "Amortization Of Intangibles Income Statement": 2203000.0,
        "Selling General And Administration": 144450000.0,
        "Selling And Marketing Expense": 7748000.0,
        "General And Administrative Expense": 136702000.0,
        "Insurance And Claims": 9708000.0,
        "Salaries And Wages": 126994000.0,
        "Total Revenue": 364273000.0,
        "Operating Revenue": 364273000.0,
        "Occupancy And Equipment": 17138000.0,
        "Professional Expense And Contract Services Expense": 6674000.0,
        "Other Non Interest Expense": 36182000.0
    },
    "2025-09-30": {
        "Tax Effect Of Unusual Items": 639788.185577,
        "Tax Rate For Calcs": 0.191553,
        "Total Unusual Items": 3340000.0,
        "Total Unusual Items Excluding Goodwill": 3340000.0,
        "Net Income From Continuing Operation Net Minority Interest": 124732000.0,
        "Reconciled Depreciation": 26398000.0,
        "Net Interest Income": 305222000.0,
        "Interest Expense": 251369000.0,
        "Interest Income": 556591000.0,
        "Normalized Income": 122031788.185577,
        "Net Income From Continuing And Discontinued Operation": 124732000.0,
        "Diluted Average Shares": 166703000.0,
        "Basic Average Shares": 165029000.0,
        "Diluted EPS": 0.73,
        "Basic EPS": 0.73,
        "Diluted NI Availto Com Stockholders": 121253000.0,
        "Net Income Common Stockholders": 121253000.0,
        "Otherunder Preferred Stock Dividend": 604000.0,
        "Preferred Stock Dividends": 2875000.0,
        "Net Income": 124732000.0,
        "Net Income Including Noncontrolling Interests": 124732000.0,
        "Net Income Continuous Operations": 124732000.0,
        "Tax Provision": 29554000.0,
        "Pretax Income": 154286000.0,
        "Gain On Sale Of Security": 10765000.0,
        "Depreciation Amortization Depletion Income Statement": 2203000.0,
        "Depreciation And Amortization In Income Statement": 2203000.0,
        "Amortization": 2203000.0,
        "Amortization Of Intangibles Income Statement": 2203000.0,
        "Selling General And Administration": 154045000.0,
        "Selling And Marketing Expense": 8362000.0,
        "General And Administrative Expense": 145683000.0,
        "Insurance And Claims": 9980000.0,
        "Salaries And Wages": 135703000.0,
        "Total Revenue": 384849000.0,
        "Operating Revenue": 384849000.0,
        "Occupancy And Equipment": 17125000.0,
        "Professional Expense And Contract Services Expense": 5232000.0,
        "Other Non Interest Expense": 35959000.0
    }
}