{
    "2023-03-31": {
        "Tax Effect Of Unusual Items": NaN,
        "Tax Rate For Calcs": NaN,
        "Normalized EBITDA": NaN,
        "Total Unusual Items": NaN,
        "Total Unusual Items Excluding Goodwill": NaN,
        "Net Income From Continuing Operation Net Minority Interest": NaN,
        "Reconciled Depreciation": NaN,
        "Reconciled Cost Of Revenue": NaN,
        "EBITDA": NaN,
        "EBIT": NaN,
        "Net Interest Income": NaN,
        "Interest Expense": NaN,
        "Interest Income": NaN,
        "Normalized Income": NaN,
        "Net Income From Continuing And Discontinued Operation": NaN,
        "Total Expenses": NaN,
        "Rent Expense Supplemental": NaN,
        "Diluted Average Shares": NaN,
        "Basic Average Shares": NaN,
        "Diluted EPS": NaN,
        "Basic EPS": NaN,
        "Diluted NI Availto Com Stockholders": NaN,
        "Net Income Common Stockholders": NaN,
        "Preferred Stock Dividends": NaN,
        "Net Income": NaN,
        "Net Income Including Noncontrolling Interests": NaN,
        "Net Income Continuous Operations": NaN,
        "Earnings From Equity Interest Net Of Tax": NaN,
        "Tax Provision": NaN,
        "Pretax Income": NaN,
        "Other Income Expense": NaN,
        "Other Non Operating Income Expenses": NaN,
        "Special Income Charges": NaN,
        "Gain On Sale Of Ppe": NaN,
        "Other Special Charges": NaN,
        "Gain On Sale Of Security": -31000.0,
        "Net Non Operating Interest Income Expense": NaN,
        "Interest Expense Non Operating": NaN,
        "Interest Income Non Operating": NaN,
        "Operating Income": NaN,
        "Operating Expense": NaN,
        "Other Operating Expenses": NaN,
        "Selling General And Administration": NaN,
        "General And Administrative Expense": NaN,
        "Other Gand A": NaN,
        "Gross Profit": NaN,
        "Cost Of Revenue": NaN,
        "Total Revenue": NaN,
        "Operating Revenue": NaN
    },
    "2022-12-31": {
        "Tax Effect Of Unusual Items": NaN,
        "Tax Rate For Calcs": NaN,
        "Normalized EBITDA": NaN,
        "Total Unusual Items": NaN,
        "Total Unusual Items Excluding Goodwill": NaN,
        "Net Income From Continuing Operation Net Minority Interest": NaN,
        "Reconciled Depreciation": NaN,
        "Reconciled Cost Of Revenue": NaN,
        "EBITDA": NaN,
        "EBIT": NaN,
        "Net Interest Income": NaN,
        "Interest Expense": NaN,
        "Interest Income": NaN,
        "Normalized Income": NaN,
        "Net Income From Continuing And Discontinued Operation": NaN,
        "Total Expenses": NaN,
        "Rent Expense Supplemental": NaN,
        "Diluted Average Shares": NaN,
        "Basic Average Shares": NaN,
        "Diluted EPS": NaN,
        "Basic EPS": NaN,
        "Diluted NI Availto Com Stockholders": NaN,
        "Net Income Common Stockholders": NaN,
        "Preferred Stock Dividends": NaN,
        "Net Income": NaN,
        "Net Income Including Noncontrolling Interests": NaN,
        "Net Income Continuous Operations": NaN,
        "Earnings From Equity Interest Net Of Tax": NaN,
        "Tax Provision": NaN,
        "Pretax Income": NaN,
        "Other Income Expense": NaN,
        "Other Non Operating Income Expenses": NaN,
        "Special Income Charges": NaN,
        "Gain On Sale Of Ppe": NaN,
        "Other Special Charges": NaN,
        "Gain On Sale Of Security": -1303000.0,
        "Net Non Operating Interest Income Expense": NaN,
        "Interest Expense Non Operating": NaN,
        "Interest Income Non Operating": NaN,
        "Operating Income": NaN,
        "Operating Expense": NaN,
        "Other Operating Expenses": NaN,
        "Selling General And Administration": NaN,
        "General And Administrative Expense": NaN,
        "Other Gand A": NaN,
        "Gross Profit": NaN,
        "Cost Of Revenue": NaN,
        "Total Revenue": NaN,
        "Operating Revenue": NaN
    },
    "2022-09-30": {
        "Tax Effect Of Unusual Items": NaN,
        "Tax Rate For Calcs": NaN,
        "Normalized EBITDA": NaN,
        "Total Unusual Items": NaN,
        "Total Unusual Items Excluding Goodwill": NaN,
        "Net Income From Continuing Operation Net Minority Interest": NaN,
        "Reconciled Depreciation": NaN,
        "Reconciled Cost Of Revenue": NaN,
        "EBITDA": NaN,
        "EBIT": NaN,
        "Net Interest Income": NaN,
        "Interest Expense": NaN,
        "Interest Income": NaN,
        "Normalized Income": NaN,
        "Net Income From Continuing And Discontinued Operation": NaN,
        "Total Expenses": NaN,
        "Rent Expense Supplemental": NaN,
        "Diluted Average Shares": NaN,
        "Basic Average Shares": NaN,
        "Diluted EPS": NaN,
        "Basic EPS": NaN,
        "Diluted NI Availto Com Stockholders": NaN,
        "Net Income Common Stockholders": NaN,
        "Preferred Stock Dividends": NaN,
        "Net Income": NaN,
        "Net Income Including Noncontrolling Interests": NaN,
        "Net Income Continuous Operations": NaN,
        "Earnings From Equity Interest Net Of Tax": NaN,
        "Tax Provision": NaN,
        "Pretax Income": NaN,
        "Other Income Expense": 2753000.0,
        "Special Income Charges": NaN,
        "Gain On Sale Of Ppe": NaN,
        "Other Special Charges": 611000.0,
        "Gain On Sale Of Security": 3364000.0,
        "Net Non Operating Interest Income Expense": NaN,
        "Interest Expense Non Operating": NaN,
        "Interest Income Non Operating": NaN,
        "Operating Income": NaN,
        "Operating Expense": NaN,
        "Other Operating Expenses": NaN,
        "Selling General And Administration": NaN,
        "General And Administrative Expense": NaN,
        "Other Gand A": NaN,
        "Gross Profit": NaN,
        "Cost Of Revenue": NaN,
        "Total Revenue": NaN,
        "Operating Revenue": NaN
    },
    "2022-06-30": {
        "Tax Effect Of Unusual Items": 89.507106,
        "Tax Rate For Calcs": 0.000302,
        "Normalized EBITDA": 41343000.0,
        "Total Unusual Items": 296000.0,
        "Total Unusual Items Excluding Goodwill": 296000.0,
        "Net Income From Continuing Operation Net Minority Interest": 29687000.0,
        "Reconciled Depreciation": 6982000.0,
        "Reconciled Cost Of Revenue": 49300000.0,
        "EBITDA": 41639000.0,
        "EBIT": 34657000.0,
        "Net Interest Income": -4874000.0,
        "Interest Expense": 4894000.0,
        "Interest Income": 20000.0,
        "Normalized Income": 29391089.507106,
        "Net Income From Continuing And Discontinued Operation": 29687000.0,
        "Total Expenses": 72784000.0,
        "Rent Expense Supplemental": 1140000.0,
        "Diluted Average Shares": 35574082.0,
        "Basic Average Shares": 35071435.0,
        "Diluted EPS": 0.81,
        "Basic EPS": 0.82,
        "Diluted NI Availto Com Stockholders": 28849000.0,
        "Net Income Common Stockholders": 28849000.0,
        "Preferred Stock Dividends": 838000.0,
        "Net Income": 29687000.0,
        "Net Income Including Noncontrolling Interests": 29687000.0,
        "Net Income Continuous Operations": 29687000.0,
        "Earnings From Equity Interest Net Of Tax": -67000.0,
        "Tax Provision": 9000.0,
        "Pretax Income": 29763000.0,
        "Other Income Expense": 296000.0,
        "Special Income Charges": 0.0,
        "Gain On Sale Of Ppe": 0.0,
        "Other Special Charges": NaN,
        "Gain On Sale Of Security": 296000.0,
        "Net Non Operating Interest Income Expense": -4874000.0,
        "Interest Expense Non Operating": 4894000.0,
        "Interest Income Non Operating": 20000.0,
        "Operating Income": 34341000.0,
        "Operating Expense": 23484000.0,
        "Other Operating Expenses": 18140000.0,
        "Selling General And Administration": 5344000.0,
        "General And Administrative Expense": 5344000.0,
        "Other Gand A": 5344000.0,
        "Gross Profit": 57825000.0,
        "Cost Of Revenue": 49300000.0,
        "Total Revenue": 107125000.0,
        "Operating Revenue": 107125000.0
    },
    "2023-06-30": {
        "Tax Effect Of Unusual Items": NaN,
        "Tax Rate For Calcs": NaN,
        "Normalized EBITDA": NaN,
        "Total Unusual Items": 0.0,
        "Total Unusual Items Excluding Goodwill": 0.0,
        "Net Income From Continuing Operation Net Minority Interest": NaN,
        "Reconciled Depreciation": NaN,
        "Reconciled Cost Of Revenue": NaN,
        "EBITDA": NaN,
        "EBIT": NaN,
        "Net Interest Income": NaN,
        "Interest Expense": NaN,
        "Interest Income": NaN,
        "Normalized Income": NaN,
        "Net Income From Continuing And Discontinued Operation": NaN,
        "Total Expenses": NaN,
        "Rent Expense Supplemental": NaN,
        "Diluted Average Shares": NaN,
        "Basic Average Shares": NaN,
        "Diluted EPS": NaN,
        "Basic EPS": NaN,
        "Diluted NI Availto Com Stockholders": NaN,
        "Net Income Common Stockholders": NaN,
        "Preferred Stock Dividends": NaN,
        "Net Income": NaN,
        "Net Income Including Noncontrolling Interests": NaN,
        "Net Income Continuous Operations": NaN,
        "Earnings From Equity Interest Net Of Tax": NaN,
        "Tax Provision": NaN,
        "Pretax Income": NaN,
        "Other Income Expense": NaN,
        "Other Non Operating Income Expenses": NaN,
        "Special Income Charges": 0.0,
        "Gain On Sale Of Ppe": 0.0,
        "Other Special Charges": NaN,
        "Gain On Sale Of Security": NaN,
        "Net Non Operating Interest Income Expense": NaN,
        "Interest Expense Non Operating": NaN,
        "Interest Income Non Operating": NaN,
        "Operating Income": NaN,
        "Operating Expense": NaN,
        "Other Operating Expenses": NaN,
        "Selling General And Administration": NaN,
        "General And Administrative Expense": NaN,
        "Other Gand A": NaN,
        "Gross Profit": NaN,
        "Cost Of Revenue": NaN,
        "Total Revenue": NaN,
        "Operating Revenue": NaN
    },
    "2022-03-31": {
        "Diluted EPS": -0.23,
        "Total Revenue": 63,
        "Gross Profit": 18,
        "Operating Income": 3,
        "EBIT": 13,
        "Net Income": -8
    },
    "2021-12-31": {
        "Diluted EPS": -0.25,
        "Total Revenue": 52,
        "Gross Profit": 10,
        "Operating Income": -4,
        "EBIT": 6,
        "Net Income": -9
    },
    "2021-09-30": {
        "Diluted EPS": -0.37,
        "Total Revenue": 47,
        "Gross Profit": 6,
        "Operating Income": -8,
        "EBIT": 2,
        "Net Income": -13
    },
    "2021-06-30": {
        "Diluted EPS": -0.24,
        "Total Revenue": 47,
        "Gross Profit": 10,
        "Operating Income": -4,
        "EBIT": 6,
        "Net Income": -8
    },
    "2021-03-31": {
        "Diluted EPS": -0.26,
        "Total Revenue": 46,
        "Gross Profit": 9,
        "Operating Income": -5,
        "EBIT": 5,
        "Net Income": -8
    },
    "2020-12-31": {
        "Diluted EPS": -0.59,
        "Total Revenue": 42,
        "Gross Profit": 4,
        "Operating Income": -9,
        "EBIT": 1,
        "Net Income": -20
    },
    "2020-09-30": {
        "Diluted EPS": -0.2,
        "Total Revenue": 45,
        "Gross Profit": 12,
        "Operating Income": -3,
        "EBIT": 8,
        "Net Income": -7
    },
    "2020-06-30": {
        "Diluted EPS": 0.41,
        "Total Revenue": 68,
        "Gross Profit": 33,
        "Operating Income": 18,
        "EBIT": 28,
        "Net Income": 14
    },
    "2020-03-31": {
        "Diluted EPS": 0.2,
        "Total Revenue": 65,
        "Gross Profit": 26,
        "Operating Income": 12,
        "EBIT": 21,
        "Net Income": 7
    },
    "2019-12-31": {
        "Diluted EPS": 0.06,
        "Total Revenue": 61,
        "Gross Profit": 22,
        "Operating Income": 8,
        "EBIT": 19,
        "Net Income": 2
    },
    "2019-09-30": {
        "Diluted EPS": -0.17,
        "Total Revenue": 52,
        "Gross Profit": 14,
        "Operating Income": 0,
        "EBIT": 10,
        "Net Income": -6
    },
    "2019-06-30": {
        "Diluted EPS": -0.3,
        "Total Revenue": 55,
        "Gross Profit": 17,
        "Operating Income": 3,
        "EBIT": 13,
        "Net Income": -10
    },
    "2019-03-31": {
        "Diluted EPS": -0.28,
        "Total Revenue": 62,
        "Gross Profit": 18,
        "Operating Income": 4,
        "EBIT": 14,
        "Net Income": -9
    },
    "2018-12-31": {
        "Diluted EPS": -0.52,
        "Total Revenue": 58,
        "Gross Profit": 11,
        "Operating Income": -2,
        "EBIT": 10,
        "Net Income": -17
    },
    "2018-09-30": {
        "Diluted EPS": -0.37,
        "Total Revenue": 49,
        "Gross Profit": 8,
        "Operating Income": -6,
        "EBIT": 4,
        "Net Income": -12
    },
    "2018-06-30": {
        "Diluted EPS": -0.26,
        "Total Revenue": 52,
        "Gross Profit": 12,
        "Operating Income": -2,
        "EBIT": 9,
        "Net Income": -9
    },
    "2018-03-31": {
        "Diluted EPS": -0.16,
        "Total Revenue": 50,
        "Gross Profit": 14,
        "Operating Income": 0,
        "EBIT": 11,
        "Net Income": -5
    },
    "2017-12-31": {
        "Diluted EPS": -0.11,
        "Total Revenue": 48,
        "Gross Profit": 15,
        "Operating Income": 1,
        "EBIT": 12,
        "Net Income": -4
    },
    "2017-09-30": {
        "Diluted EPS": -0.14,
        "Total Revenue": 49,
        "Gross Profit": 14,
        "Operating Income": 1,
        "EBIT": 11,
        "Net Income": -5
    },
    "2017-06-30": {
        "Diluted EPS": -0.06,
        "Total Revenue": 50,
        "Gross Profit": 17,
        "Operating Income": 4,
        "EBIT": 14,
        "Net Income": -2
    },
    "2017-03-31": {
        "Diluted EPS": -0.06,
        "Total Revenue": 50,
        "Gross Profit": 15,
        "Operating Income": 3,
        "EBIT": 12,
        "Net Income": -2
    },
    "2016-12-31": {
        "Diluted EPS": -0.2,
        "Total Revenue": 43,
        "Gross Profit": 14,
        "Operating Income": 2,
        "EBIT": 12,
        "Net Income": -4
    },
    "2016-09-30": {
        "Diluted EPS": -0.14,
        "Total Revenue": 38,
        "Gross Profit": 14,
        "Operating Income": 2,
        "EBIT": 11,
        "Net Income": -5
    },
    "2016-06-30": {
        "Diluted EPS": 0.2,
        "Total Revenue": 40,
        "Gross Profit": 20,
        "Operating Income": 9,
        "EBIT": 18,
        "Net Income": 5
    },
    "2016-03-31": {
        "Diluted EPS": 0.26,
        "Total Revenue": 44,
        "Gross Profit": 22,
        "Operating Income": 11,
        "EBIT": 19,
        "Net Income": 7
    },
    "2015-12-31": {
        "Diluted EPS": 0.21,
        "Total Revenue": 42,
        "Gross Profit": 20,
        "Operating Income": 10,
        "EBIT": 18,
        "Net Income": 5
    },
    "2015-09-30": {
        "Diluted EPS": 0.52,
        "Total Revenue": 47,
        "Gross Profit": 27,
        "Operating Income": 17,
        "EBIT": 25,
        "Net Income": 14
    },
    "2015-06-30": {
        "Diluted EPS": 0.3,
        "Total Revenue": 39,
        "Gross Profit": 20,
        "Operating Income": 10,
        "EBIT": 17,
        "Net Income": 8
    },
    "2015-03-31": {
        "Diluted EPS": 0.2,
        "Total Revenue": 30,
        "Gross Profit": 14,
        "Operating Income": 7,
        "EBIT": 12,
        "Net Income": 5
    },
    "2014-12-31": {
        "Diluted EPS": 0.08,
        "Total Revenue": 22,
        "Gross Profit": 10,
        "Operating Income": 3,
        "EBIT": 8,
        "Net Income": 2
    },
    "2014-09-30": {
        "Diluted EPS": 0.0,
        "Total Revenue": 19,
        "Gross Profit": 8,
        "Operating Income": 1,
        "EBIT": 6,
        "Net Income": 0
    },
    "2014-06-30": {
        "Diluted EPS": 0.0,
        "Total Revenue": 14,
        "Gross Profit": 7,
        "Operating Income": 1,
        "EBIT": 5,
        "Net Income": 0
    },
    "2014-03-31": {
        "Diluted EPS": -0.02,
        "Total Revenue": 12,
        "Gross Profit": 6,
        "Operating Income": 0,
        "EBIT": 4,
        "Net Income": 0
    },
    "2013-12-31": {
        "Diluted EPS": -0.09,
        "Total Revenue": 10,
        "Gross Profit": 3,
        "Operating Income": -1,
        "EBIT": 2,
        "Net Income": -2
    },
    "2013-09-30": {
        "Diluted EPS": -0.06,
        "Total Revenue": 11,
        "Gross Profit": 5,
        "Operating Income": 0,
        "EBIT": 3,
        "Net Income": -1
    },
    "2013-06-30": {
        "Diluted EPS": -0.15,
        "Total Revenue": 8,
        "Gross Profit": 4,
        "Operating Income": 0,
        "EBIT": 3,
        "Net Income": -1
    },
    "2013-03-31": {
        "Diluted EPS": -0.01,
        "Total Revenue": 7,
        "Gross Profit": 3,
        "Operating Income": 1,
        "EBIT": 3,
        "Net Income": 0
    },
    "2012-09-30": {
        "Diluted EPS": -0.08,
        "Total Revenue": 6,
        "Gross Profit": 2,
        "Operating Income": -1,
        "EBIT": 1,
        "Net Income": -1
    },
    "2012-06-30": {
        "Diluted EPS": -0.06,
        "Total Revenue": 7,
        "Gross Profit": 3,
        "Operating Income": 0,
        "EBIT": 0,
        "Net Income": 0
    },
    "2011-12-31": {
        "Diluted EPS": 0.0,
        "Total Revenue": NaN,
        "Gross Profit": NaN,
        "Operating Income": NaN,
        "EBIT": NaN,
        "Net Income": NaN
    },
    "2023-09-30": {
        "Tax Effect Of Unusual Items": NaN,
        "Tax Rate For Calcs": NaN,
        "Normalized EBITDA": NaN,
        "Total Unusual Items": 0.0,
        "Total Unusual Items Excluding Goodwill": 0.0,
        "Net Income From Continuing Operation Net Minority Interest": NaN,
        "Reconciled Depreciation": NaN,
        "Reconciled Cost Of Revenue": NaN,
        "EBITDA": NaN,
        "EBIT": NaN,
        "Net Interest Income": NaN,
        "Interest Expense": NaN,
        "Interest Income": NaN,
        "Normalized Income": NaN,
        "Net Income From Continuing And Discontinued Operation": NaN,
        "Total Expenses": NaN,
        "Rent Expense Supplemental": NaN,
        "Diluted Average Shares": NaN,
        "Basic Average Shares": NaN,
        "Diluted EPS": NaN,
        "Basic EPS": NaN,
        "Diluted NI Availto Com Stockholders": NaN,
        "Net Income Common Stockholders": NaN,
        "Preferred Stock Dividends": NaN,
        "Net Income": NaN,
        "Net Income Including Noncontrolling Interests": NaN,
        "Net Income Continuous Operations": NaN,
        "Earnings From Equity Interest Net Of Tax": NaN,
        "Tax Provision": NaN,
        "Pretax Income": NaN,
        "Other Income Expense": NaN,
        "Other Non Operating Income Expenses": NaN,
        "Special Income Charges": 0.0,
        "Gain On Sale Of Ppe": 0.0,
        "Other Special Charges": NaN,
        "Gain On Sale Of Security": NaN,
        "Net Non Operating Interest Income Expense": NaN,
        "Interest Expense Non Operating": NaN,
        "Interest Income Non Operating": NaN,
        "Operating Income": NaN,
        "Operating Expense": NaN,
        "Other Operating Expenses": NaN,
        "Selling General And Administration": NaN,
        "General And Administrative Expense": NaN,
        "Other Gand A": NaN,
        "Gross Profit": NaN,
        "Cost Of Revenue": NaN,
        "Total Revenue": NaN,
        "Operating Revenue": NaN
    },
    "2023-12-31": {
        "Tax Effect Of Unusual Items": NaN,
        "Tax Rate For Calcs": NaN,
        "Normalized EBITDA": NaN,
        "Total Unusual Items": -231000.0,
        "Total Unusual Items Excluding Goodwill": -231000.0,
        "Net Income From Continuing Operation Net Minority Interest": NaN,
        "Reconciled Depreciation": NaN,
        "Reconciled Cost Of Revenue": NaN,
        "EBITDA": NaN,
        "EBIT": NaN,
        "Net Interest Income": NaN,
        "Interest Expense": NaN,
        "Interest Income": NaN,
        "Normalized Income": NaN,
        "Net Income From Continuing And Discontinued Operation": NaN,
        "Total Expenses": NaN,
        "Rent Expense Supplemental": NaN,
        "Diluted Average Shares": NaN,
        "Basic Average Shares": NaN,
        "Diluted EPS": NaN,
        "Basic EPS": NaN,
        "Diluted NI Availto Com Stockholders": NaN,
        "Net Income Common Stockholders": NaN,
        "Preferred Stock Dividends": NaN,
        "Net Income": NaN,
        "Net Income Including Noncontrolling Interests": NaN,
        "Net Income Continuous Operations": NaN,
        "Earnings From Equity Interest Net Of Tax": NaN,
        "Tax Provision": NaN,
        "Pretax Income": NaN,
        "Other Income Expense": NaN,
        "Other Non Operating Income Expenses": NaN,
        "Special Income Charges": 0.0,
        "Gain On Sale Of Ppe": 0.0,
        "Other Special Charges": NaN,
        "Gain On Sale Of Security": -231000.0,
        "Net Non Operating Interest Income Expense": NaN,
        "Interest Expense Non Operating": NaN,
        "Interest Income Non Operating": NaN,
        "Operating Income": NaN,
        "Operating Expense": NaN,
        "Other Operating Expenses": NaN,
        "Selling General And Administration": NaN,
        "General And Administrative Expense": NaN,
        "Other Gand A": NaN,
        "Gross Profit": NaN,
        "Cost Of Revenue": NaN,
        "Total Revenue": NaN,
        "Operating Revenue": NaN
    },
    "2024-03-31": {
        "Tax Effect Of Unusual Items": 0.0,
        "Tax Rate For Calcs": 0.001998,
        "Normalized EBITDA": 49046000.0,
        "Total Unusual Items": NaN,
        "Total Unusual Items Excluding Goodwill": NaN,
        "Net Income From Continuing Operation Net Minority Interest": 39237000.0,
        "Reconciled Depreciation": 6975000.0,
        "Reconciled Cost Of Revenue": 55052000.0,
        "EBITDA": 49046000.0,
        "EBIT": 42071000.0,
        "Net Interest Income": -1982000.0,
        "Interest Expense": 2526000.0,
        "Interest Income": 544000.0,
        "Normalized Income": 39237000.0,
        "Net Income From Continuing And Discontinued Operation": 39237000.0,
        "Total Expenses": 64018000.0,
        "Rent Expense Supplemental": 2609000.0,
        "Diluted Average Shares": 41916276.0,
        "Basic Average Shares": 41371887.0,
        "Diluted EPS": 0.92,
        "Basic EPS": 0.93,
        "Diluted NI Availto Com Stockholders": 38389000.0,
        "Net Income Common Stockholders": 38389000.0,
        "Preferred Stock Dividends": 848000.0,
        "Net Income": 39237000.0,
        "Net Income Including Noncontrolling Interests": 39237000.0,
        "Net Income Continuous Operations": 39237000.0,
        "Earnings From Equity Interest Net Of Tax": -229000.0,
        "Tax Provision": 79000.0,
        "Pretax Income": 39545000.0,
        "Other Income Expense": -756000.0,
        "Other Non Operating Income Expenses": -756000.0,
        "Special Income Charges": NaN,
        "Gain On Sale Of Ppe": NaN,
        "Other Special Charges": NaN,
        "Gain On Sale Of Security": NaN,
        "Net Non Operating Interest Income Expense": -1982000.0,
        "Interest Expense Non Operating": 2526000.0,
        "Interest Income Non Operating": 544000.0,
        "Operating Income": 42283000.0,
        "Operating Expense": 8966000.0,
        "Other Operating Expenses": 2836000.0,
        "Selling General And Administration": 6130000.0,
        "General And Administrative Expense": 6130000.0,
        "Other Gand A": 6130000.0,
        "Gross Profit": 51249000.0,
        "Cost Of Revenue": 55052000.0,
        "Total Revenue": 106301000.0,
        "Operating Revenue": 106301000.0
    },
    "2024-06-30": {
        "Tax Effect Of Unusual Items": NaN,
        "Tax Rate For Calcs": NaN,
        "Normalized EBITDA": NaN,
        "Total Unusual Items": 13754000.0,
        "Total Unusual Items Excluding Goodwill": 13754000.0,
        "Net Income From Continuing Operation Net Minority Interest": NaN,
        "Reconciled Depreciation": NaN,
        "Reconciled Cost Of Revenue": NaN,
        "EBITDA": NaN,
        "EBIT": NaN,
        "Net Interest Income": NaN,
        "Interest Expense": NaN,
        "Interest Income": NaN,
        "Normalized Income": NaN,
        "Net Income From Continuing And Discontinued Operation": NaN,
        "Total Expenses": NaN,
        "Rent Expense Supplemental": NaN,
        "Diluted Average Shares": NaN,
        "Basic Average Shares": NaN,
        "Diluted EPS": NaN,
        "Basic EPS": NaN,
        "Diluted NI Availto Com Stockholders": NaN,
        "Net Income Common Stockholders": NaN,
        "Preferred Stock Dividends": NaN,
        "Net Income": NaN,
        "Net Income Including Noncontrolling Interests": NaN,
        "Net Income Continuous Operations": NaN,
        "Earnings From Equity Interest Net Of Tax": NaN,
        "Tax Provision": NaN,
        "Pretax Income": NaN,
        "Other Income Expense": NaN,
        "Other Non Operating Income Expenses": NaN,
        "Special Income Charges": 13754000.0,
        "Gain On Sale Of Ppe": 12322000.0,
        "Other Special Charges": -1432000.0,
        "Gain On Sale Of Security": NaN,
        "Net Non Operating Interest Income Expense": NaN,
        "Interest Expense Non Operating": NaN,
        "Interest Income Non Operating": NaN,
        "Operating Income": NaN,
        "Operating Expense": NaN,
        "Other Operating Expenses": NaN,
        "Selling General And Administration": NaN,
        "General And Administrative Expense": NaN,
        "Other Gand A": NaN,
        "Gross Profit": NaN,
        "Cost Of Revenue": NaN,
        "Total Revenue": NaN,
        "Operating Revenue": NaN
    },
    "2024-09-30": {
        "Tax Effect Of Unusual Items": -78.729847,
        "Tax Rate For Calcs": 0.003028,
        "Normalized EBITDA": 33400000.0,
        "Total Unusual Items": -26000.0,
        "Total Unusual Items Excluding Goodwill": -26000.0,
        "Net Income From Continuing Operation Net Minority Interest": 24144000.0,
        "Reconciled Depreciation": 7833000.0,
        "Reconciled Cost Of Revenue": 59212000.0,
        "EBITDA": 33374000.0,
        "EBIT": 25541000.0,
        "Net Interest Income": -877000.0,
        "Interest Expense": 1103000.0,
        "Interest Income": 226000.0,
        "Normalized Income": 24169921.270153,
        "Net Income From Continuing And Discontinued Operation": 24144000.0,
        "Total Expenses": 69780000.0,
        "Rent Expense Supplemental": 2835000.0,
        "Diluted Average Shares": 42362193.0,
        "Basic Average Shares": 42135165.0,
        "Diluted EPS": 0.55,
        "Basic EPS": 0.55,
        "Diluted NI Availto Com Stockholders": 23287000.0,
        "Net Income Common Stockholders": 23287000.0,
        "Preferred Stock Dividends": 857000.0,
        "Net Income": 24144000.0,
        "Net Income Including Noncontrolling Interests": 24144000.0,
        "Net Income Continuous Operations": 24144000.0,
        "Earnings From Equity Interest Net Of Tax": -220000.0,
        "Tax Provision": 74000.0,
        "Pretax Income": 24438000.0,
        "Other Income Expense": -1023000.0,
        "Other Non Operating Income Expenses": -997000.0,
        "Special Income Charges": 0.0,
        "Gain On Sale Of Ppe": 0.0,
        "Other Special Charges": NaN,
        "Gain On Sale Of Security": -26000.0,
        "Net Non Operating Interest Income Expense": -877000.0,
        "Interest Expense Non Operating": 1103000.0,
        "Interest Income Non Operating": 226000.0,
        "Operating Income": 26338000.0,
        "Operating Expense": 10568000.0,
        "Other Operating Expenses": 3082000.0,
        "Selling General And Administration": 7486000.0,
        "General And Administrative Expense": 7486000.0,
        "Other Gand A": 7486000.0,
        "Gross Profit": 36906000.0,
        "Cost Of Revenue": 59212000.0,
        "Total Revenue": 96118000.0,
        "Operating Revenue": 96118000.0
    },
    "2024-12-31": {
        "Tax Effect Of Unusual Items": 711.84669,
        "Tax Rate For Calcs": 0.001045,
        "Normalized EBITDA": 18596000.0,
        "Total Unusual Items": 681000.0,
        "Total Unusual Items Excluding Goodwill": 681000.0,
        "Net Income From Continuing Operation Net Minority Interest": 6935000.0,
        "Reconciled Depreciation": 7830000.0,
        "Reconciled Cost Of Revenue": 58514000.0,
        "EBITDA": 19277000.0,
        "EBIT": 11447000.0,
        "Net Interest Income": -670000.0,
        "Interest Expense": -33000.0,
        "Interest Income": 435000.0,
        "Normalized Income": 6254711.84669,
        "Net Income From Continuing And Discontinued Operation": 6935000.0,
        "Total Expenses": 69626000.0,
        "Rent Expense Supplemental": 2774000.0,
        "Diluted Average Shares": 41762430.0,
        "Basic Average Shares": 41631336.0,
        "Diluted EPS": 0.12,
        "Basic EPS": 0.12,
        "Diluted NI Availto Com Stockholders": 5088000.0,
        "Net Income Common Stockholders": 5088000.0,
        "Preferred Stock Dividends": 1108000.0,
        "Net Income": 6935000.0,
        "Net Income Including Noncontrolling Interests": 6935000.0,
        "Net Income Continuous Operations": 6935000.0,
        "Earnings From Equity Interest Net Of Tax": -4533000.0,
        "Tax Provision": 12000.0,
        "Pretax Income": 11480000.0,
        "Other Income Expense": -263000.0,
        "Other Non Operating Income Expenses": -944000.0,
        "Special Income Charges": 0.0,
        "Gain On Sale Of Ppe": 0.0,
        "Other Special Charges": 0.0,
        "Gain On Sale Of Security": 681000.0,
        "Net Non Operating Interest Income Expense": -670000.0,
        "Interest Expense Non Operating": -33000.0,
        "Interest Income Non Operating": 435000.0,
        "Operating Income": 12413000.0,
        "Operating Expense": 11112000.0,
        "Other Operating Expenses": 3016000.0,
        "Selling General And Administration": 8096000.0,
        "General And Administrative Expense": 8096000.0,
        "Other Gand A": 8096000.0,
        "Gross Profit": 23525000.0,
        "Cost Of Revenue": 58514000.0,
        "Total Revenue": 82039000.0,
        "Operating Revenue": 82039000.0
    },
    "2025-03-31": {
        "Tax Effect Of Unusual Items": 0.0,
        "Tax Rate For Calcs": 0.004099,
        "Normalized EBITDA": 14931000.0,
        "Total Unusual Items": NaN,
        "Total Unusual Items Excluding Goodwill": NaN,
        "Net Income From Continuing Operation Net Minority Interest": 6253000.0,
        "Reconciled Depreciation": 7653000.0,
        "Reconciled Cost Of Revenue": 56677000.0,
        "EBITDA": 14931000.0,
        "EBIT": 7278000.0,
        "Net Interest Income": -827000.0,
        "Interest Expense": 935000.0,
        "Interest Income": 108000.0,
        "Normalized Income": 6253000.0,
        "Net Income From Continuing And Discontinued Operation": 6253000.0,
        "Total Expenses": 65903000.0,
        "Rent Expense Supplemental": 2796000.0,
        "Diluted Average Shares": 40620908.0,
        "Basic Average Shares": 40472079.0,
        "Diluted EPS": 0.14,
        "Basic EPS": 0.14,
        "Diluted NI Availto Com Stockholders": 5624000.0,
        "Net Income Common Stockholders": 5624000.0,
        "Preferred Stock Dividends": 629000.0,
        "Net Income": 6253000.0,
        "Net Income Including Noncontrolling Interests": 6253000.0,
        "Net Income Continuous Operations": 6253000.0,
        "Earnings From Equity Interest Net Of Tax": -64000.0,
        "Tax Provision": 26000.0,
        "Pretax Income": 6343000.0,
        "Other Income Expense": -923000.0,
        "Other Non Operating Income Expenses": -923000.0,
        "Special Income Charges": NaN,
        "Gain On Sale Of Ppe": NaN,
        "Other Special Charges": NaN,
        "Gain On Sale Of Security": NaN,
        "Net Non Operating Interest Income Expense": -827000.0,
        "Interest Expense Non Operating": 935000.0,
        "Interest Income Non Operating": 108000.0,
        "Operating Income": 8093000.0,
        "Operating Expense": 9226000.0,
        "Other Operating Expenses": 3039000.0,
        "Selling General And Administration": 6187000.0,
        "General And Administrative Expense": 6187000.0,
        "Other Gand A": 6187000.0,
        "Gross Profit": 17319000.0,
        "Cost Of Revenue": 56677000.0,
        "Total Revenue": 73996000.0,
        "Operating Revenue": 73996000.0
    },
    "2025-06-30": {
        "Tax Effect Of Unusual Items": 0.0,
        "Tax Rate For Calcs": 0.004004,
        "Normalized EBITDA": 18684000.0,
        "Total Unusual Items": 0.0,
        "Total Unusual Items Excluding Goodwill": 0.0,
        "Net Income From Continuing Operation Net Minority Interest": 9599000.0,
        "Reconciled Depreciation": 7900000.0,
        "Reconciled Cost Of Revenue": 51246000.0,
        "EBITDA": 18684000.0,
        "EBIT": 10784000.0,
        "Net Interest Income": -737000.0,
        "Interest Expense": 1043000.0,
        "Interest Income": 306000.0,
        "Normalized Income": 9599000.0,
        "Net Income From Continuing And Discontinued Operation": 9599000.0,
        "Total Expenses": 60313000.0,
        "Rent Expense Supplemental": 2745000.0,
        "Diluted Average Shares": 40689775.0,
        "Basic Average Shares": 40630651.0,
        "Diluted EPS": 0.22,
        "Basic EPS": 0.22,
        "Diluted NI Availto Com Stockholders": 8963000.0,
        "Net Income Common Stockholders": 8963000.0,
        "Preferred Stock Dividends": 636000.0,
        "Net Income": 9599000.0,
        "Net Income Including Noncontrolling Interests": 9599000.0,
        "Net Income Continuous Operations": 9599000.0,
        "Earnings From Equity Interest Net Of Tax": -103000.0,
        "Tax Provision": 39000.0,
        "Pretax Income": 9741000.0,
        "Other Income Expense": -1255000.0,
        "Other Non Operating Income Expenses": -1255000.0,
        "Special Income Charges": 0.0,
        "Gain On Sale Of Ppe": 0.0,
        "Other Special Charges": NaN,
        "Gain On Sale Of Security": NaN,
        "Net Non Operating Interest Income Expense": -737000.0,
        "Interest Expense Non Operating": 1043000.0,
        "Interest Income Non Operating": 306000.0,
        "Operating Income": 11733000.0,
        "Operating Expense": 9067000.0,
        "Other Operating Expenses": 2984000.0,
        "Selling General And Administration": 6083000.0,
        "General And Administrative Expense": 6083000.0,
        "Other Gand A": 6083000.0,
        "Gross Profit": 20800000.0,
        "Cost Of Revenue": 51246000.0,
        "Total Revenue": 72046000.0,
        "Operating Revenue": 72046000.0
    },
    "2025-09-30": {
        "Tax Effect Of Unusual Items": -4925.866299,
        "Tax Rate For Calcs": 0.010503,
        "Normalized EBITDA": 24012000.0,
        "Total Unusual Items": -469000.0,
        "Total Unusual Items Excluding Goodwill": -469000.0,
        "Net Income From Continuing Operation Net Minority Interest": 12786000.0,
        "Reconciled Depreciation": 8755000.0,
        "Reconciled Cost Of Revenue": 55828000.0,
        "EBITDA": 23543000.0,
        "EBIT": 14788000.0,
        "Net Interest Income": -1556000.0,
        "Interest Expense": 1744000.0,
        "Interest Income": 188000.0,
        "Normalized Income": 13250074.133701,
        "Net Income From Continuing And Discontinued Operation": 12786000.0,
        "Total Expenses": 64555000.0,
        "Rent Expense Supplemental": 2183000.0,
        "Diluted Average Shares": 40712341.0,
        "Basic Average Shares": 40694411.0,
        "Diluted EPS": 0.3,
        "Basic EPS": 0.3,
        "Diluted NI Availto Com Stockholders": 12143000.0,
        "Net Income Common Stockholders": 12143000.0,
        "Preferred Stock Dividends": 643000.0,
        "Net Income": 12786000.0,
        "Net Income Including Noncontrolling Interests": 12786000.0,
        "Net Income Continuous Operations": 12786000.0,
        "Earnings From Equity Interest Net Of Tax": -121000.0,
        "Tax Provision": 137000.0,
        "Pretax Income": 13044000.0,
        "Other Income Expense": -2090000.0,
        "Other Non Operating Income Expenses": -1621000.0,
        "Special Income Charges": -469000.0,
        "Gain On Sale Of Ppe": 0.0,
        "Other Special Charges": 469000.0,
        "Gain On Sale Of Security": NaN,
        "Net Non Operating Interest Income Expense": -1556000.0,
        "Interest Expense Non Operating": 1744000.0,
        "Interest Income Non Operating": 188000.0,
        "Operating Income": 16690000.0,
        "Operating Expense": 8727000.0,
        "Other Operating Expenses": 2373000.0,
        "Selling General And Administration": 6354000.0,
        "General And Administrative Expense": 6354000.0,
        "Other Gand A": 6354000.0,
        "Gross Profit": 25417000.0,
        "Cost Of Revenue": 55828000.0,
        "Total Revenue": 81245000.0,
        "Operating Revenue": 81245000.0
    }
}