{
    "2023-06-30": {
        "Tax Effect Of Unusual Items": NaN,
        "Tax Rate For Calcs": NaN,
        "Normalized EBITDA": NaN,
        "Total Unusual Items": NaN,
        "Total Unusual Items Excluding Goodwill": NaN,
        "Net Income From Continuing Operation Net Minority Interest": NaN,
        "Reconciled Depreciation": NaN,
        "Reconciled Cost Of Revenue": NaN,
        "EBITDA": NaN,
        "EBIT": NaN,
        "Net Interest Income": NaN,
        "Interest Expense": NaN,
        "Interest Income": NaN,
        "Normalized Income": NaN,
        "Net Income From Continuing And Discontinued Operation": NaN,
        "Total Expenses": NaN,
        "Total Operating Income As Reported": NaN,
        "Diluted Average Shares": NaN,
        "Basic Average Shares": NaN,
        "Diluted EPS": NaN,
        "Basic EPS": NaN,
        "Diluted NI Availto Com Stockholders": NaN,
        "Net Income Common Stockholders": NaN,
        "Net Income": NaN,
        "Net Income Including Noncontrolling Interests": NaN,
        "Net Income Discontinuous Operations": NaN,
        "Net Income Continuous Operations": NaN,
        "Tax Provision": NaN,
        "Pretax Income": NaN,
        "Other Income Expense": NaN,
        "Other Non Operating Income Expenses": -2000000.0,
        "Special Income Charges": NaN,
        "Restructuring And Mergern Acquisition": NaN,
        "Earnings From Equity Interest": NaN,
        "Gain On Sale Of Security": NaN,
        "Net Non Operating Interest Income Expense": NaN,
        "Total Other Finance Cost": NaN,
        "Interest Expense Non Operating": NaN,
        "Interest Income Non Operating": NaN,
        "Operating Income": NaN,
        "Operating Expense": NaN,
        "Other Operating Expenses": -4000000.0,
        "Depreciation Amortization Depletion Income Statement": NaN,
        "Depreciation And Amortization In Income Statement": NaN,
        "Amortization": NaN,
        "Amortization Of Intangibles Income Statement": NaN,
        "Research And Development": NaN,
        "Selling General And Administration": NaN,
        "General And Administrative Expense": NaN,
        "Other Gand A": NaN,
        "Salaries And Wages": -2000000.0,
        "Gross Profit": NaN,
        "Cost Of Revenue": NaN,
        "Total Revenue": NaN,
        "Operating Revenue": NaN
    },
    "2023-03-31": {
        "Tax Effect Of Unusual Items": NaN,
        "Tax Rate For Calcs": NaN,
        "Normalized EBITDA": NaN,
        "Total Unusual Items": NaN,
        "Total Unusual Items Excluding Goodwill": NaN,
        "Net Income From Continuing Operation Net Minority Interest": NaN,
        "Reconciled Depreciation": NaN,
        "Reconciled Cost Of Revenue": NaN,
        "EBITDA": NaN,
        "EBIT": NaN,
        "Net Interest Income": NaN,
        "Interest Expense": NaN,
        "Interest Income": NaN,
        "Normalized Income": NaN,
        "Net Income From Continuing And Discontinued Operation": NaN,
        "Total Expenses": NaN,
        "Total Operating Income As Reported": NaN,
        "Diluted Average Shares": NaN,
        "Basic Average Shares": NaN,
        "Diluted EPS": NaN,
        "Basic EPS": NaN,
        "Diluted NI Availto Com Stockholders": NaN,
        "Net Income Common Stockholders": NaN,
        "Net Income": NaN,
        "Net Income Including Noncontrolling Interests": NaN,
        "Net Income Discontinuous Operations": NaN,
        "Net Income Continuous Operations": NaN,
        "Tax Provision": NaN,
        "Pretax Income": NaN,
        "Other Income Expense": NaN,
        "Other Non Operating Income Expenses": -2000000.0,
        "Special Income Charges": NaN,
        "Restructuring And Mergern Acquisition": NaN,
        "Earnings From Equity Interest": NaN,
        "Gain On Sale Of Security": NaN,
        "Net Non Operating Interest Income Expense": NaN,
        "Total Other Finance Cost": NaN,
        "Interest Expense Non Operating": NaN,
        "Interest Income Non Operating": NaN,
        "Operating Income": NaN,
        "Operating Expense": NaN,
        "Other Operating Expenses": NaN,
        "Depreciation Amortization Depletion Income Statement": NaN,
        "Depreciation And Amortization In Income Statement": NaN,
        "Amortization": NaN,
        "Amortization Of Intangibles Income Statement": NaN,
        "Research And Development": NaN,
        "Selling General And Administration": NaN,
        "General And Administrative Expense": NaN,
        "Other Gand A": NaN,
        "Salaries And Wages": NaN,
        "Gross Profit": NaN,
        "Cost Of Revenue": NaN,
        "Total Revenue": NaN,
        "Operating Revenue": NaN
    },
    "2022-12-31": {
        "Tax Effect Of Unusual Items": NaN,
        "Tax Rate For Calcs": NaN,
        "Normalized EBITDA": NaN,
        "Total Unusual Items": NaN,
        "Total Unusual Items Excluding Goodwill": NaN,
        "Net Income From Continuing Operation Net Minority Interest": NaN,
        "Reconciled Depreciation": NaN,
        "Reconciled Cost Of Revenue": NaN,
        "EBITDA": NaN,
        "EBIT": NaN,
        "Net Interest Income": NaN,
        "Interest Expense": NaN,
        "Interest Income": NaN,
        "Normalized Income": NaN,
        "Net Income From Continuing And Discontinued Operation": NaN,
        "Total Expenses": NaN,
        "Total Operating Income As Reported": NaN,
        "Diluted Average Shares": NaN,
        "Basic Average Shares": NaN,
        "Diluted EPS": NaN,
        "Basic EPS": NaN,
        "Diluted NI Availto Com Stockholders": NaN,
        "Net Income Common Stockholders": NaN,
        "Net Income": NaN,
        "Net Income Including Noncontrolling Interests": NaN,
        "Net Income Discontinuous Operations": NaN,
        "Net Income Continuous Operations": NaN,
        "Tax Provision": NaN,
        "Pretax Income": NaN,
        "Other Income Expense": NaN,
        "Other Non Operating Income Expenses": NaN,
        "Special Income Charges": NaN,
        "Restructuring And Mergern Acquisition": NaN,
        "Earnings From Equity Interest": 1000000.0,
        "Gain On Sale Of Security": NaN,
        "Net Non Operating Interest Income Expense": NaN,
        "Total Other Finance Cost": NaN,
        "Interest Expense Non Operating": NaN,
        "Interest Income Non Operating": NaN,
        "Operating Income": NaN,
        "Operating Expense": NaN,
        "Other Operating Expenses": NaN,
        "Depreciation Amortization Depletion Income Statement": NaN,
        "Depreciation And Amortization In Income Statement": NaN,
        "Amortization": NaN,
        "Amortization Of Intangibles Income Statement": NaN,
        "Research And Development": NaN,
        "Selling General And Administration": NaN,
        "Gross Profit": NaN,
        "Cost Of Revenue": NaN,
        "Total Revenue": NaN,
        "Operating Revenue": NaN
    },
    "2022-09-30": {
        "Tax Effect Of Unusual Items": 0.0,
        "Tax Rate For Calcs": 0.016393,
        "Normalized EBITDA": 138000000.0,
        "Total Unusual Items": 0.0,
        "Total Unusual Items Excluding Goodwill": 0.0,
        "Net Income From Continuing Operation Net Minority Interest": 60000000.0,
        "Reconciled Depreciation": 60000000.0,
        "Reconciled Cost Of Revenue": 385000000.0,
        "EBITDA": 138000000.0,
        "EBIT": 78000000.0,
        "Net Interest Income": -40000000.0,
        "Interest Expense": 15000000.0,
        "Interest Income": NaN,
        "Normalized Income": 60000000.0,
        "Net Income From Continuing And Discontinued Operation": 57000000.0,
        "Total Expenses": 553000000.0,
        "Total Operating Income As Reported": 79000000.0,
        "Diluted Average Shares": 55000000.0,
        "Basic Average Shares": 54000000.0,
        "Diluted EPS": 1.04,
        "Basic EPS": 1.055556,
        "Diluted NI Availto Com Stockholders": 57000000.0,
        "Net Income Common Stockholders": 57000000.0,
        "Net Income": 57000000.0,
        "Net Income Including Noncontrolling Interests": 57000000.0,
        "Net Income Discontinuous Operations": -3000000.0,
        "Net Income Continuous Operations": 60000000.0,
        "Tax Provision": 1000000.0,
        "Pretax Income": 61000000.0,
        "Other Income Expense": 23000000.0,
        "Other Non Operating Income Expenses": 22000000.0,
        "Special Income Charges": 0.0,
        "Restructuring And Mergern Acquisition": 0.0,
        "Earnings From Equity Interest": 1000000.0,
        "Gain On Sale Of Security": -27000000.0,
        "Net Non Operating Interest Income Expense": -40000000.0,
        "Total Other Finance Cost": 40000000.0,
        "Interest Expense Non Operating": 15000000.0,
        "Interest Income Non Operating": NaN,
        "Operating Income": 78000000.0,
        "Operating Expense": 131000000.0,
        "Other Operating Expenses": NaN,
        "Depreciation Amortization Depletion Income Statement": 23000000.0,
        "Depreciation And Amortization In Income Statement": 23000000.0,
        "Amortization": 23000000.0,
        "Amortization Of Intangibles Income Statement": 23000000.0,
        "Research And Development": 14000000.0,
        "Selling General And Administration": 94000000.0,
        "Gross Profit": 209000000.0,
        "Cost Of Revenue": 422000000.0,
        "Total Revenue": 631000000.0,
        "Operating Revenue": 631000000.0
    },
    "2022-06-30": {
        "Tax Effect Of Unusual Items": 673076.923077,
        "Tax Rate For Calcs": 0.019231,
        "Normalized EBITDA": 137000000.0,
        "Total Unusual Items": 35000000.0,
        "Total Unusual Items Excluding Goodwill": 35000000.0,
        "Net Income From Continuing Operation Net Minority Interest": 51000000.0,
        "Reconciled Depreciation": 61000000.0,
        "Reconciled Cost Of Revenue": 366000000.0,
        "EBITDA": 172000000.0,
        "EBIT": 111000000.0,
        "Net Interest Income": -59000000.0,
        "Interest Expense": 59000000.0,
        "Interest Income": NaN,
        "Normalized Income": 16673076.923077,
        "Net Income From Continuing And Discontinued Operation": 36000000.0,
        "Total Expenses": 568000000.0,
        "Total Operating Income As Reported": 77000000.0,
        "Diluted Average Shares": 55000000.0,
        "Basic Average Shares": 54000000.0,
        "Diluted EPS": 0.65,
        "Basic EPS": 0.66,
        "Diluted NI Availto Com Stockholders": 36000000.0,
        "Net Income Common Stockholders": 36000000.0,
        "Net Income": 36000000.0,
        "Net Income Including Noncontrolling Interests": 36000000.0,
        "Net Income Discontinuous Operations": -15000000.0,
        "Net Income Continuous Operations": 51000000.0,
        "Tax Provision": 1000000.0,
        "Pretax Income": 52000000.0,
        "Other Income Expense": 35000000.0,
        "Other Non Operating Income Expenses": -1000000.0,
        "Special Income Charges": 35000000.0,
        "Restructuring And Mergern Acquisition": -35000000.0,
        "Earnings From Equity Interest": 1000000.0,
        "Gain On Sale Of Security": -45000000.0,
        "Net Non Operating Interest Income Expense": -59000000.0,
        "Total Other Finance Cost": NaN,
        "Interest Expense Non Operating": 59000000.0,
        "Interest Income Non Operating": NaN,
        "Operating Income": 76000000.0,
        "Operating Expense": 164000000.0,
        "Other Operating Expenses": -1000000.0,
        "Depreciation Amortization Depletion Income Statement": 23000000.0,
        "Depreciation And Amortization In Income Statement": 23000000.0,
        "Amortization": 23000000.0,
        "Amortization Of Intangibles Income Statement": 23000000.0,
        "Research And Development": 14000000.0,
        "Selling General And Administration": 127000000.0,
        "Gross Profit": 240000000.0,
        "Cost Of Revenue": 404000000.0,
        "Total Revenue": 644000000.0,
        "Operating Revenue": 644000000.0
    },
    "2022-03-31": {
        "Diluted EPS": 13.69,
        "Total Revenue": 604,
        "Gross Profit": 220,
        "Operating Income": 100,
        "EBIT": 163,
        "Net Income": 786
    },
    "2021-12-31": {
        "Diluted EPS": 0.83,
        "Total Revenue": 512,
        "Gross Profit": 161,
        "Operating Income": 42,
        "EBIT": 103,
        "Net Income": 48
    },
    "2021-09-30": {
        "Diluted EPS": 0.71,
        "Total Revenue": 591,
        "Gross Profit": 190,
        "Operating Income": 82,
        "EBIT": 149,
        "Net Income": 43
    },
    "2021-06-30": {
        "Diluted EPS": 1.29,
        "Total Revenue": 543,
        "Gross Profit": 173,
        "Operating Income": 45,
        "EBIT": 108,
        "Net Income": 80
    },
    "2021-03-31": {
        "Diluted EPS": 0.67,
        "Total Revenue": 509,
        "Gross Profit": 160,
        "Operating Income": 48,
        "EBIT": 109,
        "Net Income": 41
    },
    "2020-12-31": {
        "Diluted EPS": 0.92,
        "Total Revenue": 468,
        "Gross Profit": 147,
        "Operating Income": 17,
        "EBIT": 77,
        "Net Income": 56
    },
    "2020-09-30": {
        "Diluted EPS": 0.08,
        "Total Revenue": 299,
        "Gross Profit": 53,
        "Operating Income": -58,
        "EBIT": -5,
        "Net Income": 5
    },
    "2020-06-30": {
        "Diluted EPS": 0.61,
        "Total Revenue": 574,
        "Gross Profit": 196,
        "Operating Income": 48,
        "EBIT": 111,
        "Net Income": 37
    },
    "2020-03-31": {
        "Diluted EPS": -9.61,
        "Total Revenue": 610,
        "Gross Profit": 197,
        "Operating Income": -468,
        "EBIT": -397,
        "Net Income": -582
    },
    "2019-12-31": {
        "Diluted EPS": 0.53,
        "Total Revenue": 533,
        "Gross Profit": 153,
        "Operating Income": 17,
        "EBIT": 80,
        "Net Income": 32
    },
    "2019-09-30": {
        "Diluted EPS": 6.67,
        "Total Revenue": 264,
        "Gross Profit": 94,
        "Operating Income": 6,
        "EBIT": 65,
        "Net Income": 411
    },
    "2019-06-30": {
        "Diluted EPS": 1.05,
        "Total Revenue": 641,
        "Gross Profit": 207,
        "Operating Income": 43,
        "EBIT": 107,
        "Net Income": 66
    },
    "2019-03-31": {
        "Diluted EPS": 1.19,
        "Total Revenue": 667,
        "Gross Profit": 198,
        "Operating Income": 44,
        "EBIT": 128,
        "Net Income": 76
    },
    "2018-12-31": {
        "Diluted EPS": -0.76,
        "Total Revenue": 576,
        "Gross Profit": 152,
        "Operating Income": -7,
        "EBIT": 76,
        "Net Income": -48
    },
    "2018-09-30": {
        "Diluted EPS": 0.15,
        "Total Revenue": 668,
        "Gross Profit": 232,
        "Operating Income": 4,
        "EBIT": 74,
        "Net Income": 9
    },
    "2018-06-30": {
        "Diluted EPS": 0.56,
        "Total Revenue": 668,
        "Gross Profit": 229,
        "Operating Income": 30,
        "EBIT": 100,
        "Net Income": 36
    },
    "2018-03-31": {
        "Diluted EPS": 1.15,
        "Total Revenue": 672,
        "Gross Profit": 223,
        "Operating Income": 63,
        "EBIT": 136,
        "Net Income": 73
    },
    "2017-12-31": {
        "Diluted EPS": -0.07,
        "Total Revenue": 581,
        "Gross Profit": 179,
        "Operating Income": 5,
        "EBIT": 77,
        "Net Income": -4
    },
    "2017-09-30": {
        "Diluted EPS": -0.92,
        "Total Revenue": 880,
        "Gross Profit": 234,
        "Operating Income": 34,
        "EBIT": 82,
        "Net Income": -58
    },
    "2017-06-30": {
        "Diluted EPS": -0.54,
        "Total Revenue": 870,
        "Gross Profit": 235,
        "Operating Income": 37,
        "EBIT": 132,
        "Net Income": -33
    },
    "2017-03-31": {
        "Diluted EPS": 1.47,
        "Total Revenue": 806,
        "Gross Profit": 228,
        "Operating Income": 53,
        "EBIT": 122,
        "Net Income": 92
    },
    "2016-12-31": {
        "Diluted EPS": -0.01,
        "Total Revenue": 704,
        "Gross Profit": 189,
        "Operating Income": 15,
        "EBIT": 177,
        "Net Income": -1
    },
    "2016-09-30": {
        "Diluted EPS": -4.46,
        "Total Revenue": 754,
        "Gross Profit": 182,
        "Operating Income": -272,
        "EBIT": -188,
        "Net Income": -276
    },
    "2016-06-30": {
        "Diluted EPS": 1.13,
        "Total Revenue": 790,
        "Gross Profit": 236,
        "Operating Income": 57,
        "EBIT": 119,
        "Net Income": 71
    },
    "2016-03-31": {
        "Diluted EPS": 1.38,
        "Total Revenue": NaN,
        "Gross Profit": 424,
        "Operating Income": 147,
        "EBIT": 235,
        "Net Income": 87
    },
    "2015-12-31": {
        "Diluted EPS": 1.35,
        "Total Revenue": NaN,
        "Gross Profit": 392,
        "Operating Income": 151,
        "EBIT": 237,
        "Net Income": 89
    },
    "2015-09-30": {
        "Diluted EPS": -0.82,
        "Total Revenue": NaN,
        "Gross Profit": 310,
        "Operating Income": -101,
        "EBIT": -49,
        "Net Income": -55
    },
    "2015-06-30": {
        "Diluted EPS": 1.56,
        "Total Revenue": NaN,
        "Gross Profit": 428,
        "Operating Income": 196,
        "EBIT": 291,
        "Net Income": 107
    },
    "2015-03-31": {
        "Diluted EPS": 3.26,
        "Total Revenue": NaN,
        "Gross Profit": 425,
        "Operating Income": 193,
        "EBIT": 281,
        "Net Income": 224
    },
    "2014-12-31": {
        "Diluted EPS": 0.46,
        "Total Revenue": NaN,
        "Gross Profit": 409,
        "Operating Income": 169,
        "EBIT": 258,
        "Net Income": 32
    },
    "2014-09-30": {
        "Diluted EPS": 0.92,
        "Total Revenue": NaN,
        "Gross Profit": 311,
        "Operating Income": -176,
        "EBIT": -61,
        "Net Income": 68
    },
    "2014-06-30": {
        "Diluted EPS": 1.25,
        "Total Revenue": NaN,
        "Gross Profit": 444,
        "Operating Income": 143,
        "EBIT": 236,
        "Net Income": 99
    },
    "2014-03-31": {
        "Diluted EPS": -0.57,
        "Total Revenue": NaN,
        "Gross Profit": 377,
        "Operating Income": -64,
        "EBIT": 44,
        "Net Income": -44
    },
    "2013-12-31": {
        "Diluted EPS": 1.4,
        "Total Revenue": NaN,
        "Gross Profit": 384,
        "Operating Income": 143,
        "EBIT": 234,
        "Net Income": 110
    },
    "2013-09-30": {
        "Diluted EPS": 5.1,
        "Total Revenue": NaN,
        "Gross Profit": 392,
        "Operating Income": 504,
        "EBIT": 592,
        "Net Income": 405
    },
    "2013-06-30": {
        "Diluted EPS": 1.55,
        "Total Revenue": NaN,
        "Gross Profit": 432,
        "Operating Income": 175,
        "EBIT": 269,
        "Net Income": 124
    },
    "2013-03-31": {
        "Diluted EPS": 0.66,
        "Total Revenue": NaN,
        "Gross Profit": 426,
        "Operating Income": 184,
        "EBIT": 311,
        "Net Income": 53
    },
    "2012-12-31": {
        "Diluted EPS": 1.26,
        "Total Revenue": NaN,
        "Gross Profit": 537,
        "Operating Income": 176,
        "EBIT": 288,
        "Net Income": 101
    },
    "2012-09-30": {
        "Diluted EPS": -3.44,
        "Total Revenue": 322,
        "Gross Profit": -65,
        "Operating Income": -305,
        "EBIT": -230,
        "Net Income": -274
    },
    "2012-06-30": {
        "Diluted EPS": 1.9,
        "Total Revenue": NaN,
        "Gross Profit": 627,
        "Operating Income": 263,
        "EBIT": 377,
        "Net Income": 151
    },
    "2012-03-31": {
        "Diluted EPS": 1.1,
        "Total Revenue": NaN,
        "Gross Profit": 575,
        "Operating Income": 179,
        "EBIT": 293,
        "Net Income": 88
    },
    "2011-12-31": {
        "Diluted EPS": 0.77,
        "Total Revenue": NaN,
        "Gross Profit": 522,
        "Operating Income": 144,
        "EBIT": 254,
        "Net Income": 61
    },
    "2011-09-30": {
        "Diluted EPS": -3.27,
        "Total Revenue": NaN,
        "Gross Profit": 317,
        "Operating Income": -369,
        "EBIT": -277,
        "Net Income": -263
    },
    "2011-06-30": {
        "Diluted EPS": 1.17,
        "Total Revenue": NaN,
        "Gross Profit": 434,
        "Operating Income": 129,
        "EBIT": 200,
        "Net Income": 93
    },
    "2011-03-31": {
        "Diluted EPS": 6.02,
        "Total Revenue": NaN,
        "Gross Profit": 463,
        "Operating Income": 256,
        "EBIT": 341,
        "Net Income": 485
    },
    "2010-12-31": {
        "Diluted EPS": 1.25,
        "Total Revenue": NaN,
        "Gross Profit": 398,
        "Operating Income": 114,
        "EBIT": 191,
        "Net Income": 99
    },
    "2010-09-30": {
        "Diluted EPS": 0.96,
        "Total Revenue": NaN,
        "Gross Profit": 479,
        "Operating Income": 106,
        "EBIT": 181,
        "Net Income": 76
    },
    "2010-06-30": {
        "Diluted EPS": 1.85,
        "Total Revenue": NaN,
        "Gross Profit": 441,
        "Operating Income": 139,
        "EBIT": 210,
        "Net Income": 148
    },
    "2010-03-31": {
        "Diluted EPS": 0.27,
        "Total Revenue": NaN,
        "Gross Profit": 431,
        "Operating Income": 132,
        "EBIT": 267,
        "Net Income": 22
    },
    "2009-12-31": {
        "Diluted EPS": 1.1,
        "Total Revenue": NaN,
        "Gross Profit": 418,
        "Operating Income": 127,
        "EBIT": 207,
        "Net Income": 86
    },
    "2009-09-30": {
        "Diluted EPS": 1.22,
        "Total Revenue": NaN,
        "Gross Profit": 512,
        "Operating Income": 133,
        "EBIT": 211,
        "Net Income": 93
    },
    "2009-06-30": {
        "Diluted EPS": 0.66,
        "Total Revenue": NaN,
        "Gross Profit": 493,
        "Operating Income": 152,
        "EBIT": 259,
        "Net Income": 50
    },
    "2009-03-31": {
        "Diluted EPS": 0.65,
        "Total Revenue": NaN,
        "Gross Profit": 459,
        "Operating Income": 112,
        "EBIT": 216,
        "Net Income": 48
    },
    "2023-09-30": {
        "Tax Effect Of Unusual Items": NaN,
        "Tax Rate For Calcs": NaN,
        "Normalized EBITDA": NaN,
        "Total Unusual Items": NaN,
        "Total Unusual Items Excluding Goodwill": NaN,
        "Net Income From Continuing Operation Net Minority Interest": NaN,
        "Reconciled Depreciation": NaN,
        "Reconciled Cost Of Revenue": NaN,
        "EBITDA": NaN,
        "EBIT": NaN,
        "Net Interest Income": NaN,
        "Interest Expense": NaN,
        "Interest Income": NaN,
        "Normalized Income": NaN,
        "Net Income From Continuing And Discontinued Operation": NaN,
        "Total Expenses": NaN,
        "Total Operating Income As Reported": NaN,
        "Diluted Average Shares": NaN,
        "Basic Average Shares": NaN,
        "Diluted EPS": NaN,
        "Basic EPS": NaN,
        "Diluted NI Availto Com Stockholders": NaN,
        "Net Income Common Stockholders": NaN,
        "Net Income": NaN,
        "Net Income Including Noncontrolling Interests": NaN,
        "Net Income Discontinuous Operations": NaN,
        "Net Income Continuous Operations": NaN,
        "Tax Provision": NaN,
        "Pretax Income": NaN,
        "Other Income Expense": NaN,
        "Other Non Operating Income Expenses": -3000000.0,
        "Special Income Charges": NaN,
        "Restructuring And Mergern Acquisition": NaN,
        "Earnings From Equity Interest": NaN,
        "Gain On Sale Of Security": NaN,
        "Net Non Operating Interest Income Expense": NaN,
        "Total Other Finance Cost": NaN,
        "Interest Expense Non Operating": NaN,
        "Interest Income Non Operating": NaN,
        "Operating Income": NaN,
        "Operating Expense": NaN,
        "Depreciation Amortization Depletion Income Statement": NaN,
        "Depreciation And Amortization In Income Statement": NaN,
        "Amortization": NaN,
        "Amortization Of Intangibles Income Statement": NaN,
        "Research And Development": NaN,
        "Selling General And Administration": NaN,
        "General And Administrative Expense": NaN,
        "Other Gand A": NaN,
        "Salaries And Wages": NaN,
        "Gross Profit": NaN,
        "Cost Of Revenue": NaN,
        "Total Revenue": NaN,
        "Operating Revenue": NaN
    },
    "2023-12-31": {
        "Tax Effect Of Unusual Items": NaN,
        "Tax Rate For Calcs": NaN,
        "Normalized EBITDA": NaN,
        "Total Unusual Items": NaN,
        "Total Unusual Items Excluding Goodwill": NaN,
        "Net Income From Continuing Operation Net Minority Interest": NaN,
        "Reconciled Depreciation": NaN,
        "Reconciled Cost Of Revenue": NaN,
        "EBITDA": NaN,
        "EBIT": NaN,
        "Net Interest Income": NaN,
        "Interest Expense": NaN,
        "Interest Income": NaN,
        "Normalized Income": NaN,
        "Net Income From Continuing And Discontinued Operation": NaN,
        "Total Expenses": NaN,
        "Total Operating Income As Reported": NaN,
        "Diluted Average Shares": NaN,
        "Basic Average Shares": NaN,
        "Diluted EPS": NaN,
        "Basic EPS": NaN,
        "Diluted NI Availto Com Stockholders": NaN,
        "Net Income Common Stockholders": NaN,
        "Net Income": NaN,
        "Net Income Including Noncontrolling Interests": NaN,
        "Net Income Discontinuous Operations": NaN,
        "Net Income Continuous Operations": NaN,
        "Tax Provision": NaN,
        "Pretax Income": NaN,
        "Other Income Expense": NaN,
        "Other Non Operating Income Expenses": NaN,
        "Special Income Charges": NaN,
        "Write Off": NaN,
        "Impairment Of Capital Assets": NaN,
        "Restructuring And Mergern Acquisition": NaN,
        "Earnings From Equity Interest": NaN,
        "Gain On Sale Of Security": NaN,
        "Net Non Operating Interest Income Expense": NaN,
        "Total Other Finance Cost": NaN,
        "Interest Expense Non Operating": NaN,
        "Interest Income Non Operating": NaN,
        "Operating Income": NaN,
        "Operating Expense": NaN,
        "Depreciation Amortization Depletion Income Statement": NaN,
        "Depreciation And Amortization In Income Statement": NaN,
        "Amortization": NaN,
        "Amortization Of Intangibles Income Statement": NaN,
        "Research And Development": NaN,
        "Selling General And Administration": NaN,
        "General And Administrative Expense": 83000000.0,
        "Other Gand A": 83000000.0,
        "Salaries And Wages": NaN,
        "Gross Profit": NaN,
        "Cost Of Revenue": NaN,
        "Total Revenue": NaN,
        "Operating Revenue": NaN
    },
    "2024-03-31": {
        "Tax Effect Of Unusual Items": NaN,
        "Tax Rate For Calcs": NaN,
        "Normalized EBITDA": NaN,
        "Total Unusual Items": NaN,
        "Total Unusual Items Excluding Goodwill": NaN,
        "Net Income From Continuing Operation Net Minority Interest": NaN,
        "Reconciled Depreciation": NaN,
        "Reconciled Cost Of Revenue": NaN,
        "EBITDA": NaN,
        "EBIT": NaN,
        "Net Interest Income": NaN,
        "Interest Expense": NaN,
        "Interest Income": NaN,
        "Normalized Income": NaN,
        "Net Income From Continuing And Discontinued Operation": NaN,
        "Total Expenses": NaN,
        "Total Operating Income As Reported": NaN,
        "Diluted Average Shares": NaN,
        "Basic Average Shares": NaN,
        "Diluted EPS": NaN,
        "Basic EPS": NaN,
        "Diluted NI Availto Com Stockholders": NaN,
        "Net Income Common Stockholders": NaN,
        "Net Income": NaN,
        "Net Income Including Noncontrolling Interests": NaN,
        "Net Income Discontinuous Operations": NaN,
        "Net Income Continuous Operations": NaN,
        "Tax Provision": NaN,
        "Pretax Income": NaN,
        "Other Income Expense": NaN,
        "Other Non Operating Income Expenses": NaN,
        "Special Income Charges": NaN,
        "Write Off": NaN,
        "Impairment Of Capital Assets": NaN,
        "Restructuring And Mergern Acquisition": NaN,
        "Earnings From Equity Interest": NaN,
        "Gain On Sale Of Security": NaN,
        "Net Non Operating Interest Income Expense": NaN,
        "Total Other Finance Cost": NaN,
        "Interest Expense Non Operating": NaN,
        "Interest Income Non Operating": NaN,
        "Operating Income": NaN,
        "Operating Expense": NaN,
        "Depreciation Amortization Depletion Income Statement": NaN,
        "Depreciation And Amortization In Income Statement": NaN,
        "Amortization": NaN,
        "Amortization Of Intangibles Income Statement": NaN,
        "Research And Development": NaN,
        "Selling General And Administration": NaN,
        "General And Administrative Expense": 106000000.0,
        "Other Gand A": 106000000.0,
        "Salaries And Wages": NaN,
        "Gross Profit": NaN,
        "Cost Of Revenue": NaN,
        "Total Revenue": NaN,
        "Operating Revenue": NaN
    },
    "2024-06-30": {
        "Tax Effect Of Unusual Items": NaN,
        "Tax Rate For Calcs": NaN,
        "Normalized EBITDA": NaN,
        "Total Unusual Items": NaN,
        "Total Unusual Items Excluding Goodwill": NaN,
        "Net Income From Continuing Operation Net Minority Interest": NaN,
        "Reconciled Depreciation": NaN,
        "Reconciled Cost Of Revenue": NaN,
        "EBITDA": NaN,
        "EBIT": NaN,
        "Net Interest Income": NaN,
        "Interest Expense": NaN,
        "Interest Income": NaN,
        "Normalized Income": NaN,
        "Net Income From Continuing And Discontinued Operation": NaN,
        "Total Expenses": NaN,
        "Total Operating Income As Reported": NaN,
        "Diluted Average Shares": NaN,
        "Basic Average Shares": NaN,
        "Diluted EPS": NaN,
        "Basic EPS": NaN,
        "Diluted NI Availto Com Stockholders": NaN,
        "Net Income Common Stockholders": NaN,
        "Net Income": NaN,
        "Net Income Including Noncontrolling Interests": NaN,
        "Net Income Discontinuous Operations": NaN,
        "Net Income Continuous Operations": NaN,
        "Tax Provision": NaN,
        "Pretax Income": NaN,
        "Other Income Expense": NaN,
        "Other Non Operating Income Expenses": NaN,
        "Special Income Charges": NaN,
        "Gain On Sale Of Business": NaN,
        "Write Off": 99000000.0,
        "Impairment Of Capital Assets": 0.0,
        "Restructuring And Mergern Acquisition": NaN,
        "Earnings From Equity Interest": NaN,
        "Gain On Sale Of Security": NaN,
        "Net Non Operating Interest Income Expense": NaN,
        "Total Other Finance Cost": NaN,
        "Interest Expense Non Operating": NaN,
        "Interest Income Non Operating": NaN,
        "Operating Income": NaN,
        "Operating Expense": NaN,
        "Depreciation Amortization Depletion Income Statement": NaN,
        "Depreciation And Amortization In Income Statement": NaN,
        "Amortization": NaN,
        "Amortization Of Intangibles Income Statement": NaN,
        "Research And Development": NaN,
        "Selling General And Administration": NaN,
        "General And Administrative Expense": 114000000.0,
        "Other Gand A": 114000000.0,
        "Salaries And Wages": 0.0,
        "Gross Profit": NaN,
        "Cost Of Revenue": NaN,
        "Total Revenue": NaN,
        "Operating Revenue": NaN
    },
    "2024-09-30": {
        "Tax Effect Of Unusual Items": NaN,
        "Tax Rate For Calcs": NaN,
        "Normalized EBITDA": NaN,
        "Total Unusual Items": NaN,
        "Total Unusual Items Excluding Goodwill": NaN,
        "Net Income From Continuing Operation Net Minority Interest": NaN,
        "Reconciled Depreciation": NaN,
        "Reconciled Cost Of Revenue": NaN,
        "EBITDA": NaN,
        "EBIT": NaN,
        "Net Interest Income": NaN,
        "Interest Expense": NaN,
        "Interest Income": NaN,
        "Normalized Income": NaN,
        "Net Income From Continuing And Discontinued Operation": NaN,
        "Total Expenses": NaN,
        "Total Operating Income As Reported": NaN,
        "Diluted Average Shares": NaN,
        "Basic Average Shares": NaN,
        "Diluted EPS": NaN,
        "Basic EPS": NaN,
        "Diluted NI Availto Com Stockholders": NaN,
        "Net Income Common Stockholders": NaN,
        "Net Income": NaN,
        "Net Income Including Noncontrolling Interests": NaN,
        "Net Income Discontinuous Operations": NaN,
        "Net Income Continuous Operations": NaN,
        "Tax Provision": NaN,
        "Pretax Income": NaN,
        "Other Income Expense": NaN,
        "Other Non Operating Income Expenses": NaN,
        "Special Income Charges": NaN,
        "Gain On Sale Of Business": NaN,
        "Write Off": NaN,
        "Impairment Of Capital Assets": NaN,
        "Restructuring And Mergern Acquisition": 15000000.0,
        "Earnings From Equity Interest": NaN,
        "Gain On Sale Of Security": NaN,
        "Net Non Operating Interest Income Expense": NaN,
        "Total Other Finance Cost": NaN,
        "Interest Expense Non Operating": NaN,
        "Interest Income Non Operating": NaN,
        "Operating Income": NaN,
        "Operating Expense": NaN,
        "Depreciation Amortization Depletion Income Statement": NaN,
        "Depreciation And Amortization In Income Statement": NaN,
        "Amortization": NaN,
        "Amortization Of Intangibles Income Statement": NaN,
        "Research And Development": NaN,
        "Selling General And Administration": NaN,
        "General And Administrative Expense": 101000000.0,
        "Other Gand A": 101000000.0,
        "Salaries And Wages": NaN,
        "Gross Profit": NaN,
        "Cost Of Revenue": NaN,
        "Total Revenue": NaN,
        "Operating Revenue": NaN
    },
    "2024-12-31": {
        "Tax Effect Of Unusual Items": -40119617.22488,
        "Tax Rate For Calcs": 0.205742,
        "Normalized EBITDA": 52000000.0,
        "Total Unusual Items": -195000000.0,
        "Total Unusual Items Excluding Goodwill": -195000000.0,
        "Net Income From Continuing Operation Net Minority Interest": -166000000.0,
        "Reconciled Depreciation": 51000000.0,
        "Reconciled Cost Of Revenue": 260000000.0,
        "EBITDA": -143000000.0,
        "EBIT": -194000000.0,
        "Net Interest Income": -16000000.0,
        "Interest Expense": 15000000.0,
        "Interest Income": 2000000.0,
        "Normalized Income": -11119617.22488,
        "Net Income From Continuing And Discontinued Operation": -165000000.0,
        "Total Expenses": 402000000.0,
        "Total Operating Income As Reported": -179000000.0,
        "Diluted Average Shares": 47000000.0,
        "Basic Average Shares": 47000000.0,
        "Diluted EPS": -3.5,
        "Basic EPS": -3.5,
        "Diluted NI Availto Com Stockholders": -165000000.0,
        "Net Income Common Stockholders": -165000000.0,
        "Net Income": -165000000.0,
        "Net Income Including Noncontrolling Interests": -165000000.0,
        "Net Income Discontinuous Operations": 1000000.0,
        "Net Income Continuous Operations": -166000000.0,
        "Tax Provision": -43000000.0,
        "Pretax Income": -209000000.0,
        "Other Income Expense": -196000000.0,
        "Other Non Operating Income Expenses": -2000000.0,
        "Special Income Charges": -183000000.0,
        "Gain On Sale Of Business": -183000000.0,
        "Write Off": NaN,
        "Impairment Of Capital Assets": NaN,
        "Restructuring And Mergern Acquisition": 183000000.0,
        "Earnings From Equity Interest": 1000000.0,
        "Gain On Sale Of Security": -12000000.0,
        "Net Non Operating Interest Income Expense": -16000000.0,
        "Total Other Finance Cost": 3000000.0,
        "Interest Expense Non Operating": 15000000.0,
        "Interest Income Non Operating": 2000000.0,
        "Operating Income": 3000000.0,
        "Operating Expense": 108000000.0,
        "Depreciation Amortization Depletion Income Statement": 17000000.0,
        "Depreciation And Amortization In Income Statement": 17000000.0,
        "Amortization": 17000000.0,
        "Amortization Of Intangibles Income Statement": 17000000.0,
        "Research And Development": 13000000.0,
        "Selling General And Administration": 78000000.0,
        "General And Administrative Expense": NaN,
        "Other Gand A": NaN,
        "Salaries And Wages": NaN,
        "Gross Profit": 111000000.0,
        "Cost Of Revenue": 294000000.0,
        "Total Revenue": 405000000.0,
        "Operating Revenue": 405000000.0
    },
    "2025-03-31": {
        "Tax Effect Of Unusual Items": 5520000.0,
        "Tax Rate For Calcs": 0.23,
        "Normalized EBITDA": 90000000.0,
        "Total Unusual Items": 24000000.0,
        "Total Unusual Items Excluding Goodwill": 24000000.0,
        "Net Income From Continuing Operation Net Minority Interest": 30000000.0,
        "Reconciled Depreciation": 60000000.0,
        "Reconciled Cost Of Revenue": 287000000.0,
        "EBITDA": 114000000.0,
        "EBIT": 54000000.0,
        "Net Interest Income": -17000000.0,
        "Interest Expense": 15000000.0,
        "Interest Income": 1000000.0,
        "Normalized Income": 11520000.0,
        "Net Income From Continuing And Discontinued Operation": 31000000.0,
        "Total Expenses": 446000000.0,
        "Total Operating Income As Reported": 51000000.0,
        "Diluted Average Shares": 47000000.0,
        "Basic Average Shares": 47000000.0,
        "Diluted EPS": 0.65,
        "Basic EPS": 0.65,
        "Diluted NI Availto Com Stockholders": 31000000.0,
        "Net Income Common Stockholders": 31000000.0,
        "Net Income": 31000000.0,
        "Net Income Including Noncontrolling Interests": 31000000.0,
        "Net Income Discontinuous Operations": 1000000.0,
        "Net Income Continuous Operations": 30000000.0,
        "Tax Provision": 9000000.0,
        "Pretax Income": 39000000.0,
        "Other Income Expense": 23000000.0,
        "Other Non Operating Income Expenses": -1000000.0,
        "Special Income Charges": 18000000.0,
        "Gain On Sale Of Business": NaN,
        "Write Off": NaN,
        "Impairment Of Capital Assets": NaN,
        "Restructuring And Mergern Acquisition": -18000000.0,
        "Earnings From Equity Interest": 0.0,
        "Gain On Sale Of Security": 6000000.0,
        "Net Non Operating Interest Income Expense": -17000000.0,
        "Total Other Finance Cost": 3000000.0,
        "Interest Expense Non Operating": 15000000.0,
        "Interest Income Non Operating": 1000000.0,
        "Operating Income": 33000000.0,
        "Operating Expense": 114000000.0,
        "Depreciation Amortization Depletion Income Statement": 15000000.0,
        "Depreciation And Amortization In Income Statement": 15000000.0,
        "Amortization": 15000000.0,
        "Amortization Of Intangibles Income Statement": 15000000.0,
        "Research And Development": 14000000.0,
        "Selling General And Administration": 85000000.0,
        "General And Administrative Expense": 85000000.0,
        "Other Gand A": 85000000.0,
        "Salaries And Wages": NaN,
        "Gross Profit": 147000000.0,
        "Cost Of Revenue": 332000000.0,
        "Total Revenue": 479000000.0,
        "Operating Revenue": 479000000.0
    },
    "2025-06-30": {
        "Tax Effect Of Unusual Items": -143640000.0,
        "Tax Rate For Calcs": 0.21,
        "Normalized EBITDA": 71000000.0,
        "Total Unusual Items": -684000000.0,
        "Total Unusual Items Excluding Goodwill": -684000000.0,
        "Net Income From Continuing Operation Net Minority Interest": -719000000.0,
        "Reconciled Depreciation": 76000000.0,
        "Reconciled Cost Of Revenue": 270000000.0,
        "EBITDA": -613000000.0,
        "EBIT": -689000000.0,
        "Net Interest Income": -17000000.0,
        "Interest Expense": 15000000.0,
        "Interest Income": 1000000.0,
        "Normalized Income": -178640000.0,
        "Net Income From Continuing And Discontinued Operation": -742000000.0,
        "Total Expenses": 465000000.0,
        "Total Operating Income As Reported": -708000000.0,
        "Diluted Average Shares": 46000000.0,
        "Basic Average Shares": 46000000.0,
        "Diluted EPS": -16.21,
        "Basic EPS": -16.21,
        "Diluted NI Availto Com Stockholders": -742000000.0,
        "Net Income Common Stockholders": -742000000.0,
        "Net Income": -742000000.0,
        "Net Income Including Noncontrolling Interests": -742000000.0,
        "Net Income Discontinuous Operations": -23000000.0,
        "Net Income Continuous Operations": -719000000.0,
        "Tax Provision": 15000000.0,
        "Pretax Income": -704000000.0,
        "Other Income Expense": -685000000.0,
        "Other Non Operating Income Expenses": -1000000.0,
        "Special Income Charges": -706000000.0,
        "Gain On Sale Of Business": NaN,
        "Write Off": NaN,
        "Impairment Of Capital Assets": 706000000.0,
        "Restructuring And Mergern Acquisition": 0.0,
        "Earnings From Equity Interest": 0.0,
        "Gain On Sale Of Security": 22000000.0,
        "Net Non Operating Interest Income Expense": -17000000.0,
        "Total Other Finance Cost": 3000000.0,
        "Interest Expense Non Operating": 15000000.0,
        "Interest Income Non Operating": 1000000.0,
        "Operating Income": -2000000.0,
        "Operating Expense": 134000000.0,
        "Depreciation Amortization Depletion Income Statement": 15000000.0,
        "Depreciation And Amortization In Income Statement": 15000000.0,
        "Amortization": 15000000.0,
        "Amortization Of Intangibles Income Statement": 15000000.0,
        "Research And Development": 13000000.0,
        "Selling General And Administration": 106000000.0,
        "General And Administrative Expense": NaN,
        "Other Gand A": NaN,
        "Salaries And Wages": NaN,
        "Gross Profit": 132000000.0,
        "Cost Of Revenue": 331000000.0,
        "Total Revenue": 463000000.0,
        "Operating Revenue": 463000000.0
    },
    "2025-09-30": {
        "Tax Effect Of Unusual Items": 4620000.0,
        "Tax Rate For Calcs": 0.21,
        "Normalized EBITDA": 109000000.0,
        "Total Unusual Items": 22000000.0,
        "Total Unusual Items Excluding Goodwill": 22000000.0,
        "Net Income From Continuing Operation Net Minority Interest": 33000000.0,
        "Reconciled Depreciation": 50000000.0,
        "Reconciled Cost Of Revenue": 284000000.0,
        "EBITDA": 131000000.0,
        "EBIT": 81000000.0,
        "Net Interest Income": -9000000.0,
        "Interest Expense": 16000000.0,
        "Interest Income": 1000000.0,
        "Normalized Income": 15620000.0,
        "Net Income From Continuing And Discontinued Operation": 32000000.0,
        "Total Expenses": 423000000.0,
        "Total Operating Income As Reported": 61000000.0,
        "Diluted Average Shares": 46000000.0,
        "Basic Average Shares": 46000000.0,
        "Diluted EPS": 0.695652,
        "Basic EPS": 0.695652,
        "Diluted NI Availto Com Stockholders": 32000000.0,
        "Net Income Common Stockholders": 32000000.0,
        "Net Income": 32000000.0,
        "Net Income Including Noncontrolling Interests": 32000000.0,
        "Net Income Discontinuous Operations": -1000000.0,
        "Net Income Continuous Operations": 33000000.0,
        "Tax Provision": 32000000.0,
        "Pretax Income": 65000000.0,
        "Other Income Expense": 20000000.0,
        "Other Non Operating Income Expenses": -5000000.0,
        "Special Income Charges": 4000000.0,
        "Gain On Sale Of Business": NaN,
        "Write Off": NaN,
        "Impairment Of Capital Assets": -182000000.0,
        "Restructuring And Mergern Acquisition": 160000000.0,
        "Earnings From Equity Interest": 3000000.0,
        "Gain On Sale Of Security": 18000000.0,
        "Net Non Operating Interest Income Expense": -9000000.0,
        "Total Other Finance Cost": -6000000.0,
        "Interest Expense Non Operating": 16000000.0,
        "Interest Income Non Operating": 1000000.0,
        "Operating Income": 54000000.0,
        "Operating Expense": 105000000.0,
        "Depreciation Amortization Depletion Income Statement": 16000000.0,
        "Depreciation And Amortization In Income Statement": 16000000.0,
        "Amortization": 16000000.0,
        "Amortization Of Intangibles Income Statement": 16000000.0,
        "Research And Development": 13000000.0,
        "Selling General And Administration": 76000000.0,
        "General And Administrative Expense": NaN,
        "Other Gand A": NaN,
        "Salaries And Wages": NaN,
        "Gross Profit": 159000000.0,
        "Cost Of Revenue": 318000000.0,
        "Total Revenue": 477000000.0,
        "Operating Revenue": 477000000.0
    },
    "2025-12-31": {
        "Tax Effect Of Unusual Items": 600000.0,
        "Tax Rate For Calcs": 0.066667,
        "Normalized EBITDA": 39000000.0,
        "Total Unusual Items": 9000000.0,
        "Total Unusual Items Excluding Goodwill": 9000000.0,
        "Net Income From Continuing Operation Net Minority Interest": -14000000.0,
        "Reconciled Depreciation": 48000000.0,
        "Reconciled Cost Of Revenue": 248000000.0,
        "EBITDA": 48000000.0,
        "EBIT": 0.0,
        "Net Interest Income": -15000000.0,
        "Interest Expense": 15000000.0,
        "Interest Income": 2000000.0,
        "Normalized Income": -22400000.0,
        "Net Income From Continuing And Discontinued Operation": -12000000.0,
        "Total Expenses": 395000000.0,
        "Total Operating Income As Reported": -6000000.0,
        "Diluted Average Shares": 46000000.0,
        "Basic Average Shares": 46000000.0,
        "Diluted EPS": -0.26,
        "Basic EPS": -0.26,
        "Diluted NI Availto Com Stockholders": -12000000.0,
        "Net Income Common Stockholders": -12000000.0,
        "Net Income": -12000000.0,
        "Net Income Including Noncontrolling Interests": -12000000.0,
        "Net Income Discontinuous Operations": 2000000.0,
        "Net Income Continuous Operations": -14000000.0,
        "Tax Provision": -1000000.0,
        "Pretax Income": -15000000.0,
        "Other Income Expense": 9000000.0,
        "Other Non Operating Income Expenses": -1000000.0,
        "Special Income Charges": 2000000.0,
        "Gain On Sale Of Business": 2000000.0,
        "Write Off": NaN,
        "Impairment Of Capital Assets": NaN,
        "Restructuring And Mergern Acquisition": NaN,
        "Earnings From Equity Interest": 1000000.0,
        "Gain On Sale Of Security": 7000000.0,
        "Net Non Operating Interest Income Expense": -15000000.0,
        "Total Other Finance Cost": 2000000.0,
        "Interest Expense Non Operating": 15000000.0,
        "Interest Income Non Operating": 2000000.0,
        "Operating Income": -9000000.0,
        "Operating Expense": 114000000.0,
        "Depreciation Amortization Depletion Income Statement": 15000000.0,
        "Depreciation And Amortization In Income Statement": 15000000.0,
        "Amortization": 15000000.0,
        "Amortization Of Intangibles Income Statement": 15000000.0,
        "Research And Development": 13000000.0,
        "Selling General And Administration": 86000000.0,
        "General And Administrative Expense": NaN,
        "Other Gand A": NaN,
        "Salaries And Wages": NaN,
        "Gross Profit": 105000000.0,
        "Cost Of Revenue": 281000000.0,
        "Total Revenue": 386000000.0,
        "Operating Revenue": 386000000.0
    }
}