{
    "2023-03-31": {
        "Tax Effect Of Unusual Items": NaN,
        "Tax Rate For Calcs": NaN,
        "Normalized EBITDA": NaN,
        "Net Income From Continuing Operation Net Minority Interest": NaN,
        "Reconciled Depreciation": NaN,
        "Reconciled Cost Of Revenue": NaN,
        "EBITDA": NaN,
        "EBIT": NaN,
        "Net Interest Income": NaN,
        "Interest Expense": NaN,
        "Normalized Income": NaN,
        "Net Income From Continuing And Discontinued Operation": NaN,
        "Total Expenses": NaN,
        "Diluted Average Shares": 28586563.0,
        "Basic Average Shares": 27601784.0,
        "Diluted EPS": 1.22,
        "Basic EPS": 1.27,
        "Diluted NI Availto Com Stockholders": NaN,
        "Net Income Common Stockholders": NaN,
        "Net Income": NaN,
        "Net Income Including Noncontrolling Interests": NaN,
        "Net Income Continuous Operations": NaN,
        "Tax Provision": NaN,
        "Pretax Income": NaN,
        "Other Income Expense": NaN,
        "Other Non Operating Income Expenses": NaN,
        "Net Non Operating Interest Income Expense": NaN,
        "Interest Expense Non Operating": NaN,
        "Operating Income": NaN,
        "Operating Expense": NaN,
        "Selling General And Administration": NaN,
        "Gross Profit": NaN,
        "Cost Of Revenue": NaN,
        "Total Revenue": NaN,
        "Operating Revenue": NaN
    },
    "2022-12-31": {
        "Tax Effect Of Unusual Items": 0.0,
        "Tax Rate For Calcs": 0.263488,
        "Normalized EBITDA": 63900000.0,
        "Net Income From Continuing Operation Net Minority Interest": 33624000.0,
        "Reconciled Depreciation": 17483000.0,
        "Reconciled Cost Of Revenue": 335033000.0,
        "EBITDA": 63900000.0,
        "EBIT": 46417000.0,
        "Net Interest Income": -764000.0,
        "Interest Expense": 764000.0,
        "Normalized Income": 33624000.0,
        "Net Income From Continuing And Discontinued Operation": 33624000.0,
        "Total Expenses": 357661000.0,
        "Diluted Average Shares": 28608181.0,
        "Basic Average Shares": 27572344.0,
        "Diluted EPS": 1.18,
        "Basic EPS": 1.22,
        "Diluted NI Availto Com Stockholders": 33624000.0,
        "Net Income Common Stockholders": 33624000.0,
        "Net Income": 33624000.0,
        "Net Income Including Noncontrolling Interests": 33624000.0,
        "Net Income Continuous Operations": 33624000.0,
        "Tax Provision": 12029000.0,
        "Pretax Income": 45653000.0,
        "Other Income Expense": 16000.0,
        "Other Non Operating Income Expenses": 16000.0,
        "Net Non Operating Interest Income Expense": -764000.0,
        "Interest Expense Non Operating": 764000.0,
        "Operating Income": 46401000.0,
        "Operating Expense": 22628000.0,
        "Selling General And Administration": 22628000.0,
        "Gross Profit": 69029000.0,
        "Cost Of Revenue": 335033000.0,
        "Total Revenue": 404062000.0,
        "Operating Revenue": 404062000.0
    },
    "2022-09-30": {
        "Tax Effect Of Unusual Items": 0.0,
        "Tax Rate For Calcs": 0.214,
        "Normalized EBITDA": 31092000.0,
        "Net Income From Continuing Operation Net Minority Interest": 10032000.0,
        "Reconciled Depreciation": 17644000.0,
        "Reconciled Cost Of Revenue": 443646000.0,
        "EBITDA": 31092000.0,
        "EBIT": 13448000.0,
        "Net Interest Income": -686000.0,
        "Interest Expense": 686000.0,
        "Normalized Income": 10032000.0,
        "Net Income From Continuing And Discontinued Operation": 10032000.0,
        "Total Expenses": 466715000.0,
        "Diluted Average Shares": 28889658.0,
        "Basic Average Shares": 27944494.0,
        "Diluted EPS": 0.35,
        "Basic EPS": 0.36,
        "Diluted NI Availto Com Stockholders": 10032000.0,
        "Net Income Common Stockholders": 10032000.0,
        "Net Income": 10032000.0,
        "Net Income Including Noncontrolling Interests": 10032000.0,
        "Net Income Continuous Operations": 10032000.0,
        "Tax Provision": 2730000.0,
        "Pretax Income": 12762000.0,
        "Other Income Expense": 1394000.0,
        "Other Non Operating Income Expenses": 1394000.0,
        "Net Non Operating Interest Income Expense": -686000.0,
        "Interest Expense Non Operating": 686000.0,
        "Operating Income": 12054000.0,
        "Operating Expense": 23069000.0,
        "Selling General And Administration": 23069000.0,
        "Gross Profit": 35123000.0,
        "Cost Of Revenue": 443646000.0,
        "Total Revenue": 478769000.0,
        "Operating Revenue": 478769000.0
    },
    "2022-06-30": {
        "Tax Effect Of Unusual Items": 0.0,
        "Tax Rate For Calcs": 0.235,
        "Normalized EBITDA": 103422000.0,
        "Net Income From Continuing Operation Net Minority Interest": 65157000.0,
        "Reconciled Depreciation": 17534000.0,
        "Reconciled Cost Of Revenue": 476835000.0,
        "EBITDA": 103422000.0,
        "EBIT": 85888000.0,
        "Net Interest Income": -769000.0,
        "Interest Expense": 769000.0,
        "Normalized Income": 65157000.0,
        "Net Income From Continuing And Discontinued Operation": 65157000.0,
        "Total Expenses": 497676000.0,
        "Diluted Average Shares": 29262709.0,
        "Basic Average Shares": 28168207.0,
        "Diluted EPS": 2.23,
        "Basic EPS": 2.31,
        "Diluted NI Availto Com Stockholders": 65157000.0,
        "Net Income Common Stockholders": 65157000.0,
        "Net Income": 65157000.0,
        "Net Income Including Noncontrolling Interests": 65157000.0,
        "Net Income Continuous Operations": 65157000.0,
        "Tax Provision": 19962000.0,
        "Pretax Income": 85119000.0,
        "Other Income Expense": -172000.0,
        "Other Non Operating Income Expenses": -172000.0,
        "Net Non Operating Interest Income Expense": -769000.0,
        "Interest Expense Non Operating": 769000.0,
        "Operating Income": 86060000.0,
        "Operating Expense": 20841000.0,
        "Selling General And Administration": 20841000.0,
        "Gross Profit": 106901000.0,
        "Cost Of Revenue": 476835000.0,
        "Total Revenue": 583736000.0,
        "Operating Revenue": 583736000.0
    },
    "2022-03-31": {
        "Diluted EPS": 2.15,
        "Total Revenue": 479,
        "Gross Profit": 103,
        "Operating Income": 82,
        "EBIT": 99,
        "Net Income": 63
    },
    "2021-12-31": {
        "Diluted EPS": 0.79,
        "Total Revenue": 424,
        "Gross Profit": 55,
        "Operating Income": 34,
        "EBIT": 50,
        "Net Income": 24
    },
    "2021-09-30": {
        "Diluted EPS": 1.51,
        "Total Revenue": 446,
        "Gross Profit": 80,
        "Operating Income": 59,
        "EBIT": 76,
        "Net Income": 44
    },
    "2021-06-30": {
        "Diluted EPS": 1.53,
        "Total Revenue": 438,
        "Gross Profit": 81,
        "Operating Income": 59,
        "EBIT": 76,
        "Net Income": 44
    },
    "2021-03-31": {
        "Diluted EPS": 0.98,
        "Total Revenue": 376,
        "Gross Profit": 58,
        "Operating Income": 39,
        "EBIT": 55,
        "Net Income": 28
    },
    "2020-12-31": {
        "Diluted EPS": 0.94,
        "Total Revenue": 340,
        "Gross Profit": 53,
        "Operating Income": 33,
        "EBIT": 48,
        "Net Income": 27
    },
    "2020-09-30": {
        "Diluted EPS": -0.02,
        "Total Revenue": 282,
        "Gross Profit": 16,
        "Operating Income": 0,
        "EBIT": 16,
        "Net Income": -1
    },
    "2020-06-30": {
        "Diluted EPS": 0.41,
        "Total Revenue": 233,
        "Gross Profit": 34,
        "Operating Income": 16,
        "EBIT": 32,
        "Net Income": 11
    },
    "2020-03-31": {
        "Diluted EPS": 0.31,
        "Total Revenue": 303,
        "Gross Profit": 31,
        "Operating Income": 14,
        "EBIT": 29,
        "Net Income": 9
    },
    "2019-12-31": {
        "Diluted EPS": -0.06,
        "Total Revenue": 327,
        "Gross Profit": 15,
        "Operating Income": -2,
        "EBIT": 13,
        "Net Income": -2
    },
    "2019-09-30": {
        "Diluted EPS": 0.28,
        "Total Revenue": 311,
        "Gross Profit": 31,
        "Operating Income": 11,
        "EBIT": 26,
        "Net Income": 8
    },
    "2019-06-30": {
        "Diluted EPS": 0.53,
        "Total Revenue": 345,
        "Gross Profit": 42,
        "Operating Income": 22,
        "EBIT": 36,
        "Net Income": 15
    },
    "2019-03-31": {
        "Diluted EPS": 0.68,
        "Total Revenue": 315,
        "Gross Profit": 48,
        "Operating Income": 29,
        "EBIT": 43,
        "Net Income": 20
    },
    "2018-12-31": {
        "Diluted EPS": 0.68,
        "Total Revenue": 387,
        "Gross Profit": 54,
        "Operating Income": 28,
        "EBIT": 42,
        "Net Income": 21
    },
    "2018-09-30": {
        "Diluted EPS": 0.18,
        "Total Revenue": 369,
        "Gross Profit": 25,
        "Operating Income": 7,
        "EBIT": 20,
        "Net Income": 5
    },
    "2018-06-30": {
        "Diluted EPS": 0.91,
        "Total Revenue": 400,
        "Gross Profit": 58,
        "Operating Income": 40,
        "EBIT": 53,
        "Net Income": 28
    },
    "2018-03-31": {
        "Diluted EPS": 0.37,
        "Total Revenue": 359,
        "Gross Profit": 38,
        "Operating Income": 19,
        "EBIT": 33,
        "Net Income": 12
    },
    "2017-12-31": {
        "Diluted EPS": 2.33,
        "Total Revenue": 370,
        "Gross Profit": 45,
        "Operating Income": 26,
        "EBIT": 39,
        "Net Income": 72
    },
    "2017-09-30": {
        "Diluted EPS": 0.68,
        "Total Revenue": 367,
        "Gross Profit": 57,
        "Operating Income": 38,
        "EBIT": 51,
        "Net Income": 21
    },
    "2017-06-30": {
        "Diluted EPS": 0.83,
        "Total Revenue": 361,
        "Gross Profit": 62,
        "Operating Income": 44,
        "EBIT": 56,
        "Net Income": 26
    },
    "2017-03-31": {
        "Diluted EPS": 0.88,
        "Total Revenue": 377,
        "Gross Profit": 63,
        "Operating Income": 46,
        "EBIT": 57,
        "Net Income": 27
    },
    "2016-12-31": {
        "Diluted EPS": -0.81,
        "Total Revenue": 259,
        "Gross Profit": -20,
        "Operating Income": -40,
        "EBIT": -29,
        "Net Income": -25
    },
    "2016-09-30": {
        "Diluted EPS": 0.54,
        "Total Revenue": 324,
        "Gross Profit": 39,
        "Operating Income": 27,
        "EBIT": 37,
        "Net Income": 16
    },
    "2016-06-30": {
        "Diluted EPS": 0.49,
        "Total Revenue": 308,
        "Gross Profit": 35,
        "Operating Income": 24,
        "EBIT": 34,
        "Net Income": 15
    },
    "2016-03-31": {
        "Diluted EPS": 0.9,
        "Total Revenue": 300,
        "Gross Profit": 54,
        "Operating Income": 43,
        "EBIT": 53,
        "Net Income": 27
    },
    "2015-12-31": {
        "Diluted EPS": 0.0,
        "Total Revenue": NaN,
        "Gross Profit": NaN,
        "Operating Income": NaN,
        "EBIT": NaN,
        "Net Income": NaN
    },
    "2015-09-30": {
        "Diluted EPS": 0.67,
        "Total Revenue": 336,
        "Gross Profit": 46,
        "Operating Income": 31,
        "EBIT": 39,
        "Net Income": 20
    },
    "2015-06-30": {
        "Diluted EPS": 0.0,
        "Total Revenue": 367,
        "Gross Profit": 52,
        "Operating Income": 39,
        "EBIT": 39,
        "Net Income": 25
    },
    "2014-12-31": {
        "Diluted EPS": 0.0,
        "Total Revenue": NaN,
        "Gross Profit": NaN,
        "Operating Income": NaN,
        "EBIT": NaN,
        "Net Income": NaN
    },
    "2013-12-31": {
        "Diluted EPS": 0.0,
        "Total Revenue": NaN,
        "Gross Profit": NaN,
        "Operating Income": NaN,
        "EBIT": NaN,
        "Net Income": NaN
    },
    "2023-06-30": {
        "Tax Effect Of Unusual Items": NaN,
        "Tax Rate For Calcs": NaN,
        "Normalized EBITDA": NaN,
        "Net Income From Continuing Operation Net Minority Interest": NaN,
        "Reconciled Depreciation": NaN,
        "Reconciled Cost Of Revenue": NaN,
        "EBITDA": NaN,
        "EBIT": NaN,
        "Net Interest Income": NaN,
        "Interest Expense": NaN,
        "Normalized Income": NaN,
        "Net Income From Continuing And Discontinued Operation": NaN,
        "Total Expenses": NaN,
        "Diluted Average Shares": 28113402.0,
        "Basic Average Shares": 27494555.0,
        "Diluted EPS": 1.16,
        "Basic EPS": 1.19,
        "Diluted NI Availto Com Stockholders": NaN,
        "Net Income Common Stockholders": NaN,
        "Net Income": NaN,
        "Net Income Including Noncontrolling Interests": NaN,
        "Net Income Continuous Operations": NaN,
        "Tax Provision": NaN,
        "Pretax Income": NaN,
        "Other Income Expense": NaN,
        "Other Non Operating Income Expenses": NaN,
        "Net Non Operating Interest Income Expense": NaN,
        "Interest Expense Non Operating": NaN,
        "Operating Income": NaN,
        "Operating Expense": NaN,
        "Selling General And Administration": NaN,
        "Gross Profit": NaN,
        "Cost Of Revenue": NaN,
        "Total Revenue": NaN,
        "Operating Revenue": NaN
    },
    "2023-09-30": {
        "Tax Effect Of Unusual Items": 0.0,
        "Tax Rate For Calcs": 0.207,
        "Normalized EBITDA": 10401000.0,
        "Net Income From Continuing Operation Net Minority Interest": -7977000.0,
        "Reconciled Depreciation": 18379000.0,
        "Reconciled Cost Of Revenue": 314785000.0,
        "EBITDA": 10401000.0,
        "EBIT": -7978000.0,
        "Net Interest Income": -2075000.0,
        "Interest Expense": 2075000.0,
        "Normalized Income": -7977000.0,
        "Net Income From Continuing And Discontinued Operation": -7977000.0,
        "Total Expenses": 336370000.0,
        "Diluted Average Shares": 27209521.0,
        "Basic Average Shares": 27209521.0,
        "Diluted EPS": -0.29,
        "Basic EPS": -0.29,
        "Diluted NI Availto Com Stockholders": -7977000.0,
        "Net Income Common Stockholders": -7977000.0,
        "Net Income": -7977000.0,
        "Net Income Including Noncontrolling Interests": -7977000.0,
        "Net Income Continuous Operations": -7977000.0,
        "Tax Provision": -2076000.0,
        "Pretax Income": -10053000.0,
        "Other Income Expense": 5485000.0,
        "Other Non Operating Income Expenses": 5485000.0,
        "Net Non Operating Interest Income Expense": -2075000.0,
        "Interest Expense Non Operating": 2075000.0,
        "Operating Income": -13463000.0,
        "Operating Expense": 21585000.0,
        "Selling General And Administration": 21585000.0,
        "Gross Profit": 8122000.0,
        "Cost Of Revenue": 314785000.0,
        "Total Revenue": 322907000.0,
        "Operating Revenue": 322907000.0
    },
    "2023-12-31": {
        "Tax Effect Of Unusual Items": NaN,
        "Tax Rate For Calcs": NaN,
        "Normalized EBITDA": NaN,
        "Net Income From Continuing Operation Net Minority Interest": NaN,
        "Reconciled Depreciation": NaN,
        "Reconciled Cost Of Revenue": NaN,
        "EBITDA": NaN,
        "EBIT": NaN,
        "Net Interest Income": NaN,
        "Interest Expense": NaN,
        "Normalized Income": NaN,
        "Net Income From Continuing And Discontinued Operation": NaN,
        "Total Expenses": NaN,
        "Diluted Average Shares": 26911754.0,
        "Basic Average Shares": 26911754.0,
        "Diluted EPS": -0.19,
        "Basic EPS": -0.19,
        "Diluted NI Availto Com Stockholders": NaN,
        "Net Income Common Stockholders": NaN,
        "Net Income": NaN,
        "Net Income Including Noncontrolling Interests": NaN,
        "Net Income Continuous Operations": NaN,
        "Tax Provision": NaN,
        "Pretax Income": NaN,
        "Other Income Expense": NaN,
        "Other Non Operating Income Expenses": NaN,
        "Net Non Operating Interest Income Expense": NaN,
        "Interest Expense Non Operating": NaN,
        "Operating Income": NaN,
        "Operating Expense": NaN,
        "Selling General And Administration": NaN,
        "Gross Profit": NaN,
        "Cost Of Revenue": NaN,
        "Total Revenue": NaN,
        "Operating Revenue": NaN
    },
    "2024-03-31": {
        "Tax Effect Of Unusual Items": NaN,
        "Tax Rate For Calcs": NaN,
        "Normalized EBITDA": NaN,
        "Net Income From Continuing Operation Net Minority Interest": NaN,
        "Reconciled Depreciation": NaN,
        "Reconciled Cost Of Revenue": NaN,
        "EBITDA": NaN,
        "EBIT": NaN,
        "Net Interest Income": NaN,
        "Interest Expense": NaN,
        "Normalized Income": NaN,
        "Net Income From Continuing And Discontinued Operation": NaN,
        "Total Expenses": NaN,
        "Diluted Average Shares": 26878660.0,
        "Basic Average Shares": 26878660.0,
        "Diluted EPS": -0.65,
        "Basic EPS": -0.65,
        "Diluted NI Availto Com Stockholders": NaN,
        "Net Income Common Stockholders": NaN,
        "Net Income": NaN,
        "Net Income Including Noncontrolling Interests": NaN,
        "Net Income Continuous Operations": NaN,
        "Tax Provision": NaN,
        "Pretax Income": NaN,
        "Other Income Expense": NaN,
        "Other Non Operating Income Expenses": NaN,
        "Net Non Operating Interest Income Expense": NaN,
        "Interest Expense Non Operating": NaN,
        "Operating Income": NaN,
        "Operating Expense": NaN,
        "Selling General And Administration": NaN,
        "Gross Profit": NaN,
        "Cost Of Revenue": NaN,
        "Total Revenue": NaN,
        "Operating Revenue": NaN
    },
    "2024-06-30": {
        "Tax Effect Of Unusual Items": 0.0,
        "Tax Rate For Calcs": 0.252,
        "Normalized EBITDA": 74748000.0,
        "Net Income From Continuing Operation Net Minority Interest": 38927000.0,
        "Reconciled Depreciation": 19162000.0,
        "Reconciled Cost Of Revenue": 372111000.0,
        "EBITDA": 74748000.0,
        "EBIT": 55586000.0,
        "Net Interest Income": -3514000.0,
        "Interest Expense": 3514000.0,
        "Normalized Income": 38927000.0,
        "Net Income From Continuing And Discontinued Operation": 38927000.0,
        "Total Expenses": 396542000.0,
        "Diluted Average Shares": 27150347.0,
        "Basic Average Shares": 26839429.0,
        "Diluted EPS": 1.43,
        "Basic EPS": 1.45,
        "Diluted NI Availto Com Stockholders": 38927000.0,
        "Net Income Common Stockholders": 38927000.0,
        "Net Income": 38927000.0,
        "Net Income Including Noncontrolling Interests": 38927000.0,
        "Net Income Continuous Operations": 38927000.0,
        "Tax Provision": 13145000.0,
        "Pretax Income": 52072000.0,
        "Other Income Expense": -1351000.0,
        "Other Non Operating Income Expenses": -1351000.0,
        "Net Non Operating Interest Income Expense": -3514000.0,
        "Interest Expense Non Operating": 3514000.0,
        "Operating Income": 56937000.0,
        "Operating Expense": 24431000.0,
        "Selling General And Administration": 24431000.0,
        "Gross Profit": 81368000.0,
        "Cost Of Revenue": 372111000.0,
        "Total Revenue": 453479000.0,
        "Operating Revenue": 453479000.0
    },
    "2024-09-30": {
        "Tax Effect Of Unusual Items": 0.0,
        "Tax Rate For Calcs": 0.251,
        "Normalized EBITDA": 51602000.0,
        "Net Income From Continuing Operation Net Minority Interest": 22266000.0,
        "Reconciled Depreciation": 18933000.0,
        "Reconciled Cost Of Revenue": 340885000.0,
        "EBITDA": 51602000.0,
        "EBIT": 32669000.0,
        "Net Interest Income": -2924000.0,
        "Interest Expense": 2924000.0,
        "Normalized Income": 22266000.0,
        "Net Income From Continuing And Discontinued Operation": 22266000.0,
        "Total Expenses": 365150000.0,
        "Diluted Average Shares": 27204714.0,
        "Basic Average Shares": 26790752.0,
        "Diluted EPS": 0.82,
        "Basic EPS": 0.83,
        "Diluted NI Availto Com Stockholders": 22266000.0,
        "Net Income Common Stockholders": 22266000.0,
        "Net Income": 22266000.0,
        "Net Income Including Noncontrolling Interests": 22266000.0,
        "Net Income Continuous Operations": 22266000.0,
        "Tax Provision": 7479000.0,
        "Pretax Income": 29745000.0,
        "Other Income Expense": -368000.0,
        "Other Non Operating Income Expenses": -368000.0,
        "Net Non Operating Interest Income Expense": -2924000.0,
        "Interest Expense Non Operating": 2924000.0,
        "Operating Income": 33037000.0,
        "Operating Expense": 24265000.0,
        "Selling General And Administration": 24265000.0,
        "Gross Profit": 57302000.0,
        "Cost Of Revenue": 340885000.0,
        "Total Revenue": 398187000.0,
        "Operating Revenue": 398187000.0
    },
    "2024-12-31": {
        "Tax Effect Of Unusual Items": 0.0,
        "Tax Rate For Calcs": 0.21,
        "Normalized EBITDA": 8328000.0,
        "Net Income From Continuing Operation Net Minority Interest": 352000.0,
        "Reconciled Depreciation": 18979000.0,
        "Reconciled Cost Of Revenue": 317761000.0,
        "EBITDA": 8328000.0,
        "EBIT": -10651000.0,
        "Net Interest Income": -2174000.0,
        "Interest Expense": 2174000.0,
        "Normalized Income": 352000.0,
        "Net Income From Continuing And Discontinued Operation": 352000.0,
        "Total Expenses": 339494000.0,
        "Diluted Average Shares": 27234784.0,
        "Basic Average Shares": 26805182.0,
        "Diluted EPS": 0.01,
        "Basic EPS": 0.01,
        "Diluted NI Availto Com Stockholders": 352000.0,
        "Net Income Common Stockholders": 352000.0,
        "Net Income": 352000.0,
        "Net Income Including Noncontrolling Interests": 352000.0,
        "Net Income Continuous Operations": 352000.0,
        "Tax Provision": -13177000.0,
        "Pretax Income": -12825000.0,
        "Other Income Expense": -219000.0,
        "Other Non Operating Income Expenses": -219000.0,
        "Net Non Operating Interest Income Expense": -2174000.0,
        "Interest Expense Non Operating": 2174000.0,
        "Operating Income": -10432000.0,
        "Operating Expense": 21733000.0,
        "Selling General And Administration": 21733000.0,
        "Gross Profit": 11301000.0,
        "Cost Of Revenue": 317761000.0,
        "Total Revenue": 329062000.0,
        "Operating Revenue": 329062000.0
    },
    "2025-03-31": {
        "Tax Effect Of Unusual Items": 0.0,
        "Tax Rate For Calcs": 0.193,
        "Normalized EBITDA": 49648000.0,
        "Net Income From Continuing Operation Net Minority Interest": 23344000.0,
        "Reconciled Depreciation": 19178000.0,
        "Reconciled Cost Of Revenue": 324320000.0,
        "EBITDA": 49648000.0,
        "EBIT": 30470000.0,
        "Net Interest Income": -1541000.0,
        "Interest Expense": 1541000.0,
        "Normalized Income": 23344000.0,
        "Net Income From Continuing And Discontinued Operation": 23344000.0,
        "Total Expenses": 347729000.0,
        "Diluted Average Shares": 27289144.0,
        "Basic Average Shares": 26838146.0,
        "Diluted EPS": 0.86,
        "Basic EPS": 0.87,
        "Diluted NI Availto Com Stockholders": 23344000.0,
        "Net Income Common Stockholders": 23344000.0,
        "Net Income": 23344000.0,
        "Net Income Including Noncontrolling Interests": 23344000.0,
        "Net Income Continuous Operations": 23344000.0,
        "Tax Provision": 5585000.0,
        "Pretax Income": 28929000.0,
        "Other Income Expense": 408000.0,
        "Other Non Operating Income Expenses": 408000.0,
        "Net Non Operating Interest Income Expense": -1541000.0,
        "Interest Expense Non Operating": 1541000.0,
        "Operating Income": 30062000.0,
        "Operating Expense": 23409000.0,
        "Selling General And Administration": 23409000.0,
        "Gross Profit": 53471000.0,
        "Cost Of Revenue": 324320000.0,
        "Total Revenue": 377791000.0,
        "Operating Revenue": 377791000.0
    },
    "2025-06-30": {
        "Tax Effect Of Unusual Items": 0.0,
        "Tax Rate For Calcs": 0.008815,
        "Normalized EBITDA": 53366000.0,
        "Net Income From Continuing Operation Net Minority Interest": 31371000.0,
        "Reconciled Depreciation": 19461000.0,
        "Reconciled Cost Of Revenue": 351308000.0,
        "EBITDA": 53366000.0,
        "EBIT": 33905000.0,
        "Net Interest Income": -2255000.0,
        "Interest Expense": 2255000.0,
        "Normalized Income": 31371000.0,
        "Net Income From Continuing And Discontinued Operation": 31371000.0,
        "Total Expenses": 376724000.0,
        "Diluted Average Shares": NaN,
        "Basic Average Shares": NaN,
        "Diluted EPS": NaN,
        "Basic EPS": NaN,
        "Diluted NI Availto Com Stockholders": 31371000.0,
        "Net Income Common Stockholders": 31371000.0,
        "Net Income": 31371000.0,
        "Net Income Including Noncontrolling Interests": 31371000.0,
        "Net Income Continuous Operations": 31371000.0,
        "Tax Provision": 279000.0,
        "Pretax Income": 31650000.0,
        "Other Income Expense": 607000.0,
        "Other Non Operating Income Expenses": 607000.0,
        "Net Non Operating Interest Income Expense": -2255000.0,
        "Interest Expense Non Operating": 2255000.0,
        "Operating Income": 33298000.0,
        "Operating Expense": 25416000.0,
        "Selling General And Administration": 25416000.0,
        "Gross Profit": 58714000.0,
        "Cost Of Revenue": 351308000.0,
        "Total Revenue": 410022000.0,
        "Operating Revenue": 410022000.0
    }
}