{
    "2023-03-31": {
        "Tax Effect Of Unusual Items": NaN,
        "Tax Rate For Calcs": NaN,
        "Normalized EBITDA": NaN,
        "Total Unusual Items": NaN,
        "Total Unusual Items Excluding Goodwill": NaN,
        "Net Income From Continuing Operation Net Minority Interest": NaN,
        "Reconciled Depreciation": NaN,
        "Reconciled Cost Of Revenue": NaN,
        "EBITDA": NaN,
        "EBIT": NaN,
        "Net Interest Income": NaN,
        "Interest Expense": NaN,
        "Interest Income": 2387000.0,
        "Normalized Income": NaN,
        "Net Income From Continuing And Discontinued Operation": NaN,
        "Total Expenses": NaN,
        "Total Operating Income As Reported": NaN,
        "Diluted Average Shares": NaN,
        "Basic Average Shares": NaN,
        "Diluted EPS": NaN,
        "Basic EPS": NaN,
        "Diluted NI Availto Com Stockholders": NaN,
        "Net Income Common Stockholders": NaN,
        "Net Income": NaN,
        "Net Income Including Noncontrolling Interests": NaN,
        "Net Income Continuous Operations": NaN,
        "Tax Provision": NaN,
        "Pretax Income": NaN,
        "Other Income Expense": NaN,
        "Other Non Operating Income Expenses": NaN,
        "Special Income Charges": NaN,
        "Other Special Charges": NaN,
        "Impairment Of Capital Assets": NaN,
        "Net Non Operating Interest Income Expense": NaN,
        "Interest Expense Non Operating": NaN,
        "Interest Income Non Operating": 2387000.0,
        "Operating Income": NaN,
        "Operating Expense": NaN,
        "Research And Development": NaN,
        "Selling General And Administration": NaN,
        "Selling And Marketing Expense": NaN,
        "General And Administrative Expense": NaN,
        "Other Gand A": NaN,
        "Gross Profit": NaN,
        "Cost Of Revenue": NaN,
        "Total Revenue": NaN,
        "Operating Revenue": NaN
    },
    "2022-12-31": {
        "Tax Effect Of Unusual Items": NaN,
        "Tax Rate For Calcs": NaN,
        "Normalized EBITDA": NaN,
        "Total Unusual Items": 0.0,
        "Total Unusual Items Excluding Goodwill": 0.0,
        "Net Income From Continuing Operation Net Minority Interest": NaN,
        "Reconciled Depreciation": NaN,
        "Reconciled Cost Of Revenue": NaN,
        "EBITDA": NaN,
        "EBIT": NaN,
        "Net Interest Income": NaN,
        "Interest Expense": NaN,
        "Interest Income": NaN,
        "Normalized Income": NaN,
        "Net Income From Continuing And Discontinued Operation": NaN,
        "Total Expenses": NaN,
        "Total Operating Income As Reported": NaN,
        "Diluted Average Shares": NaN,
        "Basic Average Shares": NaN,
        "Diluted EPS": NaN,
        "Basic EPS": NaN,
        "Diluted NI Availto Com Stockholders": NaN,
        "Net Income Common Stockholders": NaN,
        "Net Income": NaN,
        "Net Income Including Noncontrolling Interests": NaN,
        "Net Income Continuous Operations": NaN,
        "Tax Provision": NaN,
        "Pretax Income": NaN,
        "Other Income Expense": NaN,
        "Other Non Operating Income Expenses": NaN,
        "Special Income Charges": 0.0,
        "Impairment Of Capital Assets": NaN,
        "Net Non Operating Interest Income Expense": NaN,
        "Interest Expense Non Operating": NaN,
        "Interest Income Non Operating": NaN,
        "Operating Income": NaN,
        "Operating Expense": NaN,
        "Research And Development": NaN,
        "Selling General And Administration": NaN,
        "Selling And Marketing Expense": NaN,
        "General And Administrative Expense": NaN,
        "Other Gand A": NaN,
        "Gross Profit": NaN,
        "Cost Of Revenue": NaN,
        "Total Revenue": NaN,
        "Operating Revenue": NaN
    },
    "2022-09-30": {
        "Tax Effect Of Unusual Items": NaN,
        "Tax Rate For Calcs": NaN,
        "Normalized EBITDA": NaN,
        "Total Unusual Items": 0.0,
        "Total Unusual Items Excluding Goodwill": 0.0,
        "Net Income From Continuing Operation Net Minority Interest": NaN,
        "Reconciled Depreciation": NaN,
        "Reconciled Cost Of Revenue": NaN,
        "EBITDA": NaN,
        "EBIT": NaN,
        "Net Interest Income": NaN,
        "Interest Expense": NaN,
        "Interest Income": NaN,
        "Normalized Income": NaN,
        "Net Income From Continuing And Discontinued Operation": NaN,
        "Total Expenses": NaN,
        "Total Operating Income As Reported": NaN,
        "Diluted Average Shares": NaN,
        "Basic Average Shares": NaN,
        "Diluted EPS": NaN,
        "Basic EPS": NaN,
        "Diluted NI Availto Com Stockholders": NaN,
        "Net Income Common Stockholders": NaN,
        "Net Income": NaN,
        "Net Income Including Noncontrolling Interests": NaN,
        "Net Income Continuous Operations": NaN,
        "Tax Provision": NaN,
        "Pretax Income": NaN,
        "Other Income Expense": NaN,
        "Other Non Operating Income Expenses": NaN,
        "Special Income Charges": 0.0,
        "Impairment Of Capital Assets": NaN,
        "Net Non Operating Interest Income Expense": NaN,
        "Interest Expense Non Operating": NaN,
        "Interest Income Non Operating": NaN,
        "Operating Income": NaN,
        "Operating Expense": NaN,
        "Research And Development": NaN,
        "Selling General And Administration": NaN,
        "Selling And Marketing Expense": NaN,
        "General And Administrative Expense": NaN,
        "Other Gand A": NaN,
        "Gross Profit": NaN,
        "Cost Of Revenue": NaN,
        "Total Revenue": NaN,
        "Operating Revenue": NaN
    },
    "2022-06-30": {
        "Tax Effect Of Unusual Items": 0.0,
        "Tax Rate For Calcs": 0.0,
        "Normalized EBITDA": -22500000.0,
        "Total Unusual Items": NaN,
        "Total Unusual Items Excluding Goodwill": NaN,
        "Net Income From Continuing Operation Net Minority Interest": -24050000.0,
        "Reconciled Depreciation": 2033000.0,
        "Reconciled Cost Of Revenue": 46851000.0,
        "EBITDA": -22500000.0,
        "EBIT": -22500000.0,
        "Net Interest Income": -1404000.0,
        "Interest Expense": 1550000.0,
        "Interest Income": 146000.0,
        "Normalized Income": -24050000.0,
        "Net Income From Continuing And Discontinued Operation": -24050000.0,
        "Total Expenses": 68286000.0,
        "Total Operating Income As Reported": -22646000.0,
        "Diluted Average Shares": 35207975.0,
        "Basic Average Shares": 35207975.0,
        "Diluted EPS": -0.68,
        "Basic EPS": -0.68,
        "Diluted NI Availto Com Stockholders": -24050000.0,
        "Net Income Common Stockholders": -24050000.0,
        "Net Income": -24050000.0,
        "Net Income Including Noncontrolling Interests": -24050000.0,
        "Net Income Continuous Operations": -24050000.0,
        "Pretax Income": -24050000.0,
        "Special Income Charges": NaN,
        "Net Non Operating Interest Income Expense": -1404000.0,
        "Interest Expense Non Operating": 1550000.0,
        "Interest Income Non Operating": 146000.0,
        "Operating Income": -22646000.0,
        "Operating Expense": 21435000.0,
        "Research And Development": 4447000.0,
        "Selling General And Administration": 16988000.0,
        "Selling And Marketing Expense": 7633000.0,
        "General And Administrative Expense": 9355000.0,
        "Other Gand A": 9355000.0,
        "Gross Profit": -1211000.0,
        "Cost Of Revenue": 46851000.0,
        "Total Revenue": 45640000.0,
        "Operating Revenue": 45640000.0
    },
    "2023-06-30": {
        "Tax Effect Of Unusual Items": NaN,
        "Tax Rate For Calcs": NaN,
        "Normalized EBITDA": NaN,
        "Total Unusual Items": NaN,
        "Total Unusual Items Excluding Goodwill": NaN,
        "Net Income From Continuing Operation Net Minority Interest": NaN,
        "Reconciled Depreciation": NaN,
        "Reconciled Cost Of Revenue": NaN,
        "EBITDA": NaN,
        "EBIT": NaN,
        "Net Interest Income": NaN,
        "Interest Expense": NaN,
        "Interest Income": 1832000.0,
        "Normalized Income": NaN,
        "Net Income From Continuing And Discontinued Operation": NaN,
        "Total Expenses": NaN,
        "Total Operating Income As Reported": NaN,
        "Diluted Average Shares": NaN,
        "Basic Average Shares": NaN,
        "Diluted EPS": NaN,
        "Basic EPS": NaN,
        "Diluted NI Availto Com Stockholders": NaN,
        "Net Income Common Stockholders": NaN,
        "Net Income": NaN,
        "Net Income Including Noncontrolling Interests": NaN,
        "Net Income Continuous Operations": NaN,
        "Tax Provision": NaN,
        "Pretax Income": NaN,
        "Other Income Expense": NaN,
        "Other Non Operating Income Expenses": NaN,
        "Special Income Charges": NaN,
        "Other Special Charges": NaN,
        "Impairment Of Capital Assets": NaN,
        "Net Non Operating Interest Income Expense": NaN,
        "Interest Expense Non Operating": NaN,
        "Interest Income Non Operating": 1832000.0,
        "Operating Income": NaN,
        "Operating Expense": NaN,
        "Research And Development": NaN,
        "Selling General And Administration": NaN,
        "Selling And Marketing Expense": NaN,
        "General And Administrative Expense": NaN,
        "Other Gand A": NaN,
        "Gross Profit": NaN,
        "Cost Of Revenue": NaN,
        "Total Revenue": NaN,
        "Operating Revenue": NaN
    },
    "2022-03-31": {
        "Diluted EPS": -0.59,
        "Total Revenue": 38,
        "Gross Profit": -2,
        "Operating Income": -19,
        "EBIT": -16,
        "Net Income": -19
    },
    "2021-12-31": {
        "Diluted EPS": -0.53,
        "Total Revenue": 31,
        "Gross Profit": -2,
        "Operating Income": -16,
        "EBIT": -14,
        "Net Income": -16
    },
    "2021-09-30": {
        "Diluted EPS": -0.24,
        "Total Revenue": 30,
        "Gross Profit": 3,
        "Operating Income": -11,
        "EBIT": -9,
        "Net Income": -8
    },
    "2021-06-30": {
        "Diluted EPS": -0.23,
        "Total Revenue": 32,
        "Gross Profit": 5,
        "Operating Income": -7,
        "EBIT": -5,
        "Net Income": -7
    },
    "2021-03-31": {
        "Diluted EPS": -0.22,
        "Total Revenue": 28,
        "Gross Profit": 4,
        "Operating Income": -6,
        "EBIT": -4,
        "Net Income": -6
    },
    "2020-12-31": {
        "Diluted EPS": -0.24,
        "Total Revenue": 23,
        "Gross Profit": 4,
        "Operating Income": -6,
        "EBIT": -4,
        "Net Income": -6
    },
    "2020-09-30": {
        "Diluted EPS": -0.25,
        "Total Revenue": 24,
        "Gross Profit": 2,
        "Operating Income": -7,
        "EBIT": -4,
        "Net Income": -7
    },
    "2020-06-30": {
        "Diluted EPS": -0.21,
        "Total Revenue": 25,
        "Gross Profit": 3,
        "Operating Income": -6,
        "EBIT": -3,
        "Net Income": -6
    },
    "2020-03-31": {
        "Diluted EPS": -0.13,
        "Total Revenue": 28,
        "Gross Profit": 6,
        "Operating Income": -3,
        "EBIT": -1,
        "Net Income": -3
    },
    "2019-12-31": {
        "Diluted EPS": -0.04,
        "Total Revenue": 47,
        "Gross Profit": 11,
        "Operating Income": -1,
        "EBIT": 2,
        "Net Income": -1
    },
    "2019-09-30": {
        "Diluted EPS": -0.09,
        "Total Revenue": 35,
        "Gross Profit": 8,
        "Operating Income": -2,
        "EBIT": 0,
        "Net Income": -2
    },
    "2019-06-30": {
        "Diluted EPS": -0.22,
        "Total Revenue": 30,
        "Gross Profit": 4,
        "Operating Income": -5,
        "EBIT": -3,
        "Net Income": -5
    },
    "2019-03-31": {
        "Diluted EPS": -0.25,
        "Total Revenue": 28,
        "Gross Profit": 4,
        "Operating Income": -6,
        "EBIT": -3,
        "Net Income": -6
    },
    "2018-12-31": {
        "Diluted EPS": -0.6,
        "Total Revenue": 36,
        "Gross Profit": 6,
        "Operating Income": -14,
        "EBIT": -11,
        "Net Income": -14
    },
    "2018-09-30": {
        "Diluted EPS": -0.27,
        "Total Revenue": 24,
        "Gross Profit": 2,
        "Operating Income": -6,
        "EBIT": -4,
        "Net Income": -7
    },
    "2018-06-30": {
        "Diluted EPS": -0.29,
        "Total Revenue": 22,
        "Gross Profit": 3,
        "Operating Income": -7,
        "EBIT": -4,
        "Net Income": -7
    },
    "2018-03-31": {
        "Diluted EPS": -0.29,
        "Total Revenue": 23,
        "Gross Profit": 3,
        "Operating Income": -7,
        "EBIT": -4,
        "Net Income": -7
    },
    "2017-12-31": {
        "Diluted EPS": -0.08,
        "Total Revenue": 36,
        "Gross Profit": 8,
        "Operating Income": -2,
        "EBIT": 1,
        "Net Income": -2
    },
    "2017-09-30": {
        "Diluted EPS": -0.13,
        "Total Revenue": 27,
        "Gross Profit": 5,
        "Operating Income": -3,
        "EBIT": 0,
        "Net Income": -3
    },
    "2017-06-30": {
        "Diluted EPS": -0.23,
        "Total Revenue": 25,
        "Gross Profit": 4,
        "Operating Income": -5,
        "EBIT": -3,
        "Net Income": -5
    },
    "2017-03-31": {
        "Diluted EPS": -0.39,
        "Total Revenue": 23,
        "Gross Profit": 2,
        "Operating Income": -9,
        "EBIT": -6,
        "Net Income": -9
    },
    "2016-12-31": {
        "Diluted EPS": -0.25,
        "Total Revenue": 28,
        "Gross Profit": 4,
        "Operating Income": -6,
        "EBIT": -3,
        "Net Income": -6
    },
    "2016-09-30": {
        "Diluted EPS": -0.13,
        "Total Revenue": 30,
        "Gross Profit": 6,
        "Operating Income": -2,
        "EBIT": 0,
        "Net Income": -3
    },
    "2016-06-30": {
        "Diluted EPS": -0.06,
        "Total Revenue": 28,
        "Gross Profit": 7,
        "Operating Income": -1,
        "EBIT": 1,
        "Net Income": -1
    },
    "2016-03-31": {
        "Diluted EPS": -0.08,
        "Total Revenue": 33,
        "Gross Profit": 7,
        "Operating Income": -2,
        "EBIT": 1,
        "Net Income": -2
    },
    "2015-12-31": {
        "Diluted EPS": 0.07,
        "Total Revenue": 37,
        "Gross Profit": 10,
        "Operating Income": 2,
        "EBIT": 4,
        "Net Income": 2
    },
    "2015-09-30": {
        "Diluted EPS": -0.11,
        "Total Revenue": 32,
        "Gross Profit": 5,
        "Operating Income": -2,
        "EBIT": 0,
        "Net Income": -3
    },
    "2015-06-30": {
        "Diluted EPS": -0.12,
        "Total Revenue": 30,
        "Gross Profit": 5,
        "Operating Income": -3,
        "EBIT": 0,
        "Net Income": -3
    },
    "2015-03-31": {
        "Diluted EPS": -0.12,
        "Total Revenue": 24,
        "Gross Profit": 5,
        "Operating Income": -3,
        "EBIT": -1,
        "Net Income": -3
    },
    "2014-12-31": {
        "Diluted EPS": NaN,
        "Total Revenue": 28,
        "Gross Profit": 5,
        "Operating Income": -3,
        "EBIT": 0,
        "Net Income": -3
    },
    "2014-09-30": {
        "Diluted EPS": -0.1,
        "Total Revenue": 25,
        "Gross Profit": 5,
        "Operating Income": -2,
        "EBIT": 0,
        "Net Income": -2
    },
    "2014-06-30": {
        "Diluted EPS": -13.88,
        "Total Revenue": 27,
        "Gross Profit": 3,
        "Operating Income": -8,
        "EBIT": -6,
        "Net Income": -42
    },
    "2014-03-31": {
        "Diluted EPS": NaN,
        "Total Revenue": 22,
        "Gross Profit": 3,
        "Operating Income": -3,
        "EBIT": 0,
        "Net Income": -19
    },
    "2013-12-31": {
        "Diluted EPS": 0.0,
        "Total Revenue": NaN,
        "Gross Profit": NaN,
        "Operating Income": NaN,
        "EBIT": NaN,
        "Net Income": NaN
    },
    "2013-09-30": {
        "Diluted EPS": NaN,
        "Total Revenue": 22,
        "Gross Profit": 4,
        "Operating Income": -5,
        "EBIT": -2,
        "Net Income": -13
    },
    "2013-06-30": {
        "Diluted EPS": NaN,
        "Total Revenue": 23,
        "Gross Profit": 4,
        "Operating Income": -3,
        "EBIT": -3,
        "Net Income": -19
    },
    "2012-12-31": {
        "Diluted EPS": 0.0,
        "Total Revenue": NaN,
        "Gross Profit": NaN,
        "Operating Income": NaN,
        "EBIT": NaN,
        "Net Income": NaN
    },
    "2011-12-31": {
        "Diluted EPS": 0.0,
        "Total Revenue": NaN,
        "Gross Profit": NaN,
        "Operating Income": NaN,
        "EBIT": NaN,
        "Net Income": NaN
    },
    "2023-09-30": {
        "Tax Effect Of Unusual Items": NaN,
        "Tax Rate For Calcs": NaN,
        "Normalized EBITDA": NaN,
        "Total Unusual Items": NaN,
        "Total Unusual Items Excluding Goodwill": NaN,
        "Net Income From Continuing Operation Net Minority Interest": NaN,
        "Reconciled Depreciation": NaN,
        "Reconciled Cost Of Revenue": NaN,
        "EBITDA": NaN,
        "EBIT": NaN,
        "Net Interest Income": NaN,
        "Interest Expense": NaN,
        "Interest Income": 1313000.0,
        "Normalized Income": NaN,
        "Net Income From Continuing And Discontinued Operation": NaN,
        "Total Expenses": NaN,
        "Total Operating Income As Reported": NaN,
        "Diluted Average Shares": NaN,
        "Basic Average Shares": NaN,
        "Diluted EPS": NaN,
        "Basic EPS": NaN,
        "Diluted NI Availto Com Stockholders": NaN,
        "Net Income Common Stockholders": NaN,
        "Net Income": NaN,
        "Net Income Including Noncontrolling Interests": NaN,
        "Net Income Continuous Operations": NaN,
        "Tax Provision": NaN,
        "Pretax Income": NaN,
        "Other Income Expense": NaN,
        "Other Non Operating Income Expenses": 2186000.0,
        "Special Income Charges": NaN,
        "Other Special Charges": NaN,
        "Impairment Of Capital Assets": NaN,
        "Restructuring And Mergern Acquisition": NaN,
        "Net Non Operating Interest Income Expense": NaN,
        "Interest Expense Non Operating": NaN,
        "Interest Income Non Operating": 1313000.0,
        "Operating Income": NaN,
        "Operating Expense": NaN,
        "Research And Development": NaN,
        "Selling General And Administration": NaN,
        "Selling And Marketing Expense": NaN,
        "General And Administrative Expense": NaN,
        "Other Gand A": NaN,
        "Gross Profit": NaN,
        "Cost Of Revenue": NaN,
        "Total Revenue": NaN,
        "Operating Revenue": NaN
    },
    "2023-12-31": {
        "Tax Effect Of Unusual Items": NaN,
        "Tax Rate For Calcs": NaN,
        "Normalized EBITDA": NaN,
        "Total Unusual Items": NaN,
        "Total Unusual Items Excluding Goodwill": NaN,
        "Net Income From Continuing Operation Net Minority Interest": NaN,
        "Reconciled Depreciation": NaN,
        "Reconciled Cost Of Revenue": NaN,
        "EBITDA": NaN,
        "EBIT": NaN,
        "Net Interest Income": NaN,
        "Interest Expense": NaN,
        "Interest Income": 1002000.0,
        "Normalized Income": NaN,
        "Net Income From Continuing And Discontinued Operation": NaN,
        "Total Expenses": NaN,
        "Total Operating Income As Reported": NaN,
        "Diluted Average Shares": NaN,
        "Basic Average Shares": NaN,
        "Diluted EPS": NaN,
        "Basic EPS": NaN,
        "Diluted NI Availto Com Stockholders": NaN,
        "Net Income Common Stockholders": NaN,
        "Net Income": NaN,
        "Net Income Including Noncontrolling Interests": NaN,
        "Net Income Continuous Operations": NaN,
        "Tax Provision": NaN,
        "Pretax Income": NaN,
        "Other Income Expense": NaN,
        "Other Non Operating Income Expenses": 0.0,
        "Special Income Charges": NaN,
        "Other Special Charges": NaN,
        "Impairment Of Capital Assets": NaN,
        "Restructuring And Mergern Acquisition": NaN,
        "Net Non Operating Interest Income Expense": NaN,
        "Interest Expense Non Operating": NaN,
        "Interest Income Non Operating": 1002000.0,
        "Operating Income": NaN,
        "Operating Expense": NaN,
        "Research And Development": NaN,
        "Selling General And Administration": NaN,
        "Selling And Marketing Expense": NaN,
        "General And Administrative Expense": NaN,
        "Other Gand A": NaN,
        "Gross Profit": NaN,
        "Cost Of Revenue": NaN,
        "Total Revenue": NaN,
        "Operating Revenue": NaN
    },
    "2024-03-31": {
        "Tax Effect Of Unusual Items": NaN,
        "Tax Rate For Calcs": NaN,
        "Normalized EBITDA": NaN,
        "Total Unusual Items": NaN,
        "Total Unusual Items Excluding Goodwill": NaN,
        "Net Income From Continuing Operation Net Minority Interest": NaN,
        "Reconciled Depreciation": NaN,
        "Reconciled Cost Of Revenue": NaN,
        "EBITDA": NaN,
        "EBIT": NaN,
        "Net Interest Income": NaN,
        "Interest Expense": NaN,
        "Interest Income": NaN,
        "Normalized Income": NaN,
        "Net Income From Continuing And Discontinued Operation": NaN,
        "Total Expenses": NaN,
        "Total Operating Income As Reported": NaN,
        "Diluted Average Shares": NaN,
        "Basic Average Shares": NaN,
        "Diluted EPS": NaN,
        "Basic EPS": NaN,
        "Diluted NI Availto Com Stockholders": NaN,
        "Net Income Common Stockholders": NaN,
        "Net Income": NaN,
        "Net Income Including Noncontrolling Interests": NaN,
        "Net Income Continuous Operations": NaN,
        "Tax Provision": NaN,
        "Pretax Income": NaN,
        "Other Income Expense": NaN,
        "Other Non Operating Income Expenses": NaN,
        "Special Income Charges": NaN,
        "Other Special Charges": NaN,
        "Impairment Of Capital Assets": NaN,
        "Restructuring And Mergern Acquisition": 0.0,
        "Net Non Operating Interest Income Expense": NaN,
        "Interest Expense Non Operating": NaN,
        "Interest Income Non Operating": NaN,
        "Operating Income": NaN,
        "Operating Expense": NaN,
        "Research And Development": NaN,
        "Selling General And Administration": NaN,
        "Selling And Marketing Expense": NaN,
        "General And Administrative Expense": NaN,
        "Other Gand A": NaN,
        "Gross Profit": NaN,
        "Cost Of Revenue": NaN,
        "Total Revenue": NaN,
        "Operating Revenue": NaN
    },
    "2024-06-30": {
        "Tax Effect Of Unusual Items": NaN,
        "Tax Rate For Calcs": NaN,
        "Normalized EBITDA": NaN,
        "Total Unusual Items": NaN,
        "Total Unusual Items Excluding Goodwill": NaN,
        "Net Income From Continuing Operation Net Minority Interest": NaN,
        "Reconciled Depreciation": NaN,
        "Reconciled Cost Of Revenue": NaN,
        "EBITDA": NaN,
        "EBIT": NaN,
        "Net Interest Income": NaN,
        "Interest Expense": NaN,
        "Interest Income": 741000.0,
        "Normalized Income": NaN,
        "Net Income From Continuing And Discontinued Operation": NaN,
        "Total Expenses": NaN,
        "Total Operating Income As Reported": NaN,
        "Diluted Average Shares": NaN,
        "Basic Average Shares": NaN,
        "Diluted EPS": NaN,
        "Basic EPS": NaN,
        "Diluted NI Availto Com Stockholders": NaN,
        "Net Income Common Stockholders": NaN,
        "Net Income": NaN,
        "Net Income Including Noncontrolling Interests": NaN,
        "Net Income Continuous Operations": NaN,
        "Tax Provision": NaN,
        "Pretax Income": NaN,
        "Other Income Expense": NaN,
        "Other Non Operating Income Expenses": NaN,
        "Special Income Charges": NaN,
        "Other Special Charges": NaN,
        "Impairment Of Capital Assets": NaN,
        "Restructuring And Mergern Acquisition": 0.0,
        "Net Non Operating Interest Income Expense": NaN,
        "Interest Expense Non Operating": NaN,
        "Interest Income Non Operating": 741000.0,
        "Operating Income": NaN,
        "Operating Expense": NaN,
        "Research And Development": NaN,
        "Selling General And Administration": NaN,
        "Selling And Marketing Expense": NaN,
        "General And Administrative Expense": NaN,
        "Other Gand A": NaN,
        "Gross Profit": NaN,
        "Cost Of Revenue": NaN,
        "Total Revenue": NaN,
        "Operating Revenue": NaN
    },
    "2024-09-30": {
        "Tax Effect Of Unusual Items": -5772270.0,
        "Tax Rate For Calcs": 0.21,
        "Normalized EBITDA": 22721000.0,
        "Total Unusual Items": -27487000.0,
        "Total Unusual Items Excluding Goodwill": -27487000.0,
        "Net Income From Continuing Operation Net Minority Interest": -12970000.0,
        "Reconciled Depreciation": 5321000.0,
        "Reconciled Cost Of Revenue": 68297000.0,
        "EBITDA": -4766000.0,
        "EBIT": -10087000.0,
        "Net Interest Income": -2616000.0,
        "Interest Expense": 2616000.0,
        "Interest Income": NaN,
        "Normalized Income": 8744730.0,
        "Net Income From Continuing And Discontinued Operation": -12970000.0,
        "Total Expenses": 99940000.0,
        "Total Operating Income As Reported": 17400000.0,
        "Diluted Average Shares": 76261294.0,
        "Basic Average Shares": 76261294.0,
        "Diluted EPS": -0.17,
        "Basic EPS": -0.17,
        "Diluted NI Availto Com Stockholders": -12970000.0,
        "Net Income Common Stockholders": -12970000.0,
        "Net Income": -12970000.0,
        "Net Income Including Noncontrolling Interests": -12970000.0,
        "Net Income Continuous Operations": -12970000.0,
        "Tax Provision": 267000.0,
        "Pretax Income": -12703000.0,
        "Other Income Expense": -27487000.0,
        "Other Non Operating Income Expenses": NaN,
        "Special Income Charges": -27487000.0,
        "Other Special Charges": 27487000.0,
        "Impairment Of Capital Assets": 0.0,
        "Restructuring And Mergern Acquisition": NaN,
        "Net Non Operating Interest Income Expense": -2616000.0,
        "Interest Expense Non Operating": 2616000.0,
        "Interest Income Non Operating": NaN,
        "Operating Income": 17400000.0,
        "Operating Expense": 31643000.0,
        "Research And Development": 4591000.0,
        "Selling General And Administration": 27052000.0,
        "Selling And Marketing Expense": 9306000.0,
        "General And Administrative Expense": 17746000.0,
        "Other Gand A": 17746000.0,
        "Gross Profit": 49043000.0,
        "Cost Of Revenue": 68297000.0,
        "Total Revenue": 117340000.0,
        "Operating Revenue": 117340000.0
    },
    "2024-12-31": {
        "Tax Effect Of Unusual Items": -169680.0,
        "Tax Rate For Calcs": 0.21,
        "Normalized EBITDA": 20954000.0,
        "Total Unusual Items": -808000.0,
        "Total Unusual Items Excluding Goodwill": -808000.0,
        "Net Income From Continuing Operation Net Minority Interest": 11362000.0,
        "Reconciled Depreciation": 5433000.0,
        "Reconciled Cost Of Revenue": 75955000.0,
        "EBITDA": 20146000.0,
        "EBIT": 14713000.0,
        "Net Interest Income": -3526000.0,
        "Interest Expense": 3526000.0,
        "Interest Income": NaN,
        "Normalized Income": 12000320.0,
        "Net Income From Continuing And Discontinued Operation": 11362000.0,
        "Total Expenses": 107567000.0,
        "Total Operating Income As Reported": 14713000.0,
        "Diluted Average Shares": 82998580.0,
        "Basic Average Shares": 80909486.0,
        "Diluted EPS": 0.14,
        "Basic EPS": 0.14,
        "Diluted NI Availto Com Stockholders": 11362000.0,
        "Net Income Common Stockholders": 11362000.0,
        "Net Income": 11362000.0,
        "Net Income Including Noncontrolling Interests": 11362000.0,
        "Net Income Continuous Operations": 11362000.0,
        "Tax Provision": -175000.0,
        "Pretax Income": 11187000.0,
        "Other Income Expense": -808000.0,
        "Other Non Operating Income Expenses": NaN,
        "Special Income Charges": -808000.0,
        "Other Special Charges": 0.0,
        "Impairment Of Capital Assets": 808000.0,
        "Restructuring And Mergern Acquisition": NaN,
        "Net Non Operating Interest Income Expense": -3526000.0,
        "Interest Expense Non Operating": 3526000.0,
        "Interest Income Non Operating": NaN,
        "Operating Income": 15521000.0,
        "Operating Expense": 31612000.0,
        "Research And Development": 4405000.0,
        "Selling General And Administration": 27207000.0,
        "Selling And Marketing Expense": 8547000.0,
        "General And Administrative Expense": 18660000.0,
        "Other Gand A": 18660000.0,
        "Gross Profit": 47133000.0,
        "Cost Of Revenue": 75955000.0,
        "Total Revenue": 123088000.0,
        "Operating Revenue": 123088000.0
    },
    "2025-03-31": {
        "Tax Effect Of Unusual Items": -62244420.0,
        "Tax Rate For Calcs": 0.21,
        "Normalized EBITDA": 3984000.0,
        "Total Unusual Items": -296402000.0,
        "Total Unusual Items Excluding Goodwill": -296402000.0,
        "Net Income From Continuing Operation Net Minority Interest": -301249000.0,
        "Reconciled Depreciation": 5793000.0,
        "Reconciled Cost Of Revenue": 55911000.0,
        "EBITDA": -292418000.0,
        "EBIT": -298211000.0,
        "Net Interest Income": -1962000.0,
        "Interest Expense": 1962000.0,
        "Interest Income": NaN,
        "Normalized Income": -67091420.0,
        "Net Income From Continuing And Discontinued Operation": -301249000.0,
        "Total Expenses": 81662000.0,
        "Total Operating Income As Reported": -299341000.0,
        "Diluted Average Shares": 82065676.0,
        "Basic Average Shares": 82065676.0,
        "Diluted EPS": -3.67,
        "Basic EPS": -3.67,
        "Diluted NI Availto Com Stockholders": -301249000.0,
        "Net Income Common Stockholders": -301249000.0,
        "Net Income": -301249000.0,
        "Net Income Including Noncontrolling Interests": -301249000.0,
        "Net Income Continuous Operations": -301249000.0,
        "Tax Provision": 1076000.0,
        "Pretax Income": -300173000.0,
        "Other Income Expense": -295272000.0,
        "Other Non Operating Income Expenses": 1130000.0,
        "Special Income Charges": -296402000.0,
        "Other Special Charges": NaN,
        "Impairment Of Capital Assets": 286612000.0,
        "Restructuring And Mergern Acquisition": 9790000.0,
        "Net Non Operating Interest Income Expense": -1962000.0,
        "Interest Expense Non Operating": 1962000.0,
        "Interest Income Non Operating": NaN,
        "Operating Income": -2939000.0,
        "Operating Expense": 25751000.0,
        "Research And Development": 4333000.0,
        "Selling General And Administration": 21418000.0,
        "Selling And Marketing Expense": 8384000.0,
        "General And Administrative Expense": 13034000.0,
        "Other Gand A": 13034000.0,
        "Gross Profit": 22812000.0,
        "Cost Of Revenue": 55911000.0,
        "Total Revenue": 78723000.0,
        "Operating Revenue": 78723000.0
    },
    "2025-06-30": {
        "Tax Effect Of Unusual Items": -1237530.0,
        "Tax Rate For Calcs": 0.21,
        "Normalized EBITDA": 6534000.0,
        "Total Unusual Items": -5893000.0,
        "Total Unusual Items Excluding Goodwill": -5893000.0,
        "Net Income From Continuing Operation Net Minority Interest": -9056000.0,
        "Reconciled Depreciation": 5796000.0,
        "Reconciled Cost Of Revenue": 52708000.0,
        "EBITDA": 641000.0,
        "EBIT": -5155000.0,
        "Net Interest Income": -3080000.0,
        "Interest Expense": 3080000.0,
        "Interest Income": NaN,
        "Normalized Income": -4400530.0,
        "Net Income From Continuing And Discontinued Operation": -9056000.0,
        "Total Expenses": 77286000.0,
        "Total Operating Income As Reported": -5155000.0,
        "Diluted Average Shares": 82179136.0,
        "Basic Average Shares": 82179136.0,
        "Diluted EPS": -0.11,
        "Basic EPS": -0.11,
        "Diluted NI Availto Com Stockholders": -9056000.0,
        "Net Income Common Stockholders": -9056000.0,
        "Net Income": -9056000.0,
        "Net Income Including Noncontrolling Interests": -9056000.0,
        "Net Income Continuous Operations": -9056000.0,
        "Tax Provision": 821000.0,
        "Pretax Income": -8235000.0,
        "Other Income Expense": -5893000.0,
        "Other Non Operating Income Expenses": NaN,
        "Special Income Charges": -5893000.0,
        "Other Special Charges": NaN,
        "Impairment Of Capital Assets": 955000.0,
        "Restructuring And Mergern Acquisition": 4938000.0,
        "Net Non Operating Interest Income Expense": -3080000.0,
        "Interest Expense Non Operating": 3080000.0,
        "Interest Income Non Operating": NaN,
        "Operating Income": 738000.0,
        "Operating Expense": 24578000.0,
        "Research And Development": 3794000.0,
        "Selling General And Administration": 20784000.0,
        "Selling And Marketing Expense": 6948000.0,
        "General And Administrative Expense": 13836000.0,
        "Other Gand A": 13836000.0,
        "Gross Profit": 25316000.0,
        "Cost Of Revenue": 52708000.0,
        "Total Revenue": 78024000.0,
        "Operating Revenue": 78024000.0
    },
    "2025-09-30": {
        "Tax Effect Of Unusual Items": -329280.0,
        "Tax Rate For Calcs": 0.21,
        "Normalized EBITDA": 4193000.0,
        "Total Unusual Items": -1568000.0,
        "Total Unusual Items Excluding Goodwill": -1568000.0,
        "Net Income From Continuing Operation Net Minority Interest": -6334000.0,
        "Reconciled Depreciation": 5392000.0,
        "Reconciled Cost Of Revenue": 52218000.0,
        "EBITDA": 2625000.0,
        "EBIT": -2767000.0,
        "Net Interest Income": -2973000.0,
        "Interest Expense": 2973000.0,
        "Interest Income": NaN,
        "Normalized Income": -5095280.0,
        "Net Income From Continuing And Discontinued Operation": -6334000.0,
        "Total Expenses": 74797000.0,
        "Total Operating Income As Reported": -3348000.0,
        "Diluted Average Shares": 82399599.0,
        "Basic Average Shares": 82399599.0,
        "Diluted EPS": -0.08,
        "Basic EPS": -0.08,
        "Diluted NI Availto Com Stockholders": -6334000.0,
        "Net Income Common Stockholders": -6334000.0,
        "Net Income": -6334000.0,
        "Net Income Including Noncontrolling Interests": -6334000.0,
        "Net Income Continuous Operations": -6334000.0,
        "Tax Provision": 594000.0,
        "Pretax Income": -5740000.0,
        "Other Income Expense": -987000.0,
        "Other Non Operating Income Expenses": 581000.0,
        "Special Income Charges": -1568000.0,
        "Other Special Charges": NaN,
        "Impairment Of Capital Assets": 0.0,
        "Restructuring And Mergern Acquisition": 1568000.0,
        "Net Non Operating Interest Income Expense": -2973000.0,
        "Interest Expense Non Operating": 2973000.0,
        "Interest Income Non Operating": NaN,
        "Operating Income": -1780000.0,
        "Operating Expense": 22579000.0,
        "Research And Development": 2494000.0,
        "Selling General And Administration": 20085000.0,
        "Selling And Marketing Expense": 6553000.0,
        "General And Administrative Expense": 13532000.0,
        "Other Gand A": 13532000.0,
        "Gross Profit": 20799000.0,
        "Cost Of Revenue": 52218000.0,
        "Total Revenue": 73017000.0,
        "Operating Revenue": 73017000.0
    }
}