{
    "2023-06-30": {
        "Tax Effect Of Unusual Items": NaN,
        "Tax Rate For Calcs": NaN,
        "Normalized EBITDA": NaN,
        "Total Unusual Items": NaN,
        "Total Unusual Items Excluding Goodwill": NaN,
        "Net Income From Continuing Operation Net Minority Interest": NaN,
        "Reconciled Depreciation": NaN,
        "Reconciled Cost Of Revenue": NaN,
        "EBITDA": NaN,
        "EBIT": NaN,
        "Net Interest Income": NaN,
        "Interest Expense": NaN,
        "Interest Income": NaN,
        "Normalized Income": NaN,
        "Net Income From Continuing And Discontinued Operation": NaN,
        "Total Expenses": NaN,
        "Rent Expense Supplemental": NaN,
        "Total Operating Income As Reported": NaN,
        "Diluted Average Shares": 20840000.0,
        "Basic Average Shares": 20840000.0,
        "Diluted EPS": -0.9,
        "Basic EPS": -0.9,
        "Diluted NI Availto Com Stockholders": NaN,
        "Net Income Common Stockholders": NaN,
        "Net Income": NaN,
        "Minority Interests": NaN,
        "Net Income Including Noncontrolling Interests": NaN,
        "Net Income Continuous Operations": NaN,
        "Tax Provision": NaN,
        "Pretax Income": NaN,
        "Other Income Expense": NaN,
        "Other Non Operating Income Expenses": NaN,
        "Special Income Charges": NaN,
        "Other Special Charges": 101000.0,
        "Gain On Sale Of Security": -1774000.0,
        "Net Non Operating Interest Income Expense": NaN,
        "Interest Expense Non Operating": NaN,
        "Interest Income Non Operating": NaN,
        "Operating Income": NaN,
        "Operating Expense": NaN,
        "Depreciation Amortization Depletion Income Statement": NaN,
        "Depreciation And Amortization In Income Statement": NaN,
        "Amortization": NaN,
        "Amortization Of Intangibles Income Statement": NaN,
        "Depreciation Income Statement": NaN,
        "Selling General And Administration": NaN,
        "Selling And Marketing Expense": NaN,
        "General And Administrative Expense": NaN,
        "Other Gand A": NaN,
        "Rent And Landing Fees": NaN,
        "Salaries And Wages": NaN,
        "Gross Profit": NaN,
        "Cost Of Revenue": NaN,
        "Total Revenue": NaN,
        "Operating Revenue": NaN
    },
    "2023-03-31": {
        "Tax Effect Of Unusual Items": NaN,
        "Tax Rate For Calcs": NaN,
        "Normalized EBITDA": NaN,
        "Total Unusual Items": NaN,
        "Total Unusual Items Excluding Goodwill": NaN,
        "Net Income From Continuing Operation Net Minority Interest": NaN,
        "Reconciled Depreciation": NaN,
        "Reconciled Cost Of Revenue": NaN,
        "EBITDA": NaN,
        "EBIT": NaN,
        "Net Interest Income": NaN,
        "Interest Expense": NaN,
        "Interest Income": NaN,
        "Normalized Income": NaN,
        "Net Income From Continuing And Discontinued Operation": NaN,
        "Total Expenses": NaN,
        "Rent Expense Supplemental": NaN,
        "Total Operating Income As Reported": NaN,
        "Diluted Average Shares": NaN,
        "Basic Average Shares": NaN,
        "Diluted EPS": NaN,
        "Basic EPS": NaN,
        "Diluted NI Availto Com Stockholders": NaN,
        "Net Income Common Stockholders": NaN,
        "Net Income": NaN,
        "Minority Interests": NaN,
        "Net Income Including Noncontrolling Interests": NaN,
        "Net Income Continuous Operations": NaN,
        "Tax Provision": NaN,
        "Pretax Income": NaN,
        "Other Income Expense": NaN,
        "Other Non Operating Income Expenses": NaN,
        "Special Income Charges": NaN,
        "Other Special Charges": 3242000.0,
        "Gain On Sale Of Security": 694000.0,
        "Net Non Operating Interest Income Expense": NaN,
        "Interest Expense Non Operating": NaN,
        "Interest Income Non Operating": NaN,
        "Operating Income": NaN,
        "Operating Expense": NaN,
        "Depreciation Amortization Depletion Income Statement": NaN,
        "Depreciation And Amortization In Income Statement": NaN,
        "Amortization": NaN,
        "Amortization Of Intangibles Income Statement": NaN,
        "Depreciation Income Statement": NaN,
        "Selling General And Administration": NaN,
        "Selling And Marketing Expense": NaN,
        "General And Administrative Expense": NaN,
        "Other Gand A": NaN,
        "Rent And Landing Fees": NaN,
        "Salaries And Wages": NaN,
        "Gross Profit": NaN,
        "Cost Of Revenue": NaN,
        "Total Revenue": NaN,
        "Operating Revenue": NaN
    },
    "2022-12-31": {
        "Tax Effect Of Unusual Items": NaN,
        "Tax Rate For Calcs": NaN,
        "Normalized EBITDA": NaN,
        "Total Unusual Items": NaN,
        "Total Unusual Items Excluding Goodwill": NaN,
        "Net Income From Continuing Operation Net Minority Interest": NaN,
        "Reconciled Depreciation": NaN,
        "Reconciled Cost Of Revenue": NaN,
        "EBITDA": NaN,
        "EBIT": NaN,
        "Net Interest Income": NaN,
        "Interest Expense": NaN,
        "Interest Income": NaN,
        "Normalized Income": NaN,
        "Net Income From Continuing And Discontinued Operation": NaN,
        "Total Expenses": NaN,
        "Rent Expense Supplemental": NaN,
        "Total Operating Income As Reported": NaN,
        "Diluted Average Shares": 16095000.0,
        "Basic Average Shares": 16095000.0,
        "Diluted EPS": -0.7,
        "Basic EPS": -0.7,
        "Diluted NI Availto Com Stockholders": NaN,
        "Net Income Common Stockholders": NaN,
        "Net Income": NaN,
        "Minority Interests": NaN,
        "Net Income Including Noncontrolling Interests": NaN,
        "Net Income Continuous Operations": NaN,
        "Tax Provision": NaN,
        "Pretax Income": NaN,
        "Other Income Expense": NaN,
        "Other Non Operating Income Expenses": NaN,
        "Special Income Charges": NaN,
        "Other Special Charges": NaN,
        "Gain On Sale Of Security": NaN,
        "Net Non Operating Interest Income Expense": NaN,
        "Interest Expense Non Operating": NaN,
        "Interest Income Non Operating": NaN,
        "Operating Income": NaN,
        "Operating Expense": NaN,
        "Depreciation Amortization Depletion Income Statement": NaN,
        "Depreciation And Amortization In Income Statement": NaN,
        "Amortization": NaN,
        "Amortization Of Intangibles Income Statement": NaN,
        "Depreciation Income Statement": NaN,
        "Selling General And Administration": NaN,
        "Selling And Marketing Expense": NaN,
        "General And Administrative Expense": NaN,
        "Other Gand A": NaN,
        "Rent And Landing Fees": NaN,
        "Salaries And Wages": NaN,
        "Gross Profit": NaN,
        "Cost Of Revenue": NaN,
        "Total Revenue": NaN,
        "Operating Revenue": NaN
    },
    "2022-09-30": {
        "Tax Effect Of Unusual Items": 0.0,
        "Tax Rate For Calcs": 0.01363,
        "Normalized EBITDA": -7460000.0,
        "Total Unusual Items": NaN,
        "Total Unusual Items Excluding Goodwill": NaN,
        "Net Income From Continuing Operation Net Minority Interest": -14389000.0,
        "Reconciled Depreciation": 2644000.0,
        "Reconciled Cost Of Revenue": 33308000.0,
        "EBITDA": -7460000.0,
        "EBIT": -10104000.0,
        "Net Interest Income": -4137000.0,
        "Interest Expense": 4349000.0,
        "Interest Income": 212000.0,
        "Normalized Income": -14389000.0,
        "Net Income From Continuing And Discontinued Operation": -14389000.0,
        "Total Expenses": 48943000.0,
        "Rent Expense Supplemental": 1008000.0,
        "Total Operating Income As Reported": -10563000.0,
        "Diluted Average Shares": 16087000.0,
        "Basic Average Shares": 16087000.0,
        "Diluted EPS": -0.89,
        "Basic EPS": -0.89,
        "Diluted NI Availto Com Stockholders": -14389000.0,
        "Net Income Common Stockholders": -14389000.0,
        "Net Income": -14389000.0,
        "Minority Interests": -133000.0,
        "Net Income Including Noncontrolling Interests": -14256000.0,
        "Net Income Continuous Operations": -14256000.0,
        "Tax Provision": -197000.0,
        "Pretax Income": -14453000.0,
        "Other Income Expense": 247000.0,
        "Other Non Operating Income Expenses": 247000.0,
        "Special Income Charges": NaN,
        "Gain On Sale Of Business": NaN,
        "Other Special Charges": NaN,
        "Gain On Sale Of Security": NaN,
        "Net Non Operating Interest Income Expense": -4137000.0,
        "Interest Expense Non Operating": 4349000.0,
        "Interest Income Non Operating": 212000.0,
        "Operating Income": -10563000.0,
        "Operating Expense": 14556000.0,
        "Depreciation Amortization Depletion Income Statement": 1565000.0,
        "Depreciation And Amortization In Income Statement": 1565000.0,
        "Amortization": 1281000.0,
        "Amortization Of Intangibles Income Statement": 1281000.0,
        "Depreciation Income Statement": 284000.0,
        "Selling General And Administration": 12991000.0,
        "Selling And Marketing Expense": 774000.0,
        "General And Administrative Expense": 12217000.0,
        "Other Gand A": 3821000.0,
        "Rent And Landing Fees": 1008000.0,
        "Salaries And Wages": 7388000.0,
        "Gross Profit": 3993000.0,
        "Cost Of Revenue": 34387000.0,
        "Total Revenue": 38380000.0,
        "Operating Revenue": 36423000.0
    },
    "2022-06-30": {
        "Tax Effect Of Unusual Items": 0.0,
        "Tax Rate For Calcs": 0.4,
        "Normalized EBITDA": -7493000.0,
        "Total Unusual Items": NaN,
        "Total Unusual Items Excluding Goodwill": NaN,
        "Net Income From Continuing Operation Net Minority Interest": -15495000.0,
        "Reconciled Depreciation": 2773000.0,
        "Reconciled Cost Of Revenue": 35140000.0,
        "EBITDA": -7493000.0,
        "EBIT": -10266000.0,
        "Net Interest Income": -3473000.0,
        "Interest Expense": 3534000.0,
        "Interest Income": 61000.0,
        "Normalized Income": -15495000.0,
        "Net Income From Continuing And Discontinued Operation": -15495000.0,
        "Total Expenses": 50880000.0,
        "Rent Expense Supplemental": 1417000.0,
        "Total Operating Income As Reported": -10459000.0,
        "Diluted Average Shares": 16083000.0,
        "Basic Average Shares": 16083000.0,
        "Diluted EPS": -0.96,
        "Basic EPS": -0.96,
        "Diluted NI Availto Com Stockholders": -15495000.0,
        "Net Income Common Stockholders": -15495000.0,
        "Net Income": -15495000.0,
        "Minority Interests": -174000.0,
        "Net Income Including Noncontrolling Interests": -15321000.0,
        "Net Income Continuous Operations": -15321000.0,
        "Tax Provision": 1521000.0,
        "Pretax Income": -13800000.0,
        "Other Income Expense": 132000.0,
        "Other Non Operating Income Expenses": 132000.0,
        "Special Income Charges": NaN,
        "Gain On Sale Of Business": NaN,
        "Other Special Charges": NaN,
        "Gain On Sale Of Security": NaN,
        "Net Non Operating Interest Income Expense": -3473000.0,
        "Interest Expense Non Operating": 3534000.0,
        "Interest Income Non Operating": 61000.0,
        "Operating Income": -10459000.0,
        "Operating Expense": 14525000.0,
        "Depreciation Amortization Depletion Income Statement": 1558000.0,
        "Depreciation And Amortization In Income Statement": 1558000.0,
        "Amortization": 1284000.0,
        "Amortization Of Intangibles Income Statement": 1284000.0,
        "Depreciation Income Statement": 274000.0,
        "Selling General And Administration": 12967000.0,
        "Selling And Marketing Expense": 785000.0,
        "General And Administrative Expense": 12182000.0,
        "Other Gand A": 4469000.0,
        "Rent And Landing Fees": 1417000.0,
        "Salaries And Wages": 6296000.0,
        "Gross Profit": 4066000.0,
        "Cost Of Revenue": 36355000.0,
        "Total Revenue": 40421000.0,
        "Operating Revenue": 37812000.0
    },
    "2022-03-31": {
        "Diluted EPS": -0.76,
        "Total Revenue": 40,
        "Gross Profit": 6,
        "Operating Income": -8,
        "EBIT": -4,
        "Net Income": -12
    },
    "2021-12-31": {
        "Diluted EPS": 4.46,
        "Total Revenue": 39,
        "Gross Profit": 2,
        "Operating Income": 76,
        "EBIT": 81,
        "Net Income": 71
    },
    "2021-09-30": {
        "Diluted EPS": -1.15,
        "Total Revenue": 43,
        "Gross Profit": 3,
        "Operating Income": -14,
        "EBIT": -8,
        "Net Income": -18
    },
    "2021-06-30": {
        "Diluted EPS": -1.17,
        "Total Revenue": 46,
        "Gross Profit": 2,
        "Operating Income": -15,
        "EBIT": -8,
        "Net Income": -18
    },
    "2021-03-31": {
        "Diluted EPS": -1.4,
        "Total Revenue": 50,
        "Gross Profit": 0,
        "Operating Income": -19,
        "EBIT": -12,
        "Net Income": -22
    },
    "2020-12-31": {
        "Diluted EPS": -0.46,
        "Total Revenue": 60,
        "Gross Profit": 5,
        "Operating Income": -16,
        "EBIT": -6,
        "Net Income": -7
    },
    "2020-09-30": {
        "Diluted EPS": -0.85,
        "Total Revenue": 89,
        "Gross Profit": 16,
        "Operating Income": -7,
        "EBIT": 4,
        "Net Income": -13
    },
    "2020-06-30": {
        "Diluted EPS": -2.25,
        "Total Revenue": 95,
        "Gross Profit": 13,
        "Operating Income": -18,
        "EBIT": -8,
        "Net Income": -35
    },
    "2020-03-31": {
        "Diluted EPS": -0.75,
        "Total Revenue": 121,
        "Gross Profit": 27,
        "Operating Income": -4,
        "EBIT": 7,
        "Net Income": -12
    },
    "2019-12-31": {
        "Diluted EPS": -19.14,
        "Total Revenue": 141,
        "Gross Profit": 35,
        "Operating Income": -6,
        "EBIT": 10,
        "Net Income": -306
    },
    "2019-09-30": {
        "Diluted EPS": 0.44,
        "Total Revenue": 141,
        "Gross Profit": 31,
        "Operating Income": 20,
        "EBIT": 29,
        "Net Income": 7
    },
    "2019-06-30": {
        "Diluted EPS": -0.36,
        "Total Revenue": 197,
        "Gross Profit": 44,
        "Operating Income": 5,
        "EBIT": 17,
        "Net Income": -6
    },
    "2019-03-31": {
        "Diluted EPS": -0.2,
        "Total Revenue": 170,
        "Gross Profit": 46,
        "Operating Income": -1,
        "EBIT": 18,
        "Net Income": -3
    },
    "2018-12-31": {
        "Diluted EPS": -0.66,
        "Total Revenue": 218,
        "Gross Profit": 53,
        "Operating Income": 2,
        "EBIT": 18,
        "Net Income": -11
    },
    "2018-09-30": {
        "Diluted EPS": 0.49,
        "Total Revenue": 205,
        "Gross Profit": 57,
        "Operating Income": 21,
        "EBIT": 36,
        "Net Income": 9
    },
    "2018-06-30": {
        "Diluted EPS": 0.09,
        "Total Revenue": 219,
        "Gross Profit": 55,
        "Operating Income": 12,
        "EBIT": 29,
        "Net Income": 2
    },
    "2018-03-31": {
        "Diluted EPS": -0.24,
        "Total Revenue": 197,
        "Gross Profit": 50,
        "Operating Income": 7,
        "EBIT": 23,
        "Net Income": -4
    },
    "2017-12-31": {
        "Diluted EPS": 15.33,
        "Total Revenue": 216,
        "Gross Profit": 54,
        "Operating Income": 9,
        "EBIT": 26,
        "Net Income": 286
    },
    "2017-09-30": {
        "Diluted EPS": 0.38,
        "Total Revenue": 235,
        "Gross Profit": 60,
        "Operating Income": 13,
        "EBIT": 31,
        "Net Income": 7
    },
    "2017-06-30": {
        "Diluted EPS": 0.48,
        "Total Revenue": 251,
        "Gross Profit": 65,
        "Operating Income": 13,
        "EBIT": 31,
        "Net Income": 9
    },
    "2017-03-31": {
        "Diluted EPS": 0.34,
        "Total Revenue": 240,
        "Gross Profit": 63,
        "Operating Income": 15,
        "EBIT": 34,
        "Net Income": 7
    },
    "2016-12-31": {
        "Diluted EPS": -1.02,
        "Total Revenue": 239,
        "Gross Profit": 66,
        "Operating Income": -15,
        "EBIT": 6,
        "Net Income": -20
    },
    "2016-09-30": {
        "Diluted EPS": 0.54,
        "Total Revenue": 253,
        "Gross Profit": 79,
        "Operating Income": 25,
        "EBIT": 46,
        "Net Income": 11
    },
    "2016-06-30": {
        "Diluted EPS": 1.02,
        "Total Revenue": 256,
        "Gross Profit": 81,
        "Operating Income": 27,
        "EBIT": 49,
        "Net Income": 20
    },
    "2016-03-31": {
        "Diluted EPS": 0.92,
        "Total Revenue": 250,
        "Gross Profit": 81,
        "Operating Income": 28,
        "EBIT": 50,
        "Net Income": 18
    },
    "2015-12-31": {
        "Diluted EPS": -2.2,
        "Total Revenue": 270,
        "Gross Profit": 97,
        "Operating Income": -40,
        "EBIT": -18,
        "Net Income": -45
    },
    "2015-09-30": {
        "Diluted EPS": 1.82,
        "Total Revenue": 273,
        "Gross Profit": 99,
        "Operating Income": 48,
        "EBIT": 67,
        "Net Income": 37
    },
    "2015-06-30": {
        "Diluted EPS": 2.22,
        "Total Revenue": 268,
        "Gross Profit": 100,
        "Operating Income": 56,
        "EBIT": 75,
        "Net Income": 46
    },
    "2015-03-31": {
        "Diluted EPS": 0.18,
        "Total Revenue": 240,
        "Gross Profit": 68,
        "Operating Income": 15,
        "EBIT": 33,
        "Net Income": 4
    },
    "2014-12-31": {
        "Diluted EPS": 0.05,
        "Total Revenue": 256,
        "Gross Profit": 69,
        "Operating Income": 7,
        "EBIT": -13,
        "Net Income": -2
    },
    "2014-09-30": {
        "Diluted EPS": 1.79,
        "Total Revenue": 288,
        "Gross Profit": 99,
        "Operating Income": 52,
        "EBIT": 70,
        "Net Income": 42
    },
    "2014-06-30": {
        "Diluted EPS": 2.24,
        "Total Revenue": 296,
        "Gross Profit": 112,
        "Operating Income": 63,
        "EBIT": 118,
        "Net Income": 54
    },
    "2014-03-31": {
        "Diluted EPS": 1.61,
        "Total Revenue": 239,
        "Gross Profit": 91,
        "Operating Income": 48,
        "EBIT": 64,
        "Net Income": 40
    },
    "2013-12-31": {
        "Diluted EPS": 1.42,
        "Total Revenue": 223,
        "Gross Profit": 78,
        "Operating Income": 45,
        "EBIT": 59,
        "Net Income": 36
    },
    "2013-09-30": {
        "Diluted EPS": 1.42,
        "Total Revenue": 211,
        "Gross Profit": 77,
        "Operating Income": 45,
        "EBIT": 58,
        "Net Income": 36
    },
    "2013-06-30": {
        "Diluted EPS": 1.25,
        "Total Revenue": 186,
        "Gross Profit": 69,
        "Operating Income": 39,
        "EBIT": 53,
        "Net Income": 31
    },
    "2013-03-31": {
        "Diluted EPS": 1.1,
        "Total Revenue": 149,
        "Gross Profit": 52,
        "Operating Income": 33,
        "EBIT": 39,
        "Net Income": 28
    },
    "2012-12-31": {
        "Diluted EPS": 1.2,
        "Total Revenue": 141,
        "Gross Profit": 54,
        "Operating Income": 33,
        "EBIT": 38,
        "Net Income": 30
    },
    "2012-09-30": {
        "Diluted EPS": 1.08,
        "Total Revenue": 144,
        "Gross Profit": 50,
        "Operating Income": 31,
        "EBIT": 36,
        "Net Income": 27
    },
    "2012-06-30": {
        "Diluted EPS": 1.13,
        "Total Revenue": 144,
        "Gross Profit": 51,
        "Operating Income": 32,
        "EBIT": 37,
        "Net Income": 28
    },
    "2012-03-31": {
        "Diluted EPS": 1.02,
        "Total Revenue": 139,
        "Gross Profit": 47,
        "Operating Income": 30,
        "EBIT": 34,
        "Net Income": 25
    },
    "2011-12-31": {
        "Diluted EPS": 1.01,
        "Total Revenue": 132,
        "Gross Profit": 47,
        "Operating Income": 31,
        "EBIT": 34,
        "Net Income": 26
    },
    "2011-09-30": {
        "Diluted EPS": 0.67,
        "Total Revenue": 110,
        "Gross Profit": 36,
        "Operating Income": 21,
        "EBIT": 25,
        "Net Income": 17
    },
    "2011-06-30": {
        "Diluted EPS": 0.52,
        "Total Revenue": 93,
        "Gross Profit": 30,
        "Operating Income": 16,
        "EBIT": 20,
        "Net Income": 13
    },
    "2011-03-31": {
        "Diluted EPS": 0.57,
        "Total Revenue": 89,
        "Gross Profit": 34,
        "Operating Income": 17,
        "EBIT": 21,
        "Net Income": 15
    },
    "2010-12-31": {
        "Diluted EPS": 0.64,
        "Total Revenue": 91,
        "Gross Profit": 35,
        "Operating Income": 17,
        "EBIT": 23,
        "Net Income": 17
    },
    "2010-09-30": {
        "Diluted EPS": 0.37,
        "Total Revenue": 78,
        "Gross Profit": 29,
        "Operating Income": 14,
        "EBIT": 17,
        "Net Income": 10
    },
    "2010-06-30": {
        "Diluted EPS": 0.62,
        "Total Revenue": 71,
        "Gross Profit": 27,
        "Operating Income": 14,
        "EBIT": 18,
        "Net Income": 16
    },
    "2010-03-31": {
        "Diluted EPS": 0.25,
        "Total Revenue": 61,
        "Gross Profit": 22,
        "Operating Income": 10,
        "EBIT": 12,
        "Net Income": 6
    },
    "2009-12-31": {
        "Diluted EPS": 0.24,
        "Total Revenue": 56,
        "Gross Profit": 21,
        "Operating Income": 9,
        "EBIT": 11,
        "Net Income": 6
    },
    "2009-09-30": {
        "Diluted EPS": 0.36,
        "Total Revenue": 54,
        "Gross Profit": 21,
        "Operating Income": 10,
        "EBIT": 12,
        "Net Income": 9
    },
    "2009-06-30": {
        "Diluted EPS": 0.29,
        "Total Revenue": 50,
        "Gross Profit": 19,
        "Operating Income": 11,
        "EBIT": 13,
        "Net Income": 7
    },
    "2009-03-31": {
        "Diluted EPS": 0.18,
        "Total Revenue": 43,
        "Gross Profit": 15,
        "Operating Income": 7,
        "EBIT": 9,
        "Net Income": 4
    },
    "2023-09-30": {
        "Tax Effect Of Unusual Items": NaN,
        "Tax Rate For Calcs": NaN,
        "Normalized EBITDA": NaN,
        "Total Unusual Items": NaN,
        "Total Unusual Items Excluding Goodwill": NaN,
        "Net Income From Continuing Operation Net Minority Interest": NaN,
        "Reconciled Depreciation": NaN,
        "Reconciled Cost Of Revenue": NaN,
        "EBITDA": NaN,
        "EBIT": NaN,
        "Net Interest Income": NaN,
        "Interest Expense": NaN,
        "Interest Income": NaN,
        "Normalized Income": NaN,
        "Net Income From Continuing And Discontinued Operation": NaN,
        "Total Expenses": NaN,
        "Rent Expense Supplemental": NaN,
        "Total Operating Income As Reported": NaN,
        "Diluted Average Shares": NaN,
        "Basic Average Shares": NaN,
        "Diluted EPS": NaN,
        "Basic EPS": NaN,
        "Diluted NI Availto Com Stockholders": NaN,
        "Net Income Common Stockholders": NaN,
        "Net Income": NaN,
        "Minority Interests": NaN,
        "Net Income Including Noncontrolling Interests": NaN,
        "Net Income Continuous Operations": NaN,
        "Tax Provision": NaN,
        "Pretax Income": NaN,
        "Other Income Expense": NaN,
        "Other Non Operating Income Expenses": NaN,
        "Special Income Charges": NaN,
        "Other Special Charges": 59000.0,
        "Gain On Sale Of Security": 2225000.0,
        "Net Non Operating Interest Income Expense": NaN,
        "Interest Expense Non Operating": NaN,
        "Interest Income Non Operating": NaN,
        "Operating Income": NaN,
        "Operating Expense": NaN,
        "Depreciation Amortization Depletion Income Statement": NaN,
        "Depreciation And Amortization In Income Statement": NaN,
        "Amortization": NaN,
        "Amortization Of Intangibles Income Statement": NaN,
        "Depreciation Income Statement": NaN,
        "Selling General And Administration": NaN,
        "Selling And Marketing Expense": NaN,
        "General And Administrative Expense": NaN,
        "Other Gand A": NaN,
        "Rent And Landing Fees": NaN,
        "Salaries And Wages": NaN,
        "Gross Profit": NaN,
        "Cost Of Revenue": NaN,
        "Total Revenue": NaN,
        "Operating Revenue": NaN
    },
    "2023-12-31": {
        "Tax Effect Of Unusual Items": NaN,
        "Tax Rate For Calcs": NaN,
        "Normalized EBITDA": NaN,
        "Total Unusual Items": NaN,
        "Total Unusual Items Excluding Goodwill": NaN,
        "Net Income From Continuing Operation Net Minority Interest": NaN,
        "Reconciled Depreciation": NaN,
        "Reconciled Cost Of Revenue": NaN,
        "EBITDA": NaN,
        "EBIT": NaN,
        "Net Interest Income": NaN,
        "Interest Expense": NaN,
        "Interest Income": NaN,
        "Normalized Income": NaN,
        "Net Income From Continuing And Discontinued Operation": NaN,
        "Total Expenses": NaN,
        "Rent Expense Supplemental": NaN,
        "Total Operating Income As Reported": NaN,
        "Diluted Average Shares": NaN,
        "Basic Average Shares": NaN,
        "Diluted EPS": NaN,
        "Basic EPS": NaN,
        "Diluted NI Availto Com Stockholders": NaN,
        "Net Income Common Stockholders": NaN,
        "Net Income": NaN,
        "Minority Interests": NaN,
        "Net Income Including Noncontrolling Interests": NaN,
        "Net Income Continuous Operations": NaN,
        "Tax Provision": NaN,
        "Pretax Income": NaN,
        "Other Income Expense": NaN,
        "Other Non Operating Income Expenses": NaN,
        "Special Income Charges": NaN,
        "Other Special Charges": 8000.0,
        "Gain On Sale Of Security": 0.0,
        "Net Non Operating Interest Income Expense": NaN,
        "Interest Expense Non Operating": NaN,
        "Interest Income Non Operating": NaN,
        "Operating Income": NaN,
        "Operating Expense": NaN,
        "Depreciation Amortization Depletion Income Statement": NaN,
        "Depreciation And Amortization In Income Statement": NaN,
        "Amortization": NaN,
        "Amortization Of Intangibles Income Statement": NaN,
        "Depreciation Income Statement": NaN,
        "Selling General And Administration": NaN,
        "Selling And Marketing Expense": NaN,
        "General And Administrative Expense": NaN,
        "Other Gand A": NaN,
        "Rent And Landing Fees": NaN,
        "Salaries And Wages": NaN,
        "Gross Profit": NaN,
        "Cost Of Revenue": NaN,
        "Total Revenue": NaN,
        "Operating Revenue": NaN
    },
    "2024-03-31": {
        "Tax Effect Of Unusual Items": 0.0,
        "Tax Rate For Calcs": 0.21,
        "Normalized EBITDA": 3070000.0,
        "Total Unusual Items": 0.0,
        "Total Unusual Items Excluding Goodwill": 0.0,
        "Net Income From Continuing Operation Net Minority Interest": -9198000.0,
        "Reconciled Depreciation": 1976000.0,
        "Reconciled Cost Of Revenue": 26572000.0,
        "EBITDA": 3070000.0,
        "EBIT": 1094000.0,
        "Net Interest Income": -9306000.0,
        "Interest Expense": 9529000.0,
        "Interest Income": 223000.0,
        "Normalized Income": -9198000.0,
        "Net Income From Continuing And Discontinued Operation": -9198000.0,
        "Total Expenses": 40017000.0,
        "Rent Expense Supplemental": 925000.0,
        "Total Operating Income As Reported": -548000.0,
        "Diluted Average Shares": 28181000.0,
        "Basic Average Shares": 28181000.0,
        "Diluted EPS": -0.33,
        "Basic EPS": -0.33,
        "Diluted NI Availto Com Stockholders": -9198000.0,
        "Net Income Common Stockholders": -9198000.0,
        "Net Income": -9198000.0,
        "Minority Interests": -41000.0,
        "Net Income Including Noncontrolling Interests": -9157000.0,
        "Net Income Continuous Operations": -9157000.0,
        "Tax Provision": 722000.0,
        "Pretax Income": -8435000.0,
        "Other Income Expense": 1419000.0,
        "Other Non Operating Income Expenses": 1419000.0,
        "Special Income Charges": 0.0,
        "Other Special Charges": NaN,
        "Gain On Sale Of Security": NaN,
        "Net Non Operating Interest Income Expense": -9306000.0,
        "Interest Expense Non Operating": 9529000.0,
        "Interest Income Non Operating": 223000.0,
        "Operating Income": -548000.0,
        "Operating Expense": 12852000.0,
        "Depreciation Amortization Depletion Income Statement": 1383000.0,
        "Depreciation And Amortization In Income Statement": 1383000.0,
        "Amortization": 1270000.0,
        "Amortization Of Intangibles Income Statement": 1270000.0,
        "Depreciation Income Statement": 113000.0,
        "Selling General And Administration": 11469000.0,
        "Selling And Marketing Expense": 508000.0,
        "General And Administrative Expense": 10961000.0,
        "Other Gand A": 4194000.0,
        "Rent And Landing Fees": 925000.0,
        "Salaries And Wages": 5842000.0,
        "Gross Profit": 12304000.0,
        "Cost Of Revenue": 27165000.0,
        "Total Revenue": 39469000.0,
        "Operating Revenue": 36932000.0
    },
    "2024-06-30": {
        "Tax Effect Of Unusual Items": 0.0,
        "Tax Rate For Calcs": 0.21,
        "Normalized EBITDA": 4169000.0,
        "Total Unusual Items": 0.0,
        "Total Unusual Items Excluding Goodwill": 0.0,
        "Net Income From Continuing Operation Net Minority Interest": -8307000.0,
        "Reconciled Depreciation": 1947000.0,
        "Reconciled Cost Of Revenue": 25830000.0,
        "EBITDA": 4169000.0,
        "EBIT": 2222000.0,
        "Net Interest Income": -9582000.0,
        "Interest Expense": 9788000.0,
        "Interest Income": 206000.0,
        "Normalized Income": -8307000.0,
        "Net Income From Continuing And Discontinued Operation": -8307000.0,
        "Total Expenses": 37038000.0,
        "Rent Expense Supplemental": 1050000.0,
        "Total Operating Income As Reported": 2083000.0,
        "Diluted Average Shares": 28551000.0,
        "Basic Average Shares": 28551000.0,
        "Diluted EPS": -0.29,
        "Basic EPS": -0.29,
        "Diluted NI Availto Com Stockholders": -8307000.0,
        "Net Income Common Stockholders": -8307000.0,
        "Net Income": -8307000.0,
        "Minority Interests": -35000.0,
        "Net Income Including Noncontrolling Interests": -8272000.0,
        "Net Income Continuous Operations": -8272000.0,
        "Tax Provision": 706000.0,
        "Pretax Income": -7566000.0,
        "Other Income Expense": -67000.0,
        "Other Non Operating Income Expenses": -67000.0,
        "Special Income Charges": 0.0,
        "Other Special Charges": NaN,
        "Gain On Sale Of Security": NaN,
        "Net Non Operating Interest Income Expense": -9582000.0,
        "Interest Expense Non Operating": 9788000.0,
        "Interest Income Non Operating": 206000.0,
        "Operating Income": 2083000.0,
        "Operating Expense": 10634000.0,
        "Depreciation Amortization Depletion Income Statement": 1373000.0,
        "Depreciation And Amortization In Income Statement": 1373000.0,
        "Amortization": 1270000.0,
        "Amortization Of Intangibles Income Statement": 1270000.0,
        "Depreciation Income Statement": 103000.0,
        "Selling General And Administration": 9261000.0,
        "Selling And Marketing Expense": 539000.0,
        "General And Administrative Expense": 8722000.0,
        "Other Gand A": 3162000.0,
        "Rent And Landing Fees": 1050000.0,
        "Salaries And Wages": 4510000.0,
        "Gross Profit": 12717000.0,
        "Cost Of Revenue": 26404000.0,
        "Total Revenue": 39121000.0,
        "Operating Revenue": 36898000.0
    },
    "2024-09-30": {
        "Tax Effect Of Unusual Items": 0.0,
        "Tax Rate For Calcs": 0.21,
        "Normalized EBITDA": 3338000.0,
        "Total Unusual Items": 0.0,
        "Total Unusual Items Excluding Goodwill": 0.0,
        "Net Income From Continuing Operation Net Minority Interest": -9362000.0,
        "Reconciled Depreciation": 1871000.0,
        "Reconciled Cost Of Revenue": 27959000.0,
        "EBITDA": 3338000.0,
        "EBIT": 1467000.0,
        "Net Interest Income": -9641000.0,
        "Interest Expense": 9960000.0,
        "Interest Income": 319000.0,
        "Normalized Income": -9362000.0,
        "Net Income From Continuing And Discontinued Operation": -9362000.0,
        "Total Expenses": 39426000.0,
        "Rent Expense Supplemental": 801000.0,
        "Total Operating Income As Reported": 1105000.0,
        "Diluted Average Shares": 28672000.0,
        "Basic Average Shares": 28672000.0,
        "Diluted EPS": -0.33,
        "Basic EPS": -0.33,
        "Diluted NI Availto Com Stockholders": -9362000.0,
        "Net Income Common Stockholders": -9362000.0,
        "Net Income": -9362000.0,
        "Minority Interests": -60000.0,
        "Net Income Including Noncontrolling Interests": -9302000.0,
        "Net Income Continuous Operations": -9302000.0,
        "Tax Provision": 809000.0,
        "Pretax Income": -8493000.0,
        "Other Income Expense": 43000.0,
        "Other Non Operating Income Expenses": 43000.0,
        "Special Income Charges": 0.0,
        "Other Special Charges": NaN,
        "Gain On Sale Of Security": NaN,
        "Net Non Operating Interest Income Expense": -9641000.0,
        "Interest Expense Non Operating": 9960000.0,
        "Interest Income Non Operating": 319000.0,
        "Operating Income": 1105000.0,
        "Operating Expense": 10965000.0,
        "Depreciation Amortization Depletion Income Statement": 1369000.0,
        "Depreciation And Amortization In Income Statement": 1369000.0,
        "Amortization": 1270000.0,
        "Amortization Of Intangibles Income Statement": 1270000.0,
        "Depreciation Income Statement": 99000.0,
        "Selling General And Administration": 9596000.0,
        "Selling And Marketing Expense": 489000.0,
        "General And Administrative Expense": 9107000.0,
        "Other Gand A": 3893000.0,
        "Rent And Landing Fees": 801000.0,
        "Salaries And Wages": 4413000.0,
        "Gross Profit": 12070000.0,
        "Cost Of Revenue": 28461000.0,
        "Total Revenue": 40531000.0,
        "Operating Revenue": 38210000.0
    },
    "2024-12-31": {
        "Tax Effect Of Unusual Items": -143850.0,
        "Tax Rate For Calcs": 0.21,
        "Normalized EBITDA": 3732000.0,
        "Total Unusual Items": -685000.0,
        "Total Unusual Items Excluding Goodwill": -685000.0,
        "Net Income From Continuing Operation Net Minority Interest": -8769000.0,
        "Reconciled Depreciation": 1820000.0,
        "Reconciled Cost Of Revenue": 28105000.0,
        "EBITDA": 3047000.0,
        "EBIT": 1227000.0,
        "Net Interest Income": -9319000.0,
        "Interest Expense": 9600000.0,
        "Interest Income": 281000.0,
        "Normalized Income": -8227850.0,
        "Net Income From Continuing And Discontinued Operation": -8769000.0,
        "Total Expenses": 39744000.0,
        "Rent Expense Supplemental": 780000.0,
        "Total Operating Income As Reported": 584000.0,
        "Diluted Average Shares": 28729000.0,
        "Basic Average Shares": 28729000.0,
        "Diluted EPS": -0.31,
        "Basic EPS": -0.31,
        "Diluted NI Availto Com Stockholders": -8769000.0,
        "Net Income Common Stockholders": -8769000.0,
        "Net Income": -8769000.0,
        "Minority Interests": -52000.0,
        "Net Income Including Noncontrolling Interests": -8717000.0,
        "Net Income Continuous Operations": -8717000.0,
        "Tax Provision": 344000.0,
        "Pretax Income": -8373000.0,
        "Other Income Expense": -323000.0,
        "Other Non Operating Income Expenses": 362000.0,
        "Special Income Charges": -685000.0,
        "Other Special Charges": NaN,
        "Gain On Sale Of Security": NaN,
        "Net Non Operating Interest Income Expense": -9319000.0,
        "Interest Expense Non Operating": 9600000.0,
        "Interest Income Non Operating": 281000.0,
        "Operating Income": 1269000.0,
        "Operating Expense": 11169000.0,
        "Depreciation Amortization Depletion Income Statement": 1350000.0,
        "Depreciation And Amortization In Income Statement": 1350000.0,
        "Amortization": 1270000.0,
        "Amortization Of Intangibles Income Statement": 1270000.0,
        "Depreciation Income Statement": 80000.0,
        "Selling General And Administration": 9819000.0,
        "Selling And Marketing Expense": 515000.0,
        "General And Administrative Expense": 9304000.0,
        "Other Gand A": 4077000.0,
        "Rent And Landing Fees": 780000.0,
        "Salaries And Wages": 4447000.0,
        "Gross Profit": 12438000.0,
        "Cost Of Revenue": 28575000.0,
        "Total Revenue": 41013000.0,
        "Operating Revenue": 38502000.0
    },
    "2025-03-31": {
        "Tax Effect Of Unusual Items": -1192000.0,
        "Tax Rate For Calcs": 0.4,
        "Normalized EBITDA": 5029000.0,
        "Total Unusual Items": -2980000.0,
        "Total Unusual Items Excluding Goodwill": -2980000.0,
        "Net Income From Continuing Operation Net Minority Interest": -5344000.0,
        "Reconciled Depreciation": 1640000.0,
        "Reconciled Cost Of Revenue": 29808000.0,
        "EBITDA": 2049000.0,
        "EBIT": 409000.0,
        "Net Interest Income": -4745000.0,
        "Interest Expense": 4938000.0,
        "Interest Income": 193000.0,
        "Normalized Income": -3556000.0,
        "Net Income From Continuing And Discontinued Operation": -5344000.0,
        "Total Expenses": 40194000.0,
        "Rent Expense Supplemental": 800000.0,
        "Total Operating Income As Reported": 3245000.0,
        "Diluted Average Shares": 58122000.0,
        "Basic Average Shares": 58122000.0,
        "Diluted EPS": -0.09,
        "Basic EPS": -0.09,
        "Diluted NI Availto Com Stockholders": -5344000.0,
        "Net Income Common Stockholders": -5344000.0,
        "Net Income": -5344000.0,
        "Minority Interests": -73000.0,
        "Net Income Including Noncontrolling Interests": -5271000.0,
        "Net Income Continuous Operations": -5271000.0,
        "Tax Provision": 742000.0,
        "Pretax Income": -4529000.0,
        "Other Income Expense": -3029000.0,
        "Other Non Operating Income Expenses": -49000.0,
        "Special Income Charges": -2980000.0,
        "Other Special Charges": 2980000.0,
        "Gain On Sale Of Security": NaN,
        "Net Non Operating Interest Income Expense": -4745000.0,
        "Interest Expense Non Operating": 4938000.0,
        "Interest Income Non Operating": 193000.0,
        "Operating Income": 3245000.0,
        "Operating Expense": 10080000.0,
        "Depreciation Amortization Depletion Income Statement": 1334000.0,
        "Depreciation And Amortization In Income Statement": 1334000.0,
        "Amortization": 1270000.0,
        "Amortization Of Intangibles Income Statement": 1270000.0,
        "Depreciation Income Statement": 64000.0,
        "Selling General And Administration": 8746000.0,
        "Selling And Marketing Expense": 527000.0,
        "General And Administrative Expense": 8219000.0,
        "Other Gand A": 2522000.0,
        "Rent And Landing Fees": 800000.0,
        "Salaries And Wages": 4897000.0,
        "Gross Profit": 13325000.0,
        "Cost Of Revenue": 30114000.0,
        "Total Revenue": 43439000.0,
        "Operating Revenue": 40968000.0
    }
}