{
    "2023-06-30": {
        "Tax Effect Of Unusual Items": -89252786.446881,
        "Tax Rate For Calcs": 0.258716,
        "Normalized EBITDA": 4709101000.0,
        "Total Unusual Items": -344984000.0,
        "Total Unusual Items Excluding Goodwill": -344984000.0,
        "Net Income From Continuing Operation Net Minority Interest": 2444711000.0,
        "Reconciled Depreciation": 508354000.0,
        "Reconciled Cost Of Revenue": 1635987000.0,
        "EBITDA": 4364117000.0,
        "EBIT": 3855763000.0,
        "Net Interest Income": 14992000.0,
        "Interest Expense": 281678000.0,
        "Interest Income": 296670000.0,
        "Normalized Income": 2700442213.553119,
        "Net Income From Continuing And Discontinued Operation": 2444711000.0,
        "Total Expenses": 2252366000.0,
        "Total Operating Income As Reported": 3904077000.0,
        "Diluted Average Shares": 30000135.0,
        "Basic Average Shares": 30000135.0,
        "Diluted EPS": 81.49,
        "Basic EPS": 81.49,
        "Diluted NI Availto Com Stockholders": 2444711000.0,
        "Net Income Common Stockholders": 2444711000.0,
        "Net Income": 2444711000.0,
        "Minority Interests": -204702000.0,
        "Net Income Including Noncontrolling Interests": 2649413000.0,
        "Net Income Continuous Operations": 2649413000.0,
        "Tax Provision": 924672000.0,
        "Pretax Income": 3574085000.0,
        "Other Income Expense": -344984000.0,
        "Earnings From Equity Interest": NaN,
        "Gain On Sale Of Security": -344984000.0,
        "Net Non Operating Interest Income Expense": 14992000.0,
        "Total Other Finance Cost": NaN,
        "Interest Expense Non Operating": 281678000.0,
        "Interest Income Non Operating": 296670000.0,
        "Operating Income": 3904077000.0,
        "Operating Expense": 616379000.0,
        "Other Operating Expenses": 540054000.0,
        "Selling General And Administration": 76325000.0,
        "General And Administrative Expense": 76325000.0,
        "Other Gand A": 76325000.0,
        "Gross Profit": 4520456000.0,
        "Cost Of Revenue": 1635987000.0,
        "Total Revenue": 6156443000.0,
        "Operating Revenue": 6156443000.0
    },
    "2023-03-31": {
        "Tax Effect Of Unusual Items": NaN,
        "Tax Rate For Calcs": NaN,
        "Normalized EBITDA": NaN,
        "Total Unusual Items": -486908000.0,
        "Total Unusual Items Excluding Goodwill": -486908000.0,
        "Net Income From Continuing Operation Net Minority Interest": NaN,
        "Reconciled Depreciation": NaN,
        "Reconciled Cost Of Revenue": NaN,
        "EBITDA": NaN,
        "EBIT": NaN,
        "Net Interest Income": NaN,
        "Interest Expense": 305992000.0,
        "Interest Income": 265060000.0,
        "Normalized Income": NaN,
        "Net Income From Continuing And Discontinued Operation": NaN,
        "Total Expenses": NaN,
        "Total Operating Income As Reported": NaN,
        "Diluted Average Shares": NaN,
        "Basic Average Shares": NaN,
        "Diluted EPS": NaN,
        "Basic EPS": NaN,
        "Diluted NI Availto Com Stockholders": NaN,
        "Net Income Common Stockholders": NaN,
        "Net Income": NaN,
        "Minority Interests": NaN,
        "Net Income Including Noncontrolling Interests": NaN,
        "Net Income Continuous Operations": NaN,
        "Tax Provision": NaN,
        "Pretax Income": NaN,
        "Other Income Expense": NaN,
        "Earnings From Equity Interest": NaN,
        "Gain On Sale Of Security": -486908000.0,
        "Net Non Operating Interest Income Expense": NaN,
        "Total Other Finance Cost": NaN,
        "Interest Expense Non Operating": 305992000.0,
        "Interest Income Non Operating": 265060000.0,
        "Operating Income": NaN,
        "Operating Expense": NaN,
        "Other Operating Expenses": 567884000.0,
        "Selling General And Administration": NaN,
        "General And Administrative Expense": NaN,
        "Other Gand A": NaN,
        "Gross Profit": NaN,
        "Cost Of Revenue": NaN,
        "Total Revenue": NaN,
        "Operating Revenue": NaN
    },
    "2022-12-31": {
        "Tax Effect Of Unusual Items": NaN,
        "Tax Rate For Calcs": NaN,
        "Normalized EBITDA": NaN,
        "Total Unusual Items": NaN,
        "Total Unusual Items Excluding Goodwill": NaN,
        "Net Income From Continuing Operation Net Minority Interest": NaN,
        "Reconciled Depreciation": NaN,
        "Reconciled Cost Of Revenue": NaN,
        "EBITDA": NaN,
        "EBIT": NaN,
        "Net Interest Income": NaN,
        "Interest Expense": NaN,
        "Interest Income": NaN,
        "Normalized Income": NaN,
        "Net Income From Continuing And Discontinued Operation": NaN,
        "Total Expenses": NaN,
        "Total Operating Income As Reported": NaN,
        "Diluted Average Shares": NaN,
        "Basic Average Shares": NaN,
        "Diluted EPS": NaN,
        "Basic EPS": NaN,
        "Diluted NI Availto Com Stockholders": NaN,
        "Net Income Common Stockholders": NaN,
        "Net Income": NaN,
        "Minority Interests": NaN,
        "Net Income Including Noncontrolling Interests": NaN,
        "Net Income Continuous Operations": NaN,
        "Tax Provision": NaN,
        "Pretax Income": NaN,
        "Other Income Expense": NaN,
        "Earnings From Equity Interest": NaN,
        "Gain On Sale Of Security": NaN,
        "Net Non Operating Interest Income Expense": NaN,
        "Interest Expense Non Operating": NaN,
        "Interest Income Non Operating": NaN,
        "Operating Income": NaN,
        "Operating Expense": NaN,
        "Other Operating Expenses": -300384000.0,
        "Selling General And Administration": NaN,
        "General And Administrative Expense": NaN,
        "Other Gand A": NaN,
        "Gross Profit": NaN,
        "Cost Of Revenue": NaN,
        "Total Revenue": NaN,
        "Operating Revenue": NaN
    },
    "2022-09-30": {
        "Tax Effect Of Unusual Items": 842063.836484,
        "Tax Rate For Calcs": 0.237134,
        "Normalized EBITDA": 4327598000.0,
        "Total Unusual Items": 3551000.0,
        "Total Unusual Items Excluding Goodwill": 3551000.0,
        "Net Income From Continuing Operation Net Minority Interest": 2546504000.0,
        "Reconciled Depreciation": 522826000.0,
        "Reconciled Cost Of Revenue": 1989745000.0,
        "EBITDA": 4331149000.0,
        "EBIT": 3808323000.0,
        "Net Interest Income": -188738000.0,
        "Interest Expense": 297384000.0,
        "Interest Income": 108646000.0,
        "Normalized Income": 2543795063.836484,
        "Net Income From Continuing And Discontinued Operation": 2546504000.0,
        "Total Expenses": 2598678000.0,
        "Total Operating Income As Reported": 3696126000.0,
        "Diluted Average Shares": 30000165.0,
        "Basic Average Shares": 30000165.0,
        "Diluted EPS": 84.883,
        "Basic EPS": 84.883,
        "Diluted NI Availto Com Stockholders": 2546504000.0,
        "Net Income Common Stockholders": 2546504000.0,
        "Net Income": 2546504000.0,
        "Minority Interests": -131871000.0,
        "Net Income Including Noncontrolling Interests": 2678375000.0,
        "Net Income Continuous Operations": 2678375000.0,
        "Tax Provision": 832564000.0,
        "Pretax Income": 3510939000.0,
        "Other Income Expense": 3551000.0,
        "Earnings From Equity Interest": NaN,
        "Gain On Sale Of Security": 3551000.0,
        "Net Non Operating Interest Income Expense": -188738000.0,
        "Interest Expense Non Operating": 297384000.0,
        "Interest Income Non Operating": 108646000.0,
        "Operating Income": 3696126000.0,
        "Operating Expense": 608933000.0,
        "Other Operating Expenses": -301000.0,
        "Depreciation Amortization Depletion Income Statement": NaN,
        "Depreciation And Amortization In Income Statement": NaN,
        "Selling General And Administration": 609234000.0,
        "General And Administrative Expense": 609234000.0,
        "Other Gand A": 609234000.0,
        "Gross Profit": 4305059000.0,
        "Cost Of Revenue": 1989745000.0,
        "Total Revenue": 6294804000.0,
        "Operating Revenue": 6294804000.0
    },
    "2022-06-30": {
        "Tax Effect Of Unusual Items": 14031289.542951,
        "Tax Rate For Calcs": 0.255022,
        "Normalized EBITDA": 4289835000.0,
        "Total Unusual Items": 55020000.0,
        "Total Unusual Items Excluding Goodwill": 55020000.0,
        "Net Income From Continuing Operation Net Minority Interest": 2661548000.0,
        "Reconciled Depreciation": 505837000.0,
        "Reconciled Cost Of Revenue": 1988329000.0,
        "EBITDA": 4344855000.0,
        "EBIT": 3839018000.0,
        "Net Interest Income": 53301000.0,
        "Interest Expense": 20828000.0,
        "Interest Income": 74129000.0,
        "Normalized Income": 2620559289.542951,
        "Net Income From Continuing And Discontinued Operation": 2661548000.0,
        "Total Expenses": 2609840000.0,
        "Total Operating Income As Reported": 3709869000.0,
        "Diluted Average Shares": 30000090.0,
        "Basic Average Shares": 30000090.0,
        "Diluted EPS": 88.718,
        "Basic EPS": 88.718,
        "Diluted NI Availto Com Stockholders": 2661548000.0,
        "Net Income Common Stockholders": 2661548000.0,
        "Net Income": 2661548000.0,
        "Minority Interests": -182921000.0,
        "Net Income Including Noncontrolling Interests": 2844469000.0,
        "Net Income Continuous Operations": 2844469000.0,
        "Tax Provision": 973721000.0,
        "Pretax Income": 3818190000.0,
        "Other Income Expense": 55020000.0,
        "Gain On Sale Of Security": 55020000.0,
        "Net Non Operating Interest Income Expense": 53301000.0,
        "Interest Expense Non Operating": 20828000.0,
        "Interest Income Non Operating": 74129000.0,
        "Operating Income": 3709869000.0,
        "Operating Expense": 621511000.0,
        "Other Operating Expenses": NaN,
        "Depreciation Amortization Depletion Income Statement": NaN,
        "Depreciation And Amortization In Income Statement": NaN,
        "Selling General And Administration": 621511000.0,
        "General And Administrative Expense": 621511000.0,
        "Other Gand A": 621511000.0,
        "Gross Profit": 4331380000.0,
        "Cost Of Revenue": 1988329000.0,
        "Total Revenue": 6319709000.0,
        "Operating Revenue": 6319709000.0
    },
    "2022-03-31": {
        "Diluted EPS": 3.57,
        "Total Revenue": 265,
        "Gross Profit": 213,
        "Operating Income": 165,
        "EBIT": 189,
        "Net Income": 107
    },
    "2021-12-31": {
        "Diluted EPS": 3.23,
        "Total Revenue": 329,
        "Gross Profit": 17,
        "Operating Income": 134,
        "EBIT": 208,
        "Net Income": 97
    },
    "2021-09-30": {
        "Diluted EPS": 2.99,
        "Total Revenue": 243,
        "Gross Profit": 177,
        "Operating Income": 129,
        "EBIT": 104,
        "Net Income": 90
    },
    "2021-06-30": {
        "Diluted EPS": 2.06,
        "Total Revenue": 211,
        "Gross Profit": 144,
        "Operating Income": 100,
        "EBIT": 126,
        "Net Income": 62
    },
    "2021-03-31": {
        "Diluted EPS": 1.55,
        "Total Revenue": 143,
        "Gross Profit": 102,
        "Operating Income": 63,
        "EBIT": 87,
        "Net Income": 46
    },
    "2020-12-31": {
        "Diluted EPS": 0.7,
        "Total Revenue": 196,
        "Gross Profit": -48,
        "Operating Income": 42,
        "EBIT": 66,
        "Net Income": 15
    },
    "2020-09-30": {
        "Diluted EPS": 0.16,
        "Total Revenue": 111,
        "Gross Profit": 47,
        "Operating Income": 17,
        "EBIT": 41,
        "Net Income": 5
    },
    "2020-06-30": {
        "Diluted EPS": -0.75,
        "Total Revenue": 76,
        "Gross Profit": 5,
        "Operating Income": -20,
        "EBIT": -2,
        "Net Income": -22
    },
    "2020-03-31": {
        "Diluted EPS": 3.17,
        "Total Revenue": 210,
        "Gross Profit": 153,
        "Operating Income": 114,
        "EBIT": 139,
        "Net Income": 95
    },
    "2019-12-31": {
        "Diluted EPS": 2.23,
        "Total Revenue": 237,
        "Gross Profit": -20,
        "Operating Income": 104,
        "EBIT": 128,
        "Net Income": 66
    },
    "2019-09-30": {
        "Diluted EPS": 2.22,
        "Total Revenue": 211,
        "Gross Profit": 149,
        "Operating Income": 104,
        "EBIT": 127,
        "Net Income": 68
    },
    "2019-06-30": {
        "Diluted EPS": 2.48,
        "Total Revenue": 213,
        "Gross Profit": 157,
        "Operating Income": 118,
        "EBIT": 144,
        "Net Income": 75
    },
    "2019-03-31": {
        "Diluted EPS": 2.55,
        "Total Revenue": 213,
        "Gross Profit": 158,
        "Operating Income": 115,
        "EBIT": 138,
        "Net Income": 76
    },
    "2018-12-31": {
        "Diluted EPS": 2.48,
        "Total Revenue": 198,
        "Gross Profit": -27,
        "Operating Income": 108,
        "EBIT": 119,
        "Net Income": 74
    },
    "2018-09-30": {
        "Diluted EPS": 1.76,
        "Total Revenue": 194,
        "Gross Profit": 136,
        "Operating Income": 87,
        "EBIT": 151,
        "Net Income": 52
    },
    "2018-06-30": {
        "Diluted EPS": 1.84,
        "Total Revenue": 201,
        "Gross Profit": 140,
        "Operating Income": 93,
        "EBIT": 85,
        "Net Income": 56
    },
    "2018-03-31": {
        "Diluted EPS": 2.59,
        "Total Revenue": 209,
        "Gross Profit": 162,
        "Operating Income": 117,
        "EBIT": 141,
        "Net Income": 78
    },
    "2017-12-31": {
        "Diluted EPS": 6.57,
        "Total Revenue": 205,
        "Gross Profit": -240,
        "Operating Income": -182,
        "EBIT": -152,
        "Net Income": 120
    },
    "2017-09-30": {
        "Diluted EPS": 0.11,
        "Total Revenue": 182,
        "Gross Profit": 120,
        "Operating Income": 93,
        "EBIT": 110,
        "Net Income": 62
    },
    "2017-06-30": {
        "Diluted EPS": 2.09,
        "Total Revenue": 158,
        "Gross Profit": 109,
        "Operating Income": 87,
        "EBIT": 94,
        "Net Income": 61
    },
    "2017-03-31": {
        "Diluted EPS": 1.53,
        "Total Revenue": 122,
        "Gross Profit": 100,
        "Operating Income": 81,
        "EBIT": 87,
        "Net Income": 66
    },
    "2016-12-31": {
        "Diluted EPS": 1.54,
        "Total Revenue": 158,
        "Gross Profit": 15,
        "Operating Income": 60,
        "EBIT": 70,
        "Net Income": 46
    },
    "2016-09-30": {
        "Diluted EPS": 1.63,
        "Total Revenue": 126,
        "Gross Profit": 84,
        "Operating Income": 66,
        "EBIT": 70,
        "Net Income": 49
    },
    "2016-06-30": {
        "Diluted EPS": 1.6,
        "Total Revenue": 124,
        "Gross Profit": 85,
        "Operating Income": 67,
        "EBIT": 74,
        "Net Income": 48
    },
    "2016-03-31": {
        "Diluted EPS": 1.72,
        "Total Revenue": 115,
        "Gross Profit": 90,
        "Operating Income": 71,
        "EBIT": 79,
        "Net Income": 52
    },
    "2015-12-31": {
        "Diluted EPS": 1.45,
        "Total Revenue": 173,
        "Gross Profit": 11,
        "Operating Income": 56,
        "EBIT": 64,
        "Net Income": 44
    },
    "2015-09-30": {
        "Diluted EPS": 1.39,
        "Total Revenue": 133,
        "Gross Profit": 81,
        "Operating Income": 63,
        "EBIT": 69,
        "Net Income": 43
    },
    "2015-06-30": {
        "Diluted EPS": 1.6,
        "Total Revenue": 138,
        "Gross Profit": 85,
        "Operating Income": 66,
        "EBIT": 74,
        "Net Income": 48
    },
    "2015-03-31": {
        "Diluted EPS": 1.63,
        "Total Revenue": 116,
        "Gross Profit": 85,
        "Operating Income": 65,
        "EBIT": 73,
        "Net Income": 48
    },
    "2014-12-31": {
        "Diluted EPS": 1.16,
        "Total Revenue": 112,
        "Gross Profit": 148,
        "Operating Income": 129,
        "EBIT": 137,
        "Net Income": 34
    },
    "2014-09-30": {
        "Diluted EPS": 1.07,
        "Total Revenue": 109,
        "Gross Profit": 75,
        "Operating Income": 55,
        "EBIT": 63,
        "Net Income": 43
    },
    "2014-06-30": {
        "Diluted EPS": 1.43,
        "Total Revenue": 103,
        "Gross Profit": 79,
        "Operating Income": 59,
        "EBIT": 68,
        "Net Income": 43
    },
    "2014-03-31": {
        "Diluted EPS": 1.62,
        "Total Revenue": 106,
        "Gross Profit": 85,
        "Operating Income": 65,
        "EBIT": 73,
        "Net Income": 49
    },
    "2013-12-31": {
        "Diluted EPS": 1.64,
        "Total Revenue": 113,
        "Gross Profit": 68,
        "Operating Income": 49,
        "EBIT": 58,
        "Net Income": 49
    },
    "2013-09-30": {
        "Diluted EPS": 1.0,
        "Total Revenue": 101,
        "Gross Profit": 73,
        "Operating Income": 54,
        "EBIT": 62,
        "Net Income": 40
    },
    "2013-06-30": {
        "Diluted EPS": 1.67,
        "Total Revenue": 99,
        "Gross Profit": 72,
        "Operating Income": 52,
        "EBIT": 60,
        "Net Income": 50
    },
    "2013-03-31": {
        "Diluted EPS": 1.31,
        "Total Revenue": 111,
        "Gross Profit": 87,
        "Operating Income": 67,
        "EBIT": 75,
        "Net Income": 39
    },
    "2012-12-31": {
        "Diluted EPS": 1.71,
        "Total Revenue": 105,
        "Gross Profit": 64,
        "Operating Income": 46,
        "EBIT": 46,
        "Net Income": 52
    },
    "2012-09-30": {
        "Diluted EPS": 1.06,
        "Total Revenue": 93,
        "Gross Profit": 63,
        "Operating Income": 45,
        "EBIT": 53,
        "Net Income": 31
    },
    "2012-06-30": {
        "Diluted EPS": 1.15,
        "Total Revenue": 96,
        "Gross Profit": 66,
        "Operating Income": 49,
        "EBIT": 56,
        "Net Income": 35
    },
    "2012-03-31": {
        "Diluted EPS": 1.4,
        "Total Revenue": 98,
        "Gross Profit": 73,
        "Operating Income": 55,
        "EBIT": 62,
        "Net Income": 41
    },
    "2011-12-31": {
        "Diluted EPS": 1.01,
        "Total Revenue": 107,
        "Gross Profit": 56,
        "Operating Income": 40,
        "EBIT": 48,
        "Net Income": 33
    },
    "2011-09-30": {
        "Diluted EPS": 0.88,
        "Total Revenue": 78,
        "Gross Profit": 50,
        "Operating Income": 33,
        "EBIT": 40,
        "Net Income": 27
    },
    "2011-06-30": {
        "Diluted EPS": 1.1,
        "Total Revenue": 94,
        "Gross Profit": 64,
        "Operating Income": 46,
        "EBIT": 48,
        "Net Income": 33
    },
    "2011-03-31": {
        "Diluted EPS": 1.21,
        "Total Revenue": 92,
        "Gross Profit": 70,
        "Operating Income": 52,
        "EBIT": 66,
        "Net Income": 36
    },
    "2010-12-31": {
        "Diluted EPS": 0.75,
        "Total Revenue": 98,
        "Gross Profit": 100,
        "Operating Income": 112,
        "EBIT": 119,
        "Net Income": 23
    },
    "2010-09-30": {
        "Diluted EPS": 0.59,
        "Total Revenue": 77,
        "Gross Profit": 42,
        "Operating Income": 25,
        "EBIT": 23,
        "Net Income": 18
    },
    "2010-06-30": {
        "Diluted EPS": 0.89,
        "Total Revenue": 80,
        "Gross Profit": 52,
        "Operating Income": 36,
        "EBIT": 48,
        "Net Income": 27
    },
    "2010-03-31": {
        "Diluted EPS": 1.01,
        "Total Revenue": 79,
        "Gross Profit": 64,
        "Operating Income": 42,
        "EBIT": 55,
        "Net Income": 30
    },
    "2009-12-31": {
        "Diluted EPS": 0.41,
        "Total Revenue": 58,
        "Gross Profit": 42,
        "Operating Income": 22,
        "EBIT": 33,
        "Net Income": 12
    },
    "2009-09-30": {
        "Diluted EPS": 0.42,
        "Total Revenue": 53,
        "Gross Profit": 38,
        "Operating Income": 20,
        "EBIT": 32,
        "Net Income": 13
    },
    "2009-06-30": {
        "Diluted EPS": 0.32,
        "Total Revenue": 52,
        "Gross Profit": 37,
        "Operating Income": 19,
        "EBIT": 32,
        "Net Income": 10
    },
    "2009-03-31": {
        "Diluted EPS": 0.81,
        "Total Revenue": 70,
        "Gross Profit": 56,
        "Operating Income": 38,
        "EBIT": 49,
        "Net Income": 24
    },
    "2023-09-30": {
        "Tax Effect Of Unusual Items": 0.0,
        "Tax Rate For Calcs": 0.264238,
        "Normalized EBITDA": 4198450000.0,
        "Total Unusual Items": 126702000.0,
        "Total Unusual Items Excluding Goodwill": 126702000.0,
        "Net Income From Continuing Operation Net Minority Interest": 2709532000.0,
        "Reconciled Depreciation": 519916000.0,
        "Reconciled Cost Of Revenue": 2031948000.0,
        "EBITDA": 4198450000.0,
        "EBIT": 3678534000.0,
        "Net Interest Income": 143027000.0,
        "Interest Expense": 278445000.0,
        "Interest Income": 294770000.0,
        "Normalized Income": 2709532000.0,
        "Net Income From Continuing And Discontinued Operation": 2709532000.0,
        "Total Expenses": 2660317000.0,
        "Total Operating Income As Reported": 3678534000.0,
        "Diluted Average Shares": 29999911.0,
        "Basic Average Shares": 29999911.0,
        "Diluted EPS": 90.318,
        "Basic EPS": 90.318,
        "Diluted NI Availto Com Stockholders": 2709532000.0,
        "Net Income Common Stockholders": 2709532000.0,
        "Net Income": 2709532000.0,
        "Minority Interests": -97611000.0,
        "Net Income Including Noncontrolling Interests": 2807143000.0,
        "Net Income Continuous Operations": 2807143000.0,
        "Tax Provision": 1008143000.0,
        "Pretax Income": 3815286000.0,
        "Other Income Expense": -6275000.0,
        "Earnings From Equity Interest": -6275000.0,
        "Gain On Sale Of Security": 126702000.0,
        "Net Non Operating Interest Income Expense": 143027000.0,
        "Total Other Finance Cost": -143027000.0,
        "Interest Expense Non Operating": 278445000.0,
        "Interest Income Non Operating": 294770000.0,
        "Operating Income": 3678534000.0,
        "Operating Expense": 628369000.0,
        "Other Operating Expenses": 544722000.0,
        "Selling General And Administration": 83647000.0,
        "General And Administrative Expense": 83647000.0,
        "Other Gand A": 83647000.0,
        "Gross Profit": 4306903000.0,
        "Cost Of Revenue": 2031948000.0,
        "Total Revenue": 6338851000.0,
        "Operating Revenue": 6338851000.0
    },
    "2023-12-31": {
        "Tax Effect Of Unusual Items": -39756651.695036,
        "Tax Rate For Calcs": 0.301146,
        "Normalized EBITDA": 4660814000.0,
        "Total Unusual Items": -132018000.0,
        "Total Unusual Items Excluding Goodwill": -132018000.0,
        "Net Income From Continuing Operation Net Minority Interest": 2537108000.0,
        "Reconciled Depreciation": 524144000.0,
        "Reconciled Cost Of Revenue": 4800351000.0,
        "EBITDA": 4528796000.0,
        "EBIT": 4004652000.0,
        "Net Interest Income": 233070000.0,
        "Interest Expense": 259747000.0,
        "Interest Income": 492817000.0,
        "Normalized Income": 2629369348.304964,
        "Net Income From Continuing And Discontinued Operation": 2537108000.0,
        "Total Expenses": 3229678000.0,
        "Total Operating Income As Reported": 3647263000.0,
        "Diluted Average Shares": 30000095.0,
        "Basic Average Shares": 30000095.0,
        "Diluted EPS": 84.57,
        "Basic EPS": 84.57,
        "Diluted NI Availto Com Stockholders": 2537108000.0,
        "Net Income Common Stockholders": 2537108000.0,
        "Net Income": 2537108000.0,
        "Minority Interests": -80035000.0,
        "Net Income Including Noncontrolling Interests": 2617143000.0,
        "Net Income Continuous Operations": 2617143000.0,
        "Tax Provision": 1127762000.0,
        "Pretax Income": 3744905000.0,
        "Other Income Expense": -135428000.0,
        "Earnings From Equity Interest": -3410000.0,
        "Gain On Sale Of Security": -132018000.0,
        "Net Non Operating Interest Income Expense": 233070000.0,
        "Total Other Finance Cost": NaN,
        "Interest Expense Non Operating": 259747000.0,
        "Interest Income Non Operating": 492817000.0,
        "Operating Income": 3647263000.0,
        "Operating Expense": -1570673000.0,
        "Other Operating Expenses": NaN,
        "Selling General And Administration": 81987000.0,
        "General And Administrative Expense": 81987000.0,
        "Other Gand A": 81987000.0,
        "Gross Profit": 2076590000.0,
        "Cost Of Revenue": 4800351000.0,
        "Total Revenue": 6876941000.0,
        "Operating Revenue": 6876941000.0
    },
    "2024-03-31": {
        "Tax Effect Of Unusual Items": -58363688.011909,
        "Tax Rate For Calcs": 0.29722,
        "Normalized EBITDA": 5529985000.0,
        "Total Unusual Items": -196365000.0,
        "Total Unusual Items Excluding Goodwill": -196365000.0,
        "Net Income From Continuing Operation Net Minority Interest": 3082091000.0,
        "Reconciled Depreciation": 543718000.0,
        "Reconciled Cost Of Revenue": 2030410000.0,
        "EBITDA": 5333620000.0,
        "EBIT": 4789902000.0,
        "Net Interest Income": 154323000.0,
        "Interest Expense": 255402000.0,
        "Interest Income": 409725000.0,
        "Normalized Income": 3220092311.988091,
        "Net Income From Continuing And Discontinued Operation": 3082091000.0,
        "Total Expenses": 2855684000.0,
        "Total Operating Income As Reported": 4579223000.0,
        "Diluted Average Shares": 30000107.0,
        "Basic Average Shares": 30000107.0,
        "Diluted EPS": 102.736,
        "Basic EPS": 102.736,
        "Diluted NI Availto Com Stockholders": 3082091000.0,
        "Net Income Common Stockholders": 3082091000.0,
        "Net Income": 3082091000.0,
        "Minority Interests": -104663000.0,
        "Net Income Including Noncontrolling Interests": 3186754000.0,
        "Net Income Continuous Operations": 3186754000.0,
        "Tax Provision": 1347746000.0,
        "Pretax Income": 4534500000.0,
        "Other Income Expense": -199046000.0,
        "Earnings From Equity Interest": -2681000.0,
        "Gain On Sale Of Security": -196365000.0,
        "Net Non Operating Interest Income Expense": 154323000.0,
        "Total Other Finance Cost": NaN,
        "Interest Expense Non Operating": 255402000.0,
        "Interest Income Non Operating": 409725000.0,
        "Operating Income": 4579223000.0,
        "Operating Expense": 825274000.0,
        "Other Operating Expenses": 746255000.0,
        "Selling General And Administration": 79019000.0,
        "General And Administrative Expense": 79019000.0,
        "Other Gand A": 79019000.0,
        "Gross Profit": 5404497000.0,
        "Cost Of Revenue": 2030410000.0,
        "Total Revenue": 7434907000.0,
        "Operating Revenue": 7434907000.0
    },
    "2024-09-30": {
        "Tax Effect Of Unusual Items": 0.0,
        "Tax Rate For Calcs": 0.305459,
        "Normalized EBITDA": 4698697000.0,
        "Total Unusual Items": NaN,
        "Total Unusual Items Excluding Goodwill": NaN,
        "Net Income From Continuing Operation Net Minority Interest": 3381190000.0,
        "Reconciled Depreciation": 601523000.0,
        "Reconciled Cost Of Revenue": 2589735000.0,
        "EBITDA": 4698697000.0,
        "EBIT": 4097174000.0,
        "Net Interest Income": 906473000.0,
        "Interest Expense": NaN,
        "Interest Income": NaN,
        "Normalized Income": 3381190000.0,
        "Net Income From Continuing And Discontinued Operation": 3381190000.0,
        "Total Expenses": 3386119000.0,
        "Total Operating Income As Reported": 4097174000.0,
        "Diluted Average Shares": 30000089.0,
        "Basic Average Shares": 30000089.0,
        "Diluted EPS": 112.706,
        "Basic EPS": 112.706,
        "Diluted NI Availto Com Stockholders": 3381190000.0,
        "Net Income Common Stockholders": 3381190000.0,
        "Net Income": 3381190000.0,
        "Minority Interests": -93364000.0,
        "Net Income Including Noncontrolling Interests": 3474554000.0,
        "Net Income Continuous Operations": 3474554000.0,
        "Tax Provision": 1528107000.0,
        "Pretax Income": 5002661000.0,
        "Other Income Expense": -986000.0,
        "Earnings From Equity Interest": -986000.0,
        "Gain On Sale Of Security": NaN,
        "Net Non Operating Interest Income Expense": 906473000.0,
        "Total Other Finance Cost": -906473000.0,
        "Interest Expense Non Operating": NaN,
        "Interest Income Non Operating": NaN,
        "Operating Income": 4097174000.0,
        "Operating Expense": 796384000.0,
        "Other Operating Expenses": 731277000.0,
        "Selling General And Administration": 65107000.0,
        "General And Administrative Expense": 65107000.0,
        "Other Gand A": 65107000.0,
        "Gross Profit": 4893558000.0,
        "Cost Of Revenue": 2589735000.0,
        "Total Revenue": 7483293000.0,
        "Operating Revenue": 7483293000.0
    },
    "2024-12-31": {
        "Tax Effect Of Unusual Items": 0.0,
        "Tax Rate For Calcs": 0.32099,
        "Normalized EBITDA": 8791074000.0,
        "Total Unusual Items": NaN,
        "Total Unusual Items Excluding Goodwill": NaN,
        "Net Income From Continuing Operation Net Minority Interest": 3414581000.0,
        "Reconciled Depreciation": 610794000.0,
        "Reconciled Cost Of Revenue": 6641620000.0,
        "EBITDA": 8791074000.0,
        "EBIT": 8180280000.0,
        "Net Interest Income": -1284012000.0,
        "Interest Expense": NaN,
        "Interest Income": NaN,
        "Normalized Income": 3414581000.0,
        "Net Income From Continuing And Discontinued Operation": 3414581000.0,
        "Total Expenses": 4520092000.0,
        "Total Operating Income As Reported": 4500485000.0,
        "Diluted Average Shares": NaN,
        "Basic Average Shares": NaN,
        "Diluted EPS": NaN,
        "Basic EPS": NaN,
        "Diluted NI Availto Com Stockholders": 3414581000.0,
        "Net Income Common Stockholders": 3414581000.0,
        "Net Income": 3414581000.0,
        "Minority Interests": -175136000.0,
        "Net Income Including Noncontrolling Interests": 3589717000.0,
        "Net Income Continuous Operations": 3589717000.0,
        "Tax Provision": 1696978000.0,
        "Pretax Income": 5286695000.0,
        "Other Income Expense": 2070222000.0,
        "Earnings From Equity Interest": -2268000.0,
        "Gain On Sale Of Security": NaN,
        "Net Non Operating Interest Income Expense": -1284012000.0,
        "Total Other Finance Cost": NaN,
        "Interest Expense Non Operating": NaN,
        "Interest Income Non Operating": NaN,
        "Operating Income": 4500485000.0,
        "Operating Expense": -2121528000.0,
        "Other Operating Expenses": NaN,
        "Selling General And Administration": 94759000.0,
        "General And Administrative Expense": 94759000.0,
        "Other Gand A": 94759000.0,
        "Gross Profit": 2378957000.0,
        "Cost Of Revenue": 6641620000.0,
        "Total Revenue": 9020577000.0,
        "Operating Revenue": 9020577000.0
    }
}