{
    "2023-03-31": {
        "Tax Effect Of Unusual Items": NaN,
        "Tax Rate For Calcs": NaN,
        "Normalized EBITDA": NaN,
        "Total Unusual Items": NaN,
        "Total Unusual Items Excluding Goodwill": NaN,
        "Net Income From Continuing Operation Net Minority Interest": NaN,
        "Reconciled Depreciation": NaN,
        "Reconciled Cost Of Revenue": NaN,
        "EBITDA": NaN,
        "EBIT": NaN,
        "Net Interest Income": NaN,
        "Interest Expense": NaN,
        "Interest Income": NaN,
        "Normalized Income": NaN,
        "Net Income From Continuing And Discontinued Operation": NaN,
        "Total Expenses": NaN,
        "Total Operating Income As Reported": NaN,
        "Diluted Average Shares": 51005000.0,
        "Basic Average Shares": 51005000.0,
        "Diluted EPS": -0.07,
        "Basic EPS": -0.07,
        "Diluted NI Availto Com Stockholders": NaN,
        "Net Income Common Stockholders": NaN,
        "Net Income": NaN,
        "Net Income Including Noncontrolling Interests": NaN,
        "Net Income Continuous Operations": NaN,
        "Tax Provision": NaN,
        "Pretax Income": NaN,
        "Other Income Expense": NaN,
        "Other Non Operating Income Expenses": NaN,
        "Special Income Charges": NaN,
        "Impairment Of Capital Assets": NaN,
        "Restructuring And Mergern Acquisition": NaN,
        "Net Non Operating Interest Income Expense": NaN,
        "Total Other Finance Cost": NaN,
        "Interest Expense Non Operating": NaN,
        "Interest Income Non Operating": NaN,
        "Operating Income": NaN,
        "Operating Expense": NaN,
        "Depreciation Amortization Depletion Income Statement": NaN,
        "Depreciation And Amortization In Income Statement": NaN,
        "Amortization": NaN,
        "Amortization Of Intangibles Income Statement": NaN,
        "Research And Development": NaN,
        "Selling General And Administration": NaN,
        "Gross Profit": NaN,
        "Cost Of Revenue": NaN,
        "Total Revenue": NaN,
        "Operating Revenue": NaN
    },
    "2022-12-31": {
        "Tax Effect Of Unusual Items": NaN,
        "Tax Rate For Calcs": NaN,
        "Normalized EBITDA": NaN,
        "Total Unusual Items": NaN,
        "Total Unusual Items Excluding Goodwill": NaN,
        "Net Income From Continuing Operation Net Minority Interest": NaN,
        "Reconciled Depreciation": NaN,
        "Reconciled Cost Of Revenue": NaN,
        "EBITDA": NaN,
        "EBIT": NaN,
        "Net Interest Income": NaN,
        "Interest Expense": NaN,
        "Normalized Income": NaN,
        "Net Income From Continuing And Discontinued Operation": NaN,
        "Total Expenses": NaN,
        "Total Operating Income As Reported": NaN,
        "Diluted Average Shares": 67074000.0,
        "Basic Average Shares": 48300000.0,
        "Diluted EPS": 1.34,
        "Basic EPS": 1.83,
        "Diluted NI Availto Com Stockholders": NaN,
        "Net Income Common Stockholders": NaN,
        "Net Income": NaN,
        "Net Income Including Noncontrolling Interests": NaN,
        "Net Income Continuous Operations": NaN,
        "Tax Provision": NaN,
        "Pretax Income": NaN,
        "Other Income Expense": NaN,
        "Other Non Operating Income Expenses": NaN,
        "Special Income Charges": NaN,
        "Impairment Of Capital Assets": NaN,
        "Restructuring And Mergern Acquisition": NaN,
        "Net Non Operating Interest Income Expense": NaN,
        "Total Other Finance Cost": NaN,
        "Interest Expense Non Operating": NaN,
        "Operating Income": NaN,
        "Operating Expense": NaN,
        "Depreciation Amortization Depletion Income Statement": NaN,
        "Depreciation And Amortization In Income Statement": NaN,
        "Amortization": NaN,
        "Amortization Of Intangibles Income Statement": NaN,
        "Research And Development": NaN,
        "Selling General And Administration": NaN,
        "Gross Profit": NaN,
        "Cost Of Revenue": NaN,
        "Total Revenue": NaN,
        "Operating Revenue": NaN
    },
    "2022-09-30": {
        "Tax Effect Of Unusual Items": NaN,
        "Tax Rate For Calcs": NaN,
        "Normalized EBITDA": NaN,
        "Total Unusual Items": NaN,
        "Total Unusual Items Excluding Goodwill": NaN,
        "Net Income From Continuing Operation Net Minority Interest": NaN,
        "Reconciled Depreciation": NaN,
        "Reconciled Cost Of Revenue": NaN,
        "EBITDA": NaN,
        "EBIT": NaN,
        "Net Interest Income": NaN,
        "Interest Expense": NaN,
        "Normalized Income": NaN,
        "Net Income From Continuing And Discontinued Operation": NaN,
        "Total Expenses": NaN,
        "Total Operating Income As Reported": NaN,
        "Diluted Average Shares": NaN,
        "Basic Average Shares": NaN,
        "Diluted EPS": NaN,
        "Basic EPS": NaN,
        "Diluted NI Availto Com Stockholders": NaN,
        "Average Dilution Earnings": 497000.0,
        "Net Income Common Stockholders": NaN,
        "Net Income": NaN,
        "Net Income Including Noncontrolling Interests": NaN,
        "Net Income Continuous Operations": NaN,
        "Tax Provision": NaN,
        "Pretax Income": NaN,
        "Other Income Expense": NaN,
        "Other Non Operating Income Expenses": NaN,
        "Special Income Charges": NaN,
        "Impairment Of Capital Assets": 0.0,
        "Restructuring And Mergern Acquisition": NaN,
        "Net Non Operating Interest Income Expense": NaN,
        "Total Other Finance Cost": NaN,
        "Interest Expense Non Operating": NaN,
        "Operating Income": NaN,
        "Operating Expense": NaN,
        "Depreciation Amortization Depletion Income Statement": NaN,
        "Depreciation And Amortization In Income Statement": NaN,
        "Amortization": NaN,
        "Amortization Of Intangibles Income Statement": NaN,
        "Research And Development": NaN,
        "Selling General And Administration": NaN,
        "Gross Profit": NaN,
        "Cost Of Revenue": NaN,
        "Total Revenue": NaN,
        "Operating Revenue": NaN
    },
    "2022-06-30": {
        "Tax Effect Of Unusual Items": -91479.767414,
        "Tax Rate For Calcs": 0.070369,
        "Normalized EBITDA": 19965000.0,
        "Total Unusual Items": -1300000.0,
        "Total Unusual Items Excluding Goodwill": -1300000.0,
        "Net Income From Continuing Operation Net Minority Interest": 7834000.0,
        "Reconciled Depreciation": 7969000.0,
        "Reconciled Cost Of Revenue": 4528000.0,
        "EBITDA": 18665000.0,
        "EBIT": 10696000.0,
        "Net Interest Income": -2269000.0,
        "Interest Expense": 2269000.0,
        "Normalized Income": 9042520.232586,
        "Net Income From Continuing And Discontinued Operation": 7834000.0,
        "Total Expenses": 23040000.0,
        "Total Operating Income As Reported": 10791000.0,
        "Diluted Average Shares": 47579000.0,
        "Basic Average Shares": 46274000.0,
        "Diluted EPS": 0.16,
        "Basic EPS": 0.17,
        "Diluted NI Availto Com Stockholders": 7834000.0,
        "Average Dilution Earnings": NaN,
        "Net Income Common Stockholders": 7834000.0,
        "Net Income": 7834000.0,
        "Net Income Including Noncontrolling Interests": 7834000.0,
        "Net Income Continuous Operations": 7834000.0,
        "Tax Provision": 593000.0,
        "Pretax Income": 8427000.0,
        "Other Income Expense": -1395000.0,
        "Other Non Operating Income Expenses": -95000.0,
        "Special Income Charges": -1300000.0,
        "Other Special Charges": NaN,
        "Restructuring And Mergern Acquisition": 1300000.0,
        "Net Non Operating Interest Income Expense": -2269000.0,
        "Total Other Finance Cost": NaN,
        "Interest Expense Non Operating": 2269000.0,
        "Operating Income": 12091000.0,
        "Operating Expense": 18512000.0,
        "Depreciation Amortization Depletion Income Statement": 7969000.0,
        "Depreciation And Amortization In Income Statement": 7969000.0,
        "Amortization": 7969000.0,
        "Amortization Of Intangibles Income Statement": 7969000.0,
        "Research And Development": NaN,
        "Selling General And Administration": 10543000.0,
        "Gross Profit": 30603000.0,
        "Cost Of Revenue": 4528000.0,
        "Total Revenue": 35131000.0,
        "Operating Revenue": 35881000.0
    },
    "2022-03-31": {
        "Diluted EPS": 0.2,
        "Total Revenue": 37,
        "Gross Profit": 32,
        "Operating Income": 12,
        "EBIT": 20,
        "Net Income": 9
    },
    "2021-12-31": {
        "Diluted EPS": 0.09,
        "Total Revenue": 33,
        "Gross Profit": 28,
        "Operating Income": 8,
        "EBIT": 15,
        "Net Income": 5
    },
    "2021-09-30": {
        "Diluted EPS": 0.08,
        "Total Revenue": 25,
        "Gross Profit": 22,
        "Operating Income": 6,
        "EBIT": 13,
        "Net Income": 4
    },
    "2021-06-30": {
        "Diluted EPS": -0.32,
        "Total Revenue": 25,
        "Gross Profit": 21,
        "Operating Income": -12,
        "EBIT": -4,
        "Net Income": -14
    },
    "2021-03-31": {
        "Diluted EPS": 0.12,
        "Total Revenue": 27,
        "Gross Profit": 23,
        "Operating Income": 8,
        "EBIT": 14,
        "Net Income": 5
    },
    "2020-12-31": {
        "Diluted EPS": -1.36,
        "Total Revenue": 30,
        "Gross Profit": 23,
        "Operating Income": -33,
        "EBIT": -26,
        "Net Income": -24
    },
    "2020-09-30": {
        "Diluted EPS": -0.35,
        "Total Revenue": 35,
        "Gross Profit": 28,
        "Operating Income": -7,
        "EBIT": 0,
        "Net Income": -11
    },
    "2020-06-30": {
        "Diluted EPS": -1.4,
        "Total Revenue": 21,
        "Gross Profit": 15,
        "Operating Income": -26,
        "EBIT": -20,
        "Net Income": -34
    },
    "2020-03-31": {
        "Diluted EPS": 2.04,
        "Total Revenue": 21,
        "Gross Profit": 20,
        "Operating Income": -17,
        "EBIT": -3,
        "Net Income": 41
    },
    "2019-12-31": {
        "Diluted EPS": -10.76,
        "Total Revenue": 59,
        "Gross Profit": 57,
        "Operating Income": -191,
        "EBIT": -160,
        "Net Income": -193
    },
    "2019-09-30": {
        "Diluted EPS": 0.2,
        "Total Revenue": 55,
        "Gross Profit": 53,
        "Operating Income": -10,
        "EBIT": 21,
        "Net Income": 3
    },
    "2019-06-30": {
        "Diluted EPS": -0.84,
        "Total Revenue": 57,
        "Gross Profit": 55,
        "Operating Income": 4,
        "EBIT": 35,
        "Net Income": -14
    },
    "2019-03-31": {
        "Diluted EPS": -0.88,
        "Total Revenue": 58,
        "Gross Profit": 55,
        "Operating Income": 3,
        "EBIT": 35,
        "Net Income": -14
    },
    "2018-12-31": {
        "Diluted EPS": -0.92,
        "Total Revenue": 43,
        "Gross Profit": 42,
        "Operating Income": -13,
        "EBIT": 18,
        "Net Income": -24
    },
    "2018-09-30": {
        "Diluted EPS": 2.6,
        "Total Revenue": 77,
        "Gross Profit": 75,
        "Operating Income": 10,
        "EBIT": 42,
        "Net Income": 48
    },
    "2018-06-30": {
        "Diluted EPS": -1.32,
        "Total Revenue": 63,
        "Gross Profit": 61,
        "Operating Income": -4,
        "EBIT": 28,
        "Net Income": -21
    },
    "2018-03-31": {
        "Diluted EPS": 1.92,
        "Total Revenue": 128,
        "Gross Profit": 116,
        "Operating Income": 51,
        "EBIT": 84,
        "Net Income": 34
    },
    "2017-12-31": {
        "Diluted EPS": -2.08,
        "Total Revenue": 94,
        "Gross Profit": 77,
        "Operating Income": -33,
        "EBIT": -1,
        "Net Income": -33
    },
    "2017-09-30": {
        "Diluted EPS": -1.0,
        "Total Revenue": 95,
        "Gross Profit": 78,
        "Operating Income": 1,
        "EBIT": 32,
        "Net Income": -16
    },
    "2017-06-30": {
        "Diluted EPS": -1.72,
        "Total Revenue": 100,
        "Gross Profit": 81,
        "Operating Income": -4,
        "EBIT": 27,
        "Net Income": -27
    },
    "2017-03-31": {
        "Diluted EPS": -1.72,
        "Total Revenue": 90,
        "Gross Profit": 73,
        "Operating Income": -7,
        "EBIT": 24,
        "Net Income": -27
    },
    "2016-12-31": {
        "Diluted EPS": -2.92,
        "Total Revenue": 124,
        "Gross Profit": 101,
        "Operating Income": 18,
        "EBIT": 49,
        "Net Income": -44
    },
    "2016-09-30": {
        "Diluted EPS": -0.84,
        "Total Revenue": 111,
        "Gross Profit": 90,
        "Operating Income": 1,
        "EBIT": 33,
        "Net Income": -13
    },
    "2016-06-30": {
        "Diluted EPS": -0.68,
        "Total Revenue": 117,
        "Gross Profit": 96,
        "Operating Income": 10,
        "EBIT": 42,
        "Net Income": -11
    },
    "2016-03-31": {
        "Diluted EPS": -1.36,
        "Total Revenue": 105,
        "Gross Profit": 81,
        "Operating Income": -4,
        "EBIT": 28,
        "Net Income": -21
    },
    "2015-12-31": {
        "Diluted EPS": -2.0,
        "Total Revenue": 111,
        "Gross Profit": 90,
        "Operating Income": -27,
        "EBIT": 5,
        "Net Income": -31
    },
    "2015-09-30": {
        "Diluted EPS": -0.8,
        "Total Revenue": 105,
        "Gross Profit": 84,
        "Operating Income": 3,
        "EBIT": 35,
        "Net Income": -12
    },
    "2015-06-30": {
        "Diluted EPS": -1.44,
        "Total Revenue": 95,
        "Gross Profit": 72,
        "Operating Income": -17,
        "EBIT": 14,
        "Net Income": -22
    },
    "2015-03-31": {
        "Diluted EPS": -0.8,
        "Total Revenue": 32,
        "Gross Profit": 29,
        "Operating Income": -10,
        "EBIT": -3,
        "Net Income": -12
    },
    "2014-12-31": {
        "Diluted EPS": 5.72,
        "Total Revenue": 195,
        "Gross Profit": 191,
        "Operating Income": 158,
        "EBIT": 164,
        "Net Income": 95
    },
    "2014-09-30": {
        "Diluted EPS": 0.44,
        "Total Revenue": 51,
        "Gross Profit": 48,
        "Operating Income": 17,
        "EBIT": 21,
        "Net Income": 6
    },
    "2014-06-30": {
        "Diluted EPS": 0.84,
        "Total Revenue": 68,
        "Gross Profit": 63,
        "Operating Income": 27,
        "EBIT": 30,
        "Net Income": 13
    },
    "2014-03-31": {
        "Diluted EPS": 1.2,
        "Total Revenue": 77,
        "Gross Profit": 73,
        "Operating Income": 36,
        "EBIT": 39,
        "Net Income": 18
    },
    "2013-12-31": {
        "Diluted EPS": 2.92,
        "Total Revenue": 41,
        "Gross Profit": 38,
        "Operating Income": 7,
        "EBIT": 11,
        "Net Income": 42
    },
    "2013-09-30": {
        "Diluted EPS": 0.44,
        "Total Revenue": 37,
        "Gross Profit": 36,
        "Operating Income": 7,
        "EBIT": 8,
        "Net Income": 7
    },
    "2013-06-30": {
        "Diluted EPS": 0.04,
        "Total Revenue": 30,
        "Gross Profit": 28,
        "Operating Income": 1,
        "EBIT": 2,
        "Net Income": 0
    },
    "2013-03-31": {
        "Diluted EPS": -0.4,
        "Total Revenue": 26,
        "Gross Profit": 25,
        "Operating Income": -6,
        "EBIT": -4,
        "Net Income": -5
    },
    "2012-12-31": {
        "Diluted EPS": -0.24,
        "Total Revenue": 27,
        "Gross Profit": 24,
        "Operating Income": -4,
        "EBIT": -3,
        "Net Income": -4
    },
    "2012-09-30": {
        "Diluted EPS": -0.12,
        "Total Revenue": 33,
        "Gross Profit": 32,
        "Operating Income": -2,
        "EBIT": -1,
        "Net Income": -1
    },
    "2012-06-30": {
        "Diluted EPS": -1.12,
        "Total Revenue": 14,
        "Gross Profit": 13,
        "Operating Income": -16,
        "EBIT": -15,
        "Net Income": -16
    },
    "2012-03-31": {
        "Diluted EPS": -0.64,
        "Total Revenue": 17,
        "Gross Profit": 16,
        "Operating Income": -9,
        "EBIT": -9,
        "Net Income": -9
    },
    "2011-12-31": {
        "Diluted EPS": -1.0,
        "Total Revenue": 12,
        "Gross Profit": 12,
        "Operating Income": -13,
        "EBIT": -13,
        "Net Income": -14
    },
    "2011-09-30": {
        "Diluted EPS": -0.6,
        "Total Revenue": 17,
        "Gross Profit": 15,
        "Operating Income": -9,
        "EBIT": -9,
        "Net Income": -9
    },
    "2011-06-30": {
        "Diluted EPS": -0.44,
        "Total Revenue": 21,
        "Gross Profit": 19,
        "Operating Income": -6,
        "EBIT": -6,
        "Net Income": -6
    },
    "2011-03-31": {
        "Diluted EPS": 7.08,
        "Total Revenue": 83,
        "Gross Profit": 81,
        "Operating Income": 99,
        "EBIT": 99,
        "Net Income": 99
    },
    "2010-12-31": {
        "Diluted EPS": 0.08,
        "Total Revenue": 21,
        "Gross Profit": 20,
        "Operating Income": 1,
        "EBIT": 1,
        "Net Income": 2
    },
    "2010-09-30": {
        "Diluted EPS": 0.16,
        "Total Revenue": 20,
        "Gross Profit": 18,
        "Operating Income": 2,
        "EBIT": 2,
        "Net Income": 2
    },
    "2010-06-30": {
        "Diluted EPS": 0.32,
        "Total Revenue": 24,
        "Gross Profit": 21,
        "Operating Income": 4,
        "EBIT": 4,
        "Net Income": 4
    },
    "2010-03-31": {
        "Diluted EPS": -0.28,
        "Total Revenue": 15,
        "Gross Profit": 14,
        "Operating Income": -4,
        "EBIT": -4,
        "Net Income": -4
    },
    "2009-12-31": {
        "Diluted EPS": -0.28,
        "Total Revenue": 13,
        "Gross Profit": 12,
        "Operating Income": -4,
        "EBIT": -4,
        "Net Income": -4
    },
    "2009-09-30": {
        "Diluted EPS": 0.12,
        "Total Revenue": 23,
        "Gross Profit": 22,
        "Operating Income": 1,
        "EBIT": 2,
        "Net Income": 1
    },
    "2009-06-30": {
        "Diluted EPS": -0.76,
        "Total Revenue": 12,
        "Gross Profit": 10,
        "Operating Income": -10,
        "EBIT": -9,
        "Net Income": -10
    },
    "2009-03-31": {
        "Diluted EPS": -0.8,
        "Total Revenue": 10,
        "Gross Profit": 9,
        "Operating Income": -10,
        "EBIT": -10,
        "Net Income": -10
    },
    "2023-06-30": {
        "Tax Effect Of Unusual Items": NaN,
        "Tax Rate For Calcs": NaN,
        "Normalized EBITDA": NaN,
        "Total Unusual Items": NaN,
        "Total Unusual Items Excluding Goodwill": NaN,
        "Net Income From Continuing Operation Net Minority Interest": NaN,
        "Reconciled Depreciation": NaN,
        "Reconciled Cost Of Revenue": NaN,
        "EBITDA": NaN,
        "EBIT": NaN,
        "Net Interest Income": NaN,
        "Interest Expense": NaN,
        "Interest Income": 650000.0,
        "Normalized Income": NaN,
        "Net Income From Continuing And Discontinued Operation": NaN,
        "Total Expenses": NaN,
        "Total Operating Income As Reported": NaN,
        "Diluted Average Shares": 70144000.0,
        "Basic Average Shares": 56142000.0,
        "Diluted EPS": 0.13,
        "Basic EPS": 0.15,
        "Diluted NI Availto Com Stockholders": NaN,
        "Net Income Common Stockholders": NaN,
        "Net Income": NaN,
        "Net Income Including Noncontrolling Interests": NaN,
        "Net Income Continuous Operations": NaN,
        "Tax Provision": NaN,
        "Pretax Income": NaN,
        "Other Income Expense": NaN,
        "Other Non Operating Income Expenses": NaN,
        "Special Income Charges": NaN,
        "Impairment Of Capital Assets": NaN,
        "Restructuring And Mergern Acquisition": NaN,
        "Net Non Operating Interest Income Expense": NaN,
        "Total Other Finance Cost": NaN,
        "Interest Expense Non Operating": NaN,
        "Interest Income Non Operating": 650000.0,
        "Operating Income": NaN,
        "Operating Expense": NaN,
        "Depreciation Amortization Depletion Income Statement": NaN,
        "Depreciation And Amortization In Income Statement": NaN,
        "Amortization": NaN,
        "Amortization Of Intangibles Income Statement": NaN,
        "Research And Development": NaN,
        "Selling General And Administration": NaN,
        "Gross Profit": NaN,
        "Cost Of Revenue": NaN,
        "Total Revenue": NaN,
        "Operating Revenue": NaN
    },
    "2023-09-30": {
        "Tax Effect Of Unusual Items": NaN,
        "Tax Rate For Calcs": NaN,
        "Normalized EBITDA": NaN,
        "Total Unusual Items": NaN,
        "Total Unusual Items Excluding Goodwill": NaN,
        "Net Income From Continuing Operation Net Minority Interest": NaN,
        "Reconciled Depreciation": NaN,
        "Reconciled Cost Of Revenue": NaN,
        "EBITDA": NaN,
        "EBIT": NaN,
        "Net Interest Income": NaN,
        "Interest Expense": NaN,
        "Interest Income": NaN,
        "Normalized Income": NaN,
        "Net Income From Continuing And Discontinued Operation": NaN,
        "Total Expenses": NaN,
        "Total Operating Income As Reported": NaN,
        "Diluted Average Shares": NaN,
        "Basic Average Shares": NaN,
        "Diluted EPS": NaN,
        "Basic EPS": NaN,
        "Diluted NI Availto Com Stockholders": NaN,
        "Net Income Common Stockholders": NaN,
        "Net Income": NaN,
        "Net Income Including Noncontrolling Interests": NaN,
        "Net Income Continuous Operations": NaN,
        "Tax Provision": NaN,
        "Pretax Income": NaN,
        "Other Income Expense": NaN,
        "Other Non Operating Income Expenses": NaN,
        "Special Income Charges": NaN,
        "Impairment Of Capital Assets": 238831000.0,
        "Restructuring And Mergern Acquisition": NaN,
        "Net Non Operating Interest Income Expense": NaN,
        "Total Other Finance Cost": NaN,
        "Interest Expense Non Operating": NaN,
        "Interest Income Non Operating": NaN,
        "Operating Income": NaN,
        "Operating Expense": NaN,
        "Depreciation Amortization Depletion Income Statement": NaN,
        "Depreciation And Amortization In Income Statement": NaN,
        "Amortization": NaN,
        "Amortization Of Intangibles Income Statement": NaN,
        "Research And Development": NaN,
        "Selling General And Administration": NaN,
        "Gross Profit": NaN,
        "Cost Of Revenue": NaN,
        "Total Revenue": NaN,
        "Operating Revenue": NaN
    },
    "2023-12-31": {
        "Tax Effect Of Unusual Items": NaN,
        "Tax Rate For Calcs": NaN,
        "Normalized EBITDA": NaN,
        "Total Unusual Items": NaN,
        "Total Unusual Items Excluding Goodwill": NaN,
        "Net Income From Continuing Operation Net Minority Interest": NaN,
        "Reconciled Depreciation": NaN,
        "Reconciled Cost Of Revenue": NaN,
        "EBITDA": NaN,
        "EBIT": NaN,
        "Net Interest Income": NaN,
        "Interest Expense": NaN,
        "Interest Income": NaN,
        "Normalized Income": NaN,
        "Net Income From Continuing And Discontinued Operation": NaN,
        "Total Expenses": NaN,
        "Total Operating Income As Reported": NaN,
        "Diluted Average Shares": NaN,
        "Basic Average Shares": NaN,
        "Diluted EPS": NaN,
        "Basic EPS": NaN,
        "Diluted NI Availto Com Stockholders": NaN,
        "Net Income Common Stockholders": NaN,
        "Net Income": NaN,
        "Net Income Including Noncontrolling Interests": NaN,
        "Net Income Continuous Operations": NaN,
        "Tax Provision": NaN,
        "Pretax Income": NaN,
        "Other Income Expense": NaN,
        "Other Non Operating Income Expenses": NaN,
        "Special Income Charges": NaN,
        "Gain On Sale Of Business": NaN,
        "Impairment Of Capital Assets": 40808000.0,
        "Restructuring And Mergern Acquisition": NaN,
        "Net Non Operating Interest Income Expense": NaN,
        "Total Other Finance Cost": NaN,
        "Interest Expense Non Operating": NaN,
        "Interest Income Non Operating": NaN,
        "Operating Income": NaN,
        "Operating Expense": NaN,
        "Depreciation Amortization Depletion Income Statement": NaN,
        "Depreciation And Amortization In Income Statement": NaN,
        "Amortization": NaN,
        "Amortization Of Intangibles Income Statement": NaN,
        "Research And Development": NaN,
        "Selling General And Administration": NaN,
        "Gross Profit": NaN,
        "Cost Of Revenue": NaN,
        "Total Revenue": NaN,
        "Operating Revenue": NaN
    },
    "2024-03-31": {
        "Tax Effect Of Unusual Items": -151200.0,
        "Tax Rate For Calcs": 0.21,
        "Normalized EBITDA": 2688000.0,
        "Total Unusual Items": -720000.0,
        "Total Unusual Items Excluding Goodwill": -720000.0,
        "Net Income From Continuing Operation Net Minority Interest": -4510000.0,
        "Reconciled Depreciation": 5696000.0,
        "Reconciled Cost Of Revenue": 11112000.0,
        "EBITDA": 1968000.0,
        "EBIT": -3728000.0,
        "Net Interest Income": -46000.0,
        "Interest Expense": 650000.0,
        "Interest Income": 711000.0,
        "Normalized Income": -3941200.0,
        "Net Income From Continuing And Discontinued Operation": -4510000.0,
        "Total Expenses": 36065000.0,
        "Total Operating Income As Reported": -4337000.0,
        "Diluted Average Shares": 94980000.0,
        "Basic Average Shares": 94980000.0,
        "Diluted EPS": -0.05,
        "Basic EPS": -0.05,
        "Diluted NI Availto Com Stockholders": -4510000.0,
        "Net Income Common Stockholders": -4510000.0,
        "Net Income": -4510000.0,
        "Net Income Including Noncontrolling Interests": -4510000.0,
        "Net Income Continuous Operations": -4510000.0,
        "Tax Provision": 132000.0,
        "Pretax Income": -4378000.0,
        "Other Income Expense": -715000.0,
        "Other Non Operating Income Expenses": 5000.0,
        "Special Income Charges": -720000.0,
        "Impairment Of Capital Assets": NaN,
        "Restructuring And Mergern Acquisition": 720000.0,
        "Net Non Operating Interest Income Expense": -46000.0,
        "Total Other Finance Cost": 107000.0,
        "Interest Expense Non Operating": 650000.0,
        "Interest Income Non Operating": 711000.0,
        "Operating Income": -3617000.0,
        "Operating Expense": 24888000.0,
        "Depreciation Amortization Depletion Income Statement": 5631000.0,
        "Depreciation And Amortization In Income Statement": 5631000.0,
        "Amortization": 5631000.0,
        "Amortization Of Intangibles Income Statement": 5631000.0,
        "Research And Development": 733000.0,
        "Selling General And Administration": 18524000.0,
        "Gross Profit": 21271000.0,
        "Cost Of Revenue": 11177000.0,
        "Total Revenue": 32448000.0,
        "Operating Revenue": 32448000.0
    },
    "2024-06-30": {
        "Tax Effect Of Unusual Items": NaN,
        "Tax Rate For Calcs": NaN,
        "Normalized EBITDA": NaN,
        "Total Unusual Items": NaN,
        "Total Unusual Items Excluding Goodwill": NaN,
        "Net Income From Continuing Operation Net Minority Interest": NaN,
        "Reconciled Depreciation": NaN,
        "Reconciled Cost Of Revenue": NaN,
        "EBITDA": NaN,
        "EBIT": NaN,
        "Net Interest Income": NaN,
        "Interest Expense": NaN,
        "Interest Income": NaN,
        "Normalized Income": NaN,
        "Net Income From Continuing And Discontinued Operation": NaN,
        "Total Expenses": NaN,
        "Total Operating Income As Reported": NaN,
        "Diluted Average Shares": NaN,
        "Basic Average Shares": NaN,
        "Diluted EPS": NaN,
        "Basic EPS": NaN,
        "Diluted NI Availto Com Stockholders": NaN,
        "Average Dilution Earnings": NaN,
        "Net Income Common Stockholders": NaN,
        "Net Income": NaN,
        "Net Income Including Noncontrolling Interests": NaN,
        "Net Income Continuous Operations": NaN,
        "Tax Provision": NaN,
        "Pretax Income": NaN,
        "Other Income Expense": NaN,
        "Other Non Operating Income Expenses": NaN,
        "Special Income Charges": NaN,
        "Gain On Sale Of Business": 0.0,
        "Impairment Of Capital Assets": NaN,
        "Restructuring And Mergern Acquisition": NaN,
        "Net Non Operating Interest Income Expense": NaN,
        "Total Other Finance Cost": NaN,
        "Interest Expense Non Operating": NaN,
        "Interest Income Non Operating": NaN,
        "Operating Income": NaN,
        "Operating Expense": NaN,
        "Depreciation Amortization Depletion Income Statement": NaN,
        "Depreciation And Amortization In Income Statement": NaN,
        "Amortization": NaN,
        "Amortization Of Intangibles Income Statement": NaN,
        "Research And Development": NaN,
        "Selling General And Administration": NaN,
        "Gross Profit": NaN,
        "Cost Of Revenue": NaN,
        "Total Revenue": NaN,
        "Operating Revenue": NaN
    },
    "2024-09-30": {
        "Tax Effect Of Unusual Items": -63000.0,
        "Tax Rate For Calcs": 0.21,
        "Normalized EBITDA": 4784000.0,
        "Total Unusual Items": -300000.0,
        "Total Unusual Items Excluding Goodwill": -300000.0,
        "Net Income From Continuing Operation Net Minority Interest": -2921000.0,
        "Reconciled Depreciation": 6711000.0,
        "Reconciled Cost Of Revenue": 7510000.0,
        "EBITDA": 4484000.0,
        "EBIT": -2227000.0,
        "Net Interest Income": 126000.0,
        "Interest Expense": 650000.0,
        "Interest Income": 887000.0,
        "Normalized Income": -2684000.0,
        "Net Income From Continuing And Discontinued Operation": -2921000.0,
        "Total Expenses": 31952000.0,
        "Total Operating Income As Reported": -3048000.0,
        "Diluted Average Shares": 6356800.0,
        "Basic Average Shares": 6356800.0,
        "Diluted EPS": -0.45,
        "Basic EPS": -0.45,
        "Diluted NI Availto Com Stockholders": -2921000.0,
        "Average Dilution Earnings": 0.0,
        "Net Income Common Stockholders": -2921000.0,
        "Net Income": -2921000.0,
        "Net Income Including Noncontrolling Interests": -2921000.0,
        "Net Income Continuous Operations": -2921000.0,
        "Tax Provision": 44000.0,
        "Pretax Income": -2877000.0,
        "Other Income Expense": -255000.0,
        "Other Non Operating Income Expenses": 45000.0,
        "Special Income Charges": -300000.0,
        "Gain On Sale Of Business": 0.0,
        "Impairment Of Capital Assets": 0.0,
        "Restructuring And Mergern Acquisition": 300000.0,
        "Net Non Operating Interest Income Expense": 126000.0,
        "Total Other Finance Cost": 111000.0,
        "Interest Expense Non Operating": 650000.0,
        "Interest Income Non Operating": 887000.0,
        "Operating Income": -2748000.0,
        "Operating Expense": 24402000.0,
        "Depreciation Amortization Depletion Income Statement": 6671000.0,
        "Depreciation And Amortization In Income Statement": 6671000.0,
        "Amortization": 6671000.0,
        "Amortization Of Intangibles Income Statement": 6671000.0,
        "Research And Development": 1005000.0,
        "Selling General And Administration": 16726000.0,
        "Gross Profit": 21654000.0,
        "Cost Of Revenue": 7550000.0,
        "Total Revenue": 29204000.0,
        "Operating Revenue": 29204000.0
    },
    "2024-12-31": {
        "Tax Effect Of Unusual Items": -118683.505442,
        "Tax Rate For Calcs": 0.025398,
        "Normalized EBITDA": 1285000.0,
        "Total Unusual Items": -4673000.0,
        "Total Unusual Items Excluding Goodwill": -4673000.0,
        "Net Income From Continuing Operation Net Minority Interest": -10476000.0,
        "Reconciled Depreciation": 6711000.0,
        "Reconciled Cost Of Revenue": 11571000.0,
        "EBITDA": -3388000.0,
        "EBIT": -10099000.0,
        "Net Interest Income": 17000.0,
        "Interest Expense": 650000.0,
        "Interest Income": 780000.0,
        "Normalized Income": -5921683.505442,
        "Net Income From Continuing And Discontinued Operation": -10476000.0,
        "Total Expenses": 40984000.0,
        "Total Operating Income As Reported": -13474000.0,
        "Diluted Average Shares": 6367266.0,
        "Basic Average Shares": 6367266.0,
        "Diluted EPS": -1.65,
        "Basic EPS": -1.65,
        "Diluted NI Availto Com Stockholders": -10476000.0,
        "Average Dilution Earnings": NaN,
        "Net Income Common Stockholders": -10476000.0,
        "Net Income": -10476000.0,
        "Net Income Including Noncontrolling Interests": -10476000.0,
        "Net Income Continuous Operations": -10476000.0,
        "Tax Provision": -273000.0,
        "Pretax Income": -10749000.0,
        "Other Income Expense": -1965000.0,
        "Other Non Operating Income Expenses": 2708000.0,
        "Special Income Charges": -4673000.0,
        "Gain On Sale Of Business": NaN,
        "Impairment Of Capital Assets": 5217000.0,
        "Restructuring And Mergern Acquisition": -544000.0,
        "Net Non Operating Interest Income Expense": 17000.0,
        "Total Other Finance Cost": 113000.0,
        "Interest Expense Non Operating": 650000.0,
        "Interest Income Non Operating": 780000.0,
        "Operating Income": -8801000.0,
        "Operating Expense": 29373000.0,
        "Depreciation Amortization Depletion Income Statement": 6671000.0,
        "Depreciation And Amortization In Income Statement": 6671000.0,
        "Amortization": 6671000.0,
        "Amortization Of Intangibles Income Statement": 6671000.0,
        "Research And Development": 1286000.0,
        "Selling General And Administration": 21416000.0,
        "Gross Profit": 20572000.0,
        "Cost Of Revenue": 11611000.0,
        "Total Revenue": 32183000.0,
        "Operating Revenue": 30083000.0
    },
    "2025-03-31": {
        "Tax Effect Of Unusual Items": -60690.0,
        "Tax Rate For Calcs": 0.21,
        "Normalized EBITDA": -3088000.0,
        "Total Unusual Items": -289000.0,
        "Total Unusual Items Excluding Goodwill": -289000.0,
        "Net Income From Continuing Operation Net Minority Interest": -13541000.0,
        "Reconciled Depreciation": 9269000.0,
        "Reconciled Cost Of Revenue": 7750000.0,
        "EBITDA": -3377000.0,
        "EBIT": -12646000.0,
        "Net Interest Income": -45000.0,
        "Interest Expense": 650000.0,
        "Interest Income": 720000.0,
        "Normalized Income": -13312690.0,
        "Net Income From Continuing And Discontinued Operation": -13541000.0,
        "Total Expenses": 39432000.0,
        "Total Operating Income As Reported": -13233000.0,
        "Diluted Average Shares": 6378466.0,
        "Basic Average Shares": 6378466.0,
        "Diluted EPS": -2.1,
        "Basic EPS": -2.1,
        "Diluted NI Availto Com Stockholders": -13541000.0,
        "Average Dilution Earnings": NaN,
        "Net Income Common Stockholders": -13541000.0,
        "Net Income": -13541000.0,
        "Net Income Including Noncontrolling Interests": -13541000.0,
        "Net Income Continuous Operations": -13541000.0,
        "Tax Provision": 245000.0,
        "Pretax Income": -13296000.0,
        "Other Income Expense": -307000.0,
        "Other Non Operating Income Expenses": -18000.0,
        "Special Income Charges": -289000.0,
        "Gain On Sale Of Business": NaN,
        "Impairment Of Capital Assets": NaN,
        "Restructuring And Mergern Acquisition": 289000.0,
        "Net Non Operating Interest Income Expense": -45000.0,
        "Total Other Finance Cost": 115000.0,
        "Interest Expense Non Operating": 650000.0,
        "Interest Income Non Operating": 720000.0,
        "Operating Income": -12944000.0,
        "Operating Expense": 31646000.0,
        "Depreciation Amortization Depletion Income Statement": 9233000.0,
        "Depreciation And Amortization In Income Statement": 9233000.0,
        "Amortization": 9233000.0,
        "Amortization Of Intangibles Income Statement": 9233000.0,
        "Research And Development": 438000.0,
        "Selling General And Administration": 21975000.0,
        "Gross Profit": 18702000.0,
        "Cost Of Revenue": 7786000.0,
        "Total Revenue": 26488000.0,
        "Operating Revenue": 26488000.0
    },
    "2025-06-30": {
        "Tax Effect Of Unusual Items": -1716540.0,
        "Tax Rate For Calcs": 0.21,
        "Normalized EBITDA": 1795000.0,
        "Total Unusual Items": -8174000.0,
        "Total Unusual Items Excluding Goodwill": -8174000.0,
        "Net Income From Continuing Operation Net Minority Interest": -16352000.0,
        "Reconciled Depreciation": 9267000.0,
        "Reconciled Cost Of Revenue": 10643000.0,
        "EBITDA": -6379000.0,
        "EBIT": -15646000.0,
        "Net Interest Income": -93000.0,
        "Interest Expense": 650000.0,
        "Interest Income": 675000.0,
        "Normalized Income": -9894540.0,
        "Net Income From Continuing And Discontinued Operation": -16352000.0,
        "Total Expenses": 37257000.0,
        "Total Operating Income As Reported": -8035000.0,
        "Diluted Average Shares": 6398000.0,
        "Basic Average Shares": 6398000.0,
        "Diluted EPS": -2.55,
        "Basic EPS": -2.55,
        "Diluted NI Availto Com Stockholders": -16352000.0,
        "Average Dilution Earnings": NaN,
        "Net Income Common Stockholders": -16352000.0,
        "Net Income": -16352000.0,
        "Net Income Including Noncontrolling Interests": -16352000.0,
        "Net Income Continuous Operations": -16352000.0,
        "Tax Provision": 56000.0,
        "Pretax Income": -16296000.0,
        "Other Income Expense": -8168000.0,
        "Other Non Operating Income Expenses": 6000.0,
        "Special Income Charges": -8174000.0,
        "Gain On Sale Of Business": -8174000.0,
        "Impairment Of Capital Assets": NaN,
        "Restructuring And Mergern Acquisition": 0.0,
        "Net Non Operating Interest Income Expense": -93000.0,
        "Total Other Finance Cost": 118000.0,
        "Interest Expense Non Operating": 650000.0,
        "Interest Income Non Operating": 675000.0,
        "Operating Income": -8035000.0,
        "Operating Expense": 26580000.0,
        "Depreciation Amortization Depletion Income Statement": 9233000.0,
        "Depreciation And Amortization In Income Statement": 9233000.0,
        "Amortization": 9233000.0,
        "Amortization Of Intangibles Income Statement": 9233000.0,
        "Research And Development": 387000.0,
        "Selling General And Administration": 16960000.0,
        "Gross Profit": 18545000.0,
        "Cost Of Revenue": 10677000.0,
        "Total Revenue": 29222000.0,
        "Operating Revenue": 29222000.0
    },
    "2025-09-30": {
        "Tax Effect Of Unusual Items": -299040.0,
        "Tax Rate For Calcs": 0.21,
        "Normalized EBITDA": 19102000.0,
        "Total Unusual Items": -1424000.0,
        "Total Unusual Items Excluding Goodwill": -1424000.0,
        "Net Income From Continuing Operation Net Minority Interest": 11445000.0,
        "Reconciled Depreciation": 5630000.0,
        "Reconciled Cost Of Revenue": 13618000.0,
        "EBITDA": 17678000.0,
        "EBIT": 12048000.0,
        "Net Interest Income": -106000.0,
        "Interest Expense": 650000.0,
        "Interest Income": 664000.0,
        "Normalized Income": 12569960.0,
        "Net Income From Continuing And Discontinued Operation": 11445000.0,
        "Total Expenses": 36557000.0,
        "Total Operating Income As Reported": 11478000.0,
        "Diluted Average Shares": 7100933.0,
        "Basic Average Shares": 6416333.0,
        "Diluted EPS": 1.65,
        "Basic EPS": 1.8,
        "Diluted NI Availto Com Stockholders": 12022000.0,
        "Average Dilution Earnings": 577000.0,
        "Net Income Common Stockholders": 11445000.0,
        "Net Income": 11445000.0,
        "Net Income Including Noncontrolling Interests": 11445000.0,
        "Net Income Continuous Operations": 11445000.0,
        "Tax Provision": -47000.0,
        "Pretax Income": 11398000.0,
        "Other Income Expense": -1398000.0,
        "Other Non Operating Income Expenses": 26000.0,
        "Special Income Charges": -1424000.0,
        "Gain On Sale Of Business": 0.0,
        "Impairment Of Capital Assets": 1700000.0,
        "Restructuring And Mergern Acquisition": -276000.0,
        "Net Non Operating Interest Income Expense": -106000.0,
        "Total Other Finance Cost": 120000.0,
        "Interest Expense Non Operating": 650000.0,
        "Interest Income Non Operating": 664000.0,
        "Operating Income": 12902000.0,
        "Operating Expense": 22903000.0,
        "Depreciation Amortization Depletion Income Statement": 5594000.0,
        "Depreciation And Amortization In Income Statement": 5594000.0,
        "Amortization": 5594000.0,
        "Amortization Of Intangibles Income Statement": 5594000.0,
        "Research And Development": 379000.0,
        "Selling General And Administration": 16930000.0,
        "Gross Profit": 35805000.0,
        "Cost Of Revenue": 13654000.0,
        "Total Revenue": 49459000.0,
        "Operating Revenue": 49459000.0
    }
}