{
    "2023-03-31": {
        "Tax Effect Of Unusual Items": NaN,
        "Tax Rate For Calcs": NaN,
        "Normalized EBITDA": NaN,
        "Total Unusual Items": NaN,
        "Total Unusual Items Excluding Goodwill": NaN,
        "Net Income From Continuing Operation Net Minority Interest": NaN,
        "Reconciled Depreciation": NaN,
        "Reconciled Cost Of Revenue": NaN,
        "EBITDA": NaN,
        "EBIT": NaN,
        "Net Interest Income": NaN,
        "Interest Expense": NaN,
        "Interest Income": NaN,
        "Normalized Income": NaN,
        "Net Income From Continuing And Discontinued Operation": NaN,
        "Total Expenses": NaN,
        "Total Operating Income As Reported": NaN,
        "Diluted Average Shares": NaN,
        "Basic Average Shares": NaN,
        "Diluted EPS": NaN,
        "Basic EPS": NaN,
        "Diluted NI Availto Com Stockholders": NaN,
        "Net Income Common Stockholders": NaN,
        "Net Income": NaN,
        "Minority Interests": NaN,
        "Net Income Including Noncontrolling Interests": NaN,
        "Net Income Continuous Operations": NaN,
        "Tax Provision": NaN,
        "Pretax Income": NaN,
        "Other Income Expense": NaN,
        "Other Non Operating Income Expenses": 400000.0,
        "Special Income Charges": NaN,
        "Gain On Sale Of Ppe": NaN,
        "Write Off": NaN,
        "Impairment Of Capital Assets": NaN,
        "Restructuring And Mergern Acquisition": NaN,
        "Net Non Operating Interest Income Expense": NaN,
        "Interest Expense Non Operating": NaN,
        "Interest Income Non Operating": NaN,
        "Operating Income": NaN,
        "Operating Expense": NaN,
        "Selling General And Administration": NaN,
        "Gross Profit": NaN,
        "Cost Of Revenue": NaN,
        "Total Revenue": NaN,
        "Operating Revenue": NaN
    },
    "2022-12-31": {
        "Tax Effect Of Unusual Items": NaN,
        "Tax Rate For Calcs": NaN,
        "Normalized EBITDA": NaN,
        "Total Unusual Items": NaN,
        "Total Unusual Items Excluding Goodwill": NaN,
        "Net Income From Continuing Operation Net Minority Interest": NaN,
        "Reconciled Depreciation": NaN,
        "Reconciled Cost Of Revenue": NaN,
        "EBITDA": NaN,
        "EBIT": NaN,
        "Net Interest Income": NaN,
        "Interest Expense": NaN,
        "Interest Income": NaN,
        "Normalized Income": NaN,
        "Net Income From Continuing And Discontinued Operation": NaN,
        "Total Expenses": NaN,
        "Total Operating Income As Reported": NaN,
        "Diluted Average Shares": NaN,
        "Basic Average Shares": NaN,
        "Diluted EPS": NaN,
        "Basic EPS": NaN,
        "Diluted NI Availto Com Stockholders": NaN,
        "Net Income Common Stockholders": NaN,
        "Net Income": NaN,
        "Minority Interests": NaN,
        "Net Income Including Noncontrolling Interests": NaN,
        "Net Income Continuous Operations": NaN,
        "Tax Provision": NaN,
        "Pretax Income": NaN,
        "Other Income Expense": NaN,
        "Other Non Operating Income Expenses": NaN,
        "Special Income Charges": NaN,
        "Gain On Sale Of Ppe": NaN,
        "Write Off": NaN,
        "Impairment Of Capital Assets": 100000.0,
        "Restructuring And Mergern Acquisition": NaN,
        "Net Non Operating Interest Income Expense": NaN,
        "Interest Expense Non Operating": NaN,
        "Interest Income Non Operating": NaN,
        "Operating Income": NaN,
        "Operating Expense": NaN,
        "Research And Development": 8500000.0,
        "Selling General And Administration": NaN,
        "Gross Profit": NaN,
        "Cost Of Revenue": NaN,
        "Total Revenue": NaN,
        "Operating Revenue": NaN
    },
    "2022-09-30": {
        "Tax Effect Of Unusual Items": NaN,
        "Tax Rate For Calcs": NaN,
        "Normalized EBITDA": NaN,
        "Total Unusual Items": NaN,
        "Total Unusual Items Excluding Goodwill": NaN,
        "Net Income From Continuing Operation Net Minority Interest": NaN,
        "Reconciled Depreciation": NaN,
        "Reconciled Cost Of Revenue": NaN,
        "EBITDA": NaN,
        "EBIT": NaN,
        "Net Interest Income": NaN,
        "Interest Expense": NaN,
        "Interest Income": NaN,
        "Normalized Income": NaN,
        "Net Income From Continuing And Discontinued Operation": NaN,
        "Total Expenses": NaN,
        "Total Operating Income As Reported": NaN,
        "Diluted Average Shares": NaN,
        "Basic Average Shares": NaN,
        "Diluted EPS": NaN,
        "Basic EPS": NaN,
        "Diluted NI Availto Com Stockholders": NaN,
        "Net Income Common Stockholders": NaN,
        "Net Income": NaN,
        "Minority Interests": NaN,
        "Net Income Including Noncontrolling Interests": NaN,
        "Net Income Continuous Operations": NaN,
        "Tax Provision": NaN,
        "Pretax Income": NaN,
        "Other Income Expense": NaN,
        "Other Non Operating Income Expenses": NaN,
        "Special Income Charges": NaN,
        "Gain On Sale Of Ppe": NaN,
        "Impairment Of Capital Assets": 400000.0,
        "Restructuring And Mergern Acquisition": NaN,
        "Net Non Operating Interest Income Expense": NaN,
        "Interest Expense Non Operating": NaN,
        "Interest Income Non Operating": NaN,
        "Operating Income": NaN,
        "Operating Expense": NaN,
        "Research And Development": 8500000.0,
        "Selling General And Administration": NaN,
        "Gross Profit": NaN,
        "Cost Of Revenue": NaN,
        "Total Revenue": NaN,
        "Operating Revenue": NaN
    },
    "2022-06-30": {
        "Tax Effect Of Unusual Items": -578000.0,
        "Tax Rate For Calcs": 0.17,
        "Normalized EBITDA": 6200000.0,
        "Total Unusual Items": -3400000.0,
        "Total Unusual Items Excluding Goodwill": -3400000.0,
        "Net Income From Continuing Operation Net Minority Interest": -3900000.0,
        "Reconciled Depreciation": 6900000.0,
        "Reconciled Cost Of Revenue": 257600000.0,
        "EBITDA": 2800000.0,
        "EBIT": -4100000.0,
        "Net Interest Income": -600000.0,
        "Interest Expense": 600000.0,
        "Interest Income": 200000.0,
        "Normalized Income": -1078000.0,
        "Net Income From Continuing And Discontinued Operation": -3900000.0,
        "Total Expenses": 318800000.0,
        "Total Operating Income As Reported": -4000000.0,
        "Diluted Average Shares": 22850515.0,
        "Basic Average Shares": 22850515.0,
        "Diluted EPS": -0.17,
        "Basic EPS": -0.17,
        "Diluted NI Availto Com Stockholders": -3900000.0,
        "Net Income Common Stockholders": -3900000.0,
        "Net Income": -3900000.0,
        "Minority Interests": 0.0,
        "Net Income Including Noncontrolling Interests": -3900000.0,
        "Net Income Continuous Operations": -3900000.0,
        "Tax Provision": -800000.0,
        "Pretax Income": -4700000.0,
        "Other Income Expense": -3500000.0,
        "Other Non Operating Income Expenses": -100000.0,
        "Special Income Charges": -3400000.0,
        "Gain On Sale Of Ppe": 0.0,
        "Impairment Of Capital Assets": 3000000.0,
        "Restructuring And Mergern Acquisition": 3400000.0,
        "Net Non Operating Interest Income Expense": -600000.0,
        "Interest Expense Non Operating": 600000.0,
        "Interest Income Non Operating": 200000.0,
        "Operating Income": -600000.0,
        "Operating Expense": 61200000.0,
        "Research And Development": 7500000.0,
        "Selling General And Administration": 53700000.0,
        "Gross Profit": 60600000.0,
        "Cost Of Revenue": 257600000.0,
        "Total Revenue": 318200000.0,
        "Operating Revenue": 318200000.0
    },
    "2023-06-30": {
        "Tax Effect Of Unusual Items": NaN,
        "Tax Rate For Calcs": NaN,
        "Normalized EBITDA": NaN,
        "Total Unusual Items": NaN,
        "Total Unusual Items Excluding Goodwill": NaN,
        "Net Income From Continuing Operation Net Minority Interest": NaN,
        "Reconciled Depreciation": NaN,
        "Reconciled Cost Of Revenue": NaN,
        "EBITDA": NaN,
        "EBIT": NaN,
        "Net Interest Income": NaN,
        "Interest Expense": NaN,
        "Interest Income": NaN,
        "Normalized Income": NaN,
        "Net Income From Continuing And Discontinued Operation": NaN,
        "Total Expenses": NaN,
        "Total Operating Income As Reported": NaN,
        "Diluted Average Shares": NaN,
        "Basic Average Shares": NaN,
        "Diluted EPS": NaN,
        "Basic EPS": NaN,
        "Diluted NI Availto Com Stockholders": NaN,
        "Net Income Common Stockholders": NaN,
        "Net Income": NaN,
        "Minority Interests": NaN,
        "Net Income Including Noncontrolling Interests": NaN,
        "Net Income Continuous Operations": NaN,
        "Tax Provision": NaN,
        "Pretax Income": NaN,
        "Other Income Expense": NaN,
        "Other Non Operating Income Expenses": NaN,
        "Special Income Charges": NaN,
        "Gain On Sale Of Ppe": NaN,
        "Write Off": 800000.0,
        "Impairment Of Capital Assets": NaN,
        "Restructuring And Mergern Acquisition": NaN,
        "Net Non Operating Interest Income Expense": NaN,
        "Interest Expense Non Operating": NaN,
        "Interest Income Non Operating": NaN,
        "Operating Income": NaN,
        "Operating Expense": NaN,
        "Selling General And Administration": NaN,
        "Gross Profit": NaN,
        "Cost Of Revenue": NaN,
        "Total Revenue": NaN,
        "Operating Revenue": NaN
    },
    "2022-03-31": {
        "Diluted EPS": 0.18,
        "Total Revenue": 291,
        "Gross Profit": 65,
        "Operating Income": 4,
        "EBIT": 11,
        "Net Income": 4
    },
    "2021-12-31": {
        "Diluted EPS": -0.43,
        "Total Revenue": 267,
        "Gross Profit": 53,
        "Operating Income": -6,
        "EBIT": 1,
        "Net Income": -10
    },
    "2021-09-30": {
        "Diluted EPS": 0.39,
        "Total Revenue": 267,
        "Gross Profit": 62,
        "Operating Income": 6,
        "EBIT": 14,
        "Net Income": 9
    },
    "2021-06-30": {
        "Diluted EPS": 0.36,
        "Total Revenue": 278,
        "Gross Profit": 66,
        "Operating Income": 10,
        "EBIT": 18,
        "Net Income": 8
    },
    "2021-03-31": {
        "Diluted EPS": 0.37,
        "Total Revenue": 284,
        "Gross Profit": 68,
        "Operating Income": 10,
        "EBIT": 17,
        "Net Income": 9
    },
    "2020-12-31": {
        "Diluted EPS": 0.62,
        "Total Revenue": 239,
        "Gross Profit": 54,
        "Operating Income": 15,
        "EBIT": 23,
        "Net Income": 15
    },
    "2020-09-30": {
        "Diluted EPS": 0.07,
        "Total Revenue": 231,
        "Gross Profit": 50,
        "Operating Income": -1,
        "EBIT": 6,
        "Net Income": 2
    },
    "2020-06-30": {
        "Diluted EPS": 0.41,
        "Total Revenue": 265,
        "Gross Profit": 60,
        "Operating Income": 11,
        "EBIT": 17,
        "Net Income": 9
    },
    "2020-03-31": {
        "Diluted EPS": 0.91,
        "Total Revenue": 289,
        "Gross Profit": 73,
        "Operating Income": 15,
        "EBIT": 21,
        "Net Income": 21
    },
    "2019-12-31": {
        "Diluted EPS": -0.81,
        "Total Revenue": 283,
        "Gross Profit": 27,
        "Operating Income": -27,
        "EBIT": -20,
        "Net Income": -18
    },
    "2019-09-30": {
        "Diluted EPS": 0.13,
        "Total Revenue": 256,
        "Gross Profit": 52,
        "Operating Income": 3,
        "EBIT": 10,
        "Net Income": 3
    },
    "2019-06-30": {
        "Diluted EPS": 1.03,
        "Total Revenue": 305,
        "Gross Profit": 83,
        "Operating Income": 30,
        "EBIT": 37,
        "Net Income": 23
    },
    "2019-03-31": {
        "Diluted EPS": 0.63,
        "Total Revenue": 326,
        "Gross Profit": 77,
        "Operating Income": 18,
        "EBIT": 25,
        "Net Income": 14
    },
    "2018-12-31": {
        "Diluted EPS": -2.05,
        "Total Revenue": 317,
        "Gross Profit": -2,
        "Operating Income": -69,
        "EBIT": -62,
        "Net Income": -47
    },
    "2018-09-30": {
        "Diluted EPS": 0.3,
        "Total Revenue": 257,
        "Gross Profit": 58,
        "Operating Income": 7,
        "EBIT": 14,
        "Net Income": 7
    },
    "2018-06-30": {
        "Diluted EPS": -1.76,
        "Total Revenue": 273,
        "Gross Profit": 1,
        "Operating Income": -50,
        "EBIT": -43,
        "Net Income": -41
    },
    "2018-03-31": {
        "Diluted EPS": 0.87,
        "Total Revenue": 325,
        "Gross Profit": 78,
        "Operating Income": 26,
        "EBIT": 33,
        "Net Income": 20
    },
    "2017-12-31": {
        "Diluted EPS": 0.48,
        "Total Revenue": 312,
        "Gross Profit": 63,
        "Operating Income": 18,
        "EBIT": 25,
        "Net Income": 11
    },
    "2017-09-30": {
        "Diluted EPS": -0.12,
        "Total Revenue": 252,
        "Gross Profit": 39,
        "Operating Income": -6,
        "EBIT": 0,
        "Net Income": -3
    },
    "2017-06-30": {
        "Diluted EPS": 0.62,
        "Total Revenue": 302,
        "Gross Profit": 66,
        "Operating Income": 21,
        "EBIT": 28,
        "Net Income": 14
    },
    "2017-03-31": {
        "Diluted EPS": 0.65,
        "Total Revenue": 318,
        "Gross Profit": 76,
        "Operating Income": 23,
        "EBIT": 29,
        "Net Income": 15
    },
    "2016-12-31": {
        "Diluted EPS": 0.52,
        "Total Revenue": 327,
        "Gross Profit": 64,
        "Operating Income": 19,
        "EBIT": 26,
        "Net Income": 12
    },
    "2016-09-30": {
        "Diluted EPS": 0.3,
        "Total Revenue": 248,
        "Gross Profit": 55,
        "Operating Income": 11,
        "EBIT": 18,
        "Net Income": 7
    },
    "2016-06-30": {
        "Diluted EPS": 0.79,
        "Total Revenue": 294,
        "Gross Profit": 73,
        "Operating Income": 28,
        "EBIT": 34,
        "Net Income": 18
    },
    "2016-03-31": {
        "Diluted EPS": 0.77,
        "Total Revenue": 279,
        "Gross Profit": 72,
        "Operating Income": 28,
        "EBIT": 34,
        "Net Income": 18
    },
    "2015-12-31": {
        "Diluted EPS": 0.16,
        "Total Revenue": 215,
        "Gross Profit": 45,
        "Operating Income": 5,
        "EBIT": 11,
        "Net Income": 4
    },
    "2015-09-30": {
        "Diluted EPS": 0.1,
        "Total Revenue": 211,
        "Gross Profit": 45,
        "Operating Income": 4,
        "EBIT": 10,
        "Net Income": 2
    },
    "2015-06-30": {
        "Diluted EPS": 0.51,
        "Total Revenue": 268,
        "Gross Profit": 62,
        "Operating Income": 19,
        "EBIT": 25,
        "Net Income": 12
    },
    "2015-03-31": {
        "Diluted EPS": 0.65,
        "Total Revenue": 289,
        "Gross Profit": 66,
        "Operating Income": 22,
        "EBIT": 28,
        "Net Income": 15
    },
    "2014-12-31": {
        "Diluted EPS": 0.37,
        "Total Revenue": 240,
        "Gross Profit": 53,
        "Operating Income": 12,
        "EBIT": 18,
        "Net Income": 9
    },
    "2014-09-30": {
        "Diluted EPS": 0.08,
        "Total Revenue": 220,
        "Gross Profit": 43,
        "Operating Income": 4,
        "EBIT": 11,
        "Net Income": 2
    },
    "2014-06-30": {
        "Diluted EPS": 0.63,
        "Total Revenue": 277,
        "Gross Profit": 62,
        "Operating Income": 22,
        "EBIT": 28,
        "Net Income": 14
    },
    "2014-03-31": {
        "Diluted EPS": 0.41,
        "Total Revenue": 239,
        "Gross Profit": 57,
        "Operating Income": 13,
        "EBIT": 19,
        "Net Income": 10
    },
    "2013-12-31": {
        "Diluted EPS": 0.36,
        "Total Revenue": 224,
        "Gross Profit": 47,
        "Operating Income": 11,
        "EBIT": 16,
        "Net Income": 8
    },
    "2013-09-30": {
        "Diluted EPS": 0.28,
        "Total Revenue": 213,
        "Gross Profit": 46,
        "Operating Income": 9,
        "EBIT": 15,
        "Net Income": 7
    },
    "2013-06-30": {
        "Diluted EPS": 0.48,
        "Total Revenue": 248,
        "Gross Profit": 55,
        "Operating Income": 18,
        "EBIT": 23,
        "Net Income": 11
    },
    "2013-03-31": {
        "Diluted EPS": 0.57,
        "Total Revenue": 248,
        "Gross Profit": 59,
        "Operating Income": 18,
        "EBIT": 24,
        "Net Income": 13
    },
    "2012-12-31": {
        "Diluted EPS": 0.49,
        "Total Revenue": 228,
        "Gross Profit": 49,
        "Operating Income": 9,
        "EBIT": 15,
        "Net Income": 11
    },
    "2012-09-30": {
        "Diluted EPS": 0.3,
        "Total Revenue": 218,
        "Gross Profit": 47,
        "Operating Income": 9,
        "EBIT": 15,
        "Net Income": 7
    },
    "2012-06-30": {
        "Diluted EPS": 0.45,
        "Total Revenue": 238,
        "Gross Profit": 53,
        "Operating Income": 15,
        "EBIT": 20,
        "Net Income": 10
    },
    "2012-03-31": {
        "Diluted EPS": 0.53,
        "Total Revenue": 252,
        "Gross Profit": 59,
        "Operating Income": 18,
        "EBIT": 24,
        "Net Income": 12
    },
    "2011-12-31": {
        "Diluted EPS": 0.37,
        "Total Revenue": 216,
        "Gross Profit": 48,
        "Operating Income": 13,
        "EBIT": 18,
        "Net Income": 9
    },
    "2011-09-30": {
        "Diluted EPS": 0.34,
        "Total Revenue": 215,
        "Gross Profit": 46,
        "Operating Income": 9,
        "EBIT": 14,
        "Net Income": 8
    },
    "2011-06-30": {
        "Diluted EPS": 0.61,
        "Total Revenue": 248,
        "Gross Profit": 62,
        "Operating Income": 21,
        "EBIT": 26,
        "Net Income": 14
    },
    "2011-03-31": {
        "Diluted EPS": 0.44,
        "Total Revenue": 230,
        "Gross Profit": 55,
        "Operating Income": 15,
        "EBIT": 20,
        "Net Income": 10
    },
    "2010-12-31": {
        "Diluted EPS": 0.26,
        "Total Revenue": 157,
        "Gross Profit": 40,
        "Operating Income": 10,
        "EBIT": 14,
        "Net Income": 6
    },
    "2010-09-30": {
        "Diluted EPS": 0.32,
        "Total Revenue": 178,
        "Gross Profit": 42,
        "Operating Income": 10,
        "EBIT": 15,
        "Net Income": 7
    },
    "2010-06-30": {
        "Diluted EPS": 0.45,
        "Total Revenue": 209,
        "Gross Profit": 47,
        "Operating Income": 16,
        "EBIT": 21,
        "Net Income": 10
    },
    "2010-03-31": {
        "Diluted EPS": 0.39,
        "Total Revenue": 193,
        "Gross Profit": 46,
        "Operating Income": 13,
        "EBIT": 18,
        "Net Income": 9
    },
    "2009-12-31": {
        "Diluted EPS": -0.68,
        "Total Revenue": 178,
        "Gross Profit": 31,
        "Operating Income": -18,
        "EBIT": -13,
        "Net Income": -15
    },
    "2009-09-30": {
        "Diluted EPS": 0.15,
        "Total Revenue": 166,
        "Gross Profit": 35,
        "Operating Income": 4,
        "EBIT": 9,
        "Net Income": 3
    },
    "2009-06-30": {
        "Diluted EPS": 0.34,
        "Total Revenue": 189,
        "Gross Profit": 43,
        "Operating Income": 11,
        "EBIT": 16,
        "Net Income": 8
    },
    "2009-03-31": {
        "Diluted EPS": 0.33,
        "Total Revenue": 205,
        "Gross Profit": 44,
        "Operating Income": 12,
        "EBIT": 17,
        "Net Income": 7
    },
    "2023-09-30": {
        "Tax Effect Of Unusual Items": NaN,
        "Tax Rate For Calcs": NaN,
        "Normalized EBITDA": NaN,
        "Total Unusual Items": NaN,
        "Total Unusual Items Excluding Goodwill": NaN,
        "Net Income From Continuing Operation Net Minority Interest": NaN,
        "Reconciled Depreciation": NaN,
        "Reconciled Cost Of Revenue": NaN,
        "EBITDA": NaN,
        "EBIT": NaN,
        "Net Interest Income": NaN,
        "Interest Expense": NaN,
        "Interest Income": NaN,
        "Normalized Income": NaN,
        "Net Income From Continuing And Discontinued Operation": NaN,
        "Total Expenses": NaN,
        "Total Operating Income As Reported": NaN,
        "Diluted Average Shares": NaN,
        "Basic Average Shares": NaN,
        "Diluted EPS": NaN,
        "Basic EPS": NaN,
        "Diluted NI Availto Com Stockholders": NaN,
        "Net Income Common Stockholders": NaN,
        "Net Income": NaN,
        "Minority Interests": NaN,
        "Net Income Including Noncontrolling Interests": NaN,
        "Net Income Continuous Operations": NaN,
        "Tax Provision": NaN,
        "Pretax Income": NaN,
        "Other Income Expense": NaN,
        "Other Non Operating Income Expenses": NaN,
        "Special Income Charges": NaN,
        "Gain On Sale Of Ppe": NaN,
        "Write Off": 0.0,
        "Impairment Of Capital Assets": 0.0,
        "Restructuring And Mergern Acquisition": NaN,
        "Net Non Operating Interest Income Expense": NaN,
        "Interest Expense Non Operating": NaN,
        "Interest Income Non Operating": NaN,
        "Operating Income": NaN,
        "Operating Expense": NaN,
        "Selling General And Administration": NaN,
        "Gross Profit": NaN,
        "Cost Of Revenue": NaN,
        "Total Revenue": NaN,
        "Operating Revenue": NaN
    },
    "2023-12-31": {
        "Tax Effect Of Unusual Items": NaN,
        "Tax Rate For Calcs": NaN,
        "Normalized EBITDA": NaN,
        "Total Unusual Items": NaN,
        "Total Unusual Items Excluding Goodwill": NaN,
        "Net Income From Continuing Operation Net Minority Interest": NaN,
        "Reconciled Depreciation": NaN,
        "Reconciled Cost Of Revenue": NaN,
        "EBITDA": NaN,
        "EBIT": NaN,
        "Net Interest Income": NaN,
        "Interest Expense": NaN,
        "Interest Income": NaN,
        "Normalized Income": NaN,
        "Net Income From Continuing And Discontinued Operation": NaN,
        "Total Expenses": NaN,
        "Total Operating Income As Reported": NaN,
        "Diluted Average Shares": NaN,
        "Basic Average Shares": NaN,
        "Diluted EPS": NaN,
        "Basic EPS": NaN,
        "Diluted NI Availto Com Stockholders": NaN,
        "Net Income Common Stockholders": NaN,
        "Net Income": NaN,
        "Minority Interests": NaN,
        "Net Income Including Noncontrolling Interests": NaN,
        "Net Income Continuous Operations": NaN,
        "Tax Provision": NaN,
        "Pretax Income": NaN,
        "Other Income Expense": NaN,
        "Other Non Operating Income Expenses": NaN,
        "Special Income Charges": NaN,
        "Gain On Sale Of Ppe": NaN,
        "Write Off": NaN,
        "Impairment Of Capital Assets": 400000.0,
        "Restructuring And Mergern Acquisition": NaN,
        "Net Non Operating Interest Income Expense": NaN,
        "Interest Expense Non Operating": NaN,
        "Interest Income Non Operating": NaN,
        "Operating Income": NaN,
        "Operating Expense": NaN,
        "Selling General And Administration": NaN,
        "Gross Profit": NaN,
        "Cost Of Revenue": NaN,
        "Total Revenue": NaN,
        "Operating Revenue": NaN
    },
    "2024-03-31": {
        "Tax Effect Of Unusual Items": 238400.0,
        "Tax Rate For Calcs": 0.298,
        "Normalized EBITDA": 13100000.0,
        "Total Unusual Items": 800000.0,
        "Total Unusual Items Excluding Goodwill": 800000.0,
        "Net Income From Continuing Operation Net Minority Interest": 3400000.0,
        "Reconciled Depreciation": 6500000.0,
        "Reconciled Cost Of Revenue": 232300000.0,
        "EBITDA": 13900000.0,
        "EBIT": 7400000.0,
        "Net Interest Income": -2100000.0,
        "Interest Expense": 2700000.0,
        "Interest Income": 600000.0,
        "Normalized Income": 2838400.0,
        "Net Income From Continuing And Discontinued Operation": 3400000.0,
        "Total Expenses": 303700000.0,
        "Total Operating Income As Reported": 6300000.0,
        "Diluted Average Shares": 22835000.0,
        "Basic Average Shares": 22762000.0,
        "Diluted EPS": 0.15,
        "Basic EPS": 0.15,
        "Diluted NI Availto Com Stockholders": 3400000.0,
        "Net Income Common Stockholders": 3400000.0,
        "Net Income": 3400000.0,
        "Minority Interests": -100000.0,
        "Net Income Including Noncontrolling Interests": 3300000.0,
        "Net Income Continuous Operations": 3300000.0,
        "Tax Provision": 1400000.0,
        "Pretax Income": 4700000.0,
        "Other Income Expense": 1300000.0,
        "Other Non Operating Income Expenses": 500000.0,
        "Special Income Charges": 800000.0,
        "Gain On Sale Of Ppe": 900000.0,
        "Write Off": NaN,
        "Impairment Of Capital Assets": NaN,
        "Restructuring And Mergern Acquisition": 100000.0,
        "Net Non Operating Interest Income Expense": -2100000.0,
        "Interest Expense Non Operating": 2700000.0,
        "Interest Income Non Operating": 600000.0,
        "Operating Income": 5500000.0,
        "Operating Expense": 71400000.0,
        "Selling General And Administration": 71400000.0,
        "Gross Profit": 76900000.0,
        "Cost Of Revenue": 232300000.0,
        "Total Revenue": 309200000.0,
        "Operating Revenue": 309200000.0
    },
    "2024-06-30": {
        "Tax Effect Of Unusual Items": NaN,
        "Tax Rate For Calcs": NaN,
        "Normalized EBITDA": NaN,
        "Total Unusual Items": NaN,
        "Total Unusual Items Excluding Goodwill": NaN,
        "Net Income From Continuing Operation Net Minority Interest": NaN,
        "Reconciled Depreciation": NaN,
        "Reconciled Cost Of Revenue": NaN,
        "EBITDA": NaN,
        "EBIT": NaN,
        "Net Interest Income": NaN,
        "Interest Expense": NaN,
        "Interest Income": NaN,
        "Normalized Income": NaN,
        "Net Income From Continuing And Discontinued Operation": NaN,
        "Total Expenses": NaN,
        "Total Operating Income As Reported": NaN,
        "Diluted Average Shares": NaN,
        "Basic Average Shares": NaN,
        "Diluted EPS": NaN,
        "Basic EPS": NaN,
        "Diluted NI Availto Com Stockholders": NaN,
        "Net Income Common Stockholders": NaN,
        "Net Income": NaN,
        "Minority Interests": NaN,
        "Net Income Including Noncontrolling Interests": NaN,
        "Net Income Continuous Operations": NaN,
        "Tax Provision": NaN,
        "Pretax Income": NaN,
        "Other Income Expense": NaN,
        "Other Non Operating Income Expenses": NaN,
        "Special Income Charges": NaN,
        "Gain On Sale Of Ppe": NaN,
        "Write Off": 0.0,
        "Impairment Of Capital Assets": 20200000.0,
        "Restructuring And Mergern Acquisition": NaN,
        "Net Non Operating Interest Income Expense": NaN,
        "Interest Expense Non Operating": NaN,
        "Interest Income Non Operating": NaN,
        "Operating Income": NaN,
        "Operating Expense": NaN,
        "Selling General And Administration": NaN,
        "Gross Profit": NaN,
        "Cost Of Revenue": NaN,
        "Total Revenue": NaN,
        "Operating Revenue": NaN
    },
    "2024-09-30": {
        "Tax Effect Of Unusual Items": -2276400.0,
        "Tax Rate For Calcs": 0.271,
        "Normalized EBITDA": 9500000.0,
        "Total Unusual Items": -8400000.0,
        "Total Unusual Items Excluding Goodwill": -8400000.0,
        "Net Income From Continuing Operation Net Minority Interest": -6200000.0,
        "Reconciled Depreciation": 7000000.0,
        "Reconciled Cost Of Revenue": 224600000.0,
        "EBITDA": 1100000.0,
        "EBIT": -5900000.0,
        "Net Interest Income": -2100000.0,
        "Interest Expense": 2600000.0,
        "Interest Income": 500000.0,
        "Normalized Income": -76400.0,
        "Net Income From Continuing And Discontinued Operation": -6200000.0,
        "Total Expenses": 290200000.0,
        "Total Operating Income As Reported": -7200000.0,
        "Diluted Average Shares": 22816000.0,
        "Basic Average Shares": 22816000.0,
        "Diluted EPS": -0.27,
        "Basic EPS": -0.27,
        "Diluted NI Availto Com Stockholders": -6200000.0,
        "Net Income Common Stockholders": -6200000.0,
        "Net Income": -6200000.0,
        "Minority Interests": 0.0,
        "Net Income Including Noncontrolling Interests": -6200000.0,
        "Net Income Continuous Operations": -6200000.0,
        "Tax Provision": -2300000.0,
        "Pretax Income": -8500000.0,
        "Other Income Expense": -7600000.0,
        "Other Non Operating Income Expenses": 800000.0,
        "Special Income Charges": -8400000.0,
        "Gain On Sale Of Ppe": 0.0,
        "Write Off": 0.0,
        "Impairment Of Capital Assets": 0.0,
        "Restructuring And Mergern Acquisition": 8400000.0,
        "Net Non Operating Interest Income Expense": -2100000.0,
        "Interest Expense Non Operating": 2600000.0,
        "Interest Income Non Operating": 500000.0,
        "Operating Income": 1200000.0,
        "Operating Expense": 65600000.0,
        "Selling General And Administration": 65600000.0,
        "Gross Profit": 66800000.0,
        "Cost Of Revenue": 224600000.0,
        "Total Revenue": 291400000.0,
        "Operating Revenue": 291400000.0
    },
    "2024-12-31": {
        "Tax Effect Of Unusual Items": -430573.248408,
        "Tax Rate For Calcs": 0.33121,
        "Normalized EBITDA": 41700000.0,
        "Total Unusual Items": -1300000.0,
        "Total Unusual Items Excluding Goodwill": -1300000.0,
        "Net Income From Continuing Operation Net Minority Interest": 21100000.0,
        "Reconciled Depreciation": 6700000.0,
        "Reconciled Cost Of Revenue": 256100000.0,
        "EBITDA": 40400000.0,
        "EBIT": 33700000.0,
        "Net Interest Income": -1800000.0,
        "Interest Expense": 2300000.0,
        "Interest Income": 500000.0,
        "Normalized Income": 21969426.751592,
        "Net Income From Continuing And Discontinued Operation": 21100000.0,
        "Total Expenses": 324100000.0,
        "Total Operating Income As Reported": 34800000.0,
        "Diluted Average Shares": 22906000.0,
        "Basic Average Shares": 22821000.0,
        "Diluted EPS": 0.92,
        "Basic EPS": 0.92,
        "Diluted NI Availto Com Stockholders": 21100000.0,
        "Net Income Common Stockholders": 21100000.0,
        "Net Income": 21100000.0,
        "Minority Interests": -100000.0,
        "Net Income Including Noncontrolling Interests": 21000000.0,
        "Net Income Continuous Operations": 21000000.0,
        "Tax Provision": 10400000.0,
        "Pretax Income": 31400000.0,
        "Other Income Expense": -1700000.0,
        "Other Non Operating Income Expenses": -400000.0,
        "Special Income Charges": -100000.0,
        "Gain On Sale Of Ppe": 0.0,
        "Write Off": NaN,
        "Impairment Of Capital Assets": 0.0,
        "Restructuring And Mergern Acquisition": 100000.0,
        "Net Non Operating Interest Income Expense": -1800000.0,
        "Interest Expense Non Operating": 2300000.0,
        "Interest Income Non Operating": 500000.0,
        "Operating Income": 34900000.0,
        "Operating Expense": 68000000.0,
        "Selling General And Administration": 68000000.0,
        "Gross Profit": 102900000.0,
        "Cost Of Revenue": 256100000.0,
        "Total Revenue": 359000000.0,
        "Operating Revenue": 359000000.0
    },
    "2025-03-31": {
        "Tax Effect Of Unusual Items": 0.0,
        "Tax Rate For Calcs": 0.274,
        "Normalized EBITDA": 28100000.0,
        "Total Unusual Items": 0.0,
        "Total Unusual Items Excluding Goodwill": 0.0,
        "Net Income From Continuing Operation Net Minority Interest": 14300000.0,
        "Reconciled Depreciation": 6400000.0,
        "Reconciled Cost Of Revenue": 237000000.0,
        "EBITDA": 28100000.0,
        "EBIT": 21700000.0,
        "Net Interest Income": -1400000.0,
        "Interest Expense": 2000000.0,
        "Interest Income": 600000.0,
        "Normalized Income": 14300000.0,
        "Net Income From Continuing And Discontinued Operation": 14300000.0,
        "Total Expenses": 308900000.0,
        "Total Operating Income As Reported": 20500000.0,
        "Diluted Average Shares": 22977000.0,
        "Basic Average Shares": 22833000.0,
        "Diluted EPS": 0.62,
        "Basic EPS": 0.63,
        "Diluted NI Availto Com Stockholders": 14300000.0,
        "Net Income Common Stockholders": 14300000.0,
        "Net Income": 14300000.0,
        "Minority Interests": 0.0,
        "Net Income Including Noncontrolling Interests": 14300000.0,
        "Net Income Continuous Operations": 14300000.0,
        "Tax Provision": 5400000.0,
        "Pretax Income": 19700000.0,
        "Other Income Expense": 600000.0,
        "Other Non Operating Income Expenses": 600000.0,
        "Special Income Charges": 0.0,
        "Gain On Sale Of Ppe": 0.0,
        "Write Off": NaN,
        "Impairment Of Capital Assets": NaN,
        "Restructuring And Mergern Acquisition": 0.0,
        "Net Non Operating Interest Income Expense": -1400000.0,
        "Interest Expense Non Operating": 2000000.0,
        "Interest Income Non Operating": 600000.0,
        "Operating Income": 20500000.0,
        "Operating Expense": 71900000.0,
        "Selling General And Administration": 71900000.0,
        "Gross Profit": 92400000.0,
        "Cost Of Revenue": 237000000.0,
        "Total Revenue": 329400000.0,
        "Operating Revenue": 329400000.0
    },
    "2025-06-30": {
        "Tax Effect Of Unusual Items": 25700.0,
        "Tax Rate For Calcs": 0.257,
        "Normalized EBITDA": 30600000.0,
        "Total Unusual Items": 100000.0,
        "Total Unusual Items Excluding Goodwill": 100000.0,
        "Net Income From Continuing Operation Net Minority Interest": 16700000.0,
        "Reconciled Depreciation": 6000000.0,
        "Reconciled Cost Of Revenue": 242000000.0,
        "EBITDA": 30700000.0,
        "EBIT": 24700000.0,
        "Net Interest Income": -500000.0,
        "Interest Expense": 2100000.0,
        "Interest Income": 1600000.0,
        "Normalized Income": 16625700.0,
        "Net Income From Continuing And Discontinued Operation": 16700000.0,
        "Total Expenses": 309000000.0,
        "Total Operating Income As Reported": 21400000.0,
        "Diluted Average Shares": 23075000.0,
        "Basic Average Shares": 22877000.0,
        "Diluted EPS": 0.72,
        "Basic EPS": 0.73,
        "Diluted NI Availto Com Stockholders": 16700000.0,
        "Net Income Common Stockholders": 16700000.0,
        "Net Income": 16700000.0,
        "Minority Interests": 100000.0,
        "Net Income Including Noncontrolling Interests": 16800000.0,
        "Net Income Continuous Operations": 16800000.0,
        "Tax Provision": 5800000.0,
        "Pretax Income": 22600000.0,
        "Other Income Expense": 1800000.0,
        "Other Non Operating Income Expenses": 1700000.0,
        "Special Income Charges": 100000.0,
        "Gain On Sale Of Ppe": 100000.0,
        "Write Off": NaN,
        "Impairment Of Capital Assets": 0.0,
        "Restructuring And Mergern Acquisition": 0.0,
        "Net Non Operating Interest Income Expense": -500000.0,
        "Interest Expense Non Operating": 2100000.0,
        "Interest Income Non Operating": 1600000.0,
        "Operating Income": 21300000.0,
        "Operating Expense": 67000000.0,
        "Selling General And Administration": 67000000.0,
        "Gross Profit": 88300000.0,
        "Cost Of Revenue": 242000000.0,
        "Total Revenue": 330300000.0,
        "Operating Revenue": 330300000.0
    },
    "2025-09-30": {
        "Tax Effect Of Unusual Items": 35200.0,
        "Tax Rate For Calcs": 0.176,
        "Normalized EBITDA": 14300000.0,
        "Total Unusual Items": 200000.0,
        "Total Unusual Items Excluding Goodwill": 200000.0,
        "Net Income From Continuing Operation Net Minority Interest": -4200000.0,
        "Reconciled Depreciation": 12300000.0,
        "Reconciled Cost Of Revenue": 265900000.0,
        "EBITDA": 14500000.0,
        "EBIT": 2200000.0,
        "Net Interest Income": -6600000.0,
        "Interest Expense": 7300000.0,
        "Interest Income": 700000.0,
        "Normalized Income": -4364800.0,
        "Net Income From Continuing And Discontinued Operation": -4200000.0,
        "Total Expenses": 349200000.0,
        "Total Operating Income As Reported": 1100000.0,
        "Diluted Average Shares": 22890000.0,
        "Basic Average Shares": 22890000.0,
        "Diluted EPS": -0.18,
        "Basic EPS": -0.18,
        "Diluted NI Availto Com Stockholders": -4200000.0,
        "Net Income Common Stockholders": -4200000.0,
        "Net Income": -4200000.0,
        "Minority Interests": 0.0,
        "Net Income Including Noncontrolling Interests": -4200000.0,
        "Net Income Continuous Operations": -4200000.0,
        "Tax Provision": -900000.0,
        "Pretax Income": -5100000.0,
        "Other Income Expense": 600000.0,
        "Other Non Operating Income Expenses": 400000.0,
        "Special Income Charges": 200000.0,
        "Gain On Sale Of Ppe": 0.0,
        "Write Off": NaN,
        "Impairment Of Capital Assets": 0.0,
        "Restructuring And Mergern Acquisition": -200000.0,
        "Net Non Operating Interest Income Expense": -6600000.0,
        "Interest Expense Non Operating": 7300000.0,
        "Interest Income Non Operating": 700000.0,
        "Operating Income": 900000.0,
        "Operating Expense": 83300000.0,
        "Selling General And Administration": 83300000.0,
        "Gross Profit": 84200000.0,
        "Cost Of Revenue": 265900000.0,
        "Total Revenue": 350100000.0,
        "Operating Revenue": 350100000.0
    }
}