{
    "2023-03-31": {
        "Tax Effect Of Unusual Items": NaN,
        "Tax Rate For Calcs": NaN,
        "Normalized EBITDA": NaN,
        "Total Unusual Items": NaN,
        "Total Unusual Items Excluding Goodwill": NaN,
        "Net Income From Continuing Operation Net Minority Interest": NaN,
        "Reconciled Depreciation": NaN,
        "Reconciled Cost Of Revenue": NaN,
        "EBITDA": NaN,
        "EBIT": NaN,
        "Net Interest Income": NaN,
        "Interest Expense": NaN,
        "Interest Income": 349000.0,
        "Normalized Income": NaN,
        "Net Income From Continuing And Discontinued Operation": NaN,
        "Total Expenses": NaN,
        "Total Operating Income As Reported": NaN,
        "Diluted Average Shares": 21041000.0,
        "Basic Average Shares": 20347000.0,
        "Diluted EPS": 0.02,
        "Basic EPS": 0.02,
        "Diluted NI Availto Com Stockholders": NaN,
        "Net Income Common Stockholders": NaN,
        "Net Income": NaN,
        "Net Income Including Noncontrolling Interests": NaN,
        "Net Income Continuous Operations": NaN,
        "Tax Provision": NaN,
        "Pretax Income": NaN,
        "Other Income Expense": 83000.0,
        "Other Non Operating Income Expenses": 83000.0,
        "Special Income Charges": NaN,
        "Other Special Charges": NaN,
        "Net Non Operating Interest Income Expense": NaN,
        "Interest Expense Non Operating": NaN,
        "Interest Income Non Operating": 349000.0,
        "Operating Income": NaN,
        "Operating Expense": NaN,
        "Depreciation Amortization Depletion Income Statement": NaN,
        "Depreciation And Amortization In Income Statement": NaN,
        "Amortization": NaN,
        "Amortization Of Intangibles Income Statement": NaN,
        "Research And Development": NaN,
        "Selling General And Administration": NaN,
        "Selling And Marketing Expense": NaN,
        "General And Administrative Expense": NaN,
        "Other Gand A": NaN,
        "Gross Profit": NaN,
        "Cost Of Revenue": NaN,
        "Total Revenue": NaN,
        "Operating Revenue": NaN
    },
    "2022-12-31": {
        "Tax Effect Of Unusual Items": NaN,
        "Tax Rate For Calcs": NaN,
        "Normalized EBITDA": NaN,
        "Total Unusual Items": -180000.0,
        "Total Unusual Items Excluding Goodwill": -180000.0,
        "Net Income From Continuing Operation Net Minority Interest": NaN,
        "Reconciled Depreciation": NaN,
        "Reconciled Cost Of Revenue": NaN,
        "EBITDA": NaN,
        "EBIT": NaN,
        "Net Interest Income": NaN,
        "Interest Expense": NaN,
        "Interest Income": NaN,
        "Normalized Income": NaN,
        "Net Income From Continuing And Discontinued Operation": NaN,
        "Total Expenses": NaN,
        "Total Operating Income As Reported": NaN,
        "Diluted Average Shares": 20379000.0,
        "Basic Average Shares": 20379000.0,
        "Diluted EPS": -0.05,
        "Basic EPS": -0.05,
        "Diluted NI Availto Com Stockholders": NaN,
        "Net Income Common Stockholders": NaN,
        "Net Income": NaN,
        "Net Income Including Noncontrolling Interests": NaN,
        "Net Income Continuous Operations": NaN,
        "Tax Provision": NaN,
        "Pretax Income": NaN,
        "Other Income Expense": NaN,
        "Other Non Operating Income Expenses": NaN,
        "Special Income Charges": -180000.0,
        "Other Special Charges": NaN,
        "Net Non Operating Interest Income Expense": NaN,
        "Interest Expense Non Operating": NaN,
        "Interest Income Non Operating": NaN,
        "Operating Income": NaN,
        "Operating Expense": NaN,
        "Depreciation Amortization Depletion Income Statement": NaN,
        "Depreciation And Amortization In Income Statement": NaN,
        "Amortization": NaN,
        "Amortization Of Intangibles Income Statement": NaN,
        "Research And Development": NaN,
        "Selling General And Administration": NaN,
        "Selling And Marketing Expense": NaN,
        "General And Administrative Expense": NaN,
        "Other Gand A": NaN,
        "Gross Profit": NaN,
        "Cost Of Revenue": NaN,
        "Total Revenue": NaN,
        "Operating Revenue": NaN
    },
    "2022-09-30": {
        "Tax Effect Of Unusual Items": NaN,
        "Tax Rate For Calcs": NaN,
        "Normalized EBITDA": NaN,
        "Total Unusual Items": 0.0,
        "Total Unusual Items Excluding Goodwill": 0.0,
        "Net Income From Continuing Operation Net Minority Interest": NaN,
        "Reconciled Depreciation": NaN,
        "Reconciled Cost Of Revenue": NaN,
        "EBITDA": NaN,
        "EBIT": NaN,
        "Net Interest Income": NaN,
        "Interest Expense": NaN,
        "Interest Income": NaN,
        "Normalized Income": NaN,
        "Net Income From Continuing And Discontinued Operation": NaN,
        "Total Expenses": NaN,
        "Total Operating Income As Reported": NaN,
        "Diluted Average Shares": NaN,
        "Basic Average Shares": NaN,
        "Diluted EPS": NaN,
        "Basic EPS": NaN,
        "Diluted NI Availto Com Stockholders": NaN,
        "Net Income Common Stockholders": NaN,
        "Net Income": NaN,
        "Net Income Including Noncontrolling Interests": NaN,
        "Net Income Continuous Operations": NaN,
        "Tax Provision": NaN,
        "Pretax Income": NaN,
        "Other Income Expense": NaN,
        "Other Non Operating Income Expenses": NaN,
        "Special Income Charges": 0.0,
        "Other Special Charges": NaN,
        "Net Non Operating Interest Income Expense": NaN,
        "Interest Expense Non Operating": NaN,
        "Interest Income Non Operating": NaN,
        "Operating Income": NaN,
        "Operating Expense": NaN,
        "Depreciation Amortization Depletion Income Statement": NaN,
        "Depreciation And Amortization In Income Statement": NaN,
        "Amortization": NaN,
        "Amortization Of Intangibles Income Statement": NaN,
        "Research And Development": NaN,
        "Selling General And Administration": NaN,
        "Selling And Marketing Expense": NaN,
        "General And Administrative Expense": NaN,
        "Other Gand A": NaN,
        "Gross Profit": NaN,
        "Cost Of Revenue": NaN,
        "Total Revenue": NaN,
        "Operating Revenue": NaN
    },
    "2022-06-30": {
        "Tax Effect Of Unusual Items": 0.0,
        "Tax Rate For Calcs": 0.4,
        "Normalized EBITDA": 346000.0,
        "Total Unusual Items": NaN,
        "Total Unusual Items Excluding Goodwill": NaN,
        "Net Income From Continuing Operation Net Minority Interest": -5860000.0,
        "Reconciled Depreciation": 5047000.0,
        "Reconciled Cost Of Revenue": 6344000.0,
        "EBITDA": 346000.0,
        "EBIT": -4701000.0,
        "Net Interest Income": -1085000.0,
        "Interest Expense": 1085000.0,
        "Normalized Income": -5860000.0,
        "Net Income From Continuing And Discontinued Operation": -5860000.0,
        "Total Expenses": 26148000.0,
        "Total Operating Income As Reported": -5848000.0,
        "Diluted Average Shares": 20106000.0,
        "Basic Average Shares": 20106000.0,
        "Diluted EPS": -0.29,
        "Basic EPS": -0.29,
        "Diluted NI Availto Com Stockholders": -5860000.0,
        "Net Income Common Stockholders": -5860000.0,
        "Net Income": -5860000.0,
        "Net Income Including Noncontrolling Interests": -5860000.0,
        "Net Income Continuous Operations": -5860000.0,
        "Tax Provision": 74000.0,
        "Pretax Income": -5786000.0,
        "Other Income Expense": 1147000.0,
        "Other Non Operating Income Expenses": 1147000.0,
        "Special Income Charges": NaN,
        "Net Non Operating Interest Income Expense": -1085000.0,
        "Interest Expense Non Operating": 1085000.0,
        "Operating Income": -5848000.0,
        "Operating Expense": 18109000.0,
        "Depreciation Amortization Depletion Income Statement": 3352000.0,
        "Depreciation And Amortization In Income Statement": 3352000.0,
        "Amortization": 3352000.0,
        "Amortization Of Intangibles Income Statement": 3352000.0,
        "Research And Development": 1472000.0,
        "Selling General And Administration": 13285000.0,
        "Selling And Marketing Expense": 4589000.0,
        "General And Administrative Expense": 8696000.0,
        "Other Gand A": 8696000.0,
        "Gross Profit": 12261000.0,
        "Cost Of Revenue": 8039000.0,
        "Total Revenue": 20300000.0,
        "Operating Revenue": 20300000.0
    },
    "2022-03-31": {
        "Diluted EPS": -0.15,
        "Total Revenue": 24,
        "Gross Profit": 15,
        "Operating Income": -2,
        "EBIT": 3,
        "Net Income": -3
    },
    "2021-12-31": {
        "Diluted EPS": -0.24,
        "Total Revenue": 21,
        "Gross Profit": 13,
        "Operating Income": -3,
        "EBIT": 2,
        "Net Income": -4
    },
    "2021-09-30": {
        "Diluted EPS": 0.28,
        "Total Revenue": 18,
        "Gross Profit": 11,
        "Operating Income": -4,
        "EBIT": 0,
        "Net Income": 5
    },
    "2021-06-30": {
        "Diluted EPS": 0.2,
        "Total Revenue": 17,
        "Gross Profit": 10,
        "Operating Income": -4,
        "EBIT": 0,
        "Net Income": 4
    },
    "2021-03-31": {
        "Diluted EPS": -0.08,
        "Total Revenue": 20,
        "Gross Profit": 12,
        "Operating Income": -1,
        "EBIT": 3,
        "Net Income": -2
    },
    "2020-12-31": {
        "Diluted EPS": -0.37,
        "Total Revenue": 16,
        "Gross Profit": 10,
        "Operating Income": -5,
        "EBIT": -1,
        "Net Income": -6
    },
    "2020-09-30": {
        "Diluted EPS": -0.3,
        "Total Revenue": 16,
        "Gross Profit": 9,
        "Operating Income": -5,
        "EBIT": 0,
        "Net Income": -5
    },
    "2020-06-30": {
        "Diluted EPS": -0.25,
        "Total Revenue": 14,
        "Gross Profit": 8,
        "Operating Income": -4,
        "EBIT": 1,
        "Net Income": -4
    },
    "2020-03-31": {
        "Diluted EPS": -0.11,
        "Total Revenue": 19,
        "Gross Profit": 11,
        "Operating Income": -2,
        "EBIT": 2,
        "Net Income": -2
    },
    "2019-12-31": {
        "Diluted EPS": 2.66,
        "Total Revenue": 18,
        "Gross Profit": 8,
        "Operating Income": -44,
        "EBIT": -2,
        "Net Income": 41
    },
    "2019-09-30": {
        "Diluted EPS": -0.22,
        "Total Revenue": 18,
        "Gross Profit": 11,
        "Operating Income": -3,
        "EBIT": 1,
        "Net Income": -3
    },
    "2019-06-30": {
        "Diluted EPS": -0.32,
        "Total Revenue": 17,
        "Gross Profit": 10,
        "Operating Income": -3,
        "EBIT": 1,
        "Net Income": -5
    },
    "2019-03-31": {
        "Diluted EPS": -0.19,
        "Total Revenue": 20,
        "Gross Profit": 14,
        "Operating Income": 0,
        "EBIT": 4,
        "Net Income": -3
    },
    "2018-12-31": {
        "Diluted EPS": 0.14,
        "Total Revenue": -1,
        "Gross Profit": -4,
        "Operating Income": -8,
        "EBIT": -3,
        "Net Income": 2
    },
    "2018-09-30": {
        "Diluted EPS": -0.24,
        "Total Revenue": 23,
        "Gross Profit": 15,
        "Operating Income": -2,
        "EBIT": 2,
        "Net Income": -4
    },
    "2018-06-30": {
        "Diluted EPS": -0.29,
        "Total Revenue": 22,
        "Gross Profit": 15,
        "Operating Income": -1,
        "EBIT": 2,
        "Net Income": -4
    },
    "2018-03-31": {
        "Diluted EPS": -0.15,
        "Total Revenue": 19,
        "Gross Profit": 14,
        "Operating Income": 0,
        "EBIT": 2,
        "Net Income": -2
    },
    "2017-12-31": {
        "Diluted EPS": -0.13,
        "Total Revenue": 15,
        "Gross Profit": 11,
        "Operating Income": 0,
        "EBIT": 1,
        "Net Income": -2
    },
    "2017-09-30": {
        "Diluted EPS": -0.1,
        "Total Revenue": 16,
        "Gross Profit": 12,
        "Operating Income": 0,
        "EBIT": 2,
        "Net Income": -1
    },
    "2017-06-30": {
        "Diluted EPS": -0.18,
        "Total Revenue": 13,
        "Gross Profit": 10,
        "Operating Income": -1,
        "EBIT": 1,
        "Net Income": -2
    },
    "2017-03-31": {
        "Diluted EPS": -0.12,
        "Total Revenue": 11,
        "Gross Profit": 8,
        "Operating Income": 0,
        "EBIT": 1,
        "Net Income": -1
    },
    "2016-12-31": {
        "Diluted EPS": 0.03,
        "Total Revenue": 10,
        "Gross Profit": 8,
        "Operating Income": 1,
        "EBIT": 2,
        "Net Income": 0
    },
    "2016-09-30": {
        "Diluted EPS": 0.05,
        "Total Revenue": 9,
        "Gross Profit": 7,
        "Operating Income": 1,
        "EBIT": 2,
        "Net Income": 0
    },
    "2016-06-30": {
        "Diluted EPS": 0.02,
        "Total Revenue": 10,
        "Gross Profit": 7,
        "Operating Income": 1,
        "EBIT": 2,
        "Net Income": 0
    },
    "2016-03-31": {
        "Diluted EPS": -0.25,
        "Total Revenue": 7,
        "Gross Profit": 5,
        "Operating Income": -1,
        "EBIT": -1,
        "Net Income": -2
    },
    "2015-12-31": {
        "Diluted EPS": -0.13,
        "Total Revenue": 7,
        "Gross Profit": 5,
        "Operating Income": 0,
        "EBIT": 0,
        "Net Income": -1
    },
    "2015-09-30": {
        "Diluted EPS": -0.09,
        "Total Revenue": 7,
        "Gross Profit": 5,
        "Operating Income": 0,
        "EBIT": 1,
        "Net Income": -1
    },
    "2015-06-30": {
        "Diluted EPS": 0.02,
        "Total Revenue": 7,
        "Gross Profit": 5,
        "Operating Income": 0,
        "EBIT": 1,
        "Net Income": 0
    },
    "2015-03-31": {
        "Diluted EPS": -0.08,
        "Total Revenue": 6,
        "Gross Profit": 5,
        "Operating Income": 0,
        "EBIT": 1,
        "Net Income": 0
    },
    "2014-12-31": {
        "Diluted EPS": 0.02,
        "Total Revenue": 7,
        "Gross Profit": 5,
        "Operating Income": 0,
        "EBIT": 1,
        "Net Income": 0
    },
    "2014-09-30": {
        "Diluted EPS": 0.03,
        "Total Revenue": 7,
        "Gross Profit": 5,
        "Operating Income": 1,
        "EBIT": 1,
        "Net Income": 0
    },
    "2014-06-30": {
        "Diluted EPS": 0.0,
        "Total Revenue": 7,
        "Gross Profit": 5,
        "Operating Income": 0,
        "EBIT": 1,
        "Net Income": 0
    },
    "2014-03-31": {
        "Diluted EPS": -0.09,
        "Total Revenue": 7,
        "Gross Profit": 5,
        "Operating Income": 0,
        "EBIT": 1,
        "Net Income": -1
    },
    "2013-12-31": {
        "Diluted EPS": 0.0,
        "Total Revenue": 7,
        "Gross Profit": 5,
        "Operating Income": 1,
        "EBIT": 1,
        "Net Income": 0
    },
    "2013-09-30": {
        "Diluted EPS": 0.02,
        "Total Revenue": 6,
        "Gross Profit": 5,
        "Operating Income": 0,
        "EBIT": 1,
        "Net Income": 0
    },
    "2013-06-30": {
        "Diluted EPS": -0.1,
        "Total Revenue": 6,
        "Gross Profit": 5,
        "Operating Income": 0,
        "EBIT": 1,
        "Net Income": -1
    },
    "2013-03-31": {
        "Diluted EPS": -0.21,
        "Total Revenue": 6,
        "Gross Profit": 4,
        "Operating Income": 0,
        "EBIT": 1,
        "Net Income": -1
    },
    "2012-12-31": {
        "Diluted EPS": -0.13,
        "Total Revenue": 6,
        "Gross Profit": 4,
        "Operating Income": 0,
        "EBIT": 1,
        "Net Income": -1
    },
    "2012-09-30": {
        "Diluted EPS": -0.23,
        "Total Revenue": 6,
        "Gross Profit": 5,
        "Operating Income": -1,
        "EBIT": 0,
        "Net Income": -1
    },
    "2012-06-30": {
        "Diluted EPS": -0.06,
        "Total Revenue": 4,
        "Gross Profit": 3,
        "Operating Income": 0,
        "EBIT": 0,
        "Net Income": 0
    },
    "2012-03-31": {
        "Diluted EPS": -0.18,
        "Total Revenue": 4,
        "Gross Profit": 3,
        "Operating Income": 0,
        "EBIT": 1,
        "Net Income": -1
    },
    "2011-12-31": {
        "Diluted EPS": -0.15,
        "Total Revenue": 4,
        "Gross Profit": 3,
        "Operating Income": 0,
        "EBIT": 0,
        "Net Income": -1
    },
    "2011-09-30": {
        "Diluted EPS": 0.01,
        "Total Revenue": 3,
        "Gross Profit": 2,
        "Operating Income": 0,
        "EBIT": 0,
        "Net Income": 0
    },
    "2011-06-30": {
        "Diluted EPS": 0.01,
        "Total Revenue": 2,
        "Gross Profit": 2,
        "Operating Income": 0,
        "EBIT": 0,
        "Net Income": 0
    },
    "2011-03-31": {
        "Diluted EPS": -0.01,
        "Total Revenue": 2,
        "Gross Profit": 2,
        "Operating Income": 0,
        "EBIT": 0,
        "Net Income": 0
    },
    "2010-12-31": {
        "Diluted EPS": 0.01,
        "Total Revenue": 2,
        "Gross Profit": 2,
        "Operating Income": 0,
        "EBIT": 0,
        "Net Income": 0
    },
    "2010-09-30": {
        "Diluted EPS": 0.0,
        "Total Revenue": 3,
        "Gross Profit": 2,
        "Operating Income": 0,
        "EBIT": 0,
        "Net Income": 0
    },
    "2010-06-30": {
        "Diluted EPS": -0.22,
        "Total Revenue": 3,
        "Gross Profit": 2,
        "Operating Income": -1,
        "EBIT": -1,
        "Net Income": -1
    },
    "2010-03-31": {
        "Diluted EPS": -0.04,
        "Total Revenue": 2,
        "Gross Profit": 2,
        "Operating Income": 0,
        "EBIT": 0,
        "Net Income": 0
    },
    "2009-12-31": {
        "Diluted EPS": 0.0,
        "Total Revenue": NaN,
        "Gross Profit": NaN,
        "Operating Income": NaN,
        "EBIT": NaN,
        "Net Income": NaN
    },
    "2009-10-31": {
        "Diluted EPS": -0.33,
        "Total Revenue": 2,
        "Gross Profit": 2,
        "Operating Income": -1,
        "EBIT": -1,
        "Net Income": -2
    },
    "2009-09-30": {
        "Diluted EPS": -1.03,
        "Total Revenue": 2,
        "Gross Profit": 2,
        "Operating Income": -5,
        "EBIT": -5,
        "Net Income": -5
    },
    "2009-07-31": {
        "Diluted EPS": 0.0,
        "Total Revenue": NaN,
        "Gross Profit": NaN,
        "Operating Income": NaN,
        "EBIT": NaN,
        "Net Income": NaN
    },
    "2009-06-30": {
        "Diluted EPS": -0.54,
        "Total Revenue": 2,
        "Gross Profit": 2,
        "Operating Income": -2,
        "EBIT": -2,
        "Net Income": -3
    },
    "2009-04-30": {
        "Diluted EPS": -0.27,
        "Total Revenue": 2,
        "Gross Profit": 2,
        "Operating Income": -1,
        "EBIT": -1,
        "Net Income": -1
    },
    "2009-03-31": {
        "Diluted EPS": -0.29,
        "Total Revenue": 3,
        "Gross Profit": 2,
        "Operating Income": -1,
        "EBIT": -1,
        "Net Income": -1
    },
    "2009-01-31": {
        "Diluted EPS": -0.33,
        "Total Revenue": 2,
        "Gross Profit": 2,
        "Operating Income": -2,
        "EBIT": -2,
        "Net Income": -2
    },
    "2023-06-30": {
        "Tax Effect Of Unusual Items": NaN,
        "Tax Rate For Calcs": NaN,
        "Normalized EBITDA": NaN,
        "Total Unusual Items": NaN,
        "Total Unusual Items Excluding Goodwill": NaN,
        "Net Income From Continuing Operation Net Minority Interest": NaN,
        "Reconciled Depreciation": NaN,
        "Reconciled Cost Of Revenue": NaN,
        "EBITDA": NaN,
        "EBIT": NaN,
        "Net Interest Income": NaN,
        "Interest Expense": NaN,
        "Interest Income": NaN,
        "Normalized Income": NaN,
        "Net Income From Continuing And Discontinued Operation": NaN,
        "Total Expenses": NaN,
        "Total Operating Income As Reported": NaN,
        "Diluted Average Shares": 20651000.0,
        "Basic Average Shares": 20651000.0,
        "Diluted EPS": -0.18,
        "Basic EPS": -0.18,
        "Diluted NI Availto Com Stockholders": NaN,
        "Net Income Common Stockholders": NaN,
        "Net Income": NaN,
        "Net Income Including Noncontrolling Interests": NaN,
        "Net Income Continuous Operations": NaN,
        "Tax Provision": NaN,
        "Pretax Income": NaN,
        "Other Income Expense": -93000.0,
        "Other Non Operating Income Expenses": -93000.0,
        "Special Income Charges": NaN,
        "Other Special Charges": NaN,
        "Net Non Operating Interest Income Expense": NaN,
        "Interest Expense Non Operating": NaN,
        "Interest Income Non Operating": NaN,
        "Operating Income": NaN,
        "Operating Expense": NaN,
        "Depreciation Amortization Depletion Income Statement": NaN,
        "Depreciation And Amortization In Income Statement": NaN,
        "Amortization": NaN,
        "Amortization Of Intangibles Income Statement": NaN,
        "Research And Development": NaN,
        "Selling General And Administration": NaN,
        "Selling And Marketing Expense": NaN,
        "General And Administrative Expense": NaN,
        "Other Gand A": NaN,
        "Gross Profit": NaN,
        "Cost Of Revenue": NaN,
        "Total Revenue": NaN,
        "Operating Revenue": NaN
    },
    "2023-09-30": {
        "Tax Effect Of Unusual Items": NaN,
        "Tax Rate For Calcs": NaN,
        "Normalized EBITDA": NaN,
        "Total Unusual Items": -1517000.0,
        "Total Unusual Items Excluding Goodwill": -1517000.0,
        "Net Income From Continuing Operation Net Minority Interest": NaN,
        "Reconciled Depreciation": NaN,
        "Reconciled Cost Of Revenue": NaN,
        "EBITDA": NaN,
        "EBIT": NaN,
        "Net Interest Income": NaN,
        "Interest Expense": NaN,
        "Interest Income": NaN,
        "Normalized Income": NaN,
        "Net Income From Continuing And Discontinued Operation": NaN,
        "Total Expenses": NaN,
        "Total Operating Income As Reported": NaN,
        "Diluted Average Shares": NaN,
        "Basic Average Shares": NaN,
        "Diluted EPS": NaN,
        "Basic EPS": NaN,
        "Diluted NI Availto Com Stockholders": NaN,
        "Net Income Common Stockholders": NaN,
        "Net Income": NaN,
        "Net Income Including Noncontrolling Interests": NaN,
        "Net Income Continuous Operations": NaN,
        "Tax Provision": NaN,
        "Pretax Income": NaN,
        "Other Income Expense": -1800000.0,
        "Other Non Operating Income Expenses": -283000.0,
        "Special Income Charges": -1517000.0,
        "Other Special Charges": 1517000.0,
        "Net Non Operating Interest Income Expense": NaN,
        "Interest Expense Non Operating": NaN,
        "Interest Income Non Operating": NaN,
        "Operating Income": NaN,
        "Operating Expense": NaN,
        "Depreciation Amortization Depletion Income Statement": NaN,
        "Depreciation And Amortization In Income Statement": NaN,
        "Amortization": NaN,
        "Amortization Of Intangibles Income Statement": NaN,
        "Research And Development": NaN,
        "Selling General And Administration": NaN,
        "Selling And Marketing Expense": NaN,
        "General And Administrative Expense": NaN,
        "Other Gand A": NaN,
        "Gross Profit": NaN,
        "Cost Of Revenue": NaN,
        "Total Revenue": NaN,
        "Operating Revenue": NaN
    },
    "2023-12-31": {
        "Tax Effect Of Unusual Items": NaN,
        "Tax Rate For Calcs": NaN,
        "Normalized EBITDA": NaN,
        "Total Unusual Items": 0.0,
        "Total Unusual Items Excluding Goodwill": 0.0,
        "Net Income From Continuing Operation Net Minority Interest": NaN,
        "Reconciled Depreciation": NaN,
        "Reconciled Cost Of Revenue": NaN,
        "EBITDA": NaN,
        "EBIT": NaN,
        "Net Interest Income": NaN,
        "Interest Expense": NaN,
        "Interest Income": NaN,
        "Normalized Income": NaN,
        "Net Income From Continuing And Discontinued Operation": NaN,
        "Total Expenses": NaN,
        "Total Operating Income As Reported": NaN,
        "Diluted Average Shares": NaN,
        "Basic Average Shares": NaN,
        "Diluted EPS": NaN,
        "Basic EPS": NaN,
        "Diluted NI Availto Com Stockholders": NaN,
        "Net Income Common Stockholders": NaN,
        "Net Income": NaN,
        "Net Income Including Noncontrolling Interests": NaN,
        "Net Income Continuous Operations": NaN,
        "Tax Provision": NaN,
        "Pretax Income": NaN,
        "Other Income Expense": -1000.0,
        "Other Non Operating Income Expenses": -1000.0,
        "Special Income Charges": 0.0,
        "Other Special Charges": 0.0,
        "Net Non Operating Interest Income Expense": NaN,
        "Interest Expense Non Operating": NaN,
        "Interest Income Non Operating": NaN,
        "Operating Income": NaN,
        "Operating Expense": NaN,
        "Depreciation Amortization Depletion Income Statement": NaN,
        "Depreciation And Amortization In Income Statement": NaN,
        "Amortization": NaN,
        "Amortization Of Intangibles Income Statement": NaN,
        "Research And Development": NaN,
        "Selling General And Administration": NaN,
        "Selling And Marketing Expense": NaN,
        "General And Administrative Expense": NaN,
        "Other Gand A": NaN,
        "Gross Profit": NaN,
        "Cost Of Revenue": NaN,
        "Total Revenue": NaN,
        "Operating Revenue": NaN
    },
    "2024-03-31": {
        "Tax Effect Of Unusual Items": NaN,
        "Tax Rate For Calcs": NaN,
        "Normalized EBITDA": NaN,
        "Total Unusual Items": NaN,
        "Total Unusual Items Excluding Goodwill": NaN,
        "Net Income From Continuing Operation Net Minority Interest": NaN,
        "Reconciled Depreciation": NaN,
        "Reconciled Cost Of Revenue": NaN,
        "EBITDA": NaN,
        "EBIT": NaN,
        "Net Interest Income": NaN,
        "Interest Expense": NaN,
        "Interest Income": NaN,
        "Normalized Income": NaN,
        "Net Income From Continuing And Discontinued Operation": NaN,
        "Total Expenses": NaN,
        "Total Operating Income As Reported": NaN,
        "Diluted Average Shares": NaN,
        "Basic Average Shares": NaN,
        "Diluted EPS": NaN,
        "Basic EPS": NaN,
        "Diluted NI Availto Com Stockholders": NaN,
        "Net Income Common Stockholders": NaN,
        "Net Income": NaN,
        "Net Income Including Noncontrolling Interests": NaN,
        "Net Income Continuous Operations": NaN,
        "Tax Provision": NaN,
        "Pretax Income": NaN,
        "Other Income Expense": 10000.0,
        "Other Non Operating Income Expenses": 10000.0,
        "Special Income Charges": NaN,
        "Net Non Operating Interest Income Expense": NaN,
        "Interest Expense Non Operating": NaN,
        "Interest Income Non Operating": NaN,
        "Operating Income": NaN,
        "Operating Expense": NaN,
        "Depreciation Amortization Depletion Income Statement": NaN,
        "Depreciation And Amortization In Income Statement": NaN,
        "Amortization": NaN,
        "Amortization Of Intangibles Income Statement": NaN,
        "Research And Development": NaN,
        "Selling General And Administration": NaN,
        "Selling And Marketing Expense": NaN,
        "General And Administrative Expense": NaN,
        "Other Gand A": NaN,
        "Gross Profit": NaN,
        "Cost Of Revenue": NaN,
        "Total Revenue": NaN,
        "Operating Revenue": NaN
    },
    "2024-06-30": {
        "Tax Effect Of Unusual Items": 0.0,
        "Tax Rate For Calcs": 0.21,
        "Normalized EBITDA": 1920000.0,
        "Total Unusual Items": NaN,
        "Total Unusual Items Excluding Goodwill": NaN,
        "Net Income From Continuing Operation Net Minority Interest": -4360000.0,
        "Reconciled Depreciation": 5841000.0,
        "Reconciled Cost Of Revenue": 7381000.0,
        "EBITDA": 1920000.0,
        "EBIT": -3921000.0,
        "Net Interest Income": 53000.0,
        "Interest Expense": 208000.0,
        "Interest Income": 261000.0,
        "Normalized Income": -4360000.0,
        "Net Income From Continuing And Discontinued Operation": -4360000.0,
        "Total Expenses": 32226000.0,
        "Total Operating Income As Reported": -4182000.0,
        "Diluted Average Shares": 25840000.0,
        "Basic Average Shares": 25840000.0,
        "Diluted EPS": -0.17,
        "Basic EPS": -0.17,
        "Diluted NI Availto Com Stockholders": -4360000.0,
        "Net Income Common Stockholders": -4360000.0,
        "Net Income": -4360000.0,
        "Net Income Including Noncontrolling Interests": -4360000.0,
        "Net Income Continuous Operations": -4360000.0,
        "Tax Provision": 231000.0,
        "Pretax Income": -4129000.0,
        "Other Income Expense": NaN,
        "Other Non Operating Income Expenses": NaN,
        "Special Income Charges": NaN,
        "Net Non Operating Interest Income Expense": 53000.0,
        "Interest Expense Non Operating": 208000.0,
        "Interest Income Non Operating": 261000.0,
        "Operating Income": -4182000.0,
        "Operating Expense": 23050000.0,
        "Depreciation Amortization Depletion Income Statement": 4046000.0,
        "Depreciation And Amortization In Income Statement": 4046000.0,
        "Amortization": 4046000.0,
        "Amortization Of Intangibles Income Statement": 4046000.0,
        "Research And Development": 1962000.0,
        "Selling General And Administration": 17042000.0,
        "Selling And Marketing Expense": 6924000.0,
        "General And Administrative Expense": 10118000.0,
        "Other Gand A": 10118000.0,
        "Gross Profit": 18868000.0,
        "Cost Of Revenue": 9176000.0,
        "Total Revenue": 28044000.0,
        "Operating Revenue": 28044000.0
    },
    "2024-09-30": {
        "Tax Effect Of Unusual Items": 0.0,
        "Tax Rate For Calcs": 0.21,
        "Normalized EBITDA": 2732000.0,
        "Total Unusual Items": 0.0,
        "Total Unusual Items Excluding Goodwill": 0.0,
        "Net Income From Continuing Operation Net Minority Interest": -3901000.0,
        "Reconciled Depreciation": 6189000.0,
        "Reconciled Cost Of Revenue": 7706000.0,
        "EBITDA": 2732000.0,
        "EBIT": -3457000.0,
        "Net Interest Income": -109000.0,
        "Interest Expense": 274000.0,
        "Interest Income": 165000.0,
        "Normalized Income": -3901000.0,
        "Net Income From Continuing And Discontinued Operation": -3901000.0,
        "Total Expenses": 32926000.0,
        "Total Operating Income As Reported": -3622000.0,
        "Diluted Average Shares": 26429000.0,
        "Basic Average Shares": 26429000.0,
        "Diluted EPS": -0.15,
        "Basic EPS": -0.15,
        "Diluted NI Availto Com Stockholders": -3901000.0,
        "Net Income Common Stockholders": -3901000.0,
        "Net Income": -3901000.0,
        "Net Income Including Noncontrolling Interests": -3901000.0,
        "Net Income Continuous Operations": -3901000.0,
        "Tax Provision": 170000.0,
        "Pretax Income": -3731000.0,
        "Other Income Expense": NaN,
        "Other Non Operating Income Expenses": NaN,
        "Special Income Charges": 0.0,
        "Net Non Operating Interest Income Expense": -109000.0,
        "Interest Expense Non Operating": 274000.0,
        "Interest Income Non Operating": 165000.0,
        "Operating Income": -3622000.0,
        "Operating Expense": 23326000.0,
        "Depreciation Amortization Depletion Income Statement": 4295000.0,
        "Depreciation And Amortization In Income Statement": 4295000.0,
        "Amortization": 4295000.0,
        "Amortization Of Intangibles Income Statement": 4295000.0,
        "Research And Development": 1973000.0,
        "Selling General And Administration": 17058000.0,
        "Selling And Marketing Expense": 6680000.0,
        "General And Administrative Expense": 10378000.0,
        "Other Gand A": 10378000.0,
        "Gross Profit": 19704000.0,
        "Cost Of Revenue": 9600000.0,
        "Total Revenue": 29304000.0,
        "Operating Revenue": 29304000.0
    },
    "2024-12-31": {
        "Tax Effect Of Unusual Items": 0.0,
        "Tax Rate For Calcs": 0.21,
        "Normalized EBITDA": 3960000.0,
        "Total Unusual Items": 0.0,
        "Total Unusual Items Excluding Goodwill": 0.0,
        "Net Income From Continuing Operation Net Minority Interest": -3204000.0,
        "Reconciled Depreciation": 6303000.0,
        "Reconciled Cost Of Revenue": 7993000.0,
        "EBITDA": 3960000.0,
        "EBIT": -2343000.0,
        "Net Interest Income": -211000.0,
        "Interest Expense": 362000.0,
        "Interest Income": 151000.0,
        "Normalized Income": -3204000.0,
        "Net Income From Continuing And Discontinued Operation": -3204000.0,
        "Total Expenses": 33284000.0,
        "Total Operating Income As Reported": -2492000.0,
        "Diluted Average Shares": 26602000.0,
        "Basic Average Shares": 26602000.0,
        "Diluted EPS": -0.12,
        "Basic EPS": -0.12,
        "Diluted NI Availto Com Stockholders": -3204000.0,
        "Net Income Common Stockholders": -3204000.0,
        "Net Income": -3204000.0,
        "Net Income Including Noncontrolling Interests": -3204000.0,
        "Net Income Continuous Operations": -3204000.0,
        "Tax Provision": 499000.0,
        "Pretax Income": -2705000.0,
        "Other Income Expense": -2000.0,
        "Other Non Operating Income Expenses": -2000.0,
        "Special Income Charges": 0.0,
        "Net Non Operating Interest Income Expense": -211000.0,
        "Interest Expense Non Operating": 362000.0,
        "Interest Income Non Operating": 151000.0,
        "Operating Income": -2492000.0,
        "Operating Expense": 23420000.0,
        "Depreciation Amortization Depletion Income Statement": 4432000.0,
        "Depreciation And Amortization In Income Statement": 4432000.0,
        "Amortization": 4432000.0,
        "Amortization Of Intangibles Income Statement": 4432000.0,
        "Research And Development": 2103000.0,
        "Selling General And Administration": 16885000.0,
        "Selling And Marketing Expense": 6945000.0,
        "General And Administrative Expense": 9940000.0,
        "Other Gand A": 9940000.0,
        "Gross Profit": 20928000.0,
        "Cost Of Revenue": 9864000.0,
        "Total Revenue": 30792000.0,
        "Operating Revenue": 30792000.0
    },
    "2025-03-31": {
        "Tax Effect Of Unusual Items": 0.0,
        "Tax Rate For Calcs": 0.21,
        "Normalized EBITDA": 4690000.0,
        "Total Unusual Items": NaN,
        "Total Unusual Items Excluding Goodwill": NaN,
        "Net Income From Continuing Operation Net Minority Interest": -2398000.0,
        "Reconciled Depreciation": 6346000.0,
        "Reconciled Cost Of Revenue": 8208000.0,
        "EBITDA": 4690000.0,
        "EBIT": -1656000.0,
        "Net Interest Income": -280000.0,
        "Interest Expense": 451000.0,
        "Interest Income": 171000.0,
        "Normalized Income": -2398000.0,
        "Net Income From Continuing And Discontinued Operation": -2398000.0,
        "Total Expenses": 36869000.0,
        "Total Operating Income As Reported": -2015000.0,
        "Diluted Average Shares": 26961000.0,
        "Basic Average Shares": 26961000.0,
        "Diluted EPS": -0.09,
        "Basic EPS": -0.09,
        "Diluted NI Availto Com Stockholders": -2398000.0,
        "Net Income Common Stockholders": -2398000.0,
        "Net Income": -2398000.0,
        "Net Income Including Noncontrolling Interests": -2398000.0,
        "Net Income Continuous Operations": -2398000.0,
        "Tax Provision": 291000.0,
        "Pretax Income": -2107000.0,
        "Other Income Expense": 188000.0,
        "Other Non Operating Income Expenses": 188000.0,
        "Special Income Charges": NaN,
        "Net Non Operating Interest Income Expense": -280000.0,
        "Interest Expense Non Operating": 451000.0,
        "Interest Income Non Operating": 171000.0,
        "Operating Income": -2015000.0,
        "Operating Expense": 26623000.0,
        "Depreciation Amortization Depletion Income Statement": 4308000.0,
        "Depreciation And Amortization In Income Statement": 4308000.0,
        "Amortization": 4308000.0,
        "Amortization Of Intangibles Income Statement": 4308000.0,
        "Research And Development": 2029000.0,
        "Selling General And Administration": 20286000.0,
        "Selling And Marketing Expense": 8386000.0,
        "General And Administrative Expense": 11900000.0,
        "Other Gand A": 11900000.0,
        "Gross Profit": 24608000.0,
        "Cost Of Revenue": 10246000.0,
        "Total Revenue": 34854000.0,
        "Operating Revenue": 34854000.0
    },
    "2025-06-30": {
        "Tax Effect Of Unusual Items": 0.0,
        "Tax Rate For Calcs": 0.21,
        "Normalized EBITDA": 2078000.0,
        "Total Unusual Items": NaN,
        "Total Unusual Items Excluding Goodwill": NaN,
        "Net Income From Continuing Operation Net Minority Interest": -6123000.0,
        "Reconciled Depreciation": 6549000.0,
        "Reconciled Cost Of Revenue": 7837000.0,
        "EBITDA": 2078000.0,
        "EBIT": -4471000.0,
        "Net Interest Income": -532000.0,
        "Interest Expense": 809000.0,
        "Interest Income": 277000.0,
        "Normalized Income": -6123000.0,
        "Net Income From Continuing And Discontinued Operation": -6123000.0,
        "Total Expenses": 34776000.0,
        "Total Operating Income As Reported": -4652000.0,
        "Diluted Average Shares": 27237000.0,
        "Basic Average Shares": 27237000.0,
        "Diluted EPS": -0.22,
        "Basic EPS": -0.22,
        "Diluted NI Availto Com Stockholders": -6123000.0,
        "Net Income Common Stockholders": -6123000.0,
        "Net Income": -6123000.0,
        "Net Income Including Noncontrolling Interests": -6123000.0,
        "Net Income Continuous Operations": -6123000.0,
        "Tax Provision": 843000.0,
        "Pretax Income": -5280000.0,
        "Other Income Expense": -96000.0,
        "Other Non Operating Income Expenses": -96000.0,
        "Special Income Charges": NaN,
        "Net Non Operating Interest Income Expense": -532000.0,
        "Interest Expense Non Operating": 809000.0,
        "Interest Income Non Operating": 277000.0,
        "Operating Income": -4652000.0,
        "Operating Expense": 24563000.0,
        "Depreciation Amortization Depletion Income Statement": 4173000.0,
        "Depreciation And Amortization In Income Statement": 4173000.0,
        "Amortization": 4173000.0,
        "Amortization Of Intangibles Income Statement": 4173000.0,
        "Research And Development": 1273000.0,
        "Selling General And Administration": 19117000.0,
        "Selling And Marketing Expense": 8149000.0,
        "General And Administrative Expense": 10968000.0,
        "Other Gand A": 10968000.0,
        "Gross Profit": 19911000.0,
        "Cost Of Revenue": 10213000.0,
        "Total Revenue": 30124000.0,
        "Operating Revenue": 30124000.0
    }
}