{
    "2023-03-31": {
        "Tax Effect Of Unusual Items": NaN,
        "Tax Rate For Calcs": NaN,
        "Normalized EBITDA": NaN,
        "Total Unusual Items": NaN,
        "Total Unusual Items Excluding Goodwill": NaN,
        "Net Income From Continuing Operation Net Minority Interest": NaN,
        "Reconciled Depreciation": NaN,
        "Reconciled Cost Of Revenue": NaN,
        "EBITDA": NaN,
        "EBIT": NaN,
        "Net Interest Income": NaN,
        "Interest Expense": NaN,
        "Interest Income": NaN,
        "Normalized Income": NaN,
        "Net Income From Continuing And Discontinued Operation": NaN,
        "Total Expenses": NaN,
        "Total Operating Income As Reported": NaN,
        "Diluted Average Shares": NaN,
        "Basic Average Shares": NaN,
        "Diluted EPS": NaN,
        "Basic EPS": NaN,
        "Diluted NI Availto Com Stockholders": NaN,
        "Net Income Common Stockholders": NaN,
        "Net Income": NaN,
        "Net Income Including Noncontrolling Interests": NaN,
        "Net Income Continuous Operations": NaN,
        "Tax Provision": NaN,
        "Pretax Income": NaN,
        "Other Income Expense": NaN,
        "Other Non Operating Income Expenses": NaN,
        "Special Income Charges": NaN,
        "Impairment Of Capital Assets": NaN,
        "Restructuring And Mergern Acquisition": 0.0,
        "Gain On Sale Of Security": NaN,
        "Net Non Operating Interest Income Expense": NaN,
        "Interest Expense Non Operating": NaN,
        "Interest Income Non Operating": NaN,
        "Operating Income": NaN,
        "Operating Expense": NaN,
        "Research And Development": NaN,
        "Selling General And Administration": NaN,
        "Selling And Marketing Expense": NaN,
        "General And Administrative Expense": NaN,
        "Other Gand A": NaN,
        "Gross Profit": NaN,
        "Cost Of Revenue": NaN,
        "Total Revenue": NaN,
        "Operating Revenue": NaN
    },
    "2022-12-31": {
        "Tax Effect Of Unusual Items": NaN,
        "Tax Rate For Calcs": NaN,
        "Normalized EBITDA": NaN,
        "Total Unusual Items": NaN,
        "Total Unusual Items Excluding Goodwill": NaN,
        "Net Income From Continuing Operation Net Minority Interest": NaN,
        "Reconciled Depreciation": NaN,
        "Reconciled Cost Of Revenue": NaN,
        "EBITDA": NaN,
        "EBIT": NaN,
        "Net Interest Income": NaN,
        "Interest Expense": NaN,
        "Interest Income": NaN,
        "Normalized Income": NaN,
        "Net Income From Continuing And Discontinued Operation": NaN,
        "Total Expenses": NaN,
        "Total Operating Income As Reported": NaN,
        "Diluted Average Shares": NaN,
        "Basic Average Shares": NaN,
        "Diluted EPS": NaN,
        "Basic EPS": NaN,
        "Diluted NI Availto Com Stockholders": NaN,
        "Net Income Common Stockholders": NaN,
        "Net Income": NaN,
        "Net Income Including Noncontrolling Interests": NaN,
        "Net Income Continuous Operations": NaN,
        "Tax Provision": NaN,
        "Pretax Income": NaN,
        "Other Income Expense": NaN,
        "Other Non Operating Income Expenses": NaN,
        "Special Income Charges": NaN,
        "Other Special Charges": 0.0,
        "Impairment Of Capital Assets": NaN,
        "Restructuring And Mergern Acquisition": 0.0,
        "Gain On Sale Of Security": NaN,
        "Net Non Operating Interest Income Expense": NaN,
        "Interest Expense Non Operating": NaN,
        "Interest Income Non Operating": NaN,
        "Operating Income": NaN,
        "Operating Expense": NaN,
        "Research And Development": NaN,
        "Selling General And Administration": NaN,
        "Selling And Marketing Expense": NaN,
        "General And Administrative Expense": NaN,
        "Other Gand A": NaN,
        "Gross Profit": NaN,
        "Cost Of Revenue": NaN,
        "Total Revenue": NaN,
        "Operating Revenue": NaN
    },
    "2022-09-30": {
        "Tax Effect Of Unusual Items": -56252.724895,
        "Tax Rate For Calcs": 0.000641,
        "Normalized EBITDA": -28336000.0,
        "Total Unusual Items": -87737000.0,
        "Total Unusual Items Excluding Goodwill": -87737000.0,
        "Net Income From Continuing Operation Net Minority Interest": -116902000.0,
        "Reconciled Depreciation": 1869000.0,
        "Reconciled Cost Of Revenue": 36135000.0,
        "EBITDA": -116073000.0,
        "EBIT": -116073000.0,
        "Net Interest Income": -904000.0,
        "Interest Expense": 904000.0,
        "Interest Income": 0.0,
        "Normalized Income": -29221252.724895,
        "Net Income From Continuing And Discontinued Operation": -116902000.0,
        "Total Expenses": 82002000.0,
        "Total Operating Income As Reported": -108941000.0,
        "Diluted Average Shares": 64648650.0,
        "Basic Average Shares": 64648650.0,
        "Diluted EPS": -1.81,
        "Basic EPS": -1.81,
        "Diluted NI Availto Com Stockholders": -116902000.0,
        "Net Income Common Stockholders": -116902000.0,
        "Net Income": -116902000.0,
        "Net Income Including Noncontrolling Interests": -116902000.0,
        "Net Income Continuous Operations": -116902000.0,
        "Tax Provision": -75000.0,
        "Pretax Income": -116977000.0,
        "Other Income Expense": -100397000.0,
        "Other Non Operating Income Expenses": -12660000.0,
        "Special Income Charges": -93265000.0,
        "Other Special Charges": NaN,
        "Impairment Of Capital Assets": 94039000.0,
        "Restructuring And Mergern Acquisition": -774000.0,
        "Gain On Sale Of Security": 5528000.0,
        "Net Non Operating Interest Income Expense": -904000.0,
        "Interest Expense Non Operating": 904000.0,
        "Interest Income Non Operating": 0.0,
        "Operating Income": -15676000.0,
        "Operating Expense": 45867000.0,
        "Research And Development": 1706000.0,
        "Selling General And Administration": 44161000.0,
        "Selling And Marketing Expense": 33792000.0,
        "General And Administrative Expense": 10369000.0,
        "Other Gand A": 10369000.0,
        "Gross Profit": 30191000.0,
        "Cost Of Revenue": 36135000.0,
        "Total Revenue": 66326000.0,
        "Operating Revenue": 66326000.0
    },
    "2022-06-30": {
        "Tax Effect Of Unusual Items": -44077.441282,
        "Tax Rate For Calcs": 0.010196,
        "Normalized EBITDA": -9768000.0,
        "Total Unusual Items": -4323000.0,
        "Total Unusual Items Excluding Goodwill": -4323000.0,
        "Net Income From Continuing Operation Net Minority Interest": -16309000.0,
        "Reconciled Depreciation": 2048000.0,
        "Reconciled Cost Of Revenue": 26917000.0,
        "EBITDA": -14091000.0,
        "EBIT": -16139000.0,
        "Net Interest Income": -338000.0,
        "Interest Expense": 338000.0,
        "Interest Income": 0.0,
        "Normalized Income": -12030077.441282,
        "Net Income From Continuing And Discontinued Operation": -16309000.0,
        "Total Expenses": 70084000.0,
        "Total Operating Income As Reported": -10125000.0,
        "Diluted Average Shares": 63947069.0,
        "Basic Average Shares": 63947069.0,
        "Diluted EPS": -0.26,
        "Basic EPS": -0.26,
        "Diluted NI Availto Com Stockholders": -16309000.0,
        "Net Income Common Stockholders": -16309000.0,
        "Net Income": -16309000.0,
        "Net Income Including Noncontrolling Interests": -16309000.0,
        "Net Income Continuous Operations": -16309000.0,
        "Tax Provision": -168000.0,
        "Pretax Income": -16477000.0,
        "Other Income Expense": -4323000.0,
        "Other Non Operating Income Expenses": NaN,
        "Special Income Charges": 1691000.0,
        "Other Special Charges": NaN,
        "Impairment Of Capital Assets": 0.0,
        "Restructuring And Mergern Acquisition": -1691000.0,
        "Gain On Sale Of Security": -6014000.0,
        "Net Non Operating Interest Income Expense": -338000.0,
        "Interest Expense Non Operating": 338000.0,
        "Interest Income Non Operating": 0.0,
        "Operating Income": -11816000.0,
        "Operating Expense": 43167000.0,
        "Research And Development": 1730000.0,
        "Selling General And Administration": 41437000.0,
        "Selling And Marketing Expense": 31866000.0,
        "General And Administrative Expense": 9571000.0,
        "Other Gand A": 9571000.0,
        "Gross Profit": 31351000.0,
        "Cost Of Revenue": 26917000.0,
        "Total Revenue": 58268000.0,
        "Operating Revenue": 58268000.0
    },
    "2022-03-31": {
        "Diluted EPS": -0.78,
        "Total Revenue": 42,
        "Gross Profit": 24,
        "Operating Income": -36,
        "EBIT": -5,
        "Net Income": -43
    },
    "2021-12-31": {
        "Diluted EPS": -0.13,
        "Total Revenue": 63,
        "Gross Profit": 29,
        "Operating Income": -3,
        "EBIT": -1,
        "Net Income": -7
    },
    "2021-09-30": {
        "Diluted EPS": -3.13,
        "Total Revenue": 68,
        "Gross Profit": 34,
        "Operating Income": -8,
        "EBIT": -4,
        "Net Income": -111
    },
    "2021-06-30": {
        "Diluted EPS": -1.23,
        "Total Revenue": 68,
        "Gross Profit": 33,
        "Operating Income": 4,
        "EBIT": 9,
        "Net Income": -36
    },
    "2021-03-31": {
        "Diluted EPS": -3.15,
        "Total Revenue": 48,
        "Gross Profit": 26,
        "Operating Income": -28,
        "EBIT": -23,
        "Net Income": -83
    },
    "2020-12-31": {
        "Diluted EPS": -2.45,
        "Total Revenue": 41,
        "Gross Profit": 19,
        "Operating Income": -19,
        "EBIT": -17,
        "Net Income": -44
    },
    "2020-09-30": {
        "Diluted EPS": -0.05,
        "Total Revenue": 59,
        "Gross Profit": 28,
        "Operating Income": 0,
        "EBIT": 1,
        "Net Income": -1
    },
    "2020-06-30": {
        "Diluted EPS": -0.19,
        "Total Revenue": 60,
        "Gross Profit": 28,
        "Operating Income": -2,
        "EBIT": -1,
        "Net Income": -3
    },
    "2020-03-31": {
        "Diluted EPS": -0.99,
        "Total Revenue": 26,
        "Gross Profit": 10,
        "Operating Income": -14,
        "EBIT": -14,
        "Net Income": -15
    },
    "2019-12-31": {
        "Diluted EPS": -1.25,
        "Total Revenue": 26,
        "Gross Profit": 9,
        "Operating Income": -18,
        "EBIT": -17,
        "Net Income": -19
    },
    "2019-09-30": {
        "Diluted EPS": -0.99,
        "Total Revenue": 41,
        "Gross Profit": 18,
        "Operating Income": -14,
        "EBIT": -14,
        "Net Income": -15
    },
    "2019-06-30": {
        "Diluted EPS": -1.38,
        "Total Revenue": 30,
        "Gross Profit": 12,
        "Operating Income": -16,
        "EBIT": -15,
        "Net Income": -17
    },
    "2019-03-31": {
        "Diluted EPS": -0.73,
        "Total Revenue": 18,
        "Gross Profit": 7,
        "Operating Income": -7,
        "EBIT": -7,
        "Net Income": -8
    },
    "2018-12-31": {
        "Diluted EPS": 0.0,
        "Total Revenue": NaN,
        "Gross Profit": NaN,
        "Operating Income": NaN,
        "EBIT": NaN,
        "Net Income": NaN
    },
    "2018-09-30": {
        "Diluted EPS": -0.49,
        "Total Revenue": 25,
        "Gross Profit": 10,
        "Operating Income": -5,
        "EBIT": -5,
        "Net Income": -5
    },
    "2018-06-30": {
        "Diluted EPS": -0.9,
        "Total Revenue": 15,
        "Gross Profit": 4,
        "Operating Income": -8,
        "EBIT": -8,
        "Net Income": -9
    },
    "2023-06-30": {
        "Tax Effect Of Unusual Items": NaN,
        "Tax Rate For Calcs": NaN,
        "Normalized EBITDA": NaN,
        "Total Unusual Items": NaN,
        "Total Unusual Items Excluding Goodwill": NaN,
        "Net Income From Continuing Operation Net Minority Interest": NaN,
        "Reconciled Depreciation": NaN,
        "Reconciled Cost Of Revenue": NaN,
        "EBITDA": NaN,
        "EBIT": NaN,
        "Net Interest Income": NaN,
        "Interest Expense": NaN,
        "Interest Income": NaN,
        "Normalized Income": NaN,
        "Net Income From Continuing And Discontinued Operation": NaN,
        "Total Expenses": NaN,
        "Total Operating Income As Reported": NaN,
        "Diluted Average Shares": NaN,
        "Basic Average Shares": NaN,
        "Diluted EPS": NaN,
        "Basic EPS": NaN,
        "Diluted NI Availto Com Stockholders": NaN,
        "Net Income Common Stockholders": NaN,
        "Net Income": NaN,
        "Net Income Including Noncontrolling Interests": NaN,
        "Net Income Continuous Operations": NaN,
        "Tax Provision": NaN,
        "Pretax Income": NaN,
        "Other Income Expense": NaN,
        "Other Non Operating Income Expenses": NaN,
        "Special Income Charges": NaN,
        "Impairment Of Capital Assets": NaN,
        "Restructuring And Mergern Acquisition": 0.0,
        "Gain On Sale Of Security": NaN,
        "Net Non Operating Interest Income Expense": NaN,
        "Interest Expense Non Operating": NaN,
        "Interest Income Non Operating": NaN,
        "Operating Income": NaN,
        "Operating Expense": NaN,
        "Research And Development": NaN,
        "Selling General And Administration": NaN,
        "Selling And Marketing Expense": NaN,
        "General And Administrative Expense": NaN,
        "Other Gand A": NaN,
        "Gross Profit": NaN,
        "Cost Of Revenue": NaN,
        "Total Revenue": NaN,
        "Operating Revenue": NaN
    },
    "2023-09-30": {
        "Tax Effect Of Unusual Items": NaN,
        "Tax Rate For Calcs": NaN,
        "Normalized EBITDA": NaN,
        "Total Unusual Items": NaN,
        "Total Unusual Items Excluding Goodwill": NaN,
        "Net Income From Continuing Operation Net Minority Interest": NaN,
        "Reconciled Depreciation": NaN,
        "Reconciled Cost Of Revenue": NaN,
        "EBITDA": NaN,
        "EBIT": NaN,
        "Net Interest Income": NaN,
        "Interest Expense": NaN,
        "Interest Income": NaN,
        "Normalized Income": NaN,
        "Net Income From Continuing And Discontinued Operation": NaN,
        "Total Expenses": NaN,
        "Total Operating Income As Reported": NaN,
        "Diluted Average Shares": NaN,
        "Basic Average Shares": NaN,
        "Diluted EPS": NaN,
        "Basic EPS": NaN,
        "Diluted NI Availto Com Stockholders": NaN,
        "Net Income Common Stockholders": NaN,
        "Net Income": NaN,
        "Net Income Including Noncontrolling Interests": NaN,
        "Net Income Continuous Operations": NaN,
        "Tax Provision": NaN,
        "Pretax Income": NaN,
        "Other Income Expense": NaN,
        "Other Non Operating Income Expenses": NaN,
        "Special Income Charges": NaN,
        "Impairment Of Capital Assets": NaN,
        "Restructuring And Mergern Acquisition": 0.0,
        "Gain On Sale Of Security": NaN,
        "Net Non Operating Interest Income Expense": NaN,
        "Interest Expense Non Operating": NaN,
        "Interest Income Non Operating": NaN,
        "Operating Income": NaN,
        "Operating Expense": NaN,
        "Research And Development": NaN,
        "Selling General And Administration": NaN,
        "Selling And Marketing Expense": NaN,
        "General And Administrative Expense": NaN,
        "Other Gand A": NaN,
        "Gross Profit": NaN,
        "Cost Of Revenue": NaN,
        "Total Revenue": NaN,
        "Operating Revenue": NaN
    },
    "2023-12-31": {
        "Tax Effect Of Unusual Items": NaN,
        "Tax Rate For Calcs": NaN,
        "Normalized EBITDA": NaN,
        "Total Unusual Items": NaN,
        "Total Unusual Items Excluding Goodwill": NaN,
        "Net Income From Continuing Operation Net Minority Interest": NaN,
        "Reconciled Depreciation": NaN,
        "Reconciled Cost Of Revenue": NaN,
        "EBITDA": NaN,
        "EBIT": NaN,
        "Net Interest Income": NaN,
        "Interest Expense": NaN,
        "Interest Income": NaN,
        "Normalized Income": NaN,
        "Net Income From Continuing And Discontinued Operation": NaN,
        "Total Expenses": NaN,
        "Total Operating Income As Reported": NaN,
        "Diluted Average Shares": NaN,
        "Basic Average Shares": NaN,
        "Diluted EPS": NaN,
        "Basic EPS": NaN,
        "Diluted NI Availto Com Stockholders": NaN,
        "Net Income Common Stockholders": NaN,
        "Net Income": NaN,
        "Net Income Including Noncontrolling Interests": NaN,
        "Net Income Continuous Operations": NaN,
        "Tax Provision": NaN,
        "Pretax Income": NaN,
        "Other Income Expense": NaN,
        "Other Non Operating Income Expenses": NaN,
        "Special Income Charges": -283000.0,
        "Impairment Of Capital Assets": 283000.0,
        "Restructuring And Mergern Acquisition": 0.0,
        "Gain On Sale Of Security": NaN,
        "Net Non Operating Interest Income Expense": NaN,
        "Interest Expense Non Operating": NaN,
        "Interest Income Non Operating": NaN,
        "Operating Income": NaN,
        "Operating Expense": NaN,
        "Research And Development": 808000.0,
        "Selling General And Administration": NaN,
        "Selling And Marketing Expense": NaN,
        "General And Administrative Expense": NaN,
        "Other Gand A": NaN,
        "Gross Profit": NaN,
        "Cost Of Revenue": NaN,
        "Total Revenue": NaN,
        "Operating Revenue": NaN
    },
    "2024-03-31": {
        "Tax Effect Of Unusual Items": NaN,
        "Tax Rate For Calcs": NaN,
        "Normalized EBITDA": NaN,
        "Total Unusual Items": NaN,
        "Total Unusual Items Excluding Goodwill": NaN,
        "Net Income From Continuing Operation Net Minority Interest": NaN,
        "Reconciled Depreciation": NaN,
        "Reconciled Cost Of Revenue": NaN,
        "EBITDA": NaN,
        "EBIT": NaN,
        "Net Interest Income": NaN,
        "Interest Expense": NaN,
        "Interest Income": NaN,
        "Normalized Income": NaN,
        "Net Income From Continuing And Discontinued Operation": NaN,
        "Total Expenses": NaN,
        "Total Operating Income As Reported": NaN,
        "Diluted Average Shares": NaN,
        "Basic Average Shares": NaN,
        "Diluted EPS": NaN,
        "Basic EPS": NaN,
        "Diluted NI Availto Com Stockholders": NaN,
        "Net Income Common Stockholders": NaN,
        "Net Income": NaN,
        "Net Income Including Noncontrolling Interests": NaN,
        "Net Income Continuous Operations": NaN,
        "Tax Provision": NaN,
        "Pretax Income": NaN,
        "Other Income Expense": NaN,
        "Other Non Operating Income Expenses": NaN,
        "Special Income Charges": 0.0,
        "Impairment Of Capital Assets": 0.0,
        "Gain On Sale Of Security": NaN,
        "Net Non Operating Interest Income Expense": NaN,
        "Interest Expense Non Operating": NaN,
        "Interest Income Non Operating": NaN,
        "Operating Income": NaN,
        "Operating Expense": NaN,
        "Research And Development": 0.0,
        "Selling General And Administration": NaN,
        "Selling And Marketing Expense": NaN,
        "General And Administrative Expense": NaN,
        "Other Gand A": NaN,
        "Gross Profit": NaN,
        "Cost Of Revenue": NaN,
        "Total Revenue": NaN,
        "Operating Revenue": NaN
    },
    "2024-06-30": {
        "Tax Effect Of Unusual Items": 10920.0,
        "Tax Rate For Calcs": 0.21,
        "Normalized EBITDA": -2750000.0,
        "Total Unusual Items": 52000.0,
        "Total Unusual Items Excluding Goodwill": 52000.0,
        "Net Income From Continuing Operation Net Minority Interest": -3629000.0,
        "Reconciled Depreciation": 430000.0,
        "Reconciled Cost Of Revenue": 11093000.0,
        "EBITDA": -2698000.0,
        "EBIT": -3128000.0,
        "Net Interest Income": -228000.0,
        "Interest Expense": 296000.0,
        "Interest Income": 68000.0,
        "Normalized Income": -3670080.0,
        "Net Income From Continuing And Discontinued Operation": -3629000.0,
        "Total Expenses": 31189000.0,
        "Total Operating Income As Reported": -3205000.0,
        "Diluted Average Shares": 6973218.0,
        "Basic Average Shares": 6973218.0,
        "Diluted EPS": -0.52,
        "Basic EPS": -0.52,
        "Diluted NI Availto Com Stockholders": -3629000.0,
        "Net Income Common Stockholders": -3629000.0,
        "Net Income": -3629000.0,
        "Net Income Including Noncontrolling Interests": -3629000.0,
        "Net Income Continuous Operations": -3629000.0,
        "Tax Provision": 205000.0,
        "Pretax Income": -3424000.0,
        "Other Income Expense": 9000.0,
        "Other Non Operating Income Expenses": -43000.0,
        "Special Income Charges": 0.0,
        "Impairment Of Capital Assets": 0.0,
        "Gain On Sale Of Security": 52000.0,
        "Net Non Operating Interest Income Expense": -228000.0,
        "Interest Expense Non Operating": 296000.0,
        "Interest Income Non Operating": 68000.0,
        "Operating Income": -3205000.0,
        "Operating Expense": 20096000.0,
        "Research And Development": 0.0,
        "Selling General And Administration": 20096000.0,
        "Selling And Marketing Expense": 15162000.0,
        "General And Administrative Expense": 4934000.0,
        "Other Gand A": 4934000.0,
        "Gross Profit": 16891000.0,
        "Cost Of Revenue": 11093000.0,
        "Total Revenue": 27984000.0,
        "Operating Revenue": 27984000.0
    },
    "2024-09-30": {
        "Tax Effect Of Unusual Items": 17049.924357,
        "Tax Rate For Calcs": 0.1059,
        "Normalized EBITDA": -1451000.0,
        "Total Unusual Items": 161000.0,
        "Total Unusual Items Excluding Goodwill": 161000.0,
        "Net Income From Continuing Operation Net Minority Interest": -1773000.0,
        "Reconciled Depreciation": 421000.0,
        "Reconciled Cost Of Revenue": 10411000.0,
        "EBITDA": -1290000.0,
        "EBIT": -1711000.0,
        "Net Interest Income": -189000.0,
        "Interest Expense": 272000.0,
        "Interest Income": 83000.0,
        "Normalized Income": -1916950.075643,
        "Net Income From Continuing And Discontinued Operation": -1773000.0,
        "Total Expenses": 27969000.0,
        "Total Operating Income As Reported": -1730000.0,
        "Diluted Average Shares": 7166612.0,
        "Basic Average Shares": 7166612.0,
        "Diluted EPS": -0.25,
        "Basic EPS": -0.25,
        "Diluted NI Availto Com Stockholders": -1773000.0,
        "Net Income Common Stockholders": -1773000.0,
        "Net Income": -1773000.0,
        "Net Income Including Noncontrolling Interests": -1773000.0,
        "Net Income Continuous Operations": -1773000.0,
        "Tax Provision": -210000.0,
        "Pretax Income": -1983000.0,
        "Other Income Expense": -64000.0,
        "Other Non Operating Income Expenses": -225000.0,
        "Special Income Charges": 0.0,
        "Impairment Of Capital Assets": 0.0,
        "Gain On Sale Of Security": 161000.0,
        "Net Non Operating Interest Income Expense": -189000.0,
        "Interest Expense Non Operating": 272000.0,
        "Interest Income Non Operating": 83000.0,
        "Operating Income": -1730000.0,
        "Operating Expense": 17558000.0,
        "Research And Development": 0.0,
        "Selling General And Administration": 17558000.0,
        "Selling And Marketing Expense": 13912000.0,
        "General And Administrative Expense": 3646000.0,
        "Other Gand A": 3646000.0,
        "Gross Profit": 15828000.0,
        "Cost Of Revenue": 10411000.0,
        "Total Revenue": 26239000.0,
        "Operating Revenue": 26239000.0
    },
    "2024-12-31": {
        "Tax Effect Of Unusual Items": 15536.498937,
        "Tax Rate For Calcs": 0.080085,
        "Normalized EBITDA": -938000.0,
        "Total Unusual Items": 194000.0,
        "Total Unusual Items Excluding Goodwill": 194000.0,
        "Net Income From Continuing Operation Net Minority Interest": -1298000.0,
        "Reconciled Depreciation": 410000.0,
        "Reconciled Cost Of Revenue": 9000000.0,
        "EBITDA": -744000.0,
        "EBIT": -1154000.0,
        "Net Interest Income": -208000.0,
        "Interest Expense": 257000.0,
        "Interest Income": 49000.0,
        "Normalized Income": -1476463.501063,
        "Net Income From Continuing And Discontinued Operation": -1298000.0,
        "Total Expenses": 26218000.0,
        "Total Operating Income As Reported": -1611000.0,
        "Diluted Average Shares": 7343880.0,
        "Basic Average Shares": 7343880.0,
        "Diluted EPS": -0.18,
        "Basic EPS": -0.18,
        "Diluted NI Availto Com Stockholders": -1298000.0,
        "Net Income Common Stockholders": -1298000.0,
        "Net Income": -1298000.0,
        "Net Income Including Noncontrolling Interests": -1298000.0,
        "Net Income Continuous Operations": -1298000.0,
        "Tax Provision": -113000.0,
        "Pretax Income": -1411000.0,
        "Other Income Expense": 408000.0,
        "Other Non Operating Income Expenses": 214000.0,
        "Special Income Charges": 0.0,
        "Impairment Of Capital Assets": 0.0,
        "Gain On Sale Of Security": 194000.0,
        "Net Non Operating Interest Income Expense": -208000.0,
        "Interest Expense Non Operating": 257000.0,
        "Interest Income Non Operating": 49000.0,
        "Operating Income": -1611000.0,
        "Operating Expense": 17218000.0,
        "Research And Development": 0.0,
        "Selling General And Administration": 17218000.0,
        "Selling And Marketing Expense": 13691000.0,
        "General And Administrative Expense": 3527000.0,
        "Other Gand A": 3527000.0,
        "Gross Profit": 15607000.0,
        "Cost Of Revenue": 9000000.0,
        "Total Revenue": 24607000.0,
        "Operating Revenue": 24607000.0
    },
    "2025-03-31": {
        "Tax Effect Of Unusual Items": 11550.0,
        "Tax Rate For Calcs": 0.21,
        "Normalized EBITDA": -3302000.0,
        "Total Unusual Items": 55000.0,
        "Total Unusual Items Excluding Goodwill": 55000.0,
        "Net Income From Continuing Operation Net Minority Interest": -3896000.0,
        "Reconciled Depreciation": 408000.0,
        "Reconciled Cost Of Revenue": 5936000.0,
        "EBITDA": -3247000.0,
        "EBIT": -3655000.0,
        "Net Interest Income": -175000.0,
        "Interest Expense": 221000.0,
        "Interest Income": 46000.0,
        "Normalized Income": -3939450.0,
        "Net Income From Continuing And Discontinued Operation": -3896000.0,
        "Total Expenses": 19056000.0,
        "Total Operating Income As Reported": -3696000.0,
        "Diluted Average Shares": 7452957.0,
        "Basic Average Shares": 7452957.0,
        "Diluted EPS": -0.52,
        "Basic EPS": -0.52,
        "Diluted NI Availto Com Stockholders": -3896000.0,
        "Net Income Common Stockholders": -3896000.0,
        "Net Income": -3896000.0,
        "Net Income Including Noncontrolling Interests": -3896000.0,
        "Net Income Continuous Operations": -3896000.0,
        "Tax Provision": 20000.0,
        "Pretax Income": -3876000.0,
        "Other Income Expense": -5000.0,
        "Other Non Operating Income Expenses": -60000.0,
        "Special Income Charges": NaN,
        "Impairment Of Capital Assets": NaN,
        "Gain On Sale Of Security": 55000.0,
        "Net Non Operating Interest Income Expense": -175000.0,
        "Interest Expense Non Operating": 221000.0,
        "Interest Income Non Operating": 46000.0,
        "Operating Income": -3696000.0,
        "Operating Expense": 13120000.0,
        "Research And Development": NaN,
        "Selling General And Administration": 13120000.0,
        "Selling And Marketing Expense": 9661000.0,
        "General And Administrative Expense": 3459000.0,
        "Other Gand A": 3459000.0,
        "Gross Profit": 9424000.0,
        "Cost Of Revenue": 5936000.0,
        "Total Revenue": 15360000.0,
        "Operating Revenue": 15360000.0
    },
    "2025-06-30": {
        "Tax Effect Of Unusual Items": 7350.0,
        "Tax Rate For Calcs": 0.21,
        "Normalized EBITDA": -4227000.0,
        "Total Unusual Items": 35000.0,
        "Total Unusual Items Excluding Goodwill": 35000.0,
        "Net Income From Continuing Operation Net Minority Interest": -4860000.0,
        "Reconciled Depreciation": 404000.0,
        "Reconciled Cost Of Revenue": 8896000.0,
        "EBITDA": -4192000.0,
        "EBIT": -4596000.0,
        "Net Interest Income": -222000.0,
        "Interest Expense": 253000.0,
        "Interest Income": 31000.0,
        "Normalized Income": -4887650.0,
        "Net Income From Continuing And Discontinued Operation": -4860000.0,
        "Total Expenses": 23967000.0,
        "Total Operating Income As Reported": -4505000.0,
        "Diluted Average Shares": 7674910.0,
        "Basic Average Shares": 7674910.0,
        "Diluted EPS": -0.63,
        "Basic EPS": -0.63,
        "Diluted NI Availto Com Stockholders": -4860000.0,
        "Net Income Common Stockholders": -4860000.0,
        "Net Income": -4860000.0,
        "Net Income Including Noncontrolling Interests": -4860000.0,
        "Net Income Continuous Operations": -4860000.0,
        "Tax Provision": 11000.0,
        "Pretax Income": -4849000.0,
        "Other Income Expense": -122000.0,
        "Other Non Operating Income Expenses": -157000.0,
        "Special Income Charges": NaN,
        "Impairment Of Capital Assets": NaN,
        "Gain On Sale Of Security": 35000.0,
        "Net Non Operating Interest Income Expense": -222000.0,
        "Interest Expense Non Operating": 253000.0,
        "Interest Income Non Operating": 31000.0,
        "Operating Income": -4505000.0,
        "Operating Expense": 15071000.0,
        "Research And Development": NaN,
        "Selling General And Administration": 15071000.0,
        "Selling And Marketing Expense": 12357000.0,
        "General And Administrative Expense": 2714000.0,
        "Other Gand A": 2714000.0,
        "Gross Profit": 10566000.0,
        "Cost Of Revenue": 8896000.0,
        "Total Revenue": 19462000.0,
        "Operating Revenue": 19462000.0
    }
}