{
    "2023-03-31": {
        "Tax Effect Of Unusual Items": NaN,
        "Tax Rate For Calcs": NaN,
        "Normalized EBITDA": NaN,
        "Total Unusual Items": NaN,
        "Total Unusual Items Excluding Goodwill": NaN,
        "Net Income From Continuing Operation Net Minority Interest": NaN,
        "Reconciled Depreciation": NaN,
        "Reconciled Cost Of Revenue": NaN,
        "EBITDA": NaN,
        "EBIT": NaN,
        "Net Interest Income": NaN,
        "Interest Expense": NaN,
        "Interest Income": 3152000.0,
        "Normalized Income": NaN,
        "Net Income From Continuing And Discontinued Operation": NaN,
        "Total Expenses": NaN,
        "Total Operating Income As Reported": NaN,
        "Diluted Average Shares": 45801000.0,
        "Basic Average Shares": 45125000.0,
        "Diluted EPS": 1.0,
        "Basic EPS": 1.02,
        "Diluted NI Availto Com Stockholders": NaN,
        "Net Income Common Stockholders": NaN,
        "Net Income": NaN,
        "Net Income Including Noncontrolling Interests": NaN,
        "Net Income Discontinuous Operations": NaN,
        "Net Income Continuous Operations": NaN,
        "Tax Provision": NaN,
        "Pretax Income": NaN,
        "Other Income Expense": NaN,
        "Other Non Operating Income Expenses": 3980000.0,
        "Special Income Charges": NaN,
        "Gain On Sale Of Ppe": 13317000.0,
        "Other Special Charges": NaN,
        "Restructuring And Mergern Acquisition": NaN,
        "Gain On Sale Of Security": 828000.0,
        "Net Non Operating Interest Income Expense": NaN,
        "Total Other Finance Cost": NaN,
        "Interest Expense Non Operating": NaN,
        "Interest Income Non Operating": 3152000.0,
        "Operating Income": NaN,
        "Operating Expense": NaN,
        "Selling General And Administration": NaN,
        "General And Administrative Expense": 144526000.0,
        "Other Gand A": 144526000.0,
        "Gross Profit": NaN,
        "Cost Of Revenue": NaN,
        "Total Revenue": NaN,
        "Operating Revenue": NaN
    },
    "2022-12-31": {
        "Tax Effect Of Unusual Items": NaN,
        "Tax Rate For Calcs": NaN,
        "Normalized EBITDA": NaN,
        "Total Unusual Items": NaN,
        "Total Unusual Items Excluding Goodwill": NaN,
        "Net Income From Continuing Operation Net Minority Interest": NaN,
        "Reconciled Depreciation": NaN,
        "Reconciled Cost Of Revenue": NaN,
        "EBITDA": NaN,
        "EBIT": NaN,
        "Net Interest Income": NaN,
        "Interest Expense": NaN,
        "Interest Income": 2609000.0,
        "Normalized Income": NaN,
        "Net Income From Continuing And Discontinued Operation": NaN,
        "Total Expenses": NaN,
        "Total Operating Income As Reported": NaN,
        "Diluted Average Shares": 46121000.0,
        "Basic Average Shares": 45425000.0,
        "Diluted EPS": 0.53,
        "Basic EPS": 0.54,
        "Diluted NI Availto Com Stockholders": NaN,
        "Net Income Common Stockholders": NaN,
        "Net Income": NaN,
        "Net Income Including Noncontrolling Interests": NaN,
        "Net Income Discontinuous Operations": NaN,
        "Net Income Continuous Operations": NaN,
        "Tax Provision": NaN,
        "Pretax Income": NaN,
        "Other Income Expense": NaN,
        "Other Non Operating Income Expenses": -2574000.0,
        "Special Income Charges": NaN,
        "Gain On Sale Of Ppe": NaN,
        "Other Special Charges": NaN,
        "Restructuring And Mergern Acquisition": NaN,
        "Gain On Sale Of Security": -4049000.0,
        "Net Non Operating Interest Income Expense": NaN,
        "Total Other Finance Cost": NaN,
        "Interest Expense Non Operating": NaN,
        "Interest Income Non Operating": 2609000.0,
        "Operating Income": NaN,
        "Operating Expense": NaN,
        "Selling General And Administration": NaN,
        "General And Administrative Expense": NaN,
        "Other Gand A": NaN,
        "Gross Profit": NaN,
        "Cost Of Revenue": NaN,
        "Total Revenue": NaN,
        "Operating Revenue": NaN
    },
    "2022-09-30": {
        "Tax Effect Of Unusual Items": NaN,
        "Tax Rate For Calcs": NaN,
        "Normalized EBITDA": NaN,
        "Total Unusual Items": NaN,
        "Total Unusual Items Excluding Goodwill": NaN,
        "Net Income From Continuing Operation Net Minority Interest": NaN,
        "Reconciled Depreciation": NaN,
        "Reconciled Cost Of Revenue": NaN,
        "EBITDA": NaN,
        "EBIT": NaN,
        "Net Interest Income": NaN,
        "Interest Expense": NaN,
        "Interest Income": NaN,
        "Normalized Income": NaN,
        "Net Income From Continuing And Discontinued Operation": NaN,
        "Total Expenses": NaN,
        "Total Operating Income As Reported": NaN,
        "Diluted Average Shares": NaN,
        "Basic Average Shares": NaN,
        "Diluted EPS": NaN,
        "Basic EPS": NaN,
        "Diluted NI Availto Com Stockholders": NaN,
        "Net Income Common Stockholders": NaN,
        "Net Income": NaN,
        "Net Income Including Noncontrolling Interests": NaN,
        "Net Income Discontinuous Operations": NaN,
        "Net Income Continuous Operations": NaN,
        "Tax Provision": NaN,
        "Pretax Income": NaN,
        "Other Income Expense": NaN,
        "Other Non Operating Income Expenses": NaN,
        "Special Income Charges": NaN,
        "Gain On Sale Of Ppe": NaN,
        "Other Special Charges": -56000.0,
        "Restructuring And Mergern Acquisition": NaN,
        "Gain On Sale Of Security": NaN,
        "Net Non Operating Interest Income Expense": NaN,
        "Total Other Finance Cost": NaN,
        "Interest Expense Non Operating": NaN,
        "Interest Income Non Operating": NaN,
        "Operating Income": NaN,
        "Operating Expense": NaN,
        "Selling General And Administration": NaN,
        "General And Administrative Expense": 146385000.0,
        "Other Gand A": 146385000.0,
        "Gross Profit": NaN,
        "Cost Of Revenue": NaN,
        "Total Revenue": NaN,
        "Operating Revenue": NaN
    },
    "2022-06-30": {
        "Tax Effect Of Unusual Items": -8116000.0,
        "Tax Rate For Calcs": 0.4,
        "Normalized EBITDA": 65855000.0,
        "Total Unusual Items": -20290000.0,
        "Total Unusual Items Excluding Goodwill": -20290000.0,
        "Net Income From Continuing Operation Net Minority Interest": 2464000.0,
        "Reconciled Depreciation": 43907000.0,
        "Reconciled Cost Of Revenue": 161279000.0,
        "EBITDA": 45565000.0,
        "EBIT": 45565000.0,
        "Net Interest Income": -18405000.0,
        "Interest Expense": 19441000.0,
        "Interest Income": 1036000.0,
        "Normalized Income": 14638000.0,
        "Net Income From Continuing And Discontinued Operation": 8014000.0,
        "Total Expenses": 296412000.0,
        "Total Operating Income As Reported": 44529000.0,
        "Diluted Average Shares": 45175000.0,
        "Basic Average Shares": 45175000.0,
        "Diluted EPS": 0.18,
        "Basic EPS": 0.18,
        "Diluted NI Availto Com Stockholders": 8014000.0,
        "Net Income Common Stockholders": 8014000.0,
        "Net Income": 8014000.0,
        "Minority Interests": 0.0,
        "Net Income Including Noncontrolling Interests": 8014000.0,
        "Net Income Discontinuous Operations": 5550000.0,
        "Net Income Continuous Operations": 2464000.0,
        "Tax Provision": 23660000.0,
        "Pretax Income": 26124000.0,
        "Other Income Expense": -20290000.0,
        "Other Non Operating Income Expenses": NaN,
        "Special Income Charges": -20290000.0,
        "Gain On Sale Of Ppe": NaN,
        "Other Special Charges": NaN,
        "Restructuring And Mergern Acquisition": 20290000.0,
        "Gain On Sale Of Security": 0.0,
        "Net Non Operating Interest Income Expense": -18405000.0,
        "Total Other Finance Cost": -5700000.0,
        "Interest Expense Non Operating": 19441000.0,
        "Interest Income Non Operating": 1036000.0,
        "Operating Income": 64819000.0,
        "Operating Expense": 135133000.0,
        "Selling General And Administration": 135133000.0,
        "General And Administrative Expense": NaN,
        "Other Gand A": NaN,
        "Gross Profit": 199952000.0,
        "Cost Of Revenue": 161279000.0,
        "Total Revenue": 361231000.0,
        "Operating Revenue": 361231000.0
    },
    "2022-03-31": {
        "Diluted EPS": 7.04,
        "Total Revenue": 364,
        "Gross Profit": 198,
        "Operating Income": 33,
        "EBIT": 96,
        "Net Income": 348
    },
    "2021-12-31": {
        "Diluted EPS": 0.36,
        "Total Revenue": 371,
        "Gross Profit": 191,
        "Operating Income": 25,
        "EBIT": 81,
        "Net Income": 18
    },
    "2021-09-30": {
        "Diluted EPS": -1.17,
        "Total Revenue": 289,
        "Gross Profit": 137,
        "Operating Income": -22,
        "EBIT": 35,
        "Net Income": -58
    },
    "2021-06-30": {
        "Diluted EPS": 0.19,
        "Total Revenue": 174,
        "Gross Profit": 66,
        "Operating Income": 16,
        "EBIT": 37,
        "Net Income": 9
    },
    "2021-03-31": {
        "Diluted EPS": 0.48,
        "Total Revenue": 230,
        "Gross Profit": 115,
        "Operating Income": 36,
        "EBIT": 58,
        "Net Income": 25
    },
    "2020-12-31": {
        "Diluted EPS": 0.44,
        "Total Revenue": 234,
        "Gross Profit": 114,
        "Operating Income": 29,
        "EBIT": 47,
        "Net Income": 23
    },
    "2020-09-30": {
        "Diluted EPS": 0.38,
        "Total Revenue": 268,
        "Gross Profit": 155,
        "Operating Income": 37,
        "EBIT": 63,
        "Net Income": 20
    },
    "2020-06-30": {
        "Diluted EPS": -4.77,
        "Total Revenue": 74,
        "Gross Profit": -9,
        "Operating Income": -10,
        "EBIT": 9,
        "Net Income": -256
    },
    "2020-03-31": {
        "Diluted EPS": 2.83,
        "Total Revenue": 271,
        "Gross Profit": 153,
        "Operating Income": 54,
        "EBIT": 77,
        "Net Income": 151
    },
    "2019-12-31": {
        "Diluted EPS": 0.1,
        "Total Revenue": 266,
        "Gross Profit": 139,
        "Operating Income": 40,
        "EBIT": 61,
        "Net Income": 6
    },
    "2019-09-30": {
        "Diluted EPS": 0.26,
        "Total Revenue": 255,
        "Gross Profit": 127,
        "Operating Income": 26,
        "EBIT": 50,
        "Net Income": 14
    },
    "2019-06-30": {
        "Diluted EPS": 0.83,
        "Total Revenue": 264,
        "Gross Profit": 142,
        "Operating Income": 55,
        "EBIT": 66,
        "Net Income": 49
    },
    "2019-03-31": {
        "Diluted EPS": 0.64,
        "Total Revenue": 259,
        "Gross Profit": 139,
        "Operating Income": 46,
        "EBIT": 56,
        "Net Income": 38
    },
    "2018-12-31": {
        "Diluted EPS": 0.29,
        "Total Revenue": 254,
        "Gross Profit": 136,
        "Operating Income": 59,
        "EBIT": 69,
        "Net Income": 17
    },
    "2018-09-30": {
        "Diluted EPS": -0.16,
        "Total Revenue": 237,
        "Gross Profit": 125,
        "Operating Income": -3,
        "EBIT": 6,
        "Net Income": -10
    },
    "2018-06-30": {
        "Diluted EPS": 1.04,
        "Total Revenue": 49,
        "Gross Profit": 77,
        "Operating Income": 25,
        "EBIT": 25,
        "Net Income": 63
    },
    "2018-03-31": {
        "Diluted EPS": 0.63,
        "Total Revenue": 310,
        "Gross Profit": 151,
        "Operating Income": 53,
        "EBIT": 67,
        "Net Income": 39
    },
    "2017-12-31": {
        "Diluted EPS": -1.33,
        "Total Revenue": 308,
        "Gross Profit": 151,
        "Operating Income": 60,
        "EBIT": 73,
        "Net Income": -81
    },
    "2017-09-30": {
        "Diluted EPS": 0.2,
        "Total Revenue": 293,
        "Gross Profit": 120,
        "Operating Income": 30,
        "EBIT": 44,
        "Net Income": 13
    },
    "2017-06-30": {
        "Diluted EPS": 0.67,
        "Total Revenue": 91,
        "Gross Profit": 65,
        "Operating Income": 60,
        "EBIT": 69,
        "Net Income": 43
    },
    "2017-03-31": {
        "Diluted EPS": 0.62,
        "Total Revenue": 333,
        "Gross Profit": 150,
        "Operating Income": 44,
        "EBIT": 61,
        "Net Income": 40
    },
    "2016-12-31": {
        "Diluted EPS": 0.23,
        "Total Revenue": 334,
        "Gross Profit": 155,
        "Operating Income": -1,
        "EBIT": 10,
        "Net Income": 14
    },
    "2016-09-30": {
        "Diluted EPS": 0.39,
        "Total Revenue": 450,
        "Gross Profit": 199,
        "Operating Income": 33,
        "EBIT": 54,
        "Net Income": 25
    },
    "2016-06-30": {
        "Diluted EPS": -0.15,
        "Total Revenue": -292,
        "Gross Profit": -122,
        "Operating Income": 143,
        "EBIT": 29,
        "Net Income": -10
    },
    "2016-03-31": {
        "Diluted EPS": 0.81,
        "Total Revenue": 474,
        "Gross Profit": 221,
        "Operating Income": 61,
        "EBIT": 82,
        "Net Income": 52
    },
    "2015-12-31": {
        "Diluted EPS": -0.79,
        "Total Revenue": 456,
        "Gross Profit": 215,
        "Operating Income": -56,
        "EBIT": 64,
        "Net Income": -51
    },
    "2015-09-30": {
        "Diluted EPS": 0.08,
        "Total Revenue": 441,
        "Gross Profit": 196,
        "Operating Income": 8,
        "EBIT": 29,
        "Net Income": 5
    },
    "2015-06-30": {
        "Diluted EPS": 0.46,
        "Total Revenue": 473,
        "Gross Profit": 223,
        "Operating Income": 34,
        "EBIT": 60,
        "Net Income": 30
    },
    "2015-03-31": {
        "Diluted EPS": 0.72,
        "Total Revenue": 490,
        "Gross Profit": 237,
        "Operating Income": 49,
        "EBIT": 73,
        "Net Income": 47
    },
    "2014-12-31": {
        "Diluted EPS": 0.65,
        "Total Revenue": 485,
        "Gross Profit": 234,
        "Operating Income": 49,
        "EBIT": 70,
        "Net Income": 42
    },
    "2014-09-30": {
        "Diluted EPS": 0.31,
        "Total Revenue": 462,
        "Gross Profit": 216,
        "Operating Income": 25,
        "EBIT": 46,
        "Net Income": 20
    },
    "2014-06-30": {
        "Diluted EPS": 0.58,
        "Total Revenue": 485,
        "Gross Profit": 229,
        "Operating Income": 43,
        "EBIT": 66,
        "Net Income": 37
    },
    "2014-03-31": {
        "Diluted EPS": 0.86,
        "Total Revenue": 496,
        "Gross Profit": 253,
        "Operating Income": 70,
        "EBIT": 92,
        "Net Income": 56
    },
    "2013-12-31": {
        "Diluted EPS": 0.74,
        "Total Revenue": 491,
        "Gross Profit": 248,
        "Operating Income": 59,
        "EBIT": 81,
        "Net Income": 48
    },
    "2013-09-30": {
        "Diluted EPS": -0.11,
        "Total Revenue": 451,
        "Gross Profit": 209,
        "Operating Income": 10,
        "EBIT": 32,
        "Net Income": -7
    },
    "2013-06-30": {
        "Diluted EPS": -0.5,
        "Total Revenue": 480,
        "Gross Profit": 234,
        "Operating Income": -25,
        "EBIT": 56,
        "Net Income": -32
    },
    "2013-03-31": {
        "Diluted EPS": 0.88,
        "Total Revenue": 504,
        "Gross Profit": 267,
        "Operating Income": 76,
        "EBIT": 99,
        "Net Income": 57
    },
    "2012-12-31": {
        "Diluted EPS": 0.78,
        "Total Revenue": 501,
        "Gross Profit": 260,
        "Operating Income": 67,
        "EBIT": 91,
        "Net Income": 50
    },
    "2012-09-30": {
        "Diluted EPS": 0.49,
        "Total Revenue": 480,
        "Gross Profit": 240,
        "Operating Income": 49,
        "EBIT": 72,
        "Net Income": 32
    },
    "2012-06-30": {
        "Diluted EPS": 0.13,
        "Total Revenue": 488,
        "Gross Profit": 251,
        "Operating Income": 50,
        "EBIT": 69,
        "Net Income": 8
    },
    "2012-03-31": {
        "Diluted EPS": 1.0,
        "Total Revenue": 541,
        "Gross Profit": 297,
        "Operating Income": 95,
        "EBIT": 118,
        "Net Income": 67
    },
    "2011-12-31": {
        "Diluted EPS": 0.13,
        "Total Revenue": 524,
        "Gross Profit": 283,
        "Operating Income": 14,
        "EBIT": 111,
        "Net Income": 9
    },
    "2011-09-30": {
        "Diluted EPS": 0.83,
        "Total Revenue": 519,
        "Gross Profit": 281,
        "Operating Income": 80,
        "EBIT": 100,
        "Net Income": 57
    },
    "2011-06-30": {
        "Diluted EPS": 1.08,
        "Total Revenue": 525,
        "Gross Profit": 301,
        "Operating Income": 117,
        "EBIT": 130,
        "Net Income": 75
    },
    "2011-03-31": {
        "Diluted EPS": 1.32,
        "Total Revenue": 563,
        "Gross Profit": 330,
        "Operating Income": 137,
        "EBIT": 154,
        "Net Income": 93
    },
    "2010-12-31": {
        "Diluted EPS": 1.25,
        "Total Revenue": 551,
        "Gross Profit": 322,
        "Operating Income": 136,
        "EBIT": 152,
        "Net Income": 89
    },
    "2010-09-30": {
        "Diluted EPS": 1.03,
        "Total Revenue": 521,
        "Gross Profit": 293,
        "Operating Income": 112,
        "EBIT": 127,
        "Net Income": 74
    },
    "2010-06-30": {
        "Diluted EPS": 0.99,
        "Total Revenue": 507,
        "Gross Profit": 291,
        "Operating Income": 101,
        "EBIT": 115,
        "Net Income": 72
    },
    "2010-03-31": {
        "Diluted EPS": 1.12,
        "Total Revenue": 504,
        "Gross Profit": 290,
        "Operating Income": 122,
        "EBIT": 137,
        "Net Income": 81
    },
    "2009-12-31": {
        "Diluted EPS": 1.0,
        "Total Revenue": 473,
        "Gross Profit": 273,
        "Operating Income": 109,
        "EBIT": 126,
        "Net Income": 72
    },
    "2009-09-30": {
        "Diluted EPS": 0.76,
        "Total Revenue": 431,
        "Gross Profit": 235,
        "Operating Income": 79,
        "EBIT": 95,
        "Net Income": 55
    },
    "2009-06-30": {
        "Diluted EPS": 0.51,
        "Total Revenue": 396,
        "Gross Profit": 211,
        "Operating Income": 54,
        "EBIT": 68,
        "Net Income": 37
    },
    "2009-03-31": {
        "Diluted EPS": 0.7,
        "Total Revenue": 392,
        "Gross Profit": 214,
        "Operating Income": 72,
        "EBIT": 85,
        "Net Income": 51
    },
    "2023-06-30": {
        "Tax Effect Of Unusual Items": NaN,
        "Tax Rate For Calcs": NaN,
        "Normalized EBITDA": NaN,
        "Total Unusual Items": NaN,
        "Total Unusual Items Excluding Goodwill": NaN,
        "Net Income From Continuing Operation Net Minority Interest": NaN,
        "Reconciled Depreciation": NaN,
        "Reconciled Cost Of Revenue": NaN,
        "EBITDA": NaN,
        "EBIT": NaN,
        "Net Interest Income": NaN,
        "Interest Expense": NaN,
        "Interest Income": NaN,
        "Normalized Income": NaN,
        "Net Income From Continuing And Discontinued Operation": NaN,
        "Total Expenses": NaN,
        "Total Operating Income As Reported": NaN,
        "Diluted Average Shares": NaN,
        "Basic Average Shares": NaN,
        "Diluted EPS": NaN,
        "Basic EPS": NaN,
        "Diluted NI Availto Com Stockholders": NaN,
        "Net Income Common Stockholders": NaN,
        "Net Income": NaN,
        "Net Income Including Noncontrolling Interests": NaN,
        "Net Income Discontinuous Operations": NaN,
        "Net Income Continuous Operations": NaN,
        "Tax Provision": NaN,
        "Pretax Income": NaN,
        "Other Income Expense": NaN,
        "Other Non Operating Income Expenses": 3664000.0,
        "Special Income Charges": NaN,
        "Gain On Sale Of Ppe": 0.0,
        "Other Special Charges": 0.0,
        "Restructuring And Mergern Acquisition": NaN,
        "Gain On Sale Of Security": NaN,
        "Net Non Operating Interest Income Expense": NaN,
        "Total Other Finance Cost": NaN,
        "Interest Expense Non Operating": NaN,
        "Interest Income Non Operating": NaN,
        "Operating Income": NaN,
        "Operating Expense": NaN,
        "Selling General And Administration": NaN,
        "General And Administrative Expense": NaN,
        "Other Gand A": NaN,
        "Gross Profit": NaN,
        "Cost Of Revenue": NaN,
        "Total Revenue": NaN,
        "Operating Revenue": NaN
    },
    "2023-09-30": {
        "Tax Effect Of Unusual Items": NaN,
        "Tax Rate For Calcs": NaN,
        "Normalized EBITDA": NaN,
        "Total Unusual Items": NaN,
        "Total Unusual Items Excluding Goodwill": NaN,
        "Net Income From Continuing Operation Net Minority Interest": NaN,
        "Reconciled Depreciation": NaN,
        "Reconciled Cost Of Revenue": NaN,
        "EBITDA": NaN,
        "EBIT": NaN,
        "Net Interest Income": NaN,
        "Interest Expense": NaN,
        "Interest Income": NaN,
        "Normalized Income": NaN,
        "Net Income From Continuing And Discontinued Operation": NaN,
        "Total Expenses": NaN,
        "Total Operating Income As Reported": NaN,
        "Diluted Average Shares": NaN,
        "Basic Average Shares": NaN,
        "Diluted EPS": NaN,
        "Basic EPS": NaN,
        "Diluted NI Availto Com Stockholders": NaN,
        "Net Income Common Stockholders": NaN,
        "Net Income": NaN,
        "Net Income Including Noncontrolling Interests": NaN,
        "Net Income Discontinuous Operations": NaN,
        "Net Income Continuous Operations": NaN,
        "Tax Provision": NaN,
        "Pretax Income": NaN,
        "Other Income Expense": NaN,
        "Special Income Charges": NaN,
        "Gain On Sale Of Ppe": NaN,
        "Restructuring And Mergern Acquisition": NaN,
        "Gain On Sale Of Security": NaN,
        "Net Non Operating Interest Income Expense": NaN,
        "Total Other Finance Cost": NaN,
        "Interest Expense Non Operating": NaN,
        "Interest Income Non Operating": NaN,
        "Operating Income": NaN,
        "Operating Expense": NaN,
        "Selling General And Administration": NaN,
        "General And Administrative Expense": 166095000.0,
        "Other Gand A": 166095000.0,
        "Gross Profit": NaN,
        "Cost Of Revenue": NaN,
        "Total Revenue": NaN,
        "Operating Revenue": NaN
    },
    "2023-12-31": {
        "Tax Effect Of Unusual Items": NaN,
        "Tax Rate For Calcs": NaN,
        "Normalized EBITDA": NaN,
        "Total Unusual Items": NaN,
        "Total Unusual Items Excluding Goodwill": NaN,
        "Net Income From Continuing Operation Net Minority Interest": NaN,
        "Reconciled Depreciation": NaN,
        "Reconciled Cost Of Revenue": NaN,
        "EBITDA": NaN,
        "EBIT": NaN,
        "Net Interest Income": NaN,
        "Interest Expense": NaN,
        "Interest Income": 2541000.0,
        "Normalized Income": NaN,
        "Net Income From Continuing And Discontinued Operation": NaN,
        "Total Expenses": NaN,
        "Total Operating Income As Reported": NaN,
        "Diluted Average Shares": 40787000.0,
        "Basic Average Shares": 39872000.0,
        "Diluted EPS": 0.98,
        "Basic EPS": 1.0,
        "Diluted NI Availto Com Stockholders": NaN,
        "Net Income Common Stockholders": NaN,
        "Net Income": NaN,
        "Net Income Including Noncontrolling Interests": NaN,
        "Net Income Discontinuous Operations": NaN,
        "Net Income Continuous Operations": NaN,
        "Tax Provision": NaN,
        "Pretax Income": NaN,
        "Other Income Expense": NaN,
        "Special Income Charges": NaN,
        "Gain On Sale Of Ppe": NaN,
        "Restructuring And Mergern Acquisition": NaN,
        "Gain On Sale Of Security": 1022000.0,
        "Net Non Operating Interest Income Expense": NaN,
        "Total Other Finance Cost": NaN,
        "Interest Expense Non Operating": NaN,
        "Interest Income Non Operating": 2541000.0,
        "Operating Income": NaN,
        "Operating Expense": NaN,
        "Selling General And Administration": NaN,
        "General And Administrative Expense": NaN,
        "Other Gand A": NaN,
        "Gross Profit": NaN,
        "Cost Of Revenue": NaN,
        "Total Revenue": NaN,
        "Operating Revenue": NaN
    },
    "2024-03-31": {
        "Tax Effect Of Unusual Items": -4018009.721875,
        "Tax Rate For Calcs": 0.220564,
        "Normalized EBITDA": 106307000.0,
        "Total Unusual Items": -18217000.0,
        "Total Unusual Items Excluding Goodwill": -18217000.0,
        "Net Income From Continuing Operation Net Minority Interest": 37441000.0,
        "Reconciled Depreciation": 26149000.0,
        "Reconciled Cost Of Revenue": 175321000.0,
        "EBITDA": 88090000.0,
        "EBIT": 61941000.0,
        "Net Interest Income": -14395000.0,
        "Interest Expense": 13905000.0,
        "Interest Income": 2165000.0,
        "Normalized Income": 51639990.278125,
        "Net Income From Continuing And Discontinued Operation": 36821000.0,
        "Total Expenses": 332010000.0,
        "Total Operating Income As Reported": 61725000.0,
        "Diluted Average Shares": 39636000.0,
        "Basic Average Shares": 38713000.0,
        "Diluted EPS": 0.93,
        "Basic EPS": 0.95,
        "Diluted NI Availto Com Stockholders": 36821000.0,
        "Net Income Common Stockholders": 36821000.0,
        "Net Income": 36821000.0,
        "Net Income Including Noncontrolling Interests": 36821000.0,
        "Net Income Discontinuous Operations": -620000.0,
        "Net Income Continuous Operations": 37441000.0,
        "Tax Provision": 10595000.0,
        "Pretax Income": 48036000.0,
        "Other Income Expense": -18217000.0,
        "Special Income Charges": -18923000.0,
        "Gain On Sale Of Ppe": 0.0,
        "Restructuring And Mergern Acquisition": 18923000.0,
        "Gain On Sale Of Security": 706000.0,
        "Net Non Operating Interest Income Expense": -14395000.0,
        "Total Other Finance Cost": 2655000.0,
        "Interest Expense Non Operating": 13905000.0,
        "Interest Income Non Operating": 2165000.0,
        "Operating Income": 80648000.0,
        "Operating Expense": 156689000.0,
        "Selling General And Administration": 156689000.0,
        "General And Administrative Expense": 156689000.0,
        "Other Gand A": 156689000.0,
        "Gross Profit": 237337000.0,
        "Cost Of Revenue": 175321000.0,
        "Total Revenue": 412658000.0,
        "Operating Revenue": 409216000.0
    },
    "2024-06-30": {
        "Tax Effect Of Unusual Items": -503267.65826,
        "Tax Rate For Calcs": 0.09104,
        "Normalized EBITDA": 96382000.0,
        "Total Unusual Items": -5528000.0,
        "Total Unusual Items Excluding Goodwill": -5528000.0,
        "Net Income From Continuing Operation Net Minority Interest": 50600000.0,
        "Reconciled Depreciation": 22854000.0,
        "Reconciled Cost Of Revenue": 182540000.0,
        "EBITDA": 90854000.0,
        "EBIT": 68000000.0,
        "Net Interest Income": -22116000.0,
        "Interest Expense": 12332000.0,
        "Interest Income": NaN,
        "Normalized Income": 55624732.34174,
        "Net Income From Continuing And Discontinued Operation": 49419000.0,
        "Total Expenses": 337137000.0,
        "Total Operating Income As Reported": 68523000.0,
        "Diluted Average Shares": NaN,
        "Basic Average Shares": NaN,
        "Diluted EPS": NaN,
        "Basic EPS": NaN,
        "Diluted NI Availto Com Stockholders": 49419000.0,
        "Net Income Common Stockholders": 49419000.0,
        "Net Income": 49419000.0,
        "Net Income Including Noncontrolling Interests": 49419000.0,
        "Net Income Discontinuous Operations": -1181000.0,
        "Net Income Continuous Operations": 50600000.0,
        "Tax Provision": 5068000.0,
        "Pretax Income": 55668000.0,
        "Other Income Expense": 5014000.0,
        "Special Income Charges": -4247000.0,
        "Gain On Sale Of Ppe": 0.0,
        "Restructuring And Mergern Acquisition": 4247000.0,
        "Gain On Sale Of Security": NaN,
        "Net Non Operating Interest Income Expense": -22116000.0,
        "Total Other Finance Cost": 2417000.0,
        "Interest Expense Non Operating": 12332000.0,
        "Interest Income Non Operating": NaN,
        "Operating Income": 72770000.0,
        "Operating Expense": 154597000.0,
        "Selling General And Administration": 154597000.0,
        "General And Administrative Expense": NaN,
        "Other Gand A": NaN,
        "Gross Profit": 227367000.0,
        "Cost Of Revenue": 182540000.0,
        "Total Revenue": 409907000.0,
        "Operating Revenue": 420276000.0
    },
    "2024-09-30": {
        "Tax Effect Of Unusual Items": -308048.0,
        "Tax Rate For Calcs": 0.208,
        "Normalized EBITDA": 91789000.0,
        "Total Unusual Items": -1481000.0,
        "Total Unusual Items Excluding Goodwill": -1481000.0,
        "Net Income From Continuing Operation Net Minority Interest": 46245000.0,
        "Reconciled Depreciation": 19556000.0,
        "Reconciled Cost Of Revenue": 185995000.0,
        "EBITDA": 90308000.0,
        "EBIT": 70752000.0,
        "Net Interest Income": -12449000.0,
        "Interest Expense": 12350000.0,
        "Interest Income": 2033000.0,
        "Normalized Income": 47417952.0,
        "Net Income From Continuing And Discontinued Operation": 46165000.0,
        "Total Expenses": 345068000.0,
        "Total Operating Income As Reported": 70238000.0,
        "Diluted Average Shares": 39109000.0,
        "Basic Average Shares": 37721000.0,
        "Diluted EPS": 1.18,
        "Basic EPS": 1.22,
        "Diluted NI Availto Com Stockholders": 46165000.0,
        "Net Income Common Stockholders": 46165000.0,
        "Net Income": 46165000.0,
        "Net Income Including Noncontrolling Interests": 46165000.0,
        "Net Income Discontinuous Operations": -80000.0,
        "Net Income Continuous Operations": 46245000.0,
        "Tax Provision": 12157000.0,
        "Pretax Income": 58402000.0,
        "Other Income Expense": -1481000.0,
        "Special Income Charges": -2094000.0,
        "Gain On Sale Of Ppe": NaN,
        "Restructuring And Mergern Acquisition": 2094000.0,
        "Gain On Sale Of Security": 613000.0,
        "Net Non Operating Interest Income Expense": -12449000.0,
        "Total Other Finance Cost": 2132000.0,
        "Interest Expense Non Operating": 12350000.0,
        "Interest Income Non Operating": 2033000.0,
        "Operating Income": 72332000.0,
        "Operating Expense": 159073000.0,
        "Selling General And Administration": 159073000.0,
        "General And Administrative Expense": 159073000.0,
        "Other Gand A": 159073000.0,
        "Gross Profit": 231405000.0,
        "Cost Of Revenue": 185995000.0,
        "Total Revenue": 417400000.0,
        "Operating Revenue": 414430000.0
    },
    "2024-12-31": {
        "Tax Effect Of Unusual Items": -112404.0,
        "Tax Rate For Calcs": 0.228,
        "Normalized EBITDA": 124522000.0,
        "Total Unusual Items": -493000.0,
        "Total Unusual Items Excluding Goodwill": -493000.0,
        "Net Income From Continuing Operation Net Minority Interest": 71176000.0,
        "Reconciled Depreciation": 20139000.0,
        "Reconciled Cost Of Revenue": 186636000.0,
        "EBITDA": 124029000.0,
        "EBIT": 103890000.0,
        "Net Interest Income": -11503000.0,
        "Interest Expense": 11694000.0,
        "Interest Income": 2406000.0,
        "Normalized Income": 71556596.0,
        "Net Income From Continuing And Discontinued Operation": 75856000.0,
        "Total Expenses": 343537000.0,
        "Total Operating Income As Reported": 103870000.0,
        "Diluted Average Shares": 38401000.0,
        "Basic Average Shares": 37435000.0,
        "Diluted EPS": 1.98,
        "Basic EPS": 2.03,
        "Diluted NI Availto Com Stockholders": 75856000.0,
        "Net Income Common Stockholders": 75856000.0,
        "Net Income": 75856000.0,
        "Net Income Including Noncontrolling Interests": 75856000.0,
        "Net Income Discontinuous Operations": 4680000.0,
        "Net Income Continuous Operations": 71176000.0,
        "Tax Provision": 21020000.0,
        "Pretax Income": 92196000.0,
        "Other Income Expense": -493000.0,
        "Special Income Charges": -322000.0,
        "Gain On Sale Of Ppe": NaN,
        "Restructuring And Mergern Acquisition": 322000.0,
        "Gain On Sale Of Security": -171000.0,
        "Net Non Operating Interest Income Expense": -11503000.0,
        "Total Other Finance Cost": 2215000.0,
        "Interest Expense Non Operating": 11694000.0,
        "Interest Income Non Operating": 2406000.0,
        "Operating Income": 104192000.0,
        "Operating Expense": 156901000.0,
        "Selling General And Administration": 156901000.0,
        "General And Administrative Expense": NaN,
        "Other Gand A": NaN,
        "Gross Profit": 261093000.0,
        "Cost Of Revenue": 186636000.0,
        "Total Revenue": 447729000.0,
        "Operating Revenue": 445313000.0
    },
    "2025-03-31": {
        "Tax Effect Of Unusual Items": -159841.125383,
        "Tax Rate For Calcs": 0.233686,
        "Normalized EBITDA": 115702000.0,
        "Total Unusual Items": -684000.0,
        "Total Unusual Items Excluding Goodwill": -684000.0,
        "Net Income From Continuing Operation Net Minority Interest": 60794000.0,
        "Reconciled Depreciation": 24317000.0,
        "Reconciled Cost Of Revenue": 199869000.0,
        "EBITDA": 115018000.0,
        "EBIT": 90701000.0,
        "Net Interest Income": -11002000.0,
        "Interest Expense": 11368000.0,
        "Interest Income": 2072000.0,
        "Normalized Income": 61318158.874617,
        "Net Income From Continuing And Discontinued Operation": 60832000.0,
        "Total Expenses": 375036000.0,
        "Total Operating Income As Reported": 90509000.0,
        "Diluted Average Shares": 38233000.0,
        "Basic Average Shares": 37140000.0,
        "Diluted EPS": 1.59,
        "Basic EPS": 1.64,
        "Diluted NI Availto Com Stockholders": 60832000.0,
        "Net Income Common Stockholders": 60832000.0,
        "Net Income": 60832000.0,
        "Net Income Including Noncontrolling Interests": 60832000.0,
        "Net Income Discontinuous Operations": 38000.0,
        "Net Income Continuous Operations": 60794000.0,
        "Tax Provision": 18539000.0,
        "Pretax Income": 79333000.0,
        "Other Income Expense": -684000.0,
        "Special Income Charges": -510000.0,
        "Gain On Sale Of Ppe": NaN,
        "Restructuring And Mergern Acquisition": 510000.0,
        "Gain On Sale Of Security": -174000.0,
        "Net Non Operating Interest Income Expense": -11002000.0,
        "Total Other Finance Cost": 1706000.0,
        "Interest Expense Non Operating": 11368000.0,
        "Interest Income Non Operating": 2072000.0,
        "Operating Income": 91019000.0,
        "Operating Expense": 175167000.0,
        "Selling General And Administration": 175167000.0,
        "General And Administrative Expense": 175167000.0,
        "Other Gand A": 175167000.0,
        "Gross Profit": 266186000.0,
        "Cost Of Revenue": 199869000.0,
        "Total Revenue": 466055000.0,
        "Operating Revenue": 463607000.0
    }
}