{
    "2023-06-30": {
        "Tax Effect Of Unusual Items": 0.0,
        "Tax Rate For Calcs": 0.065967,
        "Normalized EBITDA": 341509000.0,
        "Net Income From Continuing Operation Net Minority Interest": 529898000.0,
        "Reconciled Cost Of Revenue": 330227000.0,
        "EBITDA": 341509000.0,
        "EBIT": 341509000.0,
        "Net Interest Income": 202813000.0,
        "Interest Income": 202813000.0,
        "Normalized Income": 529898000.0,
        "Net Income From Continuing And Discontinued Operation": 529898000.0,
        "Total Expenses": 1491525000.0,
        "Total Operating Income As Reported": 341509000.0,
        "Diluted Average Shares": 123406176.0,
        "Basic Average Shares": 123133607.0,
        "Diluted EPS": 4.0,
        "Basic EPS": 4.0,
        "Diluted NI Availto Com Stockholders": 491212000.0,
        "Net Income Common Stockholders": 491212000.0,
        "Otherunder Preferred Stock Dividend": 38686000.0,
        "Net Income": 529898000.0,
        "Minority Interests": 23062000.0,
        "Net Income Including Noncontrolling Interests": 506836000.0,
        "Net Income Continuous Operations": 506836000.0,
        "Tax Provision": 35796000.0,
        "Pretax Income": 542632000.0,
        "Other Income Expense": -1690000.0,
        "Earnings From Equity Interest": -1690000.0,
        "Net Non Operating Interest Income Expense": 202813000.0,
        "Interest Income Non Operating": 202813000.0,
        "Operating Income": 341509000.0,
        "Operating Expense": 1161298000.0,
        "Other Operating Expenses": -66772000.0,
        "Research And Development": 313010000.0,
        "Selling General And Administration": 915060000.0,
        "Selling And Marketing Expense": 824081000.0,
        "General And Administrative Expense": 90979000.0,
        "Other Gand A": 90979000.0,
        "Gross Profit": 1502807000.0,
        "Cost Of Revenue": 330227000.0,
        "Total Revenue": 1833034000.0,
        "Operating Revenue": 1833034000.0
    },
    "2023-03-31": {
        "Tax Effect Of Unusual Items": 0.0,
        "Tax Rate For Calcs": 0.119719,
        "Normalized EBITDA": 263165000.0,
        "Net Income From Continuing Operation Net Minority Interest": 429251000.0,
        "Reconciled Cost Of Revenue": 340214000.0,
        "EBITDA": 263165000.0,
        "EBIT": 263165000.0,
        "Net Interest Income": 225015000.0,
        "Interest Income": 225015000.0,
        "Normalized Income": 429251000.0,
        "Net Income From Continuing And Discontinued Operation": 429251000.0,
        "Total Expenses": 1270464000.0,
        "Total Operating Income As Reported": 263165000.0,
        "Diluted Average Shares": 123706677.0,
        "Basic Average Shares": 123331008.0,
        "Diluted EPS": 3.16,
        "Basic EPS": 3.2,
        "Diluted NI Availto Com Stockholders": 392752000.0,
        "Net Income Common Stockholders": 392752000.0,
        "Otherunder Preferred Stock Dividend": 36499000.0,
        "Net Income": 429251000.0,
        "Minority Interests": 27187000.0,
        "Net Income Including Noncontrolling Interests": 402064000.0,
        "Net Income Continuous Operations": 402064000.0,
        "Tax Provision": 54681000.0,
        "Pretax Income": 456745000.0,
        "Other Income Expense": -31435000.0,
        "Earnings From Equity Interest": -31435000.0,
        "Net Non Operating Interest Income Expense": 225015000.0,
        "Interest Income Non Operating": 225015000.0,
        "Operating Income": 263165000.0,
        "Operating Expense": 930250000.0,
        "Other Operating Expenses": -66388000.0,
        "Research And Development": 324366000.0,
        "Selling General And Administration": 672272000.0,
        "Selling And Marketing Expense": 523116000.0,
        "General And Administrative Expense": 149156000.0,
        "Other Gand A": 149156000.0,
        "Gross Profit": 1193415000.0,
        "Cost Of Revenue": 340214000.0,
        "Total Revenue": 1533629000.0,
        "Operating Revenue": 1533629000.0
    },
    "2022-12-31": {
        "Tax Effect Of Unusual Items": 0.0,
        "Tax Rate For Calcs": 0.114511,
        "Normalized EBITDA": 513289000.0,
        "Net Income From Continuing Operation Net Minority Interest": 618660000.0,
        "Reconciled Cost Of Revenue": 370631000.0,
        "EBITDA": 513289000.0,
        "EBIT": 513289000.0,
        "Net Interest Income": 172066000.0,
        "Interest Income": 172066000.0,
        "Normalized Income": 618660000.0,
        "Net Income From Continuing And Discontinued Operation": 618660000.0,
        "Total Expenses": 1379967000.0,
        "Total Operating Income As Reported": 513289000.0,
        "Diluted Average Shares": 123544696.0,
        "Basic Average Shares": 123308711.0,
        "Diluted EPS": 4.72,
        "Basic EPS": 4.72,
        "Diluted NI Availto Com Stockholders": 580874000.0,
        "Net Income Common Stockholders": 580874000.0,
        "Otherunder Preferred Stock Dividend": 37786000.0,
        "Net Income": 618660000.0,
        "Minority Interests": 23899000.0,
        "Net Income Including Noncontrolling Interests": 594761000.0,
        "Net Income Continuous Operations": 594761000.0,
        "Tax Provision": 76914000.0,
        "Pretax Income": 671675000.0,
        "Other Income Expense": -13680000.0,
        "Earnings From Equity Interest": -13680000.0,
        "Net Non Operating Interest Income Expense": 172066000.0,
        "Interest Income Non Operating": 172066000.0,
        "Operating Income": 513289000.0,
        "Operating Expense": 1009336000.0,
        "Other Operating Expenses": 144983000.0,
        "Research And Development": 312903000.0,
        "Selling General And Administration": 775376000.0,
        "Selling And Marketing Expense": 672601000.0,
        "General And Administrative Expense": 102775000.0,
        "Other Gand A": 102775000.0,
        "Gross Profit": 1522625000.0,
        "Cost Of Revenue": 370631000.0,
        "Total Revenue": 1893256000.0,
        "Operating Revenue": 1893256000.0
    },
    "2022-09-30": {
        "Tax Effect Of Unusual Items": 0.0,
        "Tax Rate For Calcs": 0.4,
        "Normalized EBITDA": 191746000.0,
        "Net Income From Continuing Operation Net Minority Interest": 531001000.0,
        "Reconciled Cost Of Revenue": 330661000.0,
        "EBITDA": 191746000.0,
        "EBIT": 191746000.0,
        "Net Interest Income": 152858000.0,
        "Interest Income": 152858000.0,
        "Normalized Income": 531001000.0,
        "Net Income From Continuing And Discontinued Operation": 531001000.0,
        "Total Expenses": 1651541000.0,
        "Total Operating Income As Reported": 191746000.0,
        "Diluted Average Shares": 124868404.0,
        "Basic Average Shares": 124603409.0,
        "Diluted EPS": 3.96,
        "Basic EPS": 3.96,
        "Diluted NI Availto Com Stockholders": 495436000.0,
        "Net Income Common Stockholders": 495436000.0,
        "Otherunder Preferred Stock Dividend": 35565000.0,
        "Net Income": 531001000.0,
        "Minority Interests": 21294000.0,
        "Net Income Including Noncontrolling Interests": 509707000.0,
        "Net Income Continuous Operations": 509707000.0,
        "Tax Provision": -180842000.0,
        "Pretax Income": 328865000.0,
        "Other Income Expense": -15739000.0,
        "Earnings From Equity Interest": -15739000.0,
        "Net Non Operating Interest Income Expense": 152858000.0,
        "Interest Income Non Operating": 152858000.0,
        "Operating Income": 191746000.0,
        "Operating Expense": 1320880000.0,
        "Other Operating Expenses": -64879000.0,
        "Research And Development": 386750000.0,
        "Selling General And Administration": 999009000.0,
        "Selling And Marketing Expense": 862622000.0,
        "General And Administrative Expense": 136387000.0,
        "Other Gand A": 136387000.0,
        "Gross Profit": 1512626000.0,
        "Cost Of Revenue": 330661000.0,
        "Total Revenue": 1843287000.0,
        "Operating Revenue": 1843287000.0
    },
    "2022-06-30": {
        "Tax Effect Of Unusual Items": 0.0,
        "Tax Rate For Calcs": 0.074711,
        "Normalized EBITDA": 301251000.0,
        "Net Income From Continuing Operation Net Minority Interest": 456759000.0,
        "Reconciled Cost Of Revenue": 278864000.0,
        "EBITDA": 301251000.0,
        "EBIT": 301251000.0,
        "Net Interest Income": 149398000.0,
        "Interest Income": 149398000.0,
        "Normalized Income": 456759000.0,
        "Net Income From Continuing And Discontinued Operation": 456759000.0,
        "Total Expenses": 1431742000.0,
        "Total Operating Income As Reported": 301251000.0,
        "Diluted Average Shares": 125278176.0,
        "Basic Average Shares": 125169105.0,
        "Diluted EPS": 3.36,
        "Basic EPS": 3.4,
        "Diluted NI Availto Com Stockholders": 423376000.0,
        "Net Income Common Stockholders": 423376000.0,
        "Otherunder Preferred Stock Dividend": 33383000.0,
        "Net Income": 456759000.0,
        "Minority Interests": 34336000.0,
        "Net Income Including Noncontrolling Interests": 422423000.0,
        "Net Income Continuous Operations": 422423000.0,
        "Tax Provision": 34108000.0,
        "Pretax Income": 456531000.0,
        "Other Income Expense": 5882000.0,
        "Earnings From Equity Interest": 5882000.0,
        "Net Non Operating Interest Income Expense": 149398000.0,
        "Interest Income Non Operating": 149398000.0,
        "Operating Income": 301251000.0,
        "Operating Expense": 1152878000.0,
        "Other Operating Expenses": -74661000.0,
        "Research And Development": 362194000.0,
        "Selling General And Administration": 865345000.0,
        "Selling And Marketing Expense": 738729000.0,
        "General And Administrative Expense": 126616000.0,
        "Other Gand A": 126616000.0,
        "Gross Profit": 1454129000.0,
        "Cost Of Revenue": 278864000.0,
        "Total Revenue": 1732993000.0,
        "Operating Revenue": 1732993000.0
    },
    "2022-03-31": {
        "Diluted EPS": 0.38,
        "Total Revenue": 232,
        "Gross Profit": 192,
        "Operating Income": 38,
        "EBIT": 38,
        "Net Income": 49
    },
    "2021-12-31": {
        "Diluted EPS": 0.34,
        "Total Revenue": 281,
        "Gross Profit": 237,
        "Operating Income": 32,
        "EBIT": 32,
        "Net Income": 45
    },
    "2021-09-30": {
        "Diluted EPS": 0.63,
        "Total Revenue": 274,
        "Gross Profit": 230,
        "Operating Income": 57,
        "EBIT": 57,
        "Net Income": 79
    },
    "2021-06-30": {
        "Diluted EPS": 0.92,
        "Total Revenue": 300,
        "Gross Profit": 260,
        "Operating Income": 104,
        "EBIT": 104,
        "Net Income": 116
    },
    "2021-03-31": {
        "Diluted EPS": 0.8,
        "Total Revenue": 281,
        "Gross Profit": 244,
        "Operating Income": 86,
        "EBIT": 86,
        "Net Income": 97
    },
    "2020-12-31": {
        "Diluted EPS": 1.65,
        "Total Revenue": 440,
        "Gross Profit": 392,
        "Operating Income": 167,
        "EBIT": 167,
        "Net Income": 198
    },
    "2020-09-30": {
        "Diluted EPS": 1.04,
        "Total Revenue": 341,
        "Gross Profit": 304,
        "Operating Income": 110,
        "EBIT": 110,
        "Net Income": 125
    },
    "2020-06-30": {
        "Diluted EPS": 0.97,
        "Total Revenue": 327,
        "Gross Profit": 290,
        "Operating Income": 123,
        "EBIT": 123,
        "Net Income": 117
    },
    "2020-03-31": {
        "Diluted EPS": 0.69,
        "Total Revenue": 218,
        "Gross Profit": 193,
        "Operating Income": 83,
        "EBIT": 83,
        "Net Income": 83
    },
    "2019-12-31": {
        "Diluted EPS": 1.31,
        "Total Revenue": 329,
        "Gross Profit": 292,
        "Operating Income": 156,
        "EBIT": 156,
        "Net Income": 156
    },
    "2019-09-30": {
        "Diluted EPS": 0.75,
        "Total Revenue": 304,
        "Gross Profit": 269,
        "Operating Income": 90,
        "EBIT": 90,
        "Net Income": 90
    },
    "2019-06-30": {
        "Diluted EPS": 0.98,
        "Total Revenue": 336,
        "Gross Profit": 298,
        "Operating Income": 122,
        "EBIT": 122,
        "Net Income": 117
    },
    "2019-03-31": {
        "Diluted EPS": 0.81,
        "Total Revenue": 240,
        "Gross Profit": 213,
        "Operating Income": 98,
        "EBIT": 98,
        "Net Income": 96
    },
    "2018-12-31": {
        "Diluted EPS": 1.14,
        "Total Revenue": 289,
        "Gross Profit": 256,
        "Operating Income": 156,
        "EBIT": 156,
        "Net Income": 137
    },
    "2018-09-30": {
        "Diluted EPS": 0.83,
        "Total Revenue": 275,
        "Gross Profit": 244,
        "Operating Income": 87,
        "EBIT": 87,
        "Net Income": 99
    },
    "2018-06-30": {
        "Diluted EPS": 0.88,
        "Total Revenue": 282,
        "Gross Profit": 251,
        "Operating Income": 102,
        "EBIT": 102,
        "Net Income": 105
    },
    "2018-03-31": {
        "Diluted EPS": 0.65,
        "Total Revenue": 205,
        "Gross Profit": 182,
        "Operating Income": 72,
        "EBIT": 72,
        "Net Income": 77
    },
    "2017-12-31": {
        "Diluted EPS": 1.01,
        "Total Revenue": 295,
        "Gross Profit": 239,
        "Operating Income": 101,
        "EBIT": 101,
        "Net Income": 120
    },
    "2017-09-30": {
        "Diluted EPS": 0.54,
        "Total Revenue": 233,
        "Gross Profit": 187,
        "Operating Income": 79,
        "EBIT": 79,
        "Net Income": 64
    },
    "2017-06-30": {
        "Diluted EPS": 0.65,
        "Total Revenue": 230,
        "Gross Profit": 188,
        "Operating Income": 84,
        "EBIT": 84,
        "Net Income": 76
    },
    "2017-03-31": {
        "Diluted EPS": 0.41,
        "Total Revenue": 196,
        "Gross Profit": 131,
        "Operating Income": 50,
        "EBIT": 50,
        "Net Income": 48
    },
    "2016-12-31": {
        "Diluted EPS": 0.4,
        "Total Revenue": 260,
        "Gross Profit": 133,
        "Operating Income": 33,
        "EBIT": 33,
        "Net Income": 48
    },
    "2016-09-30": {
        "Diluted EPS": 0.34,
        "Total Revenue": 221,
        "Gross Profit": 133,
        "Operating Income": 44,
        "EBIT": 44,
        "Net Income": 39
    },
    "2016-06-30": {
        "Diluted EPS": 0.45,
        "Total Revenue": 207,
        "Gross Profit": 138,
        "Operating Income": 59,
        "EBIT": 59,
        "Net Income": 52
    },
    "2016-03-31": {
        "Diluted EPS": 0.33,
        "Total Revenue": 170,
        "Gross Profit": 110,
        "Operating Income": 30,
        "EBIT": 30,
        "Net Income": 38
    },
    "2015-12-31": {
        "Diluted EPS": 0.39,
        "Total Revenue": 167,
        "Gross Profit": 128,
        "Operating Income": 30,
        "EBIT": 30,
        "Net Income": 45
    },
    "2015-09-30": {
        "Diluted EPS": 0.31,
        "Total Revenue": 141,
        "Gross Profit": 116,
        "Operating Income": 45,
        "EBIT": 45,
        "Net Income": 36
    },
    "2015-06-30": {
        "Diluted EPS": 0.42,
        "Total Revenue": 139,
        "Gross Profit": 117,
        "Operating Income": 91,
        "EBIT": 91,
        "Net Income": 49
    },
    "2015-03-31": {
        "Diluted EPS": 0.23,
        "Total Revenue": 100,
        "Gross Profit": 84,
        "Operating Income": 33,
        "EBIT": 33,
        "Net Income": 27
    },
    "2014-12-31": {
        "Diluted EPS": 0.35,
        "Total Revenue": 119,
        "Gross Profit": 99,
        "Operating Income": 49,
        "EBIT": 49,
        "Net Income": 40
    },
    "2014-09-30": {
        "Diluted EPS": 0.25,
        "Total Revenue": 89,
        "Gross Profit": 73,
        "Operating Income": 33,
        "EBIT": 33,
        "Net Income": 28
    },
    "2014-06-30": {
        "Diluted EPS": 0.3,
        "Total Revenue": 82,
        "Gross Profit": 67,
        "Operating Income": 41,
        "EBIT": 41,
        "Net Income": 33
    },
    "2014-03-31": {
        "Diluted EPS": 0.17,
        "Total Revenue": 55,
        "Gross Profit": 44,
        "Operating Income": 24,
        "EBIT": 24,
        "Net Income": 20
    },
    "2013-12-31": {
        "Diluted EPS": 0.19,
        "Total Revenue": 64,
        "Gross Profit": 64,
        "Operating Income": 64,
        "EBIT": 64,
        "Net Income": 20
    },
    "2013-09-30": {
        "Diluted EPS": 0.22,
        "Total Revenue": 54,
        "Gross Profit": 54,
        "Operating Income": 54,
        "EBIT": 54,
        "Net Income": 22
    },
    "2013-06-30": {
        "Diluted EPS": 0.2,
        "Total Revenue": 48,
        "Gross Profit": 48,
        "Operating Income": 48,
        "EBIT": 48,
        "Net Income": 20
    },
    "2013-03-31": {
        "Diluted EPS": 0.12,
        "Total Revenue": 33,
        "Gross Profit": 33,
        "Operating Income": 33,
        "EBIT": 33,
        "Net Income": 12
    },
    "2012-12-31": {
        "Diluted EPS": 0.07,
        "Total Revenue": 35,
        "Gross Profit": 35,
        "Operating Income": 35,
        "EBIT": 35,
        "Net Income": 7
    },
    "2023-09-30": {
        "Tax Effect Of Unusual Items": NaN,
        "Tax Rate For Calcs": NaN,
        "Normalized EBITDA": NaN,
        "Net Income From Continuing Operation Net Minority Interest": NaN,
        "Reconciled Cost Of Revenue": NaN,
        "EBITDA": NaN,
        "EBIT": NaN,
        "Net Interest Income": NaN,
        "Interest Income": NaN,
        "Normalized Income": NaN,
        "Net Income From Continuing And Discontinued Operation": NaN,
        "Total Expenses": NaN,
        "Total Operating Income As Reported": NaN,
        "Diluted Average Shares": 122746636.0,
        "Basic Average Shares": 122408093.0,
        "Diluted EPS": 4.6,
        "Basic EPS": 4.6,
        "Diluted NI Availto Com Stockholders": NaN,
        "Net Income Common Stockholders": NaN,
        "Otherunder Preferred Stock Dividend": NaN,
        "Net Income": NaN,
        "Minority Interests": NaN,
        "Net Income Including Noncontrolling Interests": NaN,
        "Net Income Continuous Operations": NaN,
        "Tax Provision": NaN,
        "Pretax Income": NaN,
        "Other Income Expense": NaN,
        "Earnings From Equity Interest": NaN,
        "Net Non Operating Interest Income Expense": NaN,
        "Interest Income Non Operating": NaN,
        "Operating Income": NaN,
        "Operating Expense": NaN,
        "Other Operating Expenses": NaN,
        "Research And Development": NaN,
        "Selling General And Administration": NaN,
        "Selling And Marketing Expense": NaN,
        "General And Administrative Expense": NaN,
        "Other Gand A": NaN,
        "Gross Profit": NaN,
        "Cost Of Revenue": NaN,
        "Total Revenue": NaN,
        "Operating Revenue": NaN
    },
    "2023-12-31": {
        "Tax Effect Of Unusual Items": 0.0,
        "Tax Rate For Calcs": 0.223844,
        "Normalized EBITDA": 366714000.0,
        "Net Income From Continuing Operation Net Minority Interest": 471920000.0,
        "Reconciled Cost Of Revenue": 367888000.0,
        "EBITDA": 366714000.0,
        "EBIT": 366714000.0,
        "Net Interest Income": 195813000.0,
        "Interest Income": 195813000.0,
        "Normalized Income": 471920000.0,
        "Net Income From Continuing And Discontinued Operation": 471920000.0,
        "Total Expenses": 1544727000.0,
        "Total Operating Income As Reported": 366714000.0,
        "Diluted Average Shares": 121425284.0,
        "Basic Average Shares": 121104806.0,
        "Diluted EPS": 3.56,
        "Basic EPS": 3.56,
        "Diluted NI Availto Com Stockholders": 432115000.0,
        "Net Income Common Stockholders": 432115000.0,
        "Otherunder Preferred Stock Dividend": 39805000.0,
        "Net Income": 471920000.0,
        "Minority Interests": 29598000.0,
        "Net Income Including Noncontrolling Interests": 442322000.0,
        "Net Income Continuous Operations": 442322000.0,
        "Tax Provision": 127566000.0,
        "Pretax Income": 569888000.0,
        "Other Income Expense": 7361000.0,
        "Earnings From Equity Interest": 7361000.0,
        "Net Non Operating Interest Income Expense": 195813000.0,
        "Interest Income Non Operating": 195813000.0,
        "Operating Income": 366714000.0,
        "Operating Expense": 1176839000.0,
        "Other Operating Expenses": 167946000.0,
        "Research And Development": 355924000.0,
        "Selling General And Administration": 886891000.0,
        "Selling And Marketing Expense": 730094000.0,
        "General And Administrative Expense": 156797000.0,
        "Other Gand A": 156797000.0,
        "Gross Profit": 1543553000.0,
        "Cost Of Revenue": 367888000.0,
        "Total Revenue": 1911441000.0,
        "Operating Revenue": 1911441000.0
    },
    "2024-03-31": {
        "Tax Effect Of Unusual Items": NaN,
        "Tax Rate For Calcs": NaN,
        "Normalized EBITDA": NaN,
        "Net Income From Continuing Operation Net Minority Interest": NaN,
        "Reconciled Cost Of Revenue": NaN,
        "EBITDA": NaN,
        "EBIT": NaN,
        "Net Interest Income": NaN,
        "Interest Income": NaN,
        "Normalized Income": NaN,
        "Net Income From Continuing And Discontinued Operation": NaN,
        "Total Expenses": NaN,
        "Total Operating Income As Reported": NaN,
        "Diluted Average Shares": 121313440.0,
        "Basic Average Shares": NaN,
        "Diluted EPS": NaN,
        "Basic EPS": 3.12,
        "Diluted NI Availto Com Stockholders": NaN,
        "Net Income Common Stockholders": NaN,
        "Otherunder Preferred Stock Dividend": NaN,
        "Net Income": NaN,
        "Minority Interests": NaN,
        "Net Income Including Noncontrolling Interests": NaN,
        "Net Income Continuous Operations": NaN,
        "Tax Provision": NaN,
        "Pretax Income": NaN,
        "Other Income Expense": NaN,
        "Earnings From Equity Interest": NaN,
        "Net Non Operating Interest Income Expense": NaN,
        "Interest Income Non Operating": NaN,
        "Operating Income": NaN,
        "Operating Expense": NaN,
        "Other Operating Expenses": NaN,
        "Research And Development": NaN,
        "Selling General And Administration": NaN,
        "Selling And Marketing Expense": NaN,
        "General And Administrative Expense": NaN,
        "Other Gand A": NaN,
        "Gross Profit": NaN,
        "Cost Of Revenue": NaN,
        "Total Revenue": NaN,
        "Operating Revenue": NaN
    },
    "2024-06-30": {
        "Tax Effect Of Unusual Items": 0.0,
        "Tax Rate For Calcs": 0.168565,
        "Normalized EBITDA": 412394000.0,
        "Net Income From Continuing Operation Net Minority Interest": 552360000.0,
        "Reconciled Cost Of Revenue": 346102000.0,
        "EBITDA": 412394000.0,
        "EBIT": 412394000.0,
        "Net Interest Income": 189053000.0,
        "Interest Income": 189053000.0,
        "Normalized Income": 552360000.0,
        "Net Income From Continuing And Discontinued Operation": 552360000.0,
        "Total Expenses": 1460160000.0,
        "Total Operating Income As Reported": 412394000.0,
        "Diluted Average Shares": 121647923.0,
        "Basic Average Shares": 121215156.0,
        "Diluted EPS": 4.2,
        "Basic EPS": 4.2,
        "Diluted NI Availto Com Stockholders": 509673000.0,
        "Net Income Common Stockholders": 509673000.0,
        "Otherunder Preferred Stock Dividend": 42687000.0,
        "Net Income": 552360000.0,
        "Minority Interests": 48438000.0,
        "Net Income Including Noncontrolling Interests": 503922000.0,
        "Net Income Continuous Operations": 503922000.0,
        "Tax Provision": 102165000.0,
        "Pretax Income": 606087000.0,
        "Other Income Expense": 4640000.0,
        "Earnings From Equity Interest": 4640000.0,
        "Net Non Operating Interest Income Expense": 189053000.0,
        "Interest Income Non Operating": 189053000.0,
        "Operating Income": 412394000.0,
        "Operating Expense": 1114058000.0,
        "Other Operating Expenses": -71279000.0,
        "Research And Development": 315230000.0,
        "Selling General And Administration": 870107000.0,
        "Selling And Marketing Expense": 752543000.0,
        "General And Administrative Expense": 117564000.0,
        "Other Gand A": 117564000.0,
        "Gross Profit": 1526452000.0,
        "Cost Of Revenue": 346102000.0,
        "Total Revenue": 1872554000.0,
        "Operating Revenue": 1872554000.0
    },
    "2024-09-30": {
        "Tax Effect Of Unusual Items": 0.0,
        "Tax Rate For Calcs": 0.25,
        "Normalized EBITDA": 82616000.0,
        "Net Income From Continuing Operation Net Minority Interest": 469933000.0,
        "Reconciled Cost Of Revenue": 407668000.0,
        "EBITDA": 82616000.0,
        "EBIT": 82616000.0,
        "Net Interest Income": 193816000.0,
        "Interest Income": 193816000.0,
        "Normalized Income": 469933000.0,
        "Net Income From Continuing And Discontinued Operation": 469933000.0,
        "Total Expenses": 1691916000.0,
        "Total Operating Income As Reported": 82616000.0,
        "Diluted Average Shares": 121852250.0,
        "Basic Average Shares": 121551878.0,
        "Diluted EPS": 3.48,
        "Basic EPS": 3.52,
        "Diluted NI Availto Com Stockholders": 425701000.0,
        "Net Income Common Stockholders": 425701000.0,
        "Otherunder Preferred Stock Dividend": 44232000.0,
        "Net Income": 469933000.0,
        "Minority Interests": 41731000.0,
        "Net Income Including Noncontrolling Interests": 428202000.0,
        "Net Income Continuous Operations": 428202000.0,
        "Tax Provision": -138982000.0,
        "Pretax Income": 289220000.0,
        "Other Income Expense": 12788000.0,
        "Earnings From Equity Interest": 12788000.0,
        "Net Non Operating Interest Income Expense": 193816000.0,
        "Interest Income Non Operating": 193816000.0,
        "Operating Income": 82616000.0,
        "Operating Expense": 1284248000.0,
        "Other Operating Expenses": -67981000.0,
        "Research And Development": 339159000.0,
        "Selling General And Administration": 1013070000.0,
        "Selling And Marketing Expense": 876538000.0,
        "General And Administrative Expense": 136532000.0,
        "Other Gand A": 136532000.0,
        "Gross Profit": 1366864000.0,
        "Cost Of Revenue": 407668000.0,
        "Total Revenue": 1774532000.0,
        "Operating Revenue": 1774532000.0
    },
    "2024-12-31": {
        "Tax Effect Of Unusual Items": 0.0,
        "Tax Rate For Calcs": 0.091185,
        "Normalized EBITDA": 232409000.0,
        "Net Income From Continuing Operation Net Minority Interest": 348418000.0,
        "Reconciled Cost Of Revenue": 428558000.0,
        "EBITDA": 232409000.0,
        "EBIT": 232409000.0,
        "Net Interest Income": 189062000.0,
        "Interest Income": 189062000.0,
        "Normalized Income": 348418000.0,
        "Net Income From Continuing And Discontinued Operation": 348418000.0,
        "Total Expenses": 1551027000.0,
        "Total Operating Income As Reported": 232409000.0,
        "Diluted Average Shares": 121860900.0,
        "Basic Average Shares": 121107108.0,
        "Diluted EPS": 2.48,
        "Basic EPS": 2.52,
        "Diluted NI Availto Com Stockholders": 304412000.0,
        "Net Income Common Stockholders": 304412000.0,
        "Otherunder Preferred Stock Dividend": 44006000.0,
        "Net Income": 348418000.0,
        "Minority Interests": 35711000.0,
        "Net Income Including Noncontrolling Interests": 312707000.0,
        "Net Income Continuous Operations": 312707000.0,
        "Tax Provision": 31375000.0,
        "Pretax Income": 344082000.0,
        "Other Income Expense": -77389000.0,
        "Earnings From Equity Interest": -77389000.0,
        "Net Non Operating Interest Income Expense": 189062000.0,
        "Interest Income Non Operating": 189062000.0,
        "Operating Income": 232409000.0,
        "Operating Expense": 1122469000.0,
        "Other Operating Expenses": 165292000.0,
        "Research And Development": 327987000.0,
        "Selling General And Administration": 813687000.0,
        "Selling And Marketing Expense": 717812000.0,
        "General And Administrative Expense": 95875000.0,
        "Other Gand A": 95875000.0,
        "Gross Profit": 1354878000.0,
        "Cost Of Revenue": 428558000.0,
        "Total Revenue": 1783436000.0,
        "Operating Revenue": 1783436000.0
    },
    "2025-03-31": {
        "Tax Effect Of Unusual Items": 0.0,
        "Tax Rate For Calcs": 0.14125,
        "Normalized EBITDA": 233355000.0,
        "Net Income From Continuing Operation Net Minority Interest": 386104000.0,
        "Reconciled Cost Of Revenue": 315520000.0,
        "EBITDA": 233355000.0,
        "EBIT": 233355000.0,
        "Net Interest Income": 177071000.0,
        "Interest Income": 177071000.0,
        "Normalized Income": 386104000.0,
        "Net Income From Continuing And Discontinued Operation": 386104000.0,
        "Total Expenses": 1220463000.0,
        "Total Operating Income As Reported": 233355000.0,
        "Diluted Average Shares": 119507655.0,
        "Basic Average Shares": 118870807.0,
        "Diluted EPS": 2.84,
        "Basic EPS": 2.88,
        "Diluted NI Availto Com Stockholders": 340450000.0,
        "Net Income Common Stockholders": 340450000.0,
        "Otherunder Preferred Stock Dividend": 45654000.0,
        "Net Income": 386104000.0,
        "Minority Interests": 43643000.0,
        "Net Income Including Noncontrolling Interests": 342461000.0,
        "Net Income Continuous Operations": 342461000.0,
        "Tax Provision": 56329000.0,
        "Pretax Income": 398790000.0,
        "Other Income Expense": -11636000.0,
        "Earnings From Equity Interest": -11636000.0,
        "Net Non Operating Interest Income Expense": 177071000.0,
        "Interest Income Non Operating": 177071000.0,
        "Operating Income": 233355000.0,
        "Operating Expense": 904943000.0,
        "Other Operating Expenses": -43860000.0,
        "Research And Development": 274141000.0,
        "Selling General And Administration": 674662000.0,
        "Selling And Marketing Expense": 543639000.0,
        "General And Administrative Expense": 131023000.0,
        "Other Gand A": 131023000.0,
        "Gross Profit": 1138298000.0,
        "Cost Of Revenue": 315520000.0,
        "Total Revenue": 1453818000.0,
        "Operating Revenue": 1453818000.0
    },
    "2025-06-30": {
        "Tax Effect Of Unusual Items": 0.0,
        "Tax Rate For Calcs": 0.131318,
        "Normalized EBITDA": 296643000.0,
        "Net Income From Continuing Operation Net Minority Interest": 446221000.0,
        "Reconciled Cost Of Revenue": 503424000.0,
        "EBITDA": 296643000.0,
        "EBIT": 296643000.0,
        "Net Interest Income": 165123000.0,
        "Interest Income": 165123000.0,
        "Normalized Income": 446221000.0,
        "Net Income From Continuing And Discontinued Operation": 446221000.0,
        "Total Expenses": 1461477000.0,
        "Total Operating Income As Reported": 296643000.0,
        "Diluted Average Shares": 117839546.0,
        "Basic Average Shares": 117317252.0,
        "Diluted EPS": 3.4,
        "Basic EPS": 3.4,
        "Diluted NI Availto Com Stockholders": 398866000.0,
        "Net Income Common Stockholders": 398866000.0,
        "Otherunder Preferred Stock Dividend": 47355000.0,
        "Net Income": 446221000.0,
        "Minority Interests": 45373000.0,
        "Net Income Including Noncontrolling Interests": 400848000.0,
        "Net Income Continuous Operations": 400848000.0,
        "Tax Provision": 60596000.0,
        "Pretax Income": 461444000.0,
        "Other Income Expense": -322000.0,
        "Earnings From Equity Interest": -322000.0,
        "Net Non Operating Interest Income Expense": 165123000.0,
        "Interest Income Non Operating": 165123000.0,
        "Operating Income": 296643000.0,
        "Operating Expense": 958053000.0,
        "Other Operating Expenses": -57611000.0,
        "Research And Development": 253017000.0,
        "Selling General And Administration": 762647000.0,
        "Selling And Marketing Expense": 629982000.0,
        "General And Administrative Expense": 132665000.0,
        "Other Gand A": 132665000.0,
        "Gross Profit": 1254696000.0,
        "Cost Of Revenue": 503424000.0,
        "Total Revenue": 1758120000.0,
        "Operating Revenue": 1758120000.0
    }
}