{
    "2023-03-31": {
        "Tax Effect Of Unusual Items": NaN,
        "Tax Rate For Calcs": NaN,
        "Normalized EBITDA": NaN,
        "Total Unusual Items": NaN,
        "Total Unusual Items Excluding Goodwill": NaN,
        "Net Income From Continuing Operation Net Minority Interest": NaN,
        "Reconciled Depreciation": NaN,
        "Reconciled Cost Of Revenue": NaN,
        "EBITDA": NaN,
        "EBIT": NaN,
        "Net Interest Income": NaN,
        "Interest Expense": NaN,
        "Normalized Income": NaN,
        "Net Income From Continuing And Discontinued Operation": NaN,
        "Total Expenses": NaN,
        "Total Operating Income As Reported": NaN,
        "Diluted Average Shares": 39749000.0,
        "Basic Average Shares": 39212000.0,
        "Diluted EPS": 4.31,
        "Basic EPS": 4.37,
        "Diluted NI Availto Com Stockholders": NaN,
        "Net Income Common Stockholders": NaN,
        "Otherunder Preferred Stock Dividend": NaN,
        "Net Income": NaN,
        "Net Income Including Noncontrolling Interests": NaN,
        "Net Income Continuous Operations": NaN,
        "Tax Provision": NaN,
        "Pretax Income": NaN,
        "Other Income Expense": NaN,
        "Other Non Operating Income Expenses": -204000.0,
        "Special Income Charges": NaN,
        "Gain On Sale Of Ppe": NaN,
        "Gain On Sale Of Security": NaN,
        "Net Non Operating Interest Income Expense": NaN,
        "Interest Expense Non Operating": NaN,
        "Operating Income": NaN,
        "Operating Expense": NaN,
        "Depreciation Amortization Depletion Income Statement": NaN,
        "Depreciation And Amortization In Income Statement": NaN,
        "Amortization": NaN,
        "Amortization Of Intangibles Income Statement": NaN,
        "Selling General And Administration": NaN,
        "General And Administrative Expense": 98405000.0,
        "Other Gand A": 98201000.0,
        "Salaries And Wages": 204000.0,
        "Gross Profit": NaN,
        "Cost Of Revenue": NaN,
        "Total Revenue": NaN,
        "Operating Revenue": NaN
    },
    "2022-12-31": {
        "Tax Effect Of Unusual Items": NaN,
        "Tax Rate For Calcs": NaN,
        "Normalized EBITDA": NaN,
        "Total Unusual Items": NaN,
        "Total Unusual Items Excluding Goodwill": NaN,
        "Net Income From Continuing Operation Net Minority Interest": NaN,
        "Reconciled Depreciation": NaN,
        "Reconciled Cost Of Revenue": NaN,
        "EBITDA": NaN,
        "EBIT": NaN,
        "Net Interest Income": NaN,
        "Interest Expense": NaN,
        "Normalized Income": NaN,
        "Net Income From Continuing And Discontinued Operation": NaN,
        "Total Expenses": NaN,
        "Total Operating Income As Reported": NaN,
        "Diluted Average Shares": NaN,
        "Basic Average Shares": NaN,
        "Diluted EPS": NaN,
        "Basic EPS": NaN,
        "Diluted NI Availto Com Stockholders": NaN,
        "Net Income Common Stockholders": NaN,
        "Otherunder Preferred Stock Dividend": NaN,
        "Net Income": NaN,
        "Net Income Including Noncontrolling Interests": NaN,
        "Net Income Continuous Operations": NaN,
        "Tax Provision": NaN,
        "Pretax Income": NaN,
        "Other Income Expense": NaN,
        "Other Non Operating Income Expenses": -204000.0,
        "Special Income Charges": NaN,
        "Gain On Sale Of Ppe": NaN,
        "Gain On Sale Of Security": NaN,
        "Net Non Operating Interest Income Expense": NaN,
        "Interest Expense Non Operating": NaN,
        "Operating Income": NaN,
        "Operating Expense": NaN,
        "Depreciation Amortization Depletion Income Statement": NaN,
        "Depreciation And Amortization In Income Statement": NaN,
        "Amortization": NaN,
        "Amortization Of Intangibles Income Statement": NaN,
        "Selling General And Administration": NaN,
        "General And Administrative Expense": NaN,
        "Other Gand A": NaN,
        "Salaries And Wages": NaN,
        "Gross Profit": NaN,
        "Cost Of Revenue": NaN,
        "Total Revenue": NaN,
        "Operating Revenue": NaN
    },
    "2022-09-30": {
        "Tax Effect Of Unusual Items": NaN,
        "Tax Rate For Calcs": NaN,
        "Normalized EBITDA": NaN,
        "Total Unusual Items": NaN,
        "Total Unusual Items Excluding Goodwill": NaN,
        "Net Income From Continuing Operation Net Minority Interest": NaN,
        "Reconciled Depreciation": NaN,
        "Reconciled Cost Of Revenue": NaN,
        "EBITDA": NaN,
        "EBIT": NaN,
        "Net Interest Income": NaN,
        "Interest Expense": NaN,
        "Normalized Income": NaN,
        "Net Income From Continuing And Discontinued Operation": NaN,
        "Total Expenses": NaN,
        "Total Operating Income As Reported": NaN,
        "Diluted Average Shares": NaN,
        "Basic Average Shares": NaN,
        "Diluted EPS": NaN,
        "Basic EPS": NaN,
        "Diluted NI Availto Com Stockholders": NaN,
        "Net Income Common Stockholders": NaN,
        "Otherunder Preferred Stock Dividend": NaN,
        "Net Income": NaN,
        "Net Income Including Noncontrolling Interests": NaN,
        "Net Income Continuous Operations": NaN,
        "Tax Provision": NaN,
        "Pretax Income": NaN,
        "Other Income Expense": NaN,
        "Other Non Operating Income Expenses": 101000.0,
        "Special Income Charges": NaN,
        "Gain On Sale Of Ppe": NaN,
        "Restructuring And Mergern Acquisition": 0.0,
        "Gain On Sale Of Security": NaN,
        "Net Non Operating Interest Income Expense": NaN,
        "Interest Expense Non Operating": NaN,
        "Operating Income": NaN,
        "Operating Expense": NaN,
        "Depreciation Amortization Depletion Income Statement": NaN,
        "Depreciation And Amortization In Income Statement": NaN,
        "Amortization": NaN,
        "Amortization Of Intangibles Income Statement": NaN,
        "Selling General And Administration": NaN,
        "General And Administrative Expense": NaN,
        "Other Gand A": NaN,
        "Salaries And Wages": NaN,
        "Gross Profit": NaN,
        "Cost Of Revenue": NaN,
        "Total Revenue": NaN,
        "Operating Revenue": NaN
    },
    "2022-06-30": {
        "Tax Effect Of Unusual Items": -154457.0,
        "Tax Rate For Calcs": 0.257,
        "Normalized EBITDA": 374004000.0,
        "Total Unusual Items": -601000.0,
        "Total Unusual Items Excluding Goodwill": -601000.0,
        "Net Income From Continuing Operation Net Minority Interest": 254313000.0,
        "Reconciled Depreciation": 23806000.0,
        "Reconciled Cost Of Revenue": 592085000.0,
        "EBITDA": 373403000.0,
        "EBIT": 349597000.0,
        "Net Interest Income": -7243000.0,
        "Interest Expense": 7243000.0,
        "Normalized Income": 254759543.0,
        "Net Income From Continuing And Discontinued Operation": 254313000.0,
        "Total Expenses": 711843000.0,
        "Total Operating Income As Reported": 349747000.0,
        "Diluted Average Shares": 43630000.0,
        "Basic Average Shares": 43072000.0,
        "Diluted EPS": 5.74,
        "Basic EPS": 5.81,
        "Diluted NI Availto Com Stockholders": 250430000.0,
        "Net Income Common Stockholders": 250430000.0,
        "Otherunder Preferred Stock Dividend": 3883000.0,
        "Net Income": 254313000.0,
        "Net Income Including Noncontrolling Interests": 254313000.0,
        "Net Income Continuous Operations": 254313000.0,
        "Tax Provision": 88041000.0,
        "Pretax Income": 342354000.0,
        "Other Income Expense": -150000.0,
        "Other Non Operating Income Expenses": 451000.0,
        "Special Income Charges": 0.0,
        "Gain On Sale Of Ppe": NaN,
        "Restructuring And Mergern Acquisition": 0.0,
        "Gain On Sale Of Security": -601000.0,
        "Net Non Operating Interest Income Expense": -7243000.0,
        "Interest Expense Non Operating": 7243000.0,
        "Operating Income": 349747000.0,
        "Operating Expense": 104576000.0,
        "Depreciation Amortization Depletion Income Statement": 8624000.0,
        "Depreciation And Amortization In Income Statement": 8624000.0,
        "Amortization": 8624000.0,
        "Amortization Of Intangibles Income Statement": 8624000.0,
        "Selling General And Administration": 95952000.0,
        "Gross Profit": 454323000.0,
        "Cost Of Revenue": 607267000.0,
        "Total Revenue": 1061590000.0,
        "Operating Revenue": 1061590000.0
    },
    "2022-03-31": {
        "Diluted EPS": 5.08,
        "Total Revenue": 983,
        "Gross Profit": 416,
        "Operating Income": 319,
        "EBIT": 342,
        "Net Income": 230
    },
    "2021-12-31": {
        "Diluted EPS": 4.32,
        "Total Revenue": 841,
        "Gross Profit": 355,
        "Operating Income": 268,
        "EBIT": 292,
        "Net Income": 201
    },
    "2021-09-30": {
        "Diluted EPS": 4.22,
        "Total Revenue": 924,
        "Gross Profit": 357,
        "Operating Income": 266,
        "EBIT": 292,
        "Net Income": 196
    },
    "2021-06-30": {
        "Diluted EPS": 3.64,
        "Total Revenue": 854,
        "Gross Profit": 339,
        "Operating Income": 249,
        "EBIT": 272,
        "Net Income": 172
    },
    "2021-03-31": {
        "Diluted EPS": 2.58,
        "Total Revenue": 640,
        "Gross Profit": 240,
        "Operating Income": 164,
        "EBIT": 187,
        "Net Income": 125
    },
    "2020-12-31": {
        "Diluted EPS": 1.75,
        "Total Revenue": 511,
        "Gross Profit": 189,
        "Operating Income": 120,
        "EBIT": 142,
        "Net Income": 83
    },
    "2020-09-30": {
        "Diluted EPS": 1.1,
        "Total Revenue": 477,
        "Gross Profit": 147,
        "Operating Income": 84,
        "EBIT": 109,
        "Net Income": 53
    },
    "2020-06-30": {
        "Diluted EPS": 0.49,
        "Total Revenue": 385,
        "Gross Profit": 96,
        "Operating Income": 42,
        "EBIT": 64,
        "Net Income": 24
    },
    "2020-03-31": {
        "Diluted EPS": 0.8,
        "Total Revenue": 456,
        "Gross Profit": 132,
        "Operating Income": 61,
        "EBIT": 83,
        "Net Income": 38
    },
    "2019-12-31": {
        "Diluted EPS": 0.71,
        "Total Revenue": 447,
        "Gross Profit": 117,
        "Operating Income": 53,
        "EBIT": 75,
        "Net Income": 34
    },
    "2019-09-30": {
        "Diluted EPS": 0.93,
        "Total Revenue": 502,
        "Gross Profit": 144,
        "Operating Income": 66,
        "EBIT": 86,
        "Net Income": 44
    },
    "2019-06-30": {
        "Diluted EPS": 0.75,
        "Total Revenue": 493,
        "Gross Profit": 126,
        "Operating Income": 59,
        "EBIT": 77,
        "Net Income": 37
    },
    "2019-03-31": {
        "Diluted EPS": 0.61,
        "Total Revenue": 469,
        "Gross Profit": 117,
        "Operating Income": 53,
        "EBIT": 71,
        "Net Income": 29
    },
    "2018-12-31": {
        "Diluted EPS": 0.54,
        "Total Revenue": 452,
        "Gross Profit": 110,
        "Operating Income": 46,
        "EBIT": 64,
        "Net Income": 26
    },
    "2018-09-30": {
        "Diluted EPS": 0.58,
        "Total Revenue": 478,
        "Gross Profit": 112,
        "Operating Income": 47,
        "EBIT": 66,
        "Net Income": 31
    },
    "2018-06-30": {
        "Diluted EPS": 0.7,
        "Total Revenue": 498,
        "Gross Profit": 120,
        "Operating Income": 55,
        "EBIT": 71,
        "Net Income": 34
    },
    "2018-03-31": {
        "Diluted EPS": 0.79,
        "Total Revenue": 445,
        "Gross Profit": 109,
        "Operating Income": 41,
        "EBIT": 57,
        "Net Income": 43
    },
    "2017-12-31": {
        "Diluted EPS": 0.41,
        "Total Revenue": 415,
        "Gross Profit": 97,
        "Operating Income": 37,
        "EBIT": 54,
        "Net Income": 27
    },
    "2017-09-30": {
        "Diluted EPS": 0.32,
        "Total Revenue": 396,
        "Gross Profit": 90,
        "Operating Income": 39,
        "EBIT": 55,
        "Net Income": 21
    },
    "2017-06-30": {
        "Diluted EPS": 0.41,
        "Total Revenue": 398,
        "Gross Profit": 92,
        "Operating Income": 44,
        "EBIT": 58,
        "Net Income": 27
    },
    "2017-03-31": {
        "Diluted EPS": 0.28,
        "Total Revenue": 373,
        "Gross Profit": 88,
        "Operating Income": 30,
        "EBIT": 44,
        "Net Income": 19
    },
    "2016-12-31": {
        "Diluted EPS": 0.26,
        "Total Revenue": 338,
        "Gross Profit": 92,
        "Operating Income": 42,
        "EBIT": 56,
        "Net Income": 17
    },
    "2016-09-30": {
        "Diluted EPS": 0.25,
        "Total Revenue": 416,
        "Gross Profit": 92,
        "Operating Income": 29,
        "EBIT": 48,
        "Net Income": 16
    },
    "2016-06-30": {
        "Diluted EPS": 0.33,
        "Total Revenue": 396,
        "Gross Profit": 112,
        "Operating Income": 42,
        "EBIT": 53,
        "Net Income": 21
    },
    "2016-03-31": {
        "Diluted EPS": 0.22,
        "Total Revenue": 353,
        "Gross Profit": 91,
        "Operating Income": 32,
        "EBIT": 46,
        "Net Income": 14
    },
    "2015-12-31": {
        "Diluted EPS": 0.14,
        "Total Revenue": 358,
        "Gross Profit": 72,
        "Operating Income": 23,
        "EBIT": 37,
        "Net Income": 9
    },
    "2015-09-30": {
        "Diluted EPS": 0.0,
        "Total Revenue": NaN,
        "Gross Profit": NaN,
        "Operating Income": NaN,
        "EBIT": NaN,
        "Net Income": NaN
    },
    "2015-06-30": {
        "Diluted EPS": 0.3,
        "Total Revenue": 432,
        "Gross Profit": 79,
        "Operating Income": 28,
        "EBIT": 28,
        "Net Income": 19
    },
    "2014-09-30": {
        "Diluted EPS": 0.0,
        "Total Revenue": NaN,
        "Gross Profit": NaN,
        "Operating Income": NaN,
        "EBIT": NaN,
        "Net Income": NaN
    },
    "2013-09-30": {
        "Diluted EPS": 0.0,
        "Total Revenue": NaN,
        "Gross Profit": NaN,
        "Operating Income": NaN,
        "EBIT": NaN,
        "Net Income": NaN
    },
    "2023-06-30": {
        "Tax Effect Of Unusual Items": NaN,
        "Tax Rate For Calcs": NaN,
        "Normalized EBITDA": NaN,
        "Total Unusual Items": NaN,
        "Total Unusual Items Excluding Goodwill": NaN,
        "Net Income From Continuing Operation Net Minority Interest": NaN,
        "Reconciled Depreciation": NaN,
        "Reconciled Cost Of Revenue": NaN,
        "EBITDA": NaN,
        "EBIT": NaN,
        "Net Interest Income": NaN,
        "Interest Expense": NaN,
        "Normalized Income": NaN,
        "Net Income From Continuing And Discontinued Operation": NaN,
        "Total Expenses": NaN,
        "Total Operating Income As Reported": NaN,
        "Diluted Average Shares": 38657000.0,
        "Basic Average Shares": 38132000.0,
        "Diluted EPS": 5.13,
        "Basic EPS": 5.2,
        "Diluted NI Availto Com Stockholders": NaN,
        "Net Income Common Stockholders": NaN,
        "Otherunder Preferred Stock Dividend": NaN,
        "Net Income": NaN,
        "Net Income Including Noncontrolling Interests": NaN,
        "Net Income Continuous Operations": NaN,
        "Tax Provision": NaN,
        "Pretax Income": NaN,
        "Other Income Expense": NaN,
        "Other Non Operating Income Expenses": -86000.0,
        "Special Income Charges": NaN,
        "Gain On Sale Of Ppe": NaN,
        "Gain On Sale Of Security": NaN,
        "Net Non Operating Interest Income Expense": NaN,
        "Interest Expense Non Operating": NaN,
        "Operating Income": NaN,
        "Operating Expense": NaN,
        "Depreciation Amortization Depletion Income Statement": NaN,
        "Depreciation And Amortization In Income Statement": NaN,
        "Amortization": NaN,
        "Amortization Of Intangibles Income Statement": NaN,
        "Selling General And Administration": NaN,
        "General And Administrative Expense": 103105000.0,
        "Other Gand A": 103019000.0,
        "Salaries And Wages": 86000.0,
        "Gross Profit": NaN,
        "Cost Of Revenue": NaN,
        "Total Revenue": NaN,
        "Operating Revenue": NaN
    },
    "2023-09-30": {
        "Tax Effect Of Unusual Items": NaN,
        "Tax Rate For Calcs": NaN,
        "Normalized EBITDA": NaN,
        "Total Unusual Items": NaN,
        "Total Unusual Items Excluding Goodwill": NaN,
        "Net Income From Continuing Operation Net Minority Interest": NaN,
        "Reconciled Depreciation": NaN,
        "Reconciled Cost Of Revenue": NaN,
        "EBITDA": NaN,
        "EBIT": NaN,
        "Net Interest Income": NaN,
        "Interest Expense": NaN,
        "Normalized Income": NaN,
        "Net Income From Continuing And Discontinued Operation": NaN,
        "Total Expenses": NaN,
        "Total Operating Income As Reported": NaN,
        "Diluted Average Shares": NaN,
        "Basic Average Shares": NaN,
        "Diluted EPS": NaN,
        "Basic EPS": NaN,
        "Diluted NI Availto Com Stockholders": NaN,
        "Net Income Common Stockholders": NaN,
        "Otherunder Preferred Stock Dividend": NaN,
        "Net Income": NaN,
        "Net Income Including Noncontrolling Interests": NaN,
        "Net Income Continuous Operations": NaN,
        "Tax Provision": NaN,
        "Pretax Income": NaN,
        "Other Income Expense": NaN,
        "Other Non Operating Income Expenses": -87000.0,
        "Special Income Charges": NaN,
        "Gain On Sale Of Ppe": NaN,
        "Gain On Sale Of Business": NaN,
        "Impairment Of Capital Assets": NaN,
        "Gain On Sale Of Security": NaN,
        "Net Non Operating Interest Income Expense": NaN,
        "Interest Expense Non Operating": NaN,
        "Operating Income": NaN,
        "Operating Expense": NaN,
        "Depreciation Amortization Depletion Income Statement": NaN,
        "Depreciation And Amortization In Income Statement": NaN,
        "Amortization": NaN,
        "Amortization Of Intangibles Income Statement": NaN,
        "Selling General And Administration": NaN,
        "General And Administrative Expense": NaN,
        "Other Gand A": NaN,
        "Salaries And Wages": NaN,
        "Gross Profit": NaN,
        "Cost Of Revenue": NaN,
        "Total Revenue": NaN,
        "Operating Revenue": NaN
    },
    "2023-12-31": {
        "Tax Effect Of Unusual Items": NaN,
        "Tax Rate For Calcs": NaN,
        "Normalized EBITDA": NaN,
        "Total Unusual Items": NaN,
        "Total Unusual Items Excluding Goodwill": NaN,
        "Net Income From Continuing Operation Net Minority Interest": NaN,
        "Reconciled Depreciation": NaN,
        "Reconciled Cost Of Revenue": NaN,
        "EBITDA": NaN,
        "EBIT": NaN,
        "Net Interest Income": NaN,
        "Interest Expense": NaN,
        "Normalized Income": NaN,
        "Net Income From Continuing And Discontinued Operation": NaN,
        "Total Expenses": NaN,
        "Total Operating Income As Reported": NaN,
        "Diluted Average Shares": NaN,
        "Basic Average Shares": NaN,
        "Diluted EPS": NaN,
        "Basic EPS": NaN,
        "Diluted NI Availto Com Stockholders": NaN,
        "Net Income Common Stockholders": NaN,
        "Otherunder Preferred Stock Dividend": NaN,
        "Net Income": NaN,
        "Net Income Including Noncontrolling Interests": NaN,
        "Net Income Continuous Operations": NaN,
        "Tax Provision": NaN,
        "Pretax Income": NaN,
        "Other Income Expense": NaN,
        "Special Income Charges": NaN,
        "Gain On Sale Of Ppe": NaN,
        "Gain On Sale Of Business": NaN,
        "Write Off": NaN,
        "Impairment Of Capital Assets": NaN,
        "Gain On Sale Of Security": 198000.0,
        "Net Non Operating Interest Income Expense": NaN,
        "Interest Expense Non Operating": NaN,
        "Operating Income": NaN,
        "Operating Expense": NaN,
        "Depreciation Amortization Depletion Income Statement": NaN,
        "Depreciation And Amortization In Income Statement": NaN,
        "Amortization": NaN,
        "Amortization Of Intangibles Income Statement": NaN,
        "Selling General And Administration": NaN,
        "General And Administrative Expense": NaN,
        "Other Gand A": NaN,
        "Salaries And Wages": NaN,
        "Gross Profit": NaN,
        "Cost Of Revenue": NaN,
        "Total Revenue": NaN,
        "Operating Revenue": NaN
    },
    "2024-03-31": {
        "Tax Effect Of Unusual Items": NaN,
        "Tax Rate For Calcs": NaN,
        "Normalized EBITDA": NaN,
        "Total Unusual Items": NaN,
        "Total Unusual Items Excluding Goodwill": NaN,
        "Net Income From Continuing Operation Net Minority Interest": NaN,
        "Reconciled Depreciation": NaN,
        "Reconciled Cost Of Revenue": NaN,
        "EBITDA": NaN,
        "EBIT": NaN,
        "Net Interest Income": NaN,
        "Interest Expense": NaN,
        "Normalized Income": NaN,
        "Net Income From Continuing And Discontinued Operation": NaN,
        "Total Expenses": NaN,
        "Total Operating Income As Reported": NaN,
        "Diluted Average Shares": NaN,
        "Basic Average Shares": NaN,
        "Diluted EPS": NaN,
        "Basic EPS": NaN,
        "Diluted NI Availto Com Stockholders": NaN,
        "Net Income Common Stockholders": NaN,
        "Otherunder Preferred Stock Dividend": NaN,
        "Net Income": NaN,
        "Net Income Including Noncontrolling Interests": NaN,
        "Net Income Continuous Operations": NaN,
        "Tax Provision": NaN,
        "Pretax Income": NaN,
        "Other Income Expense": NaN,
        "Special Income Charges": NaN,
        "Gain On Sale Of Ppe": NaN,
        "Gain On Sale Of Business": 0.0,
        "Write Off": 0.0,
        "Impairment Of Capital Assets": 0.0,
        "Gain On Sale Of Security": -370000.0,
        "Net Non Operating Interest Income Expense": NaN,
        "Interest Expense Non Operating": NaN,
        "Operating Income": NaN,
        "Operating Expense": NaN,
        "Depreciation Amortization Depletion Income Statement": NaN,
        "Depreciation And Amortization In Income Statement": NaN,
        "Amortization": NaN,
        "Amortization Of Intangibles Income Statement": NaN,
        "Selling General And Administration": NaN,
        "General And Administrative Expense": 98819000.0,
        "Other Gand A": 98544000.0,
        "Salaries And Wages": 275000.0,
        "Gross Profit": NaN,
        "Cost Of Revenue": NaN,
        "Total Revenue": NaN,
        "Operating Revenue": NaN
    },
    "2024-06-30": {
        "Tax Effect Of Unusual Items": NaN,
        "Tax Rate For Calcs": NaN,
        "Normalized EBITDA": NaN,
        "Total Unusual Items": NaN,
        "Total Unusual Items Excluding Goodwill": NaN,
        "Net Income From Continuing Operation Net Minority Interest": NaN,
        "Reconciled Depreciation": NaN,
        "Reconciled Cost Of Revenue": NaN,
        "EBITDA": NaN,
        "EBIT": NaN,
        "Net Interest Income": NaN,
        "Interest Expense": NaN,
        "Normalized Income": NaN,
        "Net Income From Continuing And Discontinued Operation": NaN,
        "Total Expenses": NaN,
        "Total Operating Income As Reported": NaN,
        "Diluted Average Shares": 36616000.0,
        "Basic Average Shares": 36252000.0,
        "Diluted EPS": 3.33,
        "Basic EPS": 3.36,
        "Diluted NI Availto Com Stockholders": NaN,
        "Net Income Common Stockholders": NaN,
        "Otherunder Preferred Stock Dividend": NaN,
        "Net Income": NaN,
        "Net Income Including Noncontrolling Interests": NaN,
        "Net Income Continuous Operations": NaN,
        "Tax Provision": NaN,
        "Pretax Income": NaN,
        "Other Income Expense": NaN,
        "Special Income Charges": NaN,
        "Gain On Sale Of Ppe": NaN,
        "Gain On Sale Of Business": 0.0,
        "Write Off": 0.0,
        "Impairment Of Capital Assets": 0.0,
        "Gain On Sale Of Security": -165000.0,
        "Net Non Operating Interest Income Expense": NaN,
        "Interest Expense Non Operating": NaN,
        "Operating Income": NaN,
        "Operating Expense": NaN,
        "Depreciation Amortization Depletion Income Statement": NaN,
        "Depreciation And Amortization In Income Statement": NaN,
        "Amortization": NaN,
        "Amortization Of Intangibles Income Statement": NaN,
        "Selling General And Administration": NaN,
        "General And Administrative Expense": 98261000.0,
        "Other Gand A": 97987000.0,
        "Salaries And Wages": 274000.0,
        "Gross Profit": NaN,
        "Cost Of Revenue": NaN,
        "Total Revenue": NaN,
        "Operating Revenue": NaN
    },
    "2024-09-30": {
        "Tax Effect Of Unusual Items": -78810.749037,
        "Tax Rate For Calcs": 0.204173,
        "Normalized EBITDA": 143395000.0,
        "Total Unusual Items": -386000.0,
        "Total Unusual Items Excluding Goodwill": -386000.0,
        "Net Income From Continuing Operation Net Minority Interest": 73119000.0,
        "Reconciled Depreciation": 41605000.0,
        "Reconciled Cost Of Revenue": 544230000.0,
        "EBITDA": 143009000.0,
        "EBIT": 101404000.0,
        "Net Interest Income": -9526000.0,
        "Interest Expense": 9526000.0,
        "Normalized Income": 73426189.250963,
        "Net Income From Continuing And Discontinued Operation": 73119000.0,
        "Total Expenses": 685409000.0,
        "Total Operating Income As Reported": 102065000.0,
        "Diluted Average Shares": 35842647.0,
        "Basic Average Shares": 35842647.0,
        "Diluted EPS": 2.02,
        "Basic EPS": 2.04,
        "Diluted NI Availto Com Stockholders": 72292000.0,
        "Net Income Common Stockholders": 72292000.0,
        "Otherunder Preferred Stock Dividend": 827000.0,
        "Net Income": 73119000.0,
        "Net Income Including Noncontrolling Interests": 73119000.0,
        "Net Income Continuous Operations": 73119000.0,
        "Tax Provision": 18759000.0,
        "Pretax Income": 91878000.0,
        "Other Income Expense": -1484000.0,
        "Special Income Charges": -591000.0,
        "Gain On Sale Of Ppe": -591000.0,
        "Gain On Sale Of Business": NaN,
        "Write Off": NaN,
        "Impairment Of Capital Assets": NaN,
        "Gain On Sale Of Security": 205000.0,
        "Net Non Operating Interest Income Expense": -9526000.0,
        "Interest Expense Non Operating": 9526000.0,
        "Operating Income": 102888000.0,
        "Operating Expense": 113181000.0,
        "Depreciation Amortization Depletion Income Statement": 13607000.0,
        "Depreciation And Amortization In Income Statement": 13607000.0,
        "Amortization": 13607000.0,
        "Amortization Of Intangibles Income Statement": 13607000.0,
        "Selling General And Administration": 99574000.0,
        "General And Administrative Expense": NaN,
        "Other Gand A": NaN,
        "Salaries And Wages": NaN,
        "Gross Profit": 216069000.0,
        "Cost Of Revenue": 572228000.0,
        "Total Revenue": 788297000.0,
        "Operating Revenue": 788297000.0
    },
    "2024-12-31": {
        "Tax Effect Of Unusual Items": -227601.0,
        "Tax Rate For Calcs": 0.209,
        "Normalized EBITDA": 105917000.0,
        "Total Unusual Items": -1089000.0,
        "Total Unusual Items Excluding Goodwill": -1089000.0,
        "Net Income From Continuing Operation Net Minority Interest": 46336000.0,
        "Reconciled Depreciation": 38023000.0,
        "Reconciled Cost Of Revenue": 464185000.0,
        "EBITDA": 104828000.0,
        "EBIT": 66805000.0,
        "Net Interest Income": -8209000.0,
        "Interest Expense": 8209000.0,
        "Normalized Income": 47197399.0,
        "Net Income From Continuing And Discontinued Operation": 46336000.0,
        "Total Expenses": 593703000.0,
        "Total Operating Income As Reported": 67938000.0,
        "Diluted Average Shares": 35103030.0,
        "Basic Average Shares": 35103030.0,
        "Diluted EPS": 1.31,
        "Basic EPS": 1.32,
        "Diluted NI Availto Com Stockholders": 45779000.0,
        "Net Income Common Stockholders": 45779000.0,
        "Otherunder Preferred Stock Dividend": 557000.0,
        "Net Income": 46336000.0,
        "Net Income Including Noncontrolling Interests": 46336000.0,
        "Net Income Continuous Operations": 46336000.0,
        "Tax Provision": 12260000.0,
        "Pretax Income": 58596000.0,
        "Other Income Expense": -1089000.0,
        "Special Income Charges": -68000.0,
        "Gain On Sale Of Ppe": -68000.0,
        "Gain On Sale Of Business": NaN,
        "Write Off": NaN,
        "Impairment Of Capital Assets": NaN,
        "Gain On Sale Of Security": -1021000.0,
        "Net Non Operating Interest Income Expense": -8209000.0,
        "Interest Expense Non Operating": 8209000.0,
        "Operating Income": 67894000.0,
        "Operating Expense": 103194000.0,
        "Depreciation Amortization Depletion Income Statement": 11699000.0,
        "Depreciation And Amortization In Income Statement": 11699000.0,
        "Amortization": 11699000.0,
        "Amortization Of Intangibles Income Statement": 11699000.0,
        "Selling General And Administration": 91495000.0,
        "General And Administrative Expense": 91495000.0,
        "Other Gand A": 91451000.0,
        "Salaries And Wages": 44000.0,
        "Gross Profit": 171088000.0,
        "Cost Of Revenue": 490509000.0,
        "Total Revenue": 661597000.0,
        "Operating Revenue": 661597000.0
    },
    "2025-03-31": {
        "Tax Effect Of Unusual Items": -33126405.0,
        "Tax Rate For Calcs": 0.247,
        "Normalized EBITDA": 112827000.0,
        "Total Unusual Items": -134115000.0,
        "Total Unusual Items Excluding Goodwill": -134115000.0,
        "Net Income From Continuing Operation Net Minority Interest": -50057000.0,
        "Reconciled Depreciation": 36960000.0,
        "Reconciled Cost Of Revenue": 489814000.0,
        "EBITDA": -21288000.0,
        "EBIT": -58248000.0,
        "Net Interest Income": -8261000.0,
        "Interest Expense": 8261000.0,
        "Normalized Income": 50931595.0,
        "Net Income From Continuing And Discontinued Operation": -50057000.0,
        "Total Expenses": 625858000.0,
        "Total Operating Income As Reported": -51822000.0,
        "Diluted Average Shares": 34290000.0,
        "Basic Average Shares": 34074000.0,
        "Diluted EPS": -1.47,
        "Basic EPS": -1.47,
        "Diluted NI Availto Com Stockholders": -50057000.0,
        "Net Income Common Stockholders": -50057000.0,
        "Otherunder Preferred Stock Dividend": 0.0,
        "Net Income": -50057000.0,
        "Net Income Including Noncontrolling Interests": -50057000.0,
        "Net Income Continuous Operations": -50057000.0,
        "Tax Provision": -16452000.0,
        "Pretax Income": -66509000.0,
        "Other Income Expense": -134115000.0,
        "Special Income Charges": -134115000.0,
        "Gain On Sale Of Ppe": -281000.0,
        "Gain On Sale Of Business": -6101000.0,
        "Write Off": 127733000.0,
        "Impairment Of Capital Assets": 127733000.0,
        "Gain On Sale Of Security": NaN,
        "Net Non Operating Interest Income Expense": -8261000.0,
        "Interest Expense Non Operating": 8261000.0,
        "Operating Income": 75867000.0,
        "Operating Expense": 109250000.0,
        "Depreciation Amortization Depletion Income Statement": 10166000.0,
        "Depreciation And Amortization In Income Statement": 10166000.0,
        "Amortization": 10166000.0,
        "Amortization Of Intangibles Income Statement": 10166000.0,
        "Selling General And Administration": 99084000.0,
        "General And Administrative Expense": 99084000.0,
        "Other Gand A": 99040000.0,
        "Salaries And Wages": 44000.0,
        "Gross Profit": 185117000.0,
        "Cost Of Revenue": 516608000.0,
        "Total Revenue": 701725000.0,
        "Operating Revenue": 701725000.0
    },
    "2025-06-30": {
        "Tax Effect Of Unusual Items": 42900.0,
        "Tax Rate For Calcs": 0.22,
        "Normalized EBITDA": 99882000.0,
        "Total Unusual Items": 195000.0,
        "Total Unusual Items Excluding Goodwill": 195000.0,
        "Net Income From Continuing Operation Net Minority Interest": 42962000.0,
        "Reconciled Depreciation": 36114000.0,
        "Reconciled Cost Of Revenue": 536979000.0,
        "EBITDA": 100077000.0,
        "EBIT": 63963000.0,
        "Net Interest Income": -8873000.0,
        "Interest Expense": 8873000.0,
        "Normalized Income": 42809900.0,
        "Net Income From Continuing And Discontinued Operation": 42962000.0,
        "Total Expenses": 671277000.0,
        "Total Operating Income As Reported": 63813000.0,
        "Diluted Average Shares": 33853000.0,
        "Basic Average Shares": 33653000.0,
        "Diluted EPS": 1.25,
        "Basic EPS": 1.26,
        "Diluted NI Availto Com Stockholders": 42337000.0,
        "Net Income Common Stockholders": 42337000.0,
        "Otherunder Preferred Stock Dividend": 625000.0,
        "Net Income": 42962000.0,
        "Net Income Including Noncontrolling Interests": 42962000.0,
        "Net Income Continuous Operations": 42962000.0,
        "Tax Provision": 12128000.0,
        "Pretax Income": 55090000.0,
        "Other Income Expense": 195000.0,
        "Special Income Charges": 195000.0,
        "Gain On Sale Of Ppe": 195000.0,
        "Gain On Sale Of Business": 0.0,
        "Write Off": 0.0,
        "Impairment Of Capital Assets": 0.0,
        "Gain On Sale Of Security": NaN,
        "Net Non Operating Interest Income Expense": -8873000.0,
        "Interest Expense Non Operating": 8873000.0,
        "Operating Income": 63768000.0,
        "Operating Expense": 108292000.0,
        "Depreciation Amortization Depletion Income Statement": 10108000.0,
        "Depreciation And Amortization In Income Statement": 10108000.0,
        "Amortization": 10108000.0,
        "Amortization Of Intangibles Income Statement": 10108000.0,
        "Selling General And Administration": 98184000.0,
        "General And Administrative Expense": 98184000.0,
        "Other Gand A": 98139000.0,
        "Salaries And Wages": 45000.0,
        "Gross Profit": 172060000.0,
        "Cost Of Revenue": 562985000.0,
        "Total Revenue": 735045000.0,
        "Operating Revenue": 735045000.0
    },
    "2025-09-30": {
        "Tax Effect Of Unusual Items": -15133736.011434,
        "Tax Rate For Calcs": 0.172576,
        "Normalized EBITDA": 78596000.0,
        "Total Unusual Items": -87693000.0,
        "Total Unusual Items Excluding Goodwill": -87693000.0,
        "Net Income From Continuing Operation Net Minority Interest": -54418000.0,
        "Reconciled Depreciation": 48745000.0,
        "Reconciled Cost Of Revenue": 565391000.0,
        "EBITDA": -9097000.0,
        "EBIT": -57842000.0,
        "Net Interest Income": -7926000.0,
        "Interest Expense": 7926000.0,
        "Normalized Income": 18141263.988566,
        "Net Income From Continuing And Discontinued Operation": -54418000.0,
        "Total Expenses": 721982000.0,
        "Total Operating Income As Reported": -56757000.0,
        "Diluted Average Shares": NaN,
        "Basic Average Shares": NaN,
        "Diluted EPS": NaN,
        "Basic EPS": NaN,
        "Diluted NI Availto Com Stockholders": -54318000.0,
        "Net Income Common Stockholders": -54318000.0,
        "Otherunder Preferred Stock Dividend": -100000.0,
        "Net Income": -54418000.0,
        "Net Income Including Noncontrolling Interests": -54418000.0,
        "Net Income Continuous Operations": -54418000.0,
        "Tax Provision": -11350000.0,
        "Pretax Income": -65768000.0,
        "Other Income Expense": -87871000.0,
        "Special Income Charges": -87693000.0,
        "Gain On Sale Of Ppe": -103000.0,
        "Gain On Sale Of Business": -142000.0,
        "Write Off": NaN,
        "Impairment Of Capital Assets": 86653000.0,
        "Gain On Sale Of Security": 0.0,
        "Net Non Operating Interest Income Expense": -7926000.0,
        "Interest Expense Non Operating": 7926000.0,
        "Operating Income": 30029000.0,
        "Operating Expense": 117798000.0,
        "Depreciation Amortization Depletion Income Statement": 9952000.0,
        "Depreciation And Amortization In Income Statement": 9952000.0,
        "Amortization": 9952000.0,
        "Amortization Of Intangibles Income Statement": 9952000.0,
        "Selling General And Administration": 107846000.0,
        "General And Administrative Expense": NaN,
        "Other Gand A": NaN,
        "Salaries And Wages": NaN,
        "Gross Profit": 147827000.0,
        "Cost Of Revenue": 604184000.0,
        "Total Revenue": 752011000.0,
        "Operating Revenue": 752011000.0
    }
}