{
    "2023-06-30": {
        "Tax Effect Of Unusual Items": 0.0,
        "Tax Rate For Calcs": 0.153592,
        "Net Income From Continuing Operation Net Minority Interest": 2557000.0,
        "Reconciled Depreciation": 427000.0,
        "Net Interest Income": 11302000.0,
        "Interest Expense": 7185000.0,
        "Interest Income": 18487000.0,
        "Normalized Income": 2557000.0,
        "Net Income From Continuing And Discontinued Operation": 2557000.0,
        "Diluted Average Shares": 9132143.0,
        "Basic Average Shares": 9132143.0,
        "Diluted EPS": 0.28,
        "Basic EPS": 0.28,
        "Diluted NI Availto Com Stockholders": 2557000.0,
        "Net Income Common Stockholders": 2557000.0,
        "Net Income": 2557000.0,
        "Net Income Including Noncontrolling Interests": 2557000.0,
        "Net Income Continuous Operations": 2557000.0,
        "Tax Provision": 464000.0,
        "Pretax Income": 3021000.0,
        "Gain On Sale Of Security": 7000.0,
        "Depreciation Amortization Depletion Income Statement": 128000.0,
        "Depreciation And Amortization In Income Statement": 128000.0,
        "Amortization": 128000.0,
        "Amortization Of Intangibles Income Statement": 128000.0,
        "Selling General And Administration": 6228000.0,
        "General And Administrative Expense": 6228000.0,
        "Insurance And Claims": 349000.0,
        "Salaries And Wages": 5879000.0,
        "Total Revenue": 13617000.0,
        "Operating Revenue": 13617000.0,
        "Occupancy And Equipment": 792000.0,
        "Professional Expense And Contract Services Expense": 535000.0,
        "Other Non Interest Expense": 2880000.0
    },
    "2023-03-31": {
        "Tax Effect Of Unusual Items": 0.0,
        "Tax Rate For Calcs": 0.17,
        "Net Income From Continuing Operation Net Minority Interest": 3197000.0,
        "Reconciled Depreciation": 420000.0,
        "Net Interest Income": 11669000.0,
        "Interest Expense": 5527000.0,
        "Interest Income": 17196000.0,
        "Normalized Income": 3197000.0,
        "Net Income From Continuing And Discontinued Operation": 3197000.0,
        "Diluted Average Shares": 8880556.0,
        "Basic Average Shares": 8880556.0,
        "Diluted EPS": 0.36,
        "Basic EPS": 0.36,
        "Diluted NI Availto Com Stockholders": 3197000.0,
        "Net Income Common Stockholders": 3197000.0,
        "Net Income": 3197000.0,
        "Net Income Including Noncontrolling Interests": 3197000.0,
        "Net Income Continuous Operations": 3197000.0,
        "Tax Provision": 671000.0,
        "Pretax Income": 3868000.0,
        "Gain On Sale Of Security": 0.0,
        "Depreciation Amortization Depletion Income Statement": 130000.0,
        "Depreciation And Amortization In Income Statement": 130000.0,
        "Amortization": 130000.0,
        "Amortization Of Intangibles Income Statement": 130000.0,
        "Selling General And Administration": 6140000.0,
        "General And Administrative Expense": 6140000.0,
        "Insurance And Claims": 170000.0,
        "Salaries And Wages": 5970000.0,
        "Total Revenue": 13923000.0,
        "Operating Revenue": 13923000.0,
        "Occupancy And Equipment": 810000.0,
        "Professional Expense And Contract Services Expense": 460000.0,
        "Other Non Interest Expense": 2240000.0
    },
    "2022-12-31": {
        "Tax Effect Of Unusual Items": 0.0,
        "Tax Rate For Calcs": 0.198255,
        "Net Income From Continuing Operation Net Minority Interest": 4412000.0,
        "Reconciled Depreciation": 496000.0,
        "Net Interest Income": 12793000.0,
        "Interest Expense": 4005000.0,
        "Interest Income": 16798000.0,
        "Normalized Income": 4412000.0,
        "Net Income From Continuing And Discontinued Operation": 4412000.0,
        "Diluted Average Shares": 9004082.0,
        "Basic Average Shares": 9004082.0,
        "Diluted EPS": 0.49,
        "Basic EPS": 0.49,
        "Diluted NI Availto Com Stockholders": 4412000.0,
        "Net Income Common Stockholders": 4412000.0,
        "Net Income": 4412000.0,
        "Net Income Including Noncontrolling Interests": 4412000.0,
        "Net Income Continuous Operations": 4412000.0,
        "Tax Provision": 1091000.0,
        "Pretax Income": 5503000.0,
        "Gain On Sale Of Security": 0.0,
        "Depreciation Amortization Depletion Income Statement": 136000.0,
        "Depreciation And Amortization In Income Statement": 136000.0,
        "Amortization": 136000.0,
        "Amortization Of Intangibles Income Statement": 136000.0,
        "Selling General And Administration": 5975000.0,
        "General And Administrative Expense": 5975000.0,
        "Insurance And Claims": 158000.0,
        "Salaries And Wages": 5817000.0,
        "Total Revenue": 15262000.0,
        "Operating Revenue": 15262000.0
    },
    "2022-09-30": {
        "Tax Effect Of Unusual Items": NaN,
        "Tax Rate For Calcs": NaN,
        "Net Income From Continuing Operation Net Minority Interest": NaN,
        "Reconciled Depreciation": NaN,
        "Net Interest Income": NaN,
        "Interest Expense": NaN,
        "Interest Income": NaN,
        "Normalized Income": NaN,
        "Net Income From Continuing And Discontinued Operation": NaN,
        "Diluted Average Shares": NaN,
        "Basic Average Shares": NaN,
        "Diluted EPS": NaN,
        "Basic EPS": NaN,
        "Diluted NI Availto Com Stockholders": NaN,
        "Net Income Common Stockholders": NaN,
        "Net Income": NaN,
        "Net Income Including Noncontrolling Interests": NaN,
        "Net Income Continuous Operations": NaN,
        "Tax Provision": NaN,
        "Pretax Income": NaN,
        "Gain On Sale Of Security": NaN,
        "Depreciation Amortization Depletion Income Statement": NaN,
        "Depreciation And Amortization In Income Statement": NaN,
        "Amortization": NaN,
        "Amortization Of Intangibles Income Statement": NaN,
        "Selling General And Administration": NaN,
        "General And Administrative Expense": NaN,
        "Other Gand A": 1840000.0,
        "Insurance And Claims": NaN,
        "Salaries And Wages": NaN,
        "Total Revenue": NaN,
        "Operating Revenue": NaN
    },
    "2022-06-30": {
        "Tax Effect Of Unusual Items": 0.0,
        "Tax Rate For Calcs": 0.33,
        "Net Income From Continuing Operation Net Minority Interest": 4193000.0,
        "Reconciled Depreciation": 147000.0,
        "Net Interest Income": 13636000.0,
        "Interest Expense": 1242000.0,
        "Interest Income": 14878000.0,
        "Normalized Income": 4193000.0,
        "Net Income From Continuing And Discontinued Operation": 4193000.0,
        "Diluted Average Shares": 9058690.0,
        "Basic Average Shares": 9058690.0,
        "Diluted EPS": 0.46,
        "Basic EPS": 0.46,
        "Diluted NI Availto Com Stockholders": 4193000.0,
        "Net Income Common Stockholders": 4193000.0,
        "Net Income": 4193000.0,
        "Net Income Including Noncontrolling Interests": 4193000.0,
        "Net Income Continuous Operations": 4193000.0,
        "Tax Provision": 2030000.0,
        "Pretax Income": 6223000.0,
        "Gain On Sale Of Security": 0.0,
        "Depreciation Amortization Depletion Income Statement": 147000.0,
        "Depreciation And Amortization In Income Statement": 147000.0,
        "Amortization": 147000.0,
        "Amortization Of Intangibles Income Statement": 147000.0,
        "Selling General And Administration": 5898000.0,
        "General And Administrative Expense": 5898000.0,
        "Other Gand A": 1967000.0,
        "Insurance And Claims": 148000.0,
        "Salaries And Wages": 5750000.0,
        "Total Revenue": 16015000.0,
        "Operating Revenue": 16015000.0
    },
    "2022-03-31": {
        "Diluted EPS": 0.57,
        "Total Revenue": 17,
        "Gross Profit": 16,
        "Operating Income": 6,
        "EBIT": NaN,
        "Net Income": 5
    },
    "2021-12-31": {
        "Diluted EPS": 0.58,
        "Total Revenue": 17,
        "Gross Profit": 16,
        "Operating Income": 7,
        "EBIT": NaN,
        "Net Income": 5
    },
    "2021-09-30": {
        "Diluted EPS": 0.74,
        "Total Revenue": 18,
        "Gross Profit": 17,
        "Operating Income": 9,
        "EBIT": NaN,
        "Net Income": 7
    },
    "2021-06-30": {
        "Diluted EPS": 0.64,
        "Total Revenue": 18,
        "Gross Profit": 17,
        "Operating Income": 7,
        "EBIT": NaN,
        "Net Income": 6
    },
    "2021-03-31": {
        "Diluted EPS": 0.66,
        "Total Revenue": 18,
        "Gross Profit": 16,
        "Operating Income": 8,
        "EBIT": NaN,
        "Net Income": 6
    },
    "2020-12-31": {
        "Diluted EPS": 0.56,
        "Total Revenue": 18,
        "Gross Profit": 17,
        "Operating Income": 6,
        "EBIT": NaN,
        "Net Income": 5
    },
    "2020-09-30": {
        "Diluted EPS": 0.62,
        "Total Revenue": 19,
        "Gross Profit": 17,
        "Operating Income": 7,
        "EBIT": NaN,
        "Net Income": 6
    },
    "2020-06-30": {
        "Diluted EPS": 0.49,
        "Total Revenue": 18,
        "Gross Profit": 16,
        "Operating Income": 5,
        "EBIT": NaN,
        "Net Income": 4
    },
    "2020-03-31": {
        "Diluted EPS": 0.39,
        "Total Revenue": 18,
        "Gross Profit": 16,
        "Operating Income": 4,
        "EBIT": NaN,
        "Net Income": 4
    },
    "2019-12-31": {
        "Diluted EPS": 0.46,
        "Total Revenue": 18,
        "Gross Profit": 15,
        "Operating Income": 5,
        "EBIT": NaN,
        "Net Income": 4
    },
    "2019-09-30": {
        "Diluted EPS": 0.44,
        "Total Revenue": 16,
        "Gross Profit": 13,
        "Operating Income": 5,
        "EBIT": NaN,
        "Net Income": 4
    },
    "2019-06-30": {
        "Diluted EPS": 0.5,
        "Total Revenue": 16,
        "Gross Profit": 13,
        "Operating Income": 6,
        "EBIT": NaN,
        "Net Income": 5
    },
    "2019-03-31": {
        "Diluted EPS": 0.46,
        "Total Revenue": 15,
        "Gross Profit": 13,
        "Operating Income": 5,
        "EBIT": NaN,
        "Net Income": 4
    },
    "2018-12-31": {
        "Diluted EPS": 0.46,
        "Total Revenue": 15,
        "Gross Profit": 13,
        "Operating Income": 5,
        "EBIT": NaN,
        "Net Income": 4
    },
    "2018-09-30": {
        "Diluted EPS": 0.48,
        "Total Revenue": 15,
        "Gross Profit": 13,
        "Operating Income": 6,
        "EBIT": NaN,
        "Net Income": 4
    },
    "2018-06-30": {
        "Diluted EPS": 0.46,
        "Total Revenue": 14,
        "Gross Profit": 12,
        "Operating Income": 5,
        "EBIT": NaN,
        "Net Income": 4
    },
    "2018-03-31": {
        "Diluted EPS": 0.43,
        "Total Revenue": 14,
        "Gross Profit": 12,
        "Operating Income": 5,
        "EBIT": NaN,
        "Net Income": 4
    },
    "2017-12-31": {
        "Diluted EPS": 0.29,
        "Total Revenue": 14,
        "Gross Profit": 12,
        "Operating Income": 6,
        "EBIT": NaN,
        "Net Income": 3
    },
    "2017-09-30": {
        "Diluted EPS": 0.42,
        "Total Revenue": 13,
        "Gross Profit": 12,
        "Operating Income": 6,
        "EBIT": NaN,
        "Net Income": 4
    },
    "2017-06-30": {
        "Diluted EPS": 0.37,
        "Total Revenue": 13,
        "Gross Profit": 12,
        "Operating Income": 5,
        "EBIT": NaN,
        "Net Income": 3
    },
    "2017-03-31": {
        "Diluted EPS": 0.39,
        "Total Revenue": 13,
        "Gross Profit": 12,
        "Operating Income": 5,
        "EBIT": NaN,
        "Net Income": 4
    },
    "2016-12-31": {
        "Diluted EPS": 0.43,
        "Total Revenue": 13,
        "Gross Profit": 12,
        "Operating Income": 6,
        "EBIT": NaN,
        "Net Income": 4
    },
    "2016-09-30": {
        "Diluted EPS": 0.41,
        "Total Revenue": 13,
        "Gross Profit": 12,
        "Operating Income": 6,
        "EBIT": NaN,
        "Net Income": 4
    },
    "2016-06-30": {
        "Diluted EPS": 0.44,
        "Total Revenue": 13,
        "Gross Profit": 12,
        "Operating Income": 6,
        "EBIT": NaN,
        "Net Income": 4
    },
    "2016-03-31": {
        "Diluted EPS": 0.41,
        "Total Revenue": 13,
        "Gross Profit": 12,
        "Operating Income": 5,
        "EBIT": NaN,
        "Net Income": 4
    },
    "2015-12-31": {
        "Diluted EPS": 0.42,
        "Total Revenue": 13,
        "Gross Profit": 12,
        "Operating Income": 5,
        "EBIT": NaN,
        "Net Income": 4
    },
    "2015-09-30": {
        "Diluted EPS": 0.44,
        "Total Revenue": 13,
        "Gross Profit": 12,
        "Operating Income": 6,
        "EBIT": NaN,
        "Net Income": 4
    },
    "2015-06-30": {
        "Diluted EPS": 0.36,
        "Total Revenue": 13,
        "Gross Profit": 12,
        "Operating Income": 5,
        "EBIT": NaN,
        "Net Income": 3
    },
    "2015-03-31": {
        "Diluted EPS": 0.39,
        "Total Revenue": 12,
        "Gross Profit": 11,
        "Operating Income": 5,
        "EBIT": NaN,
        "Net Income": 4
    },
    "2014-12-31": {
        "Diluted EPS": 0.34,
        "Total Revenue": 14,
        "Gross Profit": 12,
        "Operating Income": 4,
        "EBIT": NaN,
        "Net Income": 3
    },
    "2014-09-30": {
        "Diluted EPS": 0.4,
        "Total Revenue": 12,
        "Gross Profit": 11,
        "Operating Income": 5,
        "EBIT": NaN,
        "Net Income": 4
    },
    "2014-06-30": {
        "Diluted EPS": 0.41,
        "Total Revenue": 12,
        "Gross Profit": 11,
        "Operating Income": 5,
        "EBIT": NaN,
        "Net Income": 4
    },
    "2014-03-31": {
        "Diluted EPS": 0.49,
        "Total Revenue": 13,
        "Gross Profit": 12,
        "Operating Income": 6,
        "EBIT": NaN,
        "Net Income": 5
    },
    "2013-12-31": {
        "Diluted EPS": 0.36,
        "Total Revenue": 12,
        "Gross Profit": 11,
        "Operating Income": 5,
        "EBIT": NaN,
        "Net Income": 3
    },
    "2013-09-30": {
        "Diluted EPS": 0.4,
        "Total Revenue": 12,
        "Gross Profit": 10,
        "Operating Income": 5,
        "EBIT": NaN,
        "Net Income": 4
    },
    "2013-06-30": {
        "Diluted EPS": 0.35,
        "Total Revenue": 11,
        "Gross Profit": 10,
        "Operating Income": 4,
        "EBIT": NaN,
        "Net Income": 3
    },
    "2013-03-31": {
        "Diluted EPS": 0.39,
        "Total Revenue": 11,
        "Gross Profit": 10,
        "Operating Income": 5,
        "EBIT": NaN,
        "Net Income": 4
    },
    "2012-12-31": {
        "Diluted EPS": 0.37,
        "Total Revenue": 11,
        "Gross Profit": 10,
        "Operating Income": 5,
        "EBIT": NaN,
        "Net Income": 3
    },
    "2012-09-30": {
        "Diluted EPS": 0.41,
        "Total Revenue": 12,
        "Gross Profit": 10,
        "Operating Income": 5,
        "EBIT": NaN,
        "Net Income": 4
    },
    "2012-06-30": {
        "Diluted EPS": 0.36,
        "Total Revenue": 11,
        "Gross Profit": 10,
        "Operating Income": 4,
        "EBIT": NaN,
        "Net Income": 3
    },
    "2012-03-31": {
        "Diluted EPS": 0.38,
        "Total Revenue": 11,
        "Gross Profit": 10,
        "Operating Income": 5,
        "EBIT": NaN,
        "Net Income": 4
    },
    "2011-12-31": {
        "Diluted EPS": 0.39,
        "Total Revenue": 11,
        "Gross Profit": 9,
        "Operating Income": 5,
        "EBIT": NaN,
        "Net Income": 4
    },
    "2011-09-30": {
        "Diluted EPS": 0.38,
        "Total Revenue": 11,
        "Gross Profit": 10,
        "Operating Income": 5,
        "EBIT": NaN,
        "Net Income": 4
    },
    "2011-06-30": {
        "Diluted EPS": 0.34,
        "Total Revenue": 11,
        "Gross Profit": 9,
        "Operating Income": 4,
        "EBIT": NaN,
        "Net Income": 3
    },
    "2011-03-31": {
        "Diluted EPS": 0.37,
        "Total Revenue": 11,
        "Gross Profit": 9,
        "Operating Income": 5,
        "EBIT": NaN,
        "Net Income": 3
    },
    "2010-12-31": {
        "Diluted EPS": 0.31,
        "Total Revenue": 11,
        "Gross Profit": 9,
        "Operating Income": 4,
        "EBIT": NaN,
        "Net Income": 3
    },
    "2010-09-30": {
        "Diluted EPS": 0.38,
        "Total Revenue": 11,
        "Gross Profit": 9,
        "Operating Income": 5,
        "EBIT": NaN,
        "Net Income": 4
    },
    "2010-06-30": {
        "Diluted EPS": 0.33,
        "Total Revenue": 11,
        "Gross Profit": 9,
        "Operating Income": 4,
        "EBIT": NaN,
        "Net Income": 3
    },
    "2010-03-31": {
        "Diluted EPS": 0.35,
        "Total Revenue": 11,
        "Gross Profit": 9,
        "Operating Income": 4,
        "EBIT": NaN,
        "Net Income": 3
    },
    "2009-12-31": {
        "Diluted EPS": 0.16,
        "Total Revenue": 11,
        "Gross Profit": 9,
        "Operating Income": 2,
        "EBIT": NaN,
        "Net Income": 2
    },
    "2009-09-30": {
        "Diluted EPS": 0.27,
        "Total Revenue": 12,
        "Gross Profit": 9,
        "Operating Income": 3,
        "EBIT": NaN,
        "Net Income": 3
    },
    "2009-06-30": {
        "Diluted EPS": 0.26,
        "Total Revenue": 12,
        "Gross Profit": 9,
        "Operating Income": 3,
        "EBIT": NaN,
        "Net Income": 2
    },
    "2009-03-31": {
        "Diluted EPS": 0.26,
        "Total Revenue": 11,
        "Gross Profit": 8,
        "Operating Income": 3,
        "EBIT": NaN,
        "Net Income": 2
    },
    "2023-09-30": {
        "Tax Effect Of Unusual Items": NaN,
        "Tax Rate For Calcs": NaN,
        "Net Income From Continuing Operation Net Minority Interest": NaN,
        "Reconciled Depreciation": NaN,
        "Net Interest Income": NaN,
        "Interest Expense": NaN,
        "Interest Income": NaN,
        "Normalized Income": NaN,
        "Net Income From Continuing And Discontinued Operation": NaN,
        "Diluted Average Shares": 8860606.0,
        "Basic Average Shares": 8860606.0,
        "Diluted EPS": 0.33,
        "Basic EPS": 0.33,
        "Diluted NI Availto Com Stockholders": NaN,
        "Net Income Common Stockholders": NaN,
        "Net Income": NaN,
        "Net Income Including Noncontrolling Interests": NaN,
        "Net Income Continuous Operations": NaN,
        "Tax Provision": NaN,
        "Pretax Income": NaN,
        "Gain On Sale Of Security": NaN,
        "Depreciation Amortization Depletion Income Statement": NaN,
        "Depreciation And Amortization In Income Statement": NaN,
        "Amortization": NaN,
        "Amortization Of Intangibles Income Statement": NaN,
        "Selling General And Administration": NaN,
        "General And Administrative Expense": NaN,
        "Insurance And Claims": NaN,
        "Salaries And Wages": NaN,
        "Total Revenue": NaN,
        "Operating Revenue": NaN,
        "Occupancy And Equipment": NaN,
        "Professional Expense And Contract Services Expense": NaN,
        "Other Non Interest Expense": NaN
    },
    "2023-12-31": {
        "Tax Effect Of Unusual Items": 0.0,
        "Tax Rate For Calcs": 0.137152,
        "Net Income From Continuing Operation Net Minority Interest": 2139000.0,
        "Reconciled Depreciation": 446000.0,
        "Net Interest Income": 10965000.0,
        "Interest Expense": 8891000.0,
        "Interest Income": 19856000.0,
        "Normalized Income": 2139000.0,
        "Net Income From Continuing And Discontinued Operation": 2139000.0,
        "Diluted Average Shares": 8912500.0,
        "Basic Average Shares": 8912500.0,
        "Diluted EPS": 0.24,
        "Basic EPS": 0.24,
        "Diluted NI Availto Com Stockholders": 2139000.0,
        "Net Income Common Stockholders": 2139000.0,
        "Net Income": 2139000.0,
        "Net Income Including Noncontrolling Interests": 2139000.0,
        "Net Income Continuous Operations": 2139000.0,
        "Tax Provision": 340000.0,
        "Pretax Income": 2479000.0,
        "Gain On Sale Of Security": 0.0,
        "Depreciation Amortization Depletion Income Statement": 114000.0,
        "Depreciation And Amortization In Income Statement": 114000.0,
        "Amortization": 114000.0,
        "Amortization Of Intangibles Income Statement": 114000.0,
        "Selling General And Administration": 6205000.0,
        "General And Administrative Expense": 6205000.0,
        "Insurance And Claims": 292000.0,
        "Salaries And Wages": 5913000.0,
        "Total Revenue": 13251000.0,
        "Operating Revenue": 13251000.0,
        "Occupancy And Equipment": 692000.0,
        "Professional Expense And Contract Services Expense": 541000.0,
        "Other Non Interest Expense": 2465000.0
    },
    "2024-03-31": {
        "Tax Effect Of Unusual Items": 0.0,
        "Tax Rate For Calcs": 0.152941,
        "Net Income From Continuing Operation Net Minority Interest": 2304000.0,
        "Reconciled Depreciation": 413000.0,
        "Net Interest Income": 10906000.0,
        "Interest Expense": 9205000.0,
        "Interest Income": 20111000.0,
        "Normalized Income": 2304000.0,
        "Net Income From Continuing And Discontinued Operation": 2304000.0,
        "Diluted Average Shares": 8992167.0,
        "Basic Average Shares": 8992167.0,
        "Diluted EPS": 0.26,
        "Basic EPS": 0.26,
        "Diluted NI Availto Com Stockholders": 2304000.0,
        "Net Income Common Stockholders": 2304000.0,
        "Net Income": 2304000.0,
        "Net Income Including Noncontrolling Interests": 2304000.0,
        "Net Income Continuous Operations": 2304000.0,
        "Tax Provision": 416000.0,
        "Pretax Income": 2720000.0,
        "Gain On Sale Of Security": -165000.0,
        "Depreciation Amortization Depletion Income Statement": 87000.0,
        "Depreciation And Amortization In Income Statement": 87000.0,
        "Amortization": 87000.0,
        "Amortization Of Intangibles Income Statement": 87000.0,
        "Selling General And Administration": 6538000.0,
        "General And Administrative Expense": 6538000.0,
        "Insurance And Claims": 301000.0,
        "Salaries And Wages": 6237000.0,
        "Total Revenue": 13083000.0,
        "Operating Revenue": 13083000.0,
        "Occupancy And Equipment": 777000.0,
        "Professional Expense And Contract Services Expense": 460000.0,
        "Other Non Interest Expense": 2332000.0
    },
    "2024-06-30": {
        "Tax Effect Of Unusual Items": 0.0,
        "Tax Rate For Calcs": 0.149864,
        "Net Income From Continuing Operation Net Minority Interest": 2184000.0,
        "Reconciled Depreciation": 414000.0,
        "Net Interest Income": 10872000.0,
        "Interest Expense": 9663000.0,
        "Interest Income": 20535000.0,
        "Normalized Income": 2184000.0,
        "Net Income From Continuing And Discontinued Operation": 2184000.0,
        "Diluted Average Shares": 9100000.0,
        "Basic Average Shares": 9100000.0,
        "Diluted EPS": 0.24,
        "Basic EPS": 0.24,
        "Diluted NI Availto Com Stockholders": 2184000.0,
        "Net Income Common Stockholders": 2184000.0,
        "Net Income": 2184000.0,
        "Net Income Including Noncontrolling Interests": 2184000.0,
        "Net Income Continuous Operations": 2184000.0,
        "Tax Provision": 385000.0,
        "Pretax Income": 2569000.0,
        "Gain On Sale Of Security": 0.0,
        "Depreciation Amortization Depletion Income Statement": 86000.0,
        "Depreciation And Amortization In Income Statement": 86000.0,
        "Amortization": 86000.0,
        "Amortization Of Intangibles Income Statement": 86000.0,
        "Selling General And Administration": 6733000.0,
        "General And Administrative Expense": 6733000.0,
        "Insurance And Claims": 296000.0,
        "Salaries And Wages": 6437000.0,
        "Total Revenue": 13491000.0,
        "Operating Revenue": 13491000.0,
        "Occupancy And Equipment": 716000.0,
        "Professional Expense And Contract Services Expense": 863000.0,
        "Other Non Interest Expense": 2342000.0
    },
    "2024-09-30": {
        "Tax Effect Of Unusual Items": 0.0,
        "Tax Rate For Calcs": 0.15,
        "Net Income From Continuing Operation Net Minority Interest": 2217000.0,
        "Reconciled Depreciation": 429000.0,
        "Net Interest Income": 11077000.0,
        "Interest Expense": 9635000.0,
        "Interest Income": 20712000.0,
        "Normalized Income": 2217000.0,
        "Net Income From Continuing And Discontinued Operation": 2217000.0,
        "Diluted Average Shares": 8868000.0,
        "Basic Average Shares": 8868000.0,
        "Diluted EPS": 0.25,
        "Basic EPS": 0.25,
        "Diluted NI Availto Com Stockholders": 2217000.0,
        "Net Income Common Stockholders": 2217000.0,
        "Net Income": 2217000.0,
        "Net Income Including Noncontrolling Interests": 2217000.0,
        "Net Income Continuous Operations": 2217000.0,
        "Tax Provision": 397000.0,
        "Pretax Income": 2614000.0,
        "Gain On Sale Of Security": 0.0,
        "Depreciation Amortization Depletion Income Statement": 86000.0,
        "Depreciation And Amortization In Income Statement": 86000.0,
        "Amortization": 86000.0,
        "Amortization Of Intangibles Income Statement": 86000.0,
        "Selling General And Administration": 6572000.0,
        "General And Administrative Expense": 6572000.0,
        "Insurance And Claims": 281000.0,
        "Salaries And Wages": 6291000.0,
        "Total Revenue": 13490000.0,
        "Operating Revenue": 13490000.0,
        "Occupancy And Equipment": 745000.0,
        "Professional Expense And Contract Services Expense": 867000.0,
        "Other Non Interest Expense": 2235000.0
    },
    "2024-12-31": {
        "Tax Effect Of Unusual Items": 0.0,
        "Tax Rate For Calcs": 0.19018,
        "Net Income From Continuing Operation Net Minority Interest": 3513000.0,
        "Reconciled Depreciation": 436000.0,
        "Net Interest Income": 12121000.0,
        "Interest Expense": 9128000.0,
        "Interest Income": 21249000.0,
        "Normalized Income": 3513000.0,
        "Net Income From Continuing And Discontinued Operation": 3513000.0,
        "Diluted Average Shares": 9007692.0,
        "Basic Average Shares": 9007692.0,
        "Diluted EPS": 0.39,
        "Basic EPS": 0.39,
        "Diluted NI Availto Com Stockholders": 3513000.0,
        "Net Income Common Stockholders": 3513000.0,
        "Net Income": 3513000.0,
        "Net Income Including Noncontrolling Interests": 3513000.0,
        "Net Income Continuous Operations": 3513000.0,
        "Tax Provision": 825000.0,
        "Pretax Income": 4338000.0,
        "Gain On Sale Of Security": 0.0,
        "Depreciation Amortization Depletion Income Statement": 78000.0,
        "Depreciation And Amortization In Income Statement": 78000.0,
        "Amortization": 78000.0,
        "Amortization Of Intangibles Income Statement": 78000.0,
        "Selling General And Administration": 6466000.0,
        "General And Administrative Expense": 6466000.0,
        "Insurance And Claims": 286000.0,
        "Salaries And Wages": 6180000.0,
        "Total Revenue": 14749000.0,
        "Operating Revenue": 14749000.0,
        "Occupancy And Equipment": 769000.0,
        "Professional Expense And Contract Services Expense": 415000.0,
        "Other Non Interest Expense": 2813000.0
    },
    "2025-03-31": {
        "Tax Effect Of Unusual Items": 0.0,
        "Tax Rate For Calcs": 0.19,
        "Net Income From Continuing Operation Net Minority Interest": 3443000.0,
        "Reconciled Depreciation": 394000.0,
        "Net Interest Income": 12915000.0,
        "Interest Expense": 8203000.0,
        "Interest Income": 21118000.0,
        "Normalized Income": 3443000.0,
        "Net Income From Continuing And Discontinued Operation": 3443000.0,
        "Diluted Average Shares": 8917386.0,
        "Basic Average Shares": 8917386.0,
        "Diluted EPS": 0.39,
        "Basic EPS": 0.39,
        "Diluted NI Availto Com Stockholders": 3443000.0,
        "Net Income Common Stockholders": 3443000.0,
        "Net Income": 3443000.0,
        "Net Income Including Noncontrolling Interests": 3443000.0,
        "Net Income Continuous Operations": 3443000.0,
        "Tax Provision": 794000.0,
        "Pretax Income": 4237000.0,
        "Gain On Sale Of Security": 0.0,
        "Depreciation Amortization Depletion Income Statement": 77000.0,
        "Depreciation And Amortization In Income Statement": 77000.0,
        "Amortization": 77000.0,
        "Amortization Of Intangibles Income Statement": 77000.0,
        "Selling General And Administration": 6633000.0,
        "General And Administrative Expense": 6633000.0,
        "Insurance And Claims": 260000.0,
        "Salaries And Wages": 6373000.0,
        "Total Revenue": 15462000.0,
        "Operating Revenue": 15462000.0,
        "Occupancy And Equipment": 772000.0,
        "Professional Expense And Contract Services Expense": 485000.0,
        "Other Non Interest Expense": 2296000.0
    },
    "2025-06-30": {
        "Tax Effect Of Unusual Items": 0.0,
        "Tax Rate For Calcs": 0.19961,
        "Net Income From Continuing Operation Net Minority Interest": 4511000.0,
        "Reconciled Depreciation": 398000.0,
        "Net Interest Income": 13466000.0,
        "Interest Expense": 8019000.0,
        "Interest Income": 21485000.0,
        "Normalized Income": 4511000.0,
        "Net Income From Continuing And Discontinued Operation": 4511000.0,
        "Diluted Average Shares": 8900515.0,
        "Basic Average Shares": 8900515.0,
        "Diluted EPS": 0.51,
        "Basic EPS": 0.51,
        "Diluted NI Availto Com Stockholders": 4511000.0,
        "Net Income Common Stockholders": 4511000.0,
        "Net Income": 4511000.0,
        "Net Income Including Noncontrolling Interests": 4511000.0,
        "Net Income Continuous Operations": 4511000.0,
        "Tax Provision": 1125000.0,
        "Pretax Income": 5636000.0,
        "Gain On Sale Of Security": 0.0,
        "Depreciation Amortization Depletion Income Statement": 77000.0,
        "Depreciation And Amortization In Income Statement": 77000.0,
        "Amortization": 77000.0,
        "Amortization Of Intangibles Income Statement": 77000.0,
        "Selling General And Administration": 6754000.0,
        "General And Administrative Expense": 6754000.0,
        "Insurance And Claims": 275000.0,
        "Salaries And Wages": 6479000.0,
        "Total Revenue": 16107000.0,
        "Operating Revenue": 16107000.0,
        "Occupancy And Equipment": 728000.0,
        "Professional Expense And Contract Services Expense": 540000.0,
        "Other Non Interest Expense": 2264000.0
    }
}