{
    "2023-06-30": {
        "Tax Effect Of Unusual Items": NaN,
        "Tax Rate For Calcs": NaN,
        "Normalized EBITDA": NaN,
        "Total Unusual Items": NaN,
        "Total Unusual Items Excluding Goodwill": NaN,
        "Net Income From Continuing Operation Net Minority Interest": NaN,
        "Reconciled Depreciation": NaN,
        "Reconciled Cost Of Revenue": NaN,
        "EBITDA": NaN,
        "EBIT": NaN,
        "Net Interest Income": NaN,
        "Interest Expense": NaN,
        "Interest Income": NaN,
        "Normalized Income": NaN,
        "Net Income From Continuing And Discontinued Operation": NaN,
        "Total Expenses": NaN,
        "Total Operating Income As Reported": NaN,
        "Diluted Average Shares": NaN,
        "Basic Average Shares": NaN,
        "Diluted EPS": NaN,
        "Basic EPS": NaN,
        "Diluted NI Availto Com Stockholders": NaN,
        "Net Income Common Stockholders": NaN,
        "Preferred Stock Dividends": 1260000.0,
        "Net Income": NaN,
        "Minority Interests": NaN,
        "Net Income Including Noncontrolling Interests": NaN,
        "Net Income Continuous Operations": NaN,
        "Tax Provision": NaN,
        "Pretax Income": NaN,
        "Other Income Expense": NaN,
        "Other Non Operating Income Expenses": NaN,
        "Special Income Charges": NaN,
        "Gain On Sale Of Ppe": NaN,
        "Impairment Of Capital Assets": NaN,
        "Restructuring And Mergern Acquisition": NaN,
        "Net Non Operating Interest Income Expense": NaN,
        "Interest Expense Non Operating": NaN,
        "Interest Income Non Operating": NaN,
        "Operating Income": NaN,
        "Operating Expense": NaN,
        "Depreciation Amortization Depletion Income Statement": NaN,
        "Depreciation And Amortization In Income Statement": NaN,
        "Amortization": NaN,
        "Amortization Of Intangibles Income Statement": NaN,
        "Depreciation Income Statement": NaN,
        "Selling General And Administration": NaN,
        "General And Administrative Expense": NaN,
        "Other Gand A": NaN,
        "Salaries And Wages": NaN,
        "Gross Profit": NaN,
        "Cost Of Revenue": NaN,
        "Total Revenue": NaN,
        "Operating Revenue": NaN
    },
    "2023-03-31": {
        "Tax Effect Of Unusual Items": NaN,
        "Tax Rate For Calcs": NaN,
        "Normalized EBITDA": NaN,
        "Total Unusual Items": NaN,
        "Total Unusual Items Excluding Goodwill": NaN,
        "Net Income From Continuing Operation Net Minority Interest": NaN,
        "Reconciled Depreciation": NaN,
        "Reconciled Cost Of Revenue": NaN,
        "EBITDA": NaN,
        "EBIT": NaN,
        "Net Interest Income": NaN,
        "Interest Expense": NaN,
        "Interest Income": NaN,
        "Normalized Income": NaN,
        "Net Income From Continuing And Discontinued Operation": NaN,
        "Total Expenses": NaN,
        "Total Operating Income As Reported": NaN,
        "Diluted Average Shares": NaN,
        "Basic Average Shares": NaN,
        "Diluted EPS": NaN,
        "Basic EPS": NaN,
        "Diluted NI Availto Com Stockholders": NaN,
        "Net Income Common Stockholders": NaN,
        "Preferred Stock Dividends": 1045000.0,
        "Net Income": NaN,
        "Minority Interests": NaN,
        "Net Income Including Noncontrolling Interests": NaN,
        "Net Income Continuous Operations": NaN,
        "Tax Provision": NaN,
        "Pretax Income": NaN,
        "Other Income Expense": NaN,
        "Other Non Operating Income Expenses": NaN,
        "Special Income Charges": NaN,
        "Gain On Sale Of Ppe": NaN,
        "Restructuring And Mergern Acquisition": NaN,
        "Net Non Operating Interest Income Expense": NaN,
        "Interest Expense Non Operating": NaN,
        "Interest Income Non Operating": NaN,
        "Operating Income": NaN,
        "Operating Expense": NaN,
        "Depreciation Amortization Depletion Income Statement": NaN,
        "Depreciation And Amortization In Income Statement": NaN,
        "Amortization": NaN,
        "Amortization Of Intangibles Income Statement": NaN,
        "Depreciation Income Statement": NaN,
        "Selling General And Administration": NaN,
        "General And Administrative Expense": NaN,
        "Other Gand A": NaN,
        "Salaries And Wages": NaN,
        "Gross Profit": NaN,
        "Cost Of Revenue": NaN,
        "Total Revenue": NaN,
        "Operating Revenue": NaN
    },
    "2022-12-31": {
        "Tax Effect Of Unusual Items": -195300.0,
        "Tax Rate For Calcs": 0.21,
        "Normalized EBITDA": 44587000.0,
        "Total Unusual Items": -930000.0,
        "Total Unusual Items Excluding Goodwill": -930000.0,
        "Net Income From Continuing Operation Net Minority Interest": -1390000.0,
        "Reconciled Depreciation": 37988000.0,
        "Reconciled Cost Of Revenue": 90197000.0,
        "EBITDA": 43657000.0,
        "EBIT": 5669000.0,
        "Net Interest Income": -7177000.0,
        "Interest Expense": 7310000.0,
        "Interest Income": 133000.0,
        "Normalized Income": -655300.0,
        "Net Income From Continuing And Discontinued Operation": -1390000.0,
        "Total Expenses": 186415000.0,
        "Total Operating Income As Reported": 4670000.0,
        "Diluted Average Shares": 15763000.0,
        "Basic Average Shares": 15763000.0,
        "Diluted EPS": -0.18,
        "Basic EPS": -0.18,
        "Diluted NI Availto Com Stockholders": 2072000.0,
        "Net Income Common Stockholders": 2072000.0,
        "Preferred Stock Dividends": NaN,
        "Net Income": -1390000.0,
        "Minority Interests": 1156000.0,
        "Net Income Including Noncontrolling Interests": -2546000.0,
        "Net Income Continuous Operations": -2546000.0,
        "Tax Provision": 905000.0,
        "Pretax Income": -1641000.0,
        "Other Income Expense": -64000.0,
        "Other Non Operating Income Expenses": 866000.0,
        "Special Income Charges": -930000.0,
        "Gain On Sale Of Ppe": -513000.0,
        "Restructuring And Mergern Acquisition": 417000.0,
        "Net Non Operating Interest Income Expense": -7177000.0,
        "Interest Expense Non Operating": 7310000.0,
        "Interest Income Non Operating": 133000.0,
        "Operating Income": 5600000.0,
        "Operating Expense": 96218000.0,
        "Depreciation Amortization Depletion Income Statement": 37988000.0,
        "Depreciation And Amortization In Income Statement": 37988000.0,
        "Amortization": 3272000.0,
        "Amortization Of Intangibles Income Statement": 3272000.0,
        "Depreciation Income Statement": 34716000.0,
        "Selling General And Administration": 58230000.0,
        "General And Administrative Expense": NaN,
        "Other Gand A": NaN,
        "Salaries And Wages": NaN,
        "Gross Profit": 101818000.0,
        "Cost Of Revenue": 90197000.0,
        "Total Revenue": 192015000.0,
        "Operating Revenue": 187053000.0
    },
    "2022-09-30": {
        "Tax Effect Of Unusual Items": NaN,
        "Tax Rate For Calcs": NaN,
        "Normalized EBITDA": NaN,
        "Total Unusual Items": NaN,
        "Total Unusual Items Excluding Goodwill": NaN,
        "Net Income From Continuing Operation Net Minority Interest": NaN,
        "Reconciled Depreciation": NaN,
        "Reconciled Cost Of Revenue": NaN,
        "EBITDA": NaN,
        "EBIT": NaN,
        "Net Interest Income": NaN,
        "Interest Expense": NaN,
        "Interest Income": NaN,
        "Normalized Income": NaN,
        "Net Income From Continuing And Discontinued Operation": NaN,
        "Total Expenses": NaN,
        "Total Operating Income As Reported": NaN,
        "Diluted Average Shares": NaN,
        "Basic Average Shares": NaN,
        "Diluted EPS": NaN,
        "Basic EPS": NaN,
        "Diluted NI Availto Com Stockholders": NaN,
        "Net Income Common Stockholders": NaN,
        "Preferred Stock Dividends": 1192000.0,
        "Net Income": NaN,
        "Minority Interests": NaN,
        "Net Income Including Noncontrolling Interests": NaN,
        "Net Income Continuous Operations": NaN,
        "Tax Provision": NaN,
        "Pretax Income": NaN,
        "Other Income Expense": NaN,
        "Other Non Operating Income Expenses": NaN,
        "Special Income Charges": NaN,
        "Gain On Sale Of Ppe": NaN,
        "Restructuring And Mergern Acquisition": NaN,
        "Net Non Operating Interest Income Expense": NaN,
        "Interest Expense Non Operating": NaN,
        "Interest Income Non Operating": NaN,
        "Operating Income": NaN,
        "Operating Expense": NaN,
        "Depreciation Amortization Depletion Income Statement": NaN,
        "Depreciation And Amortization In Income Statement": NaN,
        "Amortization": NaN,
        "Amortization Of Intangibles Income Statement": NaN,
        "Depreciation Income Statement": NaN,
        "Selling General And Administration": NaN,
        "General And Administrative Expense": NaN,
        "Other Gand A": NaN,
        "Salaries And Wages": NaN,
        "Gross Profit": NaN,
        "Cost Of Revenue": NaN,
        "Total Revenue": NaN,
        "Operating Revenue": NaN
    },
    "2022-06-30": {
        "Tax Effect Of Unusual Items": -153600.0,
        "Tax Rate For Calcs": 0.4,
        "Normalized EBITDA": 36449000.0,
        "Total Unusual Items": -384000.0,
        "Total Unusual Items Excluding Goodwill": -384000.0,
        "Net Income From Continuing Operation Net Minority Interest": -525000.0,
        "Reconciled Depreciation": 37067000.0,
        "Reconciled Cost Of Revenue": 81146000.0,
        "EBITDA": 36065000.0,
        "EBIT": -1002000.0,
        "Net Interest Income": -4278000.0,
        "Interest Expense": 4278000.0,
        "Interest Income": 0.0,
        "Normalized Income": -294600.0,
        "Net Income From Continuing And Discontinued Operation": -525000.0,
        "Total Expenses": 177391000.0,
        "Total Operating Income As Reported": 1722000.0,
        "Diluted Average Shares": 15749000.0,
        "Basic Average Shares": 15749000.0,
        "Diluted EPS": -0.11,
        "Basic EPS": -0.11,
        "Diluted NI Availto Com Stockholders": -525000.0,
        "Net Income Common Stockholders": -525000.0,
        "Preferred Stock Dividends": 1154000.0,
        "Net Income": -525000.0,
        "Minority Interests": 784000.0,
        "Net Income Including Noncontrolling Interests": -1309000.0,
        "Net Income Continuous Operations": -1309000.0,
        "Tax Provision": -3971000.0,
        "Pretax Income": -5280000.0,
        "Other Income Expense": -3108000.0,
        "Other Non Operating Income Expenses": -2724000.0,
        "Special Income Charges": -384000.0,
        "Gain On Sale Of Ppe": 28000.0,
        "Impairment Of Capital Assets": NaN,
        "Restructuring And Mergern Acquisition": 412000.0,
        "Net Non Operating Interest Income Expense": -4278000.0,
        "Total Other Finance Cost": NaN,
        "Interest Expense Non Operating": 4278000.0,
        "Interest Income Non Operating": 0.0,
        "Operating Income": 2106000.0,
        "Operating Expense": 96245000.0,
        "Depreciation Amortization Depletion Income Statement": 37067000.0,
        "Depreciation And Amortization In Income Statement": 37067000.0,
        "Amortization": 3250000.0,
        "Amortization Of Intangibles Income Statement": 3250000.0,
        "Depreciation Income Statement": 33817000.0,
        "Selling General And Administration": 59178000.0,
        "General And Administrative Expense": 59178000.0,
        "Other Gand A": 59178000.0,
        "Salaries And Wages": NaN,
        "Gross Profit": 98351000.0,
        "Cost Of Revenue": 81146000.0,
        "Total Revenue": 179497000.0,
        "Operating Revenue": 175092000.0
    },
    "2022-03-31": {
        "Diluted EPS": -0.13,
        "Total Revenue": 172,
        "Gross Profit": 97,
        "Operating Income": 0,
        "EBIT": 37,
        "Net Income": -2
    },
    "2021-12-31": {
        "Diluted EPS": -1.6,
        "Total Revenue": 188,
        "Gross Profit": 99,
        "Operating Income": -20,
        "EBIT": 38,
        "Net Income": -25
    },
    "2021-09-30": {
        "Diluted EPS": -0.22,
        "Total Revenue": 167,
        "Gross Profit": 90,
        "Operating Income": -1,
        "EBIT": 32,
        "Net Income": -3
    },
    "2021-06-30": {
        "Diluted EPS": 0.13,
        "Total Revenue": 124,
        "Gross Profit": 66,
        "Operating Income": 3,
        "EBIT": 23,
        "Net Income": 2
    },
    "2021-03-31": {
        "Diluted EPS": 0.17,
        "Total Revenue": 125,
        "Gross Profit": 62,
        "Operating Income": 3,
        "EBIT": 24,
        "Net Income": 3
    },
    "2020-12-31": {
        "Diluted EPS": -1.3,
        "Total Revenue": 124,
        "Gross Profit": 66,
        "Operating Income": -15,
        "EBIT": 8,
        "Net Income": -21
    },
    "2020-09-30": {
        "Diluted EPS": 0.17,
        "Total Revenue": 112,
        "Gross Profit": 66,
        "Operating Income": 10,
        "EBIT": 31,
        "Net Income": 3
    },
    "2020-06-30": {
        "Diluted EPS": 0.3,
        "Total Revenue": 109,
        "Gross Profit": 63,
        "Operating Income": 7,
        "EBIT": 29,
        "Net Income": 5
    },
    "2020-03-31": {
        "Diluted EPS": -0.06,
        "Total Revenue": 111,
        "Gross Profit": 64,
        "Operating Income": 7,
        "EBIT": 30,
        "Net Income": -1
    },
    "2019-12-31": {
        "Diluted EPS": -0.62,
        "Total Revenue": 112,
        "Gross Profit": 63,
        "Operating Income": -2,
        "EBIT": 26,
        "Net Income": -10
    },
    "2019-09-30": {
        "Diluted EPS": 0.09,
        "Total Revenue": 116,
        "Gross Profit": 68,
        "Operating Income": 10,
        "EBIT": 33,
        "Net Income": 1
    },
    "2019-06-30": {
        "Diluted EPS": -0.05,
        "Total Revenue": 108,
        "Gross Profit": 61,
        "Operating Income": 3,
        "EBIT": 24,
        "Net Income": -1
    },
    "2019-03-31": {
        "Diluted EPS": -0.1,
        "Total Revenue": 103,
        "Gross Profit": 56,
        "Operating Income": 2,
        "EBIT": 23,
        "Net Income": -2
    },
    "2018-12-31": {
        "Diluted EPS": 0.08,
        "Total Revenue": 108,
        "Gross Profit": 59,
        "Operating Income": 10,
        "EBIT": 32,
        "Net Income": 1
    },
    "2018-09-30": {
        "Diluted EPS": 1.06,
        "Total Revenue": 121,
        "Gross Profit": 73,
        "Operating Income": 31,
        "EBIT": 52,
        "Net Income": 17
    },
    "2018-06-30": {
        "Diluted EPS": 0.45,
        "Total Revenue": 118,
        "Gross Profit": 71,
        "Operating Income": 16,
        "EBIT": 38,
        "Net Income": 7
    },
    "2018-03-31": {
        "Diluted EPS": -0.35,
        "Total Revenue": 104,
        "Gross Profit": 60,
        "Operating Income": 4,
        "EBIT": 26,
        "Net Income": -6
    },
    "2017-12-31": {
        "Diluted EPS": 2.69,
        "Total Revenue": 108,
        "Gross Profit": 65,
        "Operating Income": 41,
        "EBIT": 63,
        "Net Income": 44
    },
    "2017-09-30": {
        "Diluted EPS": -1.53,
        "Total Revenue": 122,
        "Gross Profit": 73,
        "Operating Income": -20,
        "EBIT": 2,
        "Net Income": -25
    },
    "2017-06-30": {
        "Diluted EPS": 0.36,
        "Total Revenue": 123,
        "Gross Profit": 73,
        "Operating Income": 16,
        "EBIT": 38,
        "Net Income": 6
    },
    "2017-03-31": {
        "Diluted EPS": 0.42,
        "Total Revenue": 128,
        "Gross Profit": 75,
        "Operating Income": 18,
        "EBIT": 40,
        "Net Income": 7
    },
    "2016-12-31": {
        "Diluted EPS": 0.12,
        "Total Revenue": 129,
        "Gross Profit": 71,
        "Operating Income": 11,
        "EBIT": 35,
        "Net Income": 2
    },
    "2016-09-30": {
        "Diluted EPS": 0.44,
        "Total Revenue": 139,
        "Gross Profit": 82,
        "Operating Income": 22,
        "EBIT": 44,
        "Net Income": 7
    },
    "2016-06-30": {
        "Diluted EPS": -0.19,
        "Total Revenue": 100,
        "Gross Profit": 61,
        "Operating Income": 2,
        "EBIT": 19,
        "Net Income": -3
    },
    "2016-03-31": {
        "Diluted EPS": 0.38,
        "Total Revenue": 90,
        "Gross Profit": 56,
        "Operating Income": 16,
        "EBIT": 31,
        "Net Income": 6
    },
    "2015-12-31": {
        "Diluted EPS": 0.27,
        "Total Revenue": 83,
        "Gross Profit": 48,
        "Operating Income": 8,
        "EBIT": 21,
        "Net Income": 4
    },
    "2015-09-30": {
        "Diluted EPS": 0.41,
        "Total Revenue": 97,
        "Gross Profit": 62,
        "Operating Income": 23,
        "EBIT": 37,
        "Net Income": 7
    },
    "2015-06-30": {
        "Diluted EPS": 0.59,
        "Total Revenue": 90,
        "Gross Profit": 60,
        "Operating Income": 29,
        "EBIT": 43,
        "Net Income": 9
    },
    "2015-03-31": {
        "Diluted EPS": -0.21,
        "Total Revenue": 85,
        "Gross Profit": 54,
        "Operating Income": 19,
        "EBIT": 34,
        "Net Income": -3
    },
    "2014-12-31": {
        "Diluted EPS": 0.79,
        "Total Revenue": 89,
        "Gross Profit": 54,
        "Operating Income": 20,
        "EBIT": 33,
        "Net Income": 13
    },
    "2014-09-30": {
        "Diluted EPS": 1.01,
        "Total Revenue": 89,
        "Gross Profit": 60,
        "Operating Income": 28,
        "EBIT": 41,
        "Net Income": 16
    },
    "2014-06-30": {
        "Diluted EPS": 0.72,
        "Total Revenue": 83,
        "Gross Profit": 53,
        "Operating Income": 22,
        "EBIT": 35,
        "Net Income": 12
    },
    "2014-03-31": {
        "Diluted EPS": 0.49,
        "Total Revenue": 75,
        "Gross Profit": 47,
        "Operating Income": 16,
        "EBIT": 28,
        "Net Income": 8
    },
    "2013-12-31": {
        "Diluted EPS": 1.16,
        "Total Revenue": 77,
        "Gross Profit": 43,
        "Operating Income": 16,
        "EBIT": 28,
        "Net Income": 18
    },
    "2013-09-30": {
        "Diluted EPS": 17.43,
        "Total Revenue": 79,
        "Gross Profit": 53,
        "Operating Income": 20,
        "EBIT": 38,
        "Net Income": 276
    },
    "2013-06-30": {
        "Diluted EPS": 0.56,
        "Total Revenue": 72,
        "Gross Profit": 46,
        "Operating Income": 16,
        "EBIT": 28,
        "Net Income": 9
    },
    "2013-03-31": {
        "Diluted EPS": 0.56,
        "Total Revenue": 65,
        "Gross Profit": 39,
        "Operating Income": 12,
        "EBIT": 24,
        "Net Income": 9
    },
    "2012-12-31": {
        "Diluted EPS": 0.84,
        "Total Revenue": 70,
        "Gross Profit": 41,
        "Operating Income": 21,
        "EBIT": 34,
        "Net Income": 13
    },
    "2012-09-30": {
        "Diluted EPS": 1.02,
        "Total Revenue": 73,
        "Gross Profit": 46,
        "Operating Income": 16,
        "EBIT": 1,
        "Net Income": 16
    },
    "2012-06-30": {
        "Diluted EPS": 0.67,
        "Total Revenue": 185,
        "Gross Profit": 102,
        "Operating Income": 23,
        "EBIT": 51,
        "Net Income": 11
    },
    "2012-03-31": {
        "Diluted EPS": 0.6,
        "Total Revenue": 183,
        "Gross Profit": 100,
        "Operating Income": 18,
        "EBIT": 46,
        "Net Income": 9
    },
    "2011-12-31": {
        "Diluted EPS": 0.27,
        "Total Revenue": 183,
        "Gross Profit": 92,
        "Operating Income": 11,
        "EBIT": -14,
        "Net Income": 4
    },
    "2011-09-30": {
        "Diluted EPS": 0.73,
        "Total Revenue": 194,
        "Gross Profit": 111,
        "Operating Income": 28,
        "EBIT": 55,
        "Net Income": 11
    },
    "2011-06-30": {
        "Diluted EPS": 0.12,
        "Total Revenue": 194,
        "Gross Profit": 99,
        "Operating Income": 6,
        "EBIT": 32,
        "Net Income": 2
    },
    "2011-03-31": {
        "Diluted EPS": 0.29,
        "Total Revenue": 188,
        "Gross Profit": 93,
        "Operating Income": 10,
        "EBIT": 36,
        "Net Income": 4
    },
    "2010-12-31": {
        "Diluted EPS": 0.21,
        "Total Revenue": 195,
        "Gross Profit": 89,
        "Operating Income": 9,
        "EBIT": 34,
        "Net Income": 3
    },
    "2010-09-30": {
        "Diluted EPS": 0.41,
        "Total Revenue": 205,
        "Gross Profit": 102,
        "Operating Income": 14,
        "EBIT": 38,
        "Net Income": 6
    },
    "2010-06-30": {
        "Diluted EPS": 1.6,
        "Total Revenue": 165,
        "Gross Profit": 85,
        "Operating Income": 8,
        "EBIT": 27,
        "Net Income": 25
    },
    "2010-03-31": {
        "Diluted EPS": 0.26,
        "Total Revenue": 55,
        "Gross Profit": 36,
        "Operating Income": 7,
        "EBIT": 18,
        "Net Income": 4
    },
    "2009-12-31": {
        "Diluted EPS": 0.33,
        "Total Revenue": 60,
        "Gross Profit": 39,
        "Operating Income": 12,
        "EBIT": 22,
        "Net Income": 5
    },
    "2009-09-30": {
        "Diluted EPS": 0.78,
        "Total Revenue": 66,
        "Gross Profit": 47,
        "Operating Income": 23,
        "EBIT": 33,
        "Net Income": 12
    },
    "2009-06-30": {
        "Diluted EPS": 0.63,
        "Total Revenue": 60,
        "Gross Profit": 41,
        "Operating Income": 18,
        "EBIT": 28,
        "Net Income": 10
    },
    "2009-03-31": {
        "Diluted EPS": 0.58,
        "Total Revenue": 56,
        "Gross Profit": 38,
        "Operating Income": 17,
        "EBIT": 26,
        "Net Income": 9
    },
    "2023-09-30": {
        "Tax Effect Of Unusual Items": NaN,
        "Tax Rate For Calcs": NaN,
        "Normalized EBITDA": NaN,
        "Total Unusual Items": NaN,
        "Total Unusual Items Excluding Goodwill": NaN,
        "Net Income From Continuing Operation Net Minority Interest": NaN,
        "Reconciled Depreciation": NaN,
        "Reconciled Cost Of Revenue": NaN,
        "EBITDA": NaN,
        "EBIT": NaN,
        "Net Interest Income": NaN,
        "Interest Expense": NaN,
        "Interest Income": NaN,
        "Normalized Income": NaN,
        "Net Income From Continuing And Discontinued Operation": NaN,
        "Total Expenses": NaN,
        "Total Operating Income As Reported": NaN,
        "Diluted Average Shares": NaN,
        "Basic Average Shares": NaN,
        "Diluted EPS": NaN,
        "Basic EPS": NaN,
        "Diluted NI Availto Com Stockholders": NaN,
        "Net Income Common Stockholders": NaN,
        "Preferred Stock Dividends": 1303000.0,
        "Net Income": NaN,
        "Minority Interests": NaN,
        "Net Income Including Noncontrolling Interests": NaN,
        "Net Income Continuous Operations": NaN,
        "Tax Provision": NaN,
        "Pretax Income": NaN,
        "Other Income Expense": NaN,
        "Other Non Operating Income Expenses": NaN,
        "Special Income Charges": NaN,
        "Gain On Sale Of Ppe": NaN,
        "Impairment Of Capital Assets": 0.0,
        "Restructuring And Mergern Acquisition": NaN,
        "Net Non Operating Interest Income Expense": NaN,
        "Interest Expense Non Operating": NaN,
        "Interest Income Non Operating": NaN,
        "Operating Income": NaN,
        "Operating Expense": NaN,
        "Depreciation Amortization Depletion Income Statement": NaN,
        "Depreciation And Amortization In Income Statement": NaN,
        "Amortization": NaN,
        "Amortization Of Intangibles Income Statement": NaN,
        "Depreciation Income Statement": NaN,
        "Selling General And Administration": NaN,
        "General And Administrative Expense": NaN,
        "Other Gand A": NaN,
        "Salaries And Wages": NaN,
        "Gross Profit": NaN,
        "Cost Of Revenue": NaN,
        "Total Revenue": NaN,
        "Operating Revenue": NaN
    },
    "2023-12-31": {
        "Tax Effect Of Unusual Items": -1968537.442219,
        "Tax Rate For Calcs": 0.248177,
        "Normalized EBITDA": 47941000.0,
        "Total Unusual Items": -7932000.0,
        "Total Unusual Items Excluding Goodwill": -7932000.0,
        "Net Income From Continuing Operation Net Minority Interest": -5836000.0,
        "Reconciled Depreciation": 37758000.0,
        "Reconciled Cost Of Revenue": 89308000.0,
        "EBITDA": 40009000.0,
        "EBIT": 2251000.0,
        "Net Interest Income": -11872000.0,
        "Interest Expense": 11986000.0,
        "Interest Income": 114000.0,
        "Normalized Income": 127462.557781,
        "Net Income From Continuing And Discontinued Operation": -5836000.0,
        "Total Expenses": 187770000.0,
        "Total Operating Income As Reported": 3264000.0,
        "Diluted Average Shares": 15436000.0,
        "Basic Average Shares": 15436000.0,
        "Diluted EPS": -0.46,
        "Basic EPS": -0.46,
        "Diluted NI Availto Com Stockholders": -2243000.0,
        "Net Income Common Stockholders": -2243000.0,
        "Preferred Stock Dividends": NaN,
        "Net Income": -5836000.0,
        "Minority Interests": 1483000.0,
        "Net Income Including Noncontrolling Interests": -7319000.0,
        "Net Income Continuous Operations": -7319000.0,
        "Tax Provision": -2416000.0,
        "Pretax Income": -9735000.0,
        "Other Income Expense": -9059000.0,
        "Other Non Operating Income Expenses": -1127000.0,
        "Special Income Charges": -7932000.0,
        "Gain On Sale Of Ppe": -1289000.0,
        "Impairment Of Capital Assets": NaN,
        "Restructuring And Mergern Acquisition": 6643000.0,
        "Net Non Operating Interest Income Expense": -11872000.0,
        "Interest Expense Non Operating": 11986000.0,
        "Interest Income Non Operating": 114000.0,
        "Operating Income": 11196000.0,
        "Operating Expense": 98462000.0,
        "Depreciation Amortization Depletion Income Statement": 37758000.0,
        "Depreciation And Amortization In Income Statement": 37758000.0,
        "Amortization": 3122000.0,
        "Amortization Of Intangibles Income Statement": 3122000.0,
        "Depreciation Income Statement": 34636000.0,
        "Selling General And Administration": 60704000.0,
        "General And Administrative Expense": 60704000.0,
        "Other Gand A": 58642000.0,
        "Salaries And Wages": 2062000.0,
        "Gross Profit": 109658000.0,
        "Cost Of Revenue": 89308000.0,
        "Total Revenue": 198966000.0,
        "Operating Revenue": 194579000.0
    },
    "2024-03-31": {
        "Tax Effect Of Unusual Items": NaN,
        "Tax Rate For Calcs": NaN,
        "Normalized EBITDA": NaN,
        "Total Unusual Items": NaN,
        "Total Unusual Items Excluding Goodwill": NaN,
        "Net Income From Continuing Operation Net Minority Interest": NaN,
        "Reconciled Depreciation": NaN,
        "Reconciled Cost Of Revenue": NaN,
        "EBITDA": NaN,
        "EBIT": NaN,
        "Net Interest Income": NaN,
        "Interest Expense": NaN,
        "Interest Income": NaN,
        "Normalized Income": NaN,
        "Net Income From Continuing And Discontinued Operation": NaN,
        "Total Expenses": NaN,
        "Total Operating Income As Reported": NaN,
        "Diluted Average Shares": NaN,
        "Basic Average Shares": NaN,
        "Diluted EPS": NaN,
        "Basic EPS": NaN,
        "Diluted NI Availto Com Stockholders": NaN,
        "Net Income Common Stockholders": NaN,
        "Preferred Stock Dividends": 1348000.0,
        "Net Income": NaN,
        "Minority Interests": NaN,
        "Net Income Including Noncontrolling Interests": NaN,
        "Net Income Continuous Operations": NaN,
        "Tax Provision": NaN,
        "Pretax Income": NaN,
        "Other Income Expense": NaN,
        "Other Non Operating Income Expenses": NaN,
        "Special Income Charges": NaN,
        "Gain On Sale Of Ppe": NaN,
        "Impairment Of Capital Assets": NaN,
        "Restructuring And Mergern Acquisition": NaN,
        "Net Non Operating Interest Income Expense": NaN,
        "Interest Expense Non Operating": NaN,
        "Interest Income Non Operating": NaN,
        "Operating Income": NaN,
        "Operating Expense": NaN,
        "Depreciation Amortization Depletion Income Statement": NaN,
        "Depreciation And Amortization In Income Statement": NaN,
        "Amortization": NaN,
        "Amortization Of Intangibles Income Statement": NaN,
        "Depreciation Income Statement": NaN,
        "Selling General And Administration": NaN,
        "General And Administrative Expense": NaN,
        "Other Gand A": NaN,
        "Salaries And Wages": NaN,
        "Gross Profit": NaN,
        "Cost Of Revenue": NaN,
        "Total Revenue": NaN,
        "Operating Revenue": NaN
    },
    "2024-06-30": {
        "Tax Effect Of Unusual Items": NaN,
        "Tax Rate For Calcs": NaN,
        "Normalized EBITDA": NaN,
        "Total Unusual Items": NaN,
        "Total Unusual Items Excluding Goodwill": NaN,
        "Net Income From Continuing Operation Net Minority Interest": NaN,
        "Reconciled Depreciation": NaN,
        "Reconciled Cost Of Revenue": NaN,
        "EBITDA": NaN,
        "EBIT": NaN,
        "Net Interest Income": NaN,
        "Interest Expense": NaN,
        "Interest Income": NaN,
        "Normalized Income": NaN,
        "Net Income From Continuing And Discontinued Operation": NaN,
        "Total Expenses": NaN,
        "Total Operating Income As Reported": NaN,
        "Diluted Average Shares": NaN,
        "Basic Average Shares": NaN,
        "Diluted EPS": NaN,
        "Basic EPS": NaN,
        "Diluted NI Availto Com Stockholders": NaN,
        "Net Income Common Stockholders": NaN,
        "Preferred Stock Dividends": 1376000.0,
        "Net Income": NaN,
        "Minority Interests": NaN,
        "Net Income Including Noncontrolling Interests": NaN,
        "Net Income Continuous Operations": NaN,
        "Tax Provision": NaN,
        "Pretax Income": NaN,
        "Other Income Expense": NaN,
        "Other Non Operating Income Expenses": NaN,
        "Special Income Charges": NaN,
        "Gain On Sale Of Ppe": NaN,
        "Impairment Of Capital Assets": NaN,
        "Restructuring And Mergern Acquisition": NaN,
        "Net Non Operating Interest Income Expense": NaN,
        "Interest Expense Non Operating": NaN,
        "Interest Income Non Operating": NaN,
        "Operating Income": NaN,
        "Operating Expense": NaN,
        "Depreciation Amortization Depletion Income Statement": NaN,
        "Depreciation And Amortization In Income Statement": NaN,
        "Amortization": NaN,
        "Amortization Of Intangibles Income Statement": NaN,
        "Depreciation Income Statement": NaN,
        "Selling General And Administration": NaN,
        "General And Administrative Expense": NaN,
        "Other Gand A": NaN,
        "Salaries And Wages": NaN,
        "Gross Profit": NaN,
        "Cost Of Revenue": NaN,
        "Total Revenue": NaN,
        "Operating Revenue": NaN
    },
    "2024-09-30": {
        "Tax Effect Of Unusual Items": -10040706.0,
        "Tax Rate For Calcs": 0.234,
        "Normalized EBITDA": 43409000.0,
        "Total Unusual Items": -42909000.0,
        "Total Unusual Items Excluding Goodwill": -42909000.0,
        "Net Income From Continuing Operation Net Minority Interest": -32691000.0,
        "Reconciled Depreciation": 39291000.0,
        "Reconciled Cost Of Revenue": 79177000.0,
        "EBITDA": 500000.0,
        "EBIT": -38791000.0,
        "Net Interest Income": -12483000.0,
        "Interest Expense": 12695000.0,
        "Interest Income": 212000.0,
        "Normalized Income": 177294.0,
        "Net Income From Continuing And Discontinued Operation": -32691000.0,
        "Total Expenses": 173900000.0,
        "Total Operating Income As Reported": -38358000.0,
        "Diluted Average Shares": 15114000.0,
        "Basic Average Shares": 15114000.0,
        "Diluted EPS": -2.26,
        "Basic EPS": -2.26,
        "Diluted NI Availto Com Stockholders": -34117000.0,
        "Net Income Common Stockholders": -34117000.0,
        "Preferred Stock Dividends": 1426000.0,
        "Net Income": -32691000.0,
        "Minority Interests": 6760000.0,
        "Net Income Including Noncontrolling Interests": -39451000.0,
        "Net Income Continuous Operations": -39451000.0,
        "Tax Provision": -12035000.0,
        "Pretax Income": -51486000.0,
        "Other Income Expense": -43554000.0,
        "Other Non Operating Income Expenses": -645000.0,
        "Special Income Charges": -42909000.0,
        "Gain On Sale Of Ppe": -1504000.0,
        "Impairment Of Capital Assets": 35269000.0,
        "Restructuring And Mergern Acquisition": 6136000.0,
        "Net Non Operating Interest Income Expense": -12483000.0,
        "Interest Expense Non Operating": 12695000.0,
        "Interest Income Non Operating": 212000.0,
        "Operating Income": 4551000.0,
        "Operating Expense": 94722000.0,
        "Depreciation Amortization Depletion Income Statement": 39290000.0,
        "Depreciation And Amortization In Income Statement": 39290000.0,
        "Amortization": 1991000.0,
        "Amortization Of Intangibles Income Statement": 1991000.0,
        "Depreciation Income Statement": 37299000.0,
        "Selling General And Administration": 55432000.0,
        "General And Administrative Expense": 55432000.0,
        "Other Gand A": 53601000.0,
        "Salaries And Wages": 1831000.0,
        "Gross Profit": 99273000.0,
        "Cost Of Revenue": 79178000.0,
        "Total Revenue": 178451000.0,
        "Operating Revenue": 174625000.0
    },
    "2024-12-31": {
        "Tax Effect Of Unusual Items": -568260.0,
        "Tax Rate For Calcs": 0.21,
        "Normalized EBITDA": 44138000.0,
        "Total Unusual Items": -2706000.0,
        "Total Unusual Items Excluding Goodwill": -2706000.0,
        "Net Income From Continuing Operation Net Minority Interest": 3571000.0,
        "Reconciled Depreciation": 33130000.0,
        "Reconciled Cost Of Revenue": 78035000.0,
        "EBITDA": 41432000.0,
        "EBIT": 8302000.0,
        "Net Interest Income": -12609000.0,
        "Interest Expense": 12996000.0,
        "Interest Income": 387000.0,
        "Normalized Income": 5708740.0,
        "Net Income From Continuing And Discontinued Operation": 3571000.0,
        "Total Expenses": 169170000.0,
        "Total Operating Income As Reported": 8672000.0,
        "Diluted Average Shares": 15127000.0,
        "Basic Average Shares": 15114000.0,
        "Diluted EPS": 0.14,
        "Basic EPS": 0.14,
        "Diluted NI Availto Com Stockholders": 7725000.0,
        "Net Income Common Stockholders": 7725000.0,
        "Preferred Stock Dividends": NaN,
        "Net Income": 3571000.0,
        "Minority Interests": -636000.0,
        "Net Income Including Noncontrolling Interests": 4207000.0,
        "Net Income Continuous Operations": 4207000.0,
        "Tax Provision": -8901000.0,
        "Pretax Income": -4694000.0,
        "Other Income Expense": -3463000.0,
        "Other Non Operating Income Expenses": -757000.0,
        "Special Income Charges": -2706000.0,
        "Gain On Sale Of Ppe": -1668000.0,
        "Impairment Of Capital Assets": 0.0,
        "Restructuring And Mergern Acquisition": 1038000.0,
        "Net Non Operating Interest Income Expense": -12609000.0,
        "Interest Expense Non Operating": 12996000.0,
        "Interest Income Non Operating": 387000.0,
        "Operating Income": 11378000.0,
        "Operating Expense": 91135000.0,
        "Depreciation Amortization Depletion Income Statement": 33130000.0,
        "Depreciation And Amortization In Income Statement": 33130000.0,
        "Amortization": 1991000.0,
        "Amortization Of Intangibles Income Statement": 1991000.0,
        "Depreciation Income Statement": 31139000.0,
        "Selling General And Administration": 58005000.0,
        "General And Administrative Expense": 58005000.0,
        "Other Gand A": 56289000.0,
        "Salaries And Wages": 1716000.0,
        "Gross Profit": 102513000.0,
        "Cost Of Revenue": 78035000.0,
        "Total Revenue": 180548000.0,
        "Operating Revenue": 175994000.0
    },
    "2025-03-31": {
        "Tax Effect Of Unusual Items": -68272.0,
        "Tax Rate For Calcs": 0.017,
        "Normalized EBITDA": 40140000.0,
        "Total Unusual Items": -4016000.0,
        "Total Unusual Items Excluding Goodwill": -4016000.0,
        "Net Income From Continuing Operation Net Minority Interest": -8928000.0,
        "Reconciled Depreciation": 35753000.0,
        "Reconciled Cost Of Revenue": 79725000.0,
        "EBITDA": 36124000.0,
        "EBIT": 371000.0,
        "Net Interest Income": -11678000.0,
        "Interest Expense": 11950000.0,
        "Interest Income": 272000.0,
        "Normalized Income": -4980272.0,
        "Net Income From Continuing And Discontinued Operation": -8928000.0,
        "Total Expenses": 172611000.0,
        "Total Operating Income As Reported": 2667000.0,
        "Diluted Average Shares": 15131000.0,
        "Basic Average Shares": 15131000.0,
        "Diluted EPS": -0.69,
        "Basic EPS": -0.69,
        "Diluted NI Availto Com Stockholders": -10386000.0,
        "Net Income Common Stockholders": -10386000.0,
        "Preferred Stock Dividends": 1458000.0,
        "Net Income": -8928000.0,
        "Minority Interests": 2459000.0,
        "Net Income Including Noncontrolling Interests": -11387000.0,
        "Net Income Continuous Operations": -11387000.0,
        "Tax Provision": -192000.0,
        "Pretax Income": -11579000.0,
        "Other Income Expense": -6584000.0,
        "Other Non Operating Income Expenses": -2568000.0,
        "Special Income Charges": -4016000.0,
        "Gain On Sale Of Ppe": -750000.0,
        "Impairment Of Capital Assets": NaN,
        "Restructuring And Mergern Acquisition": 3266000.0,
        "Net Non Operating Interest Income Expense": -11678000.0,
        "Interest Expense Non Operating": 11950000.0,
        "Interest Income Non Operating": 272000.0,
        "Operating Income": 6683000.0,
        "Operating Expense": 92886000.0,
        "Depreciation Amortization Depletion Income Statement": 35753000.0,
        "Depreciation And Amortization In Income Statement": 35753000.0,
        "Amortization": 1226000.0,
        "Amortization Of Intangibles Income Statement": 1226000.0,
        "Depreciation Income Statement": 34527000.0,
        "Selling General And Administration": 57133000.0,
        "General And Administrative Expense": 57133000.0,
        "Other Gand A": 55228000.0,
        "Salaries And Wages": 1905000.0,
        "Gross Profit": 99569000.0,
        "Cost Of Revenue": 79725000.0,
        "Total Revenue": 179294000.0,
        "Operating Revenue": 175077000.0
    },
    "2025-06-30": {
        "Tax Effect Of Unusual Items": -2254998.465787,
        "Tax Rate For Calcs": 0.289659,
        "Normalized EBITDA": 42648000.0,
        "Total Unusual Items": -7785000.0,
        "Total Unusual Items Excluding Goodwill": -7785000.0,
        "Net Income From Continuing Operation Net Minority Interest": -7026000.0,
        "Reconciled Depreciation": 35089000.0,
        "Reconciled Cost Of Revenue": 79348000.0,
        "EBITDA": 34863000.0,
        "EBIT": -226000.0,
        "Net Interest Income": -12678000.0,
        "Interest Expense": 12810000.0,
        "Interest Income": 132000.0,
        "Normalized Income": -1495998.465787,
        "Net Income From Continuing And Discontinued Operation": -7026000.0,
        "Total Expenses": 173282000.0,
        "Total Operating Income As Reported": 233000.0,
        "Diluted Average Shares": 15223000.0,
        "Basic Average Shares": 15223000.0,
        "Diluted EPS": -0.56,
        "Basic EPS": -0.56,
        "Diluted NI Availto Com Stockholders": -8533000.0,
        "Net Income Common Stockholders": -8533000.0,
        "Preferred Stock Dividends": 1507000.0,
        "Net Income": -7026000.0,
        "Minority Interests": 2234000.0,
        "Net Income Including Noncontrolling Interests": -9260000.0,
        "Net Income Continuous Operations": -9260000.0,
        "Tax Provision": -3776000.0,
        "Pretax Income": -13036000.0,
        "Other Income Expense": -8376000.0,
        "Other Non Operating Income Expenses": -591000.0,
        "Special Income Charges": -7785000.0,
        "Gain On Sale Of Ppe": -2685000.0,
        "Impairment Of Capital Assets": NaN,
        "Restructuring And Mergern Acquisition": 5100000.0,
        "Net Non Operating Interest Income Expense": -12678000.0,
        "Interest Expense Non Operating": 12810000.0,
        "Interest Income Non Operating": 132000.0,
        "Operating Income": 8018000.0,
        "Operating Expense": 93934000.0,
        "Depreciation Amortization Depletion Income Statement": 35089000.0,
        "Depreciation And Amortization In Income Statement": 35089000.0,
        "Amortization": 1226000.0,
        "Amortization Of Intangibles Income Statement": 1226000.0,
        "Depreciation Income Statement": 33863000.0,
        "Selling General And Administration": 58845000.0,
        "General And Administrative Expense": 58845000.0,
        "Other Gand A": 56160000.0,
        "Salaries And Wages": 2685000.0,
        "Gross Profit": 101952000.0,
        "Cost Of Revenue": 79348000.0,
        "Total Revenue": 181300000.0,
        "Operating Revenue": 177090000.0
    },
    "2025-09-30": {
        "Tax Effect Of Unusual Items": -837900.0,
        "Tax Rate For Calcs": 0.21,
        "Normalized EBITDA": 48649000.0,
        "Total Unusual Items": -3990000.0,
        "Total Unusual Items Excluding Goodwill": -3990000.0,
        "Net Income From Continuing Operation Net Minority Interest": 4343000.0,
        "Reconciled Depreciation": 34149000.0,
        "Reconciled Cost Of Revenue": 78937000.0,
        "EBITDA": 44659000.0,
        "EBIT": 10509000.0,
        "Net Interest Income": -11471000.0,
        "Interest Expense": 11628000.0,
        "Interest Income": 157000.0,
        "Normalized Income": 7495100.0,
        "Net Income From Continuing And Discontinued Operation": 4343000.0,
        "Total Expenses": 169345000.0,
        "Total Operating Income As Reported": 9830000.0,
        "Diluted Average Shares": 15267000.0,
        "Basic Average Shares": 15257000.0,
        "Diluted EPS": 0.18,
        "Basic EPS": 0.18,
        "Diluted NI Availto Com Stockholders": 2785000.0,
        "Net Income Common Stockholders": 2785000.0,
        "Preferred Stock Dividends": 1558000.0,
        "Net Income": 4343000.0,
        "Minority Interests": 410000.0,
        "Net Income Including Noncontrolling Interests": 3933000.0,
        "Net Income Continuous Operations": 3933000.0,
        "Tax Provision": -5052000.0,
        "Pretax Income": -1119000.0,
        "Other Income Expense": -3468000.0,
        "Other Non Operating Income Expenses": 522000.0,
        "Special Income Charges": -3990000.0,
        "Gain On Sale Of Ppe": -1556000.0,
        "Impairment Of Capital Assets": 0.0,
        "Restructuring And Mergern Acquisition": 2434000.0,
        "Net Non Operating Interest Income Expense": -11471000.0,
        "Interest Expense Non Operating": 11628000.0,
        "Interest Income Non Operating": 157000.0,
        "Operating Income": 13820000.0,
        "Operating Expense": 90409000.0,
        "Depreciation Amortization Depletion Income Statement": 34150000.0,
        "Depreciation And Amortization In Income Statement": 34150000.0,
        "Amortization": 1212000.0,
        "Amortization Of Intangibles Income Statement": 1212000.0,
        "Depreciation Income Statement": 32938000.0,
        "Selling General And Administration": 56259000.0,
        "General And Administrative Expense": 56259000.0,
        "Other Gand A": 54293000.0,
        "Salaries And Wages": 1966000.0,
        "Gross Profit": 104229000.0,
        "Cost Of Revenue": 78936000.0,
        "Total Revenue": 183165000.0,
        "Operating Revenue": 178867000.0
    }
}