{
    "2024-03-31": {
        "Tax Effect Of Unusual Items": NaN,
        "Tax Rate For Calcs": NaN,
        "Normalized EBITDA": NaN,
        "Net Income From Continuing Operation Net Minority Interest": NaN,
        "Reconciled Depreciation": NaN,
        "EBITDA": NaN,
        "EBIT": NaN,
        "Net Interest Income": NaN,
        "Interest Income": NaN,
        "Normalized Income": NaN,
        "Net Income From Continuing And Discontinued Operation": NaN,
        "Total Expenses": NaN,
        "Total Operating Income As Reported": NaN,
        "Diluted Average Shares": 27886486.0,
        "Basic Average Shares": 27886486.0,
        "Diluted EPS": -0.31,
        "Basic EPS": -0.31,
        "Diluted NI Availto Com Stockholders": NaN,
        "Net Income Common Stockholders": NaN,
        "Net Income": NaN,
        "Net Income Including Noncontrolling Interests": NaN,
        "Net Income Continuous Operations": NaN,
        "Pretax Income": NaN,
        "Net Non Operating Interest Income Expense": NaN,
        "Interest Income Non Operating": NaN,
        "Operating Income": NaN,
        "Operating Expense": NaN,
        "Research And Development": NaN,
        "Selling General And Administration": NaN,
        "General And Administrative Expense": NaN,
        "Other Gand A": NaN,
        "Total Revenue": NaN,
        "Operating Revenue": NaN
    },
    "2023-12-31": {
        "Tax Effect Of Unusual Items": 0.0,
        "Tax Rate For Calcs": 0.0,
        "Normalized EBITDA": -10144000.0,
        "Net Income From Continuing Operation Net Minority Interest": -9324000.0,
        "Reconciled Depreciation": 199000.0,
        "EBITDA": -10144000.0,
        "EBIT": -10343000.0,
        "Net Interest Income": 1019000.0,
        "Interest Income": 1019000.0,
        "Normalized Income": -9324000.0,
        "Net Income From Continuing And Discontinued Operation": -9324000.0,
        "Total Expenses": 10424000.0,
        "Total Operating Income As Reported": -10343000.0,
        "Diluted Average Shares": NaN,
        "Basic Average Shares": NaN,
        "Diluted EPS": NaN,
        "Basic EPS": NaN,
        "Diluted NI Availto Com Stockholders": -9324000.0,
        "Net Income Common Stockholders": -9324000.0,
        "Net Income": -9324000.0,
        "Net Income Including Noncontrolling Interests": -9324000.0,
        "Net Income Continuous Operations": -9324000.0,
        "Pretax Income": -9324000.0,
        "Net Non Operating Interest Income Expense": 1019000.0,
        "Interest Income Non Operating": 1019000.0,
        "Operating Income": -10343000.0,
        "Operating Expense": 10424000.0,
        "Research And Development": 8118000.0,
        "Selling General And Administration": 2306000.0,
        "General And Administrative Expense": 2306000.0,
        "Other Gand A": 2306000.0,
        "Total Revenue": 81000.0,
        "Operating Revenue": 0.0
    },
    "2023-09-30": {
        "Tax Effect Of Unusual Items": NaN,
        "Tax Rate For Calcs": NaN,
        "Normalized EBITDA": NaN,
        "Net Income From Continuing Operation Net Minority Interest": NaN,
        "Reconciled Depreciation": NaN,
        "EBITDA": NaN,
        "EBIT": NaN,
        "Net Interest Income": NaN,
        "Interest Income": NaN,
        "Normalized Income": NaN,
        "Net Income From Continuing And Discontinued Operation": NaN,
        "Total Expenses": NaN,
        "Total Operating Income As Reported": NaN,
        "Diluted Average Shares": 27058397.0,
        "Basic Average Shares": 27058397.0,
        "Diluted EPS": -0.49,
        "Basic EPS": -0.49,
        "Diluted NI Availto Com Stockholders": NaN,
        "Net Income Common Stockholders": NaN,
        "Net Income": NaN,
        "Net Income Including Noncontrolling Interests": NaN,
        "Net Income Continuous Operations": NaN,
        "Pretax Income": NaN,
        "Net Non Operating Interest Income Expense": NaN,
        "Interest Income Non Operating": NaN,
        "Operating Income": NaN,
        "Operating Expense": NaN,
        "Research And Development": NaN,
        "Selling General And Administration": NaN,
        "General And Administrative Expense": NaN,
        "Other Gand A": NaN,
        "Total Revenue": NaN,
        "Operating Revenue": NaN
    },
    "2023-06-30": {
        "Tax Effect Of Unusual Items": NaN,
        "Tax Rate For Calcs": NaN,
        "Normalized EBITDA": NaN,
        "Net Income From Continuing Operation Net Minority Interest": NaN,
        "Reconciled Depreciation": NaN,
        "EBITDA": NaN,
        "EBIT": NaN,
        "Net Interest Income": NaN,
        "Interest Income": NaN,
        "Normalized Income": NaN,
        "Net Income From Continuing And Discontinued Operation": NaN,
        "Total Expenses": NaN,
        "Total Operating Income As Reported": NaN,
        "Diluted Average Shares": 26217910.0,
        "Basic Average Shares": 26217910.0,
        "Diluted EPS": -0.58,
        "Basic EPS": -0.58,
        "Diluted NI Availto Com Stockholders": NaN,
        "Net Income Common Stockholders": NaN,
        "Net Income": NaN,
        "Net Income Including Noncontrolling Interests": NaN,
        "Net Income Continuous Operations": NaN,
        "Pretax Income": NaN,
        "Net Non Operating Interest Income Expense": NaN,
        "Interest Income Non Operating": NaN,
        "Operating Income": NaN,
        "Operating Expense": NaN,
        "Research And Development": NaN,
        "Selling General And Administration": NaN,
        "General And Administrative Expense": NaN,
        "Other Gand A": NaN,
        "Total Revenue": NaN,
        "Operating Revenue": NaN
    },
    "2023-03-31": {
        "Tax Effect Of Unusual Items": NaN,
        "Tax Rate For Calcs": NaN,
        "Normalized EBITDA": NaN,
        "Net Income From Continuing Operation Net Minority Interest": NaN,
        "Reconciled Depreciation": NaN,
        "EBITDA": NaN,
        "EBIT": NaN,
        "Net Interest Income": NaN,
        "Interest Income": NaN,
        "Normalized Income": NaN,
        "Net Income From Continuing And Discontinued Operation": NaN,
        "Total Expenses": NaN,
        "Total Operating Income As Reported": NaN,
        "Diluted Average Shares": 25696623.0,
        "Basic Average Shares": 25696623.0,
        "Diluted EPS": -0.43,
        "Basic EPS": -0.43,
        "Diluted NI Availto Com Stockholders": NaN,
        "Net Income Common Stockholders": NaN,
        "Net Income": NaN,
        "Net Income Including Noncontrolling Interests": NaN,
        "Net Income Continuous Operations": NaN,
        "Pretax Income": NaN,
        "Net Non Operating Interest Income Expense": NaN,
        "Interest Income Non Operating": NaN,
        "Operating Income": NaN,
        "Operating Expense": NaN,
        "Research And Development": NaN,
        "Selling General And Administration": NaN,
        "General And Administrative Expense": NaN,
        "Other Gand A": NaN,
        "Total Revenue": NaN,
        "Operating Revenue": NaN
    },
    "2022-09-30": {
        "Tax Effect Of Unusual Items": NaN,
        "Tax Rate For Calcs": NaN,
        "Normalized EBITDA": NaN,
        "Net Income From Continuing Operation Net Minority Interest": NaN,
        "Reconciled Depreciation": NaN,
        "EBITDA": NaN,
        "EBIT": NaN,
        "Net Interest Income": NaN,
        "Interest Income": NaN,
        "Normalized Income": NaN,
        "Net Income From Continuing And Discontinued Operation": NaN,
        "Total Expenses": NaN,
        "Total Operating Income As Reported": NaN,
        "Diluted Average Shares": 25164599.0,
        "Basic Average Shares": 25164599.0,
        "Diluted EPS": -0.38,
        "Basic EPS": -0.38,
        "Diluted NI Availto Com Stockholders": NaN,
        "Net Income Common Stockholders": NaN,
        "Net Income": NaN,
        "Net Income Including Noncontrolling Interests": NaN,
        "Net Income Continuous Operations": NaN,
        "Pretax Income": NaN,
        "Net Non Operating Interest Income Expense": NaN,
        "Interest Income Non Operating": NaN,
        "Operating Income": NaN,
        "Operating Expense": NaN,
        "Research And Development": NaN,
        "Selling General And Administration": NaN,
        "General And Administrative Expense": NaN,
        "Other Gand A": NaN,
        "Total Revenue": NaN,
        "Operating Revenue": NaN
    },
    "2024-06-30": {
        "Tax Effect Of Unusual Items": NaN,
        "Tax Rate For Calcs": NaN,
        "Normalized EBITDA": NaN,
        "Net Income From Continuing Operation Net Minority Interest": NaN,
        "Reconciled Depreciation": NaN,
        "EBITDA": NaN,
        "EBIT": NaN,
        "Net Interest Income": NaN,
        "Interest Income": NaN,
        "Normalized Income": NaN,
        "Net Income From Continuing And Discontinued Operation": NaN,
        "Total Expenses": NaN,
        "Total Operating Income As Reported": NaN,
        "Diluted Average Shares": 30103063.0,
        "Basic Average Shares": 30103063.0,
        "Diluted EPS": -0.38,
        "Basic EPS": -0.38,
        "Diluted NI Availto Com Stockholders": NaN,
        "Net Income Common Stockholders": NaN,
        "Net Income": NaN,
        "Net Income Including Noncontrolling Interests": NaN,
        "Net Income Continuous Operations": NaN,
        "Pretax Income": NaN,
        "Net Non Operating Interest Income Expense": NaN,
        "Interest Income Non Operating": NaN,
        "Operating Income": NaN,
        "Operating Expense": NaN,
        "Research And Development": NaN,
        "Selling General And Administration": NaN,
        "General And Administrative Expense": NaN,
        "Other Gand A": NaN,
        "Total Revenue": NaN,
        "Operating Revenue": NaN
    },
    "2024-09-30": {
        "Tax Effect Of Unusual Items": 0.0,
        "Tax Rate For Calcs": 0.0,
        "Normalized EBITDA": -12399000.0,
        "Net Income From Continuing Operation Net Minority Interest": -11568000.0,
        "Reconciled Depreciation": 202000.0,
        "EBITDA": -12399000.0,
        "EBIT": -12601000.0,
        "Net Interest Income": 1033000.0,
        "Interest Income": 1033000.0,
        "Normalized Income": -11568000.0,
        "Net Income From Continuing And Discontinued Operation": -11568000.0,
        "Total Expenses": 12601000.0,
        "Total Operating Income As Reported": -12601000.0,
        "Diluted Average Shares": 31071297.0,
        "Basic Average Shares": 31071297.0,
        "Diluted EPS": -0.37,
        "Basic EPS": -0.37,
        "Diluted NI Availto Com Stockholders": -11568000.0,
        "Net Income Common Stockholders": -11568000.0,
        "Net Income": -11568000.0,
        "Net Income Including Noncontrolling Interests": -11568000.0,
        "Net Income Continuous Operations": -11568000.0,
        "Pretax Income": -11568000.0,
        "Net Non Operating Interest Income Expense": 1033000.0,
        "Interest Income Non Operating": 1033000.0,
        "Operating Income": -12601000.0,
        "Operating Expense": 12601000.0,
        "Research And Development": 9774000.0,
        "Selling General And Administration": 2827000.0,
        "General And Administrative Expense": 2827000.0,
        "Other Gand A": 2827000.0,
        "Total Revenue": 0.0,
        "Operating Revenue": 0.0
    },
    "2024-12-31": {
        "Tax Effect Of Unusual Items": 0.0,
        "Tax Rate For Calcs": 0.0,
        "Normalized EBITDA": -7301000.0,
        "Net Income From Continuing Operation Net Minority Interest": -6652000.0,
        "Reconciled Depreciation": 204000.0,
        "EBITDA": -7301000.0,
        "EBIT": -7505000.0,
        "Net Interest Income": 853000.0,
        "Interest Income": 853000.0,
        "Normalized Income": -6652000.0,
        "Net Income From Continuing And Discontinued Operation": -6652000.0,
        "Total Expenses": 7505000.0,
        "Total Operating Income As Reported": -7505000.0,
        "Diluted Average Shares": NaN,
        "Basic Average Shares": NaN,
        "Diluted EPS": NaN,
        "Basic EPS": NaN,
        "Diluted NI Availto Com Stockholders": -6652000.0,
        "Net Income Common Stockholders": -6652000.0,
        "Net Income": -6652000.0,
        "Net Income Including Noncontrolling Interests": -6652000.0,
        "Net Income Continuous Operations": -6652000.0,
        "Pretax Income": -6652000.0,
        "Net Non Operating Interest Income Expense": 853000.0,
        "Interest Income Non Operating": 853000.0,
        "Operating Income": -7505000.0,
        "Operating Expense": 7505000.0,
        "Research And Development": 4811000.0,
        "Selling General And Administration": 2694000.0,
        "General And Administrative Expense": 2694000.0,
        "Other Gand A": 2694000.0,
        "Total Revenue": 0.0,
        "Operating Revenue": 0.0
    },
    "2025-03-31": {
        "Tax Effect Of Unusual Items": 0.0,
        "Tax Rate For Calcs": 0.0,
        "Normalized EBITDA": -16433000.0,
        "Net Income From Continuing Operation Net Minority Interest": -15938000.0,
        "Reconciled Depreciation": 205000.0,
        "EBITDA": -16433000.0,
        "EBIT": -16638000.0,
        "Net Interest Income": 700000.0,
        "Interest Income": 700000.0,
        "Normalized Income": -15938000.0,
        "Net Income From Continuing And Discontinued Operation": -15938000.0,
        "Total Expenses": 16638000.0,
        "Total Operating Income As Reported": -16638000.0,
        "Diluted Average Shares": 31195891.0,
        "Basic Average Shares": 31195891.0,
        "Diluted EPS": -0.51,
        "Basic EPS": -0.51,
        "Diluted NI Availto Com Stockholders": -15938000.0,
        "Net Income Common Stockholders": -15938000.0,
        "Net Income": -15938000.0,
        "Net Income Including Noncontrolling Interests": -15938000.0,
        "Net Income Continuous Operations": -15938000.0,
        "Pretax Income": -15938000.0,
        "Net Non Operating Interest Income Expense": 700000.0,
        "Interest Income Non Operating": 700000.0,
        "Operating Income": -16638000.0,
        "Operating Expense": 16638000.0,
        "Research And Development": 7700000.0,
        "Selling General And Administration": 8938000.0,
        "General And Administrative Expense": 8938000.0,
        "Other Gand A": 8938000.0,
        "Total Revenue": 0.0,
        "Operating Revenue": 0.0
    },
    "2025-06-30": {
        "Tax Effect Of Unusual Items": 0.0,
        "Tax Rate For Calcs": 0.0,
        "Normalized EBITDA": -7299000.0,
        "Net Income From Continuing Operation Net Minority Interest": -6878000.0,
        "Reconciled Depreciation": 204000.0,
        "EBITDA": -7299000.0,
        "EBIT": -7503000.0,
        "Net Interest Income": 625000.0,
        "Interest Income": 625000.0,
        "Normalized Income": -6878000.0,
        "Net Income From Continuing And Discontinued Operation": -6878000.0,
        "Total Expenses": 7503000.0,
        "Total Operating Income As Reported": -7503000.0,
        "Diluted Average Shares": 31195891.0,
        "Basic Average Shares": 31195891.0,
        "Diluted EPS": -0.22,
        "Basic EPS": -0.22,
        "Diluted NI Availto Com Stockholders": -6878000.0,
        "Net Income Common Stockholders": -6878000.0,
        "Net Income": -6878000.0,
        "Net Income Including Noncontrolling Interests": -6878000.0,
        "Net Income Continuous Operations": -6878000.0,
        "Pretax Income": -6878000.0,
        "Net Non Operating Interest Income Expense": 625000.0,
        "Interest Income Non Operating": 625000.0,
        "Operating Income": -7503000.0,
        "Operating Expense": 7503000.0,
        "Research And Development": 4879000.0,
        "Selling General And Administration": 2624000.0,
        "General And Administrative Expense": 2624000.0,
        "Other Gand A": 2624000.0,
        "Total Revenue": 0.0,
        "Operating Revenue": 0.0
    },
    "2025-09-30": {
        "Tax Effect Of Unusual Items": 0.0,
        "Tax Rate For Calcs": 0.0,
        "Normalized EBITDA": -5486000.0,
        "Net Income From Continuing Operation Net Minority Interest": -5131000.0,
        "Reconciled Depreciation": 206000.0,
        "EBITDA": -5486000.0,
        "EBIT": -5692000.0,
        "Net Interest Income": 561000.0,
        "Interest Income": 561000.0,
        "Normalized Income": -5131000.0,
        "Net Income From Continuing And Discontinued Operation": -5131000.0,
        "Total Expenses": 5782000.0,
        "Total Operating Income As Reported": -5692000.0,
        "Diluted Average Shares": 31195891.0,
        "Basic Average Shares": 31195891.0,
        "Diluted EPS": -0.16,
        "Basic EPS": -0.16,
        "Diluted NI Availto Com Stockholders": -5131000.0,
        "Net Income Common Stockholders": -5131000.0,
        "Net Income": -5131000.0,
        "Net Income Including Noncontrolling Interests": -5131000.0,
        "Net Income Continuous Operations": -5131000.0,
        "Pretax Income": -5131000.0,
        "Net Non Operating Interest Income Expense": 561000.0,
        "Interest Income Non Operating": 561000.0,
        "Operating Income": -5692000.0,
        "Operating Expense": 5782000.0,
        "Research And Development": 4248000.0,
        "Selling General And Administration": 1534000.0,
        "General And Administrative Expense": 1534000.0,
        "Other Gand A": 1534000.0,
        "Total Revenue": 90000.0,
        "Operating Revenue": 0.0
    }
}