{
    "2023-03-31": {
        "Tax Effect Of Unusual Items": 0.0,
        "Tax Rate For Calcs": 0.112,
        "Normalized EBITDA": 588361000.0,
        "Net Income From Continuing Operation Net Minority Interest": 357671000.0,
        "Reconciled Depreciation": 148317000.0,
        "Reconciled Cost Of Revenue": 860927000.0,
        "EBITDA": 588361000.0,
        "EBIT": 440044000.0,
        "Net Interest Income": -37370000.0,
        "Interest Expense": 37370000.0,
        "Normalized Income": 357671000.0,
        "Net Income From Continuing And Discontinued Operation": 357671000.0,
        "Total Expenses": 1118335000.0,
        "Total Operating Income As Reported": 422638000.0,
        "Diluted Average Shares": 143987000.0,
        "Basic Average Shares": 143941000.0,
        "Diluted EPS": 2.48,
        "Basic EPS": 2.48,
        "Diluted NI Availto Com Stockholders": 357459000.0,
        "Average Dilution Earnings": 0.0,
        "Net Income Common Stockholders": 357459000.0,
        "Otherunder Preferred Stock Dividend": 212000.0,
        "Net Income": 357671000.0,
        "Net Income Including Noncontrolling Interests": 357671000.0,
        "Net Income Continuous Operations": 357671000.0,
        "Tax Provision": 45003000.0,
        "Pretax Income": 402674000.0,
        "Other Income Expense": 17406000.0,
        "Other Non Operating Income Expenses": 17406000.0,
        "Net Non Operating Interest Income Expense": -37370000.0,
        "Interest Expense Non Operating": 37370000.0,
        "Operating Income": 422638000.0,
        "Operating Expense": 257408000.0,
        "Other Taxes": 109091000.0,
        "Depreciation Amortization Depletion Income Statement": 148317000.0,
        "Depreciation And Amortization In Income Statement": 148317000.0,
        "Gross Profit": 680046000.0,
        "Cost Of Revenue": 860927000.0,
        "Total Revenue": 1540973000.0,
        "Operating Revenue": 1540973000.0
    },
    "2022-12-31": {
        "Tax Effect Of Unusual Items": 0.0,
        "Tax Rate For Calcs": 0.11,
        "Normalized EBITDA": 488397000.0,
        "Net Income From Continuing Operation Net Minority Interest": 271860000.0,
        "Reconciled Depreciation": 146020000.0,
        "Reconciled Cost Of Revenue": 923265000.0,
        "EBITDA": 488397000.0,
        "EBIT": 342377000.0,
        "Net Interest Income": -36760000.0,
        "Interest Expense": 36760000.0,
        "Normalized Income": 271860000.0,
        "Net Income From Continuing And Discontinued Operation": 271860000.0,
        "Total Expenses": 1162823000.0,
        "Total Operating Income As Reported": 321186000.0,
        "Diluted Average Shares": 141937000.0,
        "Basic Average Shares": 141820000.0,
        "Diluted EPS": 1.91,
        "Basic EPS": 1.92,
        "Diluted NI Availto Com Stockholders": 271693000.0,
        "Average Dilution Earnings": 0.0,
        "Net Income Common Stockholders": 271693000.0,
        "Otherunder Preferred Stock Dividend": 167000.0,
        "Net Income": 271860000.0,
        "Net Income Including Noncontrolling Interests": 271860000.0,
        "Net Income Continuous Operations": 271860000.0,
        "Tax Provision": 33757000.0,
        "Pretax Income": 305617000.0,
        "Other Income Expense": 21191000.0,
        "Other Non Operating Income Expenses": 21191000.0,
        "Net Non Operating Interest Income Expense": -36760000.0,
        "Interest Expense Non Operating": 36760000.0,
        "Operating Income": 321186000.0,
        "Operating Expense": 239558000.0,
        "Other Taxes": 93538000.0,
        "Depreciation Amortization Depletion Income Statement": 146020000.0,
        "Depreciation And Amortization In Income Statement": 146020000.0,
        "Gross Profit": 560744000.0,
        "Cost Of Revenue": 923265000.0,
        "Total Revenue": 1484009000.0,
        "Operating Revenue": 1484009000.0
    },
    "2022-09-30": {
        "Tax Effect Of Unusual Items": 0.0,
        "Tax Rate For Calcs": 0.148314,
        "Normalized EBITDA": 252155000.0,
        "Net Income From Continuing Operation Net Minority Interest": 71643000.0,
        "Reconciled Depreciation": 140194000.0,
        "Reconciled Cost Of Revenue": 396330000.0,
        "EBITDA": 252155000.0,
        "EBIT": 111961000.0,
        "Net Interest Income": -27842000.0,
        "Interest Expense": 27842000.0,
        "Normalized Income": 71643000.0,
        "Net Income From Continuing And Discontinued Operation": 71643000.0,
        "Total Expenses": 617226000.0,
        "Total Operating Income As Reported": 105402000.0,
        "Diluted Average Shares": 141220000.0,
        "Basic Average Shares": 140924000.0,
        "Diluted EPS": 0.51,
        "Basic EPS": 0.51,
        "Diluted NI Availto Com Stockholders": 71643000.0,
        "Average Dilution Earnings": NaN,
        "Net Income Common Stockholders": 71643000.0,
        "Net Income": 71643000.0,
        "Net Income Including Noncontrolling Interests": 71643000.0,
        "Net Income Continuous Operations": 71643000.0,
        "Tax Provision": 12476000.0,
        "Pretax Income": 84119000.0,
        "Other Income Expense": 6559000.0,
        "Other Non Operating Income Expenses": 6559000.0,
        "Net Non Operating Interest Income Expense": -27842000.0,
        "Interest Expense Non Operating": 27842000.0,
        "Operating Income": 105402000.0,
        "Operating Expense": 220896000.0,
        "Other Taxes": 80702000.0,
        "Depreciation Amortization Depletion Income Statement": 140194000.0,
        "Depreciation And Amortization In Income Statement": 140194000.0,
        "Gross Profit": 326298000.0,
        "Cost Of Revenue": 396330000.0,
        "Total Revenue": 722628000.0,
        "Operating Revenue": 722628000.0
    },
    "2022-06-30": {
        "Tax Effect Of Unusual Items": 0.0,
        "Tax Rate For Calcs": 0.093,
        "Normalized EBITDA": 302081000.0,
        "Net Income From Continuing Operation Net Minority Interest": 128547000.0,
        "Reconciled Depreciation": 134231000.0,
        "Reconciled Cost Of Revenue": 431484000.0,
        "EBITDA": 302081000.0,
        "EBIT": 167850000.0,
        "Net Interest Income": -26190000.0,
        "Interest Expense": 26190000.0,
        "Normalized Income": 128547000.0,
        "Net Income From Continuing And Discontinued Operation": 128547000.0,
        "Total Expenses": 661842000.0,
        "Total Operating Income As Reported": 154587000.0,
        "Diluted Average Shares": 140227000.0,
        "Basic Average Shares": 139881000.0,
        "Diluted EPS": 0.92,
        "Basic EPS": 0.92,
        "Diluted NI Availto Com Stockholders": 128468000.0,
        "Average Dilution Earnings": 0.0,
        "Net Income Common Stockholders": 128468000.0,
        "Net Income": 128547000.0,
        "Net Income Including Noncontrolling Interests": 128547000.0,
        "Net Income Continuous Operations": 128547000.0,
        "Tax Provision": 13113000.0,
        "Pretax Income": 141660000.0,
        "Other Income Expense": 13263000.0,
        "Other Non Operating Income Expenses": 13263000.0,
        "Net Non Operating Interest Income Expense": -26190000.0,
        "Interest Expense Non Operating": 26190000.0,
        "Operating Income": 154587000.0,
        "Operating Expense": 230358000.0,
        "Other Taxes": 96127000.0,
        "Depreciation Amortization Depletion Income Statement": 134231000.0,
        "Depreciation And Amortization In Income Statement": 134231000.0,
        "Gross Profit": 384945000.0,
        "Cost Of Revenue": 431484000.0,
        "Total Revenue": 816429000.0,
        "Operating Revenue": 816429000.0
    },
    "2023-06-30": {
        "Tax Effect Of Unusual Items": NaN,
        "Tax Rate For Calcs": NaN,
        "Normalized EBITDA": NaN,
        "Net Income From Continuing Operation Net Minority Interest": NaN,
        "Reconciled Depreciation": NaN,
        "Reconciled Cost Of Revenue": NaN,
        "EBITDA": NaN,
        "EBIT": NaN,
        "Net Interest Income": NaN,
        "Interest Expense": NaN,
        "Normalized Income": NaN,
        "Net Income From Continuing And Discontinued Operation": NaN,
        "Total Expenses": NaN,
        "Total Operating Income As Reported": NaN,
        "Diluted Average Shares": 146067000.0,
        "Basic Average Shares": 146051000.0,
        "Diluted EPS": 0.94,
        "Basic EPS": 0.94,
        "Diluted NI Availto Com Stockholders": NaN,
        "Average Dilution Earnings": NaN,
        "Net Income Common Stockholders": NaN,
        "Otherunder Preferred Stock Dividend": NaN,
        "Net Income": NaN,
        "Net Income Including Noncontrolling Interests": NaN,
        "Net Income Continuous Operations": NaN,
        "Tax Provision": NaN,
        "Pretax Income": NaN,
        "Other Income Expense": NaN,
        "Other Non Operating Income Expenses": NaN,
        "Net Non Operating Interest Income Expense": NaN,
        "Interest Expense Non Operating": NaN,
        "Operating Income": NaN,
        "Operating Expense": NaN,
        "Other Taxes": NaN,
        "Depreciation Amortization Depletion Income Statement": NaN,
        "Depreciation And Amortization In Income Statement": NaN,
        "Gross Profit": NaN,
        "Cost Of Revenue": NaN,
        "Total Revenue": NaN,
        "Operating Revenue": NaN
    },
    "2022-03-31": {
        "Diluted EPS": 2.37,
        "Total Revenue": NaN,
        "Gross Profit": 778,
        "Operating Income": 385,
        "EBIT": 519,
        "Net Income": 325
    },
    "2021-12-31": {
        "Diluted EPS": 1.86,
        "Total Revenue": NaN,
        "Gross Profit": 642,
        "Operating Income": 276,
        "EBIT": 404,
        "Net Income": 249
    },
    "2021-09-30": {
        "Diluted EPS": 0.33,
        "Total Revenue": 568,
        "Gross Profit": 485,
        "Operating Income": 91,
        "EBIT": 230,
        "Net Income": 49
    },
    "2021-06-30": {
        "Diluted EPS": 0.78,
        "Total Revenue": 606,
        "Gross Profit": 519,
        "Operating Income": 133,
        "EBIT": 253,
        "Net Income": 102
    },
    "2021-03-31": {
        "Diluted EPS": 2.3,
        "Total Revenue": NaN,
        "Gross Profit": 745,
        "Operating Income": 382,
        "EBIT": 500,
        "Net Income": 297
    },
    "2020-12-31": {
        "Diluted EPS": 1.71,
        "Total Revenue": 914,
        "Gross Profit": 626,
        "Operating Income": 299,
        "EBIT": 414,
        "Net Income": 218
    },
    "2020-09-30": {
        "Diluted EPS": 0.51,
        "Total Revenue": 475,
        "Gross Profit": 457,
        "Operating Income": 101,
        "EBIT": 224,
        "Net Income": 65
    },
    "2020-06-30": {
        "Diluted EPS": 0.96,
        "Total Revenue": 493,
        "Gross Profit": 467,
        "Operating Income": 139,
        "EBIT": 246,
        "Net Income": 118
    },
    "2020-03-31": {
        "Diluted EPS": 1.95,
        "Total Revenue": 978,
        "Gross Profit": 660,
        "Operating Income": 331,
        "EBIT": 437,
        "Net Income": 240
    },
    "2019-12-31": {
        "Diluted EPS": 1.47,
        "Total Revenue": 876,
        "Gross Profit": 579,
        "Operating Income": 253,
        "EBIT": 358,
        "Net Income": 179
    },
    "2019-09-30": {
        "Diluted EPS": 0.47,
        "Total Revenue": 444,
        "Gross Profit": 430,
        "Operating Income": 90,
        "EBIT": 200,
        "Net Income": 59
    },
    "2019-06-30": {
        "Diluted EPS": 0.68,
        "Total Revenue": 486,
        "Gross Profit": 454,
        "Operating Income": 122,
        "EBIT": 220,
        "Net Income": 80
    },
    "2019-03-31": {
        "Diluted EPS": 1.82,
        "Total Revenue": NaN,
        "Gross Profit": 623,
        "Operating Income": 298,
        "EBIT": 394,
        "Net Income": 215
    },
    "2018-12-31": {
        "Diluted EPS": 1.38,
        "Total Revenue": 878,
        "Gross Profit": 536,
        "Operating Income": 236,
        "EBIT": 333,
        "Net Income": 158
    },
    "2018-09-30": {
        "Diluted EPS": 0.3,
        "Total Revenue": 445,
        "Gross Profit": 402,
        "Operating Income": 91,
        "EBIT": 191,
        "Net Income": 39
    },
    "2018-06-30": {
        "Diluted EPS": 0.64,
        "Total Revenue": 562,
        "Gross Profit": 431,
        "Operating Income": 124,
        "EBIT": 215,
        "Net Income": 71
    },
    "2018-03-31": {
        "Diluted EPS": 1.6,
        "Total Revenue": NaN,
        "Gross Profit": 592,
        "Operating Income": 271,
        "EBIT": 360,
        "Net Income": 179
    },
    "2017-12-31": {
        "Diluted EPS": 2.89,
        "Total Revenue": 889,
        "Gross Profit": 522,
        "Operating Income": 242,
        "EBIT": 330,
        "Net Income": 314
    },
    "2017-09-30": {
        "Diluted EPS": 0.32,
        "Total Revenue": 465,
        "Gross Profit": 392,
        "Operating Income": 100,
        "EBIT": 191,
        "Net Income": 36
    },
    "2017-06-30": {
        "Diluted EPS": 0.67,
        "Total Revenue": 527,
        "Gross Profit": 412,
        "Operating Income": 141,
        "EBIT": 221,
        "Net Income": 71
    },
    "2017-03-31": {
        "Diluted EPS": 1.55,
        "Total Revenue": 988,
        "Gross Profit": 561,
        "Operating Income": 285,
        "EBIT": 363,
        "Net Income": 165
    },
    "2016-12-31": {
        "Diluted EPS": 1.19,
        "Total Revenue": 780,
        "Gross Profit": 469,
        "Operating Income": 210,
        "EBIT": 287,
        "Net Income": 125
    },
    "2016-09-30": {
        "Diluted EPS": 0.31,
        "Total Revenue": 434,
        "Gross Profit": 370,
        "Operating Income": 84,
        "EBIT": 161,
        "Net Income": 34
    },
    "2016-06-30": {
        "Diluted EPS": 0.69,
        "Total Revenue": 456,
        "Gross Profit": 392,
        "Operating Income": 128,
        "EBIT": 202,
        "Net Income": 71
    },
    "2016-03-31": {
        "Diluted EPS": 1.38,
        "Total Revenue": 890,
        "Gross Profit": 513,
        "Operating Income": 252,
        "EBIT": 324,
        "Net Income": 142
    },
    "2015-12-31": {
        "Diluted EPS": 1.0,
        "Total Revenue": 675,
        "Gross Profit": 434,
        "Operating Income": 193,
        "EBIT": 264,
        "Net Income": 103
    },
    "2015-09-30": {
        "Diluted EPS": 0.23,
        "Total Revenue": 657,
        "Gross Profit": NaN,
        "Operating Income": NaN,
        "EBIT": NaN,
        "Net Income": 24
    },
    "2015-06-30": {
        "Diluted EPS": 0.55,
        "Total Revenue": 686,
        "Gross Profit": 382,
        "Operating Income": 118,
        "EBIT": 186,
        "Net Income": 56
    },
    "2015-03-31": {
        "Diluted EPS": 1.35,
        "Total Revenue": NaN,
        "Gross Profit": 521,
        "Operating Income": 250,
        "EBIT": 318,
        "Net Income": 138
    },
    "2014-12-31": {
        "Diluted EPS": 0.96,
        "Total Revenue": NaN,
        "Gross Profit": 423,
        "Operating Income": 188,
        "EBIT": 255,
        "Net Income": 98
    },
    "2014-09-30": {
        "Diluted EPS": 0.18,
        "Total Revenue": 789,
        "Gross Profit": 338,
        "Operating Income": 84,
        "EBIT": 152,
        "Net Income": 24
    },
    "2014-06-30": {
        "Diluted EPS": 0.45,
        "Total Revenue": 943,
        "Gross Profit": 360,
        "Operating Income": 107,
        "EBIT": 171,
        "Net Income": 46
    },
    "2014-03-31": {
        "Diluted EPS": 1.38,
        "Total Revenue": NaN,
        "Gross Profit": 496,
        "Operating Income": 250,
        "EBIT": 311,
        "Net Income": 133
    },
    "2013-12-31": {
        "Diluted EPS": 0.95,
        "Total Revenue": NaN,
        "Gross Profit": 389,
        "Operating Income": 171,
        "EBIT": 231,
        "Net Income": 87
    },
    "2013-09-30": {
        "Diluted EPS": 0.07,
        "Total Revenue": 674,
        "Gross Profit": 300,
        "Operating Income": 50,
        "EBIT": 111,
        "Net Income": 8
    },
    "2013-06-30": {
        "Diluted EPS": 0.42,
        "Total Revenue": 858,
        "Gross Profit": 316,
        "Operating Income": 86,
        "EBIT": 145,
        "Net Income": 39
    },
    "2013-03-31": {
        "Diluted EPS": 1.27,
        "Total Revenue": NaN,
        "Gross Profit": 433,
        "Operating Income": 210,
        "EBIT": 268,
        "Net Income": 116
    },
    "2012-12-31": {
        "Diluted EPS": 0.88,
        "Total Revenue": NaN,
        "Gross Profit": 362,
        "Operating Income": 155,
        "EBIT": 215,
        "Net Income": 80
    },
    "2012-09-30": {
        "Diluted EPS": 0.08,
        "Total Revenue": 550,
        "Gross Profit": 249,
        "Operating Income": 23,
        "EBIT": 85,
        "Net Income": 8
    },
    "2012-06-30": {
        "Diluted EPS": 0.34,
        "Total Revenue": 576,
        "Gross Profit": 293,
        "Operating Income": 82,
        "EBIT": 143,
        "Net Income": 31
    },
    "2012-03-31": {
        "Diluted EPS": 1.2,
        "Total Revenue": NaN,
        "Gross Profit": 426,
        "Operating Income": 202,
        "EBIT": 264,
        "Net Income": 109
    },
    "2011-12-31": {
        "Diluted EPS": 0.75,
        "Total Revenue": NaN,
        "Gross Profit": 355,
        "Operating Income": 139,
        "EBIT": 200,
        "Net Income": 69
    },
    "2011-09-30": {
        "Diluted EPS": 0.02,
        "Total Revenue": 728,
        "Gross Profit": 216,
        "Operating Income": 25,
        "EBIT": 87,
        "Net Income": 2
    },
    "2011-06-30": {
        "Diluted EPS": -0.01,
        "Total Revenue": 844,
        "Gross Profit": 267,
        "Operating Income": 34,
        "EBIT": 93,
        "Net Income": -1
    },
    "2011-03-31": {
        "Diluted EPS": 1.45,
        "Total Revenue": NaN,
        "Gross Profit": 454,
        "Operating Income": 211,
        "EBIT": 268,
        "Net Income": 132
    },
    "2010-12-31": {
        "Diluted EPS": 0.81,
        "Total Revenue": NaN,
        "Gross Profit": 365,
        "Operating Income": 155,
        "EBIT": 211,
        "Net Income": 74
    },
    "2010-09-30": {
        "Diluted EPS": 0.01,
        "Total Revenue": 667,
        "Gross Profit": 201,
        "Operating Income": 16,
        "EBIT": 73,
        "Net Income": 2
    },
    "2010-06-30": {
        "Diluted EPS": -0.03,
        "Total Revenue": 761,
        "Gross Profit": 248,
        "Operating Income": 32,
        "EBIT": 86,
        "Net Income": -3
    },
    "2010-03-31": {
        "Diluted EPS": 1.22,
        "Total Revenue": NaN,
        "Gross Profit": 454,
        "Operating Income": 225,
        "EBIT": 278,
        "Net Income": 114
    },
    "2009-12-31": {
        "Diluted EPS": 1.0,
        "Total Revenue": NaN,
        "Gross Profit": 411,
        "Operating Income": 191,
        "EBIT": 244,
        "Net Income": 93
    },
    "2009-09-30": {
        "Diluted EPS": -0.18,
        "Total Revenue": 551,
        "Gross Profit": 205,
        "Operating Income": 3,
        "EBIT": 59,
        "Net Income": -16
    },
    "2009-06-30": {
        "Diluted EPS": 0.02,
        "Total Revenue": 781,
        "Gross Profit": 260,
        "Operating Income": 44,
        "EBIT": 98,
        "Net Income": 2
    },
    "2009-03-31": {
        "Diluted EPS": 1.4,
        "Total Revenue": NaN,
        "Gross Profit": 460,
        "Operating Income": 227,
        "EBIT": 280,
        "Net Income": 129
    },
    "2023-09-30": {
        "Tax Effect Of Unusual Items": NaN,
        "Tax Rate For Calcs": NaN,
        "Normalized EBITDA": NaN,
        "Net Income From Continuing Operation Net Minority Interest": NaN,
        "Reconciled Depreciation": NaN,
        "Reconciled Cost Of Revenue": NaN,
        "EBITDA": NaN,
        "EBIT": NaN,
        "Net Interest Income": NaN,
        "Interest Expense": NaN,
        "Normalized Income": NaN,
        "Net Income From Continuing And Discontinued Operation": NaN,
        "Total Expenses": NaN,
        "Total Operating Income As Reported": NaN,
        "Diluted Average Shares": 148672000.0,
        "Basic Average Shares": 148671000.0,
        "Diluted EPS": 0.8,
        "Basic EPS": 0.8,
        "Diluted NI Availto Com Stockholders": NaN,
        "Average Dilution Earnings": NaN,
        "Net Income Common Stockholders": NaN,
        "Otherunder Preferred Stock Dividend": NaN,
        "Net Income": NaN,
        "Net Income Including Noncontrolling Interests": NaN,
        "Net Income Continuous Operations": NaN,
        "Tax Provision": NaN,
        "Pretax Income": NaN,
        "Other Income Expense": NaN,
        "Other Non Operating Income Expenses": NaN,
        "Net Non Operating Interest Income Expense": NaN,
        "Interest Expense Non Operating": NaN,
        "Operating Income": NaN,
        "Operating Expense": NaN,
        "Other Taxes": NaN,
        "Depreciation Amortization Depletion Income Statement": NaN,
        "Depreciation And Amortization In Income Statement": NaN,
        "Gross Profit": NaN,
        "Cost Of Revenue": NaN,
        "Total Revenue": NaN,
        "Operating Revenue": NaN
    },
    "2023-12-31": {
        "Tax Effect Of Unusual Items": NaN,
        "Tax Rate For Calcs": NaN,
        "Normalized EBITDA": NaN,
        "Net Income From Continuing Operation Net Minority Interest": NaN,
        "Reconciled Depreciation": NaN,
        "Reconciled Cost Of Revenue": NaN,
        "EBITDA": NaN,
        "EBIT": NaN,
        "Net Interest Income": NaN,
        "Interest Expense": NaN,
        "Normalized Income": NaN,
        "Net Income From Continuing And Discontinued Operation": NaN,
        "Total Expenses": NaN,
        "Total Operating Income As Reported": NaN,
        "Diluted Average Shares": 149796000.0,
        "Basic Average Shares": 149796000.0,
        "Diluted EPS": 2.08,
        "Basic EPS": 2.08,
        "Diluted NI Availto Com Stockholders": NaN,
        "Average Dilution Earnings": NaN,
        "Net Income Common Stockholders": NaN,
        "Otherunder Preferred Stock Dividend": NaN,
        "Net Income": NaN,
        "Net Income Including Noncontrolling Interests": NaN,
        "Net Income Continuous Operations": NaN,
        "Tax Provision": NaN,
        "Pretax Income": NaN,
        "Other Income Expense": NaN,
        "Other Non Operating Income Expenses": NaN,
        "Net Non Operating Interest Income Expense": NaN,
        "Interest Expense Non Operating": NaN,
        "Operating Income": NaN,
        "Operating Expense": NaN,
        "Other Taxes": NaN,
        "Depreciation Amortization Depletion Income Statement": NaN,
        "Depreciation And Amortization In Income Statement": NaN,
        "Gross Profit": NaN,
        "Cost Of Revenue": NaN,
        "Total Revenue": NaN,
        "Operating Revenue": NaN
    },
    "2024-03-31": {
        "Tax Effect Of Unusual Items": NaN,
        "Tax Rate For Calcs": NaN,
        "Normalized EBITDA": NaN,
        "Net Income From Continuing Operation Net Minority Interest": NaN,
        "Reconciled Depreciation": NaN,
        "Reconciled Cost Of Revenue": NaN,
        "EBITDA": NaN,
        "EBIT": NaN,
        "Net Interest Income": NaN,
        "Interest Expense": NaN,
        "Normalized Income": NaN,
        "Net Income From Continuing And Discontinued Operation": NaN,
        "Total Expenses": NaN,
        "Total Operating Income As Reported": NaN,
        "Diluted Average Shares": 151297000.0,
        "Basic Average Shares": 151271000.0,
        "Diluted EPS": 2.85,
        "Basic EPS": 2.85,
        "Diluted NI Availto Com Stockholders": NaN,
        "Average Dilution Earnings": NaN,
        "Net Income Common Stockholders": NaN,
        "Otherunder Preferred Stock Dividend": NaN,
        "Net Income": NaN,
        "Net Income Including Noncontrolling Interests": NaN,
        "Net Income Continuous Operations": NaN,
        "Tax Provision": NaN,
        "Pretax Income": NaN,
        "Other Income Expense": NaN,
        "Other Non Operating Income Expenses": NaN,
        "Net Non Operating Interest Income Expense": NaN,
        "Interest Expense Non Operating": NaN,
        "Operating Income": NaN,
        "Operating Expense": NaN,
        "Other Taxes": NaN,
        "Depreciation Amortization Depletion Income Statement": NaN,
        "Depreciation And Amortization In Income Statement": NaN,
        "Gross Profit": NaN,
        "Cost Of Revenue": NaN,
        "Total Revenue": NaN,
        "Operating Revenue": NaN
    },
    "2024-06-30": {
        "Tax Effect Of Unusual Items": 0.0,
        "Tax Rate For Calcs": 0.168,
        "Normalized EBITDA": 406992000.0,
        "Net Income From Continuing Operation Net Minority Interest": 165564000.0,
        "Reconciled Depreciation": 166827000.0,
        "Reconciled Cost Of Revenue": 208716000.0,
        "EBITDA": 406992000.0,
        "EBIT": 240165000.0,
        "Net Interest Income": -41160000.0,
        "Interest Expense": 41160000.0,
        "Normalized Income": 165564000.0,
        "Net Income From Continuing And Discontinued Operation": 165564000.0,
        "Total Expenses": 481282000.0,
        "Total Operating Income As Reported": 220267000.0,
        "Diluted Average Shares": 153396000.0,
        "Basic Average Shares": 153309000.0,
        "Diluted EPS": 1.08,
        "Basic EPS": 1.08,
        "Diluted NI Availto Com Stockholders": 165477000.0,
        "Average Dilution Earnings": 0.0,
        "Net Income Common Stockholders": 165477000.0,
        "Otherunder Preferred Stock Dividend": 87000.0,
        "Net Income": 165564000.0,
        "Net Income Including Noncontrolling Interests": 165564000.0,
        "Net Income Continuous Operations": 165564000.0,
        "Tax Provision": 33441000.0,
        "Pretax Income": 199005000.0,
        "Other Income Expense": 19898000.0,
        "Other Non Operating Income Expenses": 19898000.0,
        "Net Non Operating Interest Income Expense": -41160000.0,
        "Interest Expense Non Operating": 41160000.0,
        "Operating Income": 220267000.0,
        "Operating Expense": 272566000.0,
        "Other Taxes": 105739000.0,
        "Depreciation Amortization Depletion Income Statement": 166827000.0,
        "Depreciation And Amortization In Income Statement": 166827000.0,
        "Gross Profit": 492833000.0,
        "Cost Of Revenue": 208716000.0,
        "Total Revenue": 701549000.0,
        "Operating Revenue": 701549000.0
    },
    "2024-09-30": {
        "Tax Effect Of Unusual Items": 0.0,
        "Tax Rate For Calcs": 0.159353,
        "Normalized EBITDA": 375025000.0,
        "Net Income From Continuing Operation Net Minority Interest": 134016000.0,
        "Reconciled Depreciation": 173450000.0,
        "Reconciled Cost Of Revenue": 214706000.0,
        "EBITDA": 375025000.0,
        "EBIT": 201575000.0,
        "Net Interest Income": -19268000.0,
        "Interest Expense": 42155000.0,
        "Normalized Income": 134016000.0,
        "Net Income From Continuing And Discontinued Operation": 134016000.0,
        "Total Expenses": 472944000.0,
        "Total Operating Income As Reported": 185000000.0,
        "Diluted Average Shares": NaN,
        "Basic Average Shares": NaN,
        "Diluted EPS": NaN,
        "Basic EPS": NaN,
        "Diluted NI Availto Com Stockholders": 133953000.0,
        "Average Dilution Earnings": 0.0,
        "Net Income Common Stockholders": 133953000.0,
        "Otherunder Preferred Stock Dividend": 63000.0,
        "Net Income": 134016000.0,
        "Net Income Including Noncontrolling Interests": 134016000.0,
        "Net Income Continuous Operations": 134016000.0,
        "Tax Provision": 25404000.0,
        "Pretax Income": 159420000.0,
        "Other Income Expense": -6312000.0,
        "Other Non Operating Income Expenses": -9874000.0,
        "Net Non Operating Interest Income Expense": -19268000.0,
        "Interest Expense Non Operating": 42155000.0,
        "Operating Income": 185000000.0,
        "Operating Expense": 258238000.0,
        "Other Taxes": 84788000.0,
        "Depreciation Amortization Depletion Income Statement": 173450000.0,
        "Depreciation And Amortization In Income Statement": 173450000.0,
        "Gross Profit": 443238000.0,
        "Cost Of Revenue": 214706000.0,
        "Total Revenue": 657944000.0,
        "Operating Revenue": 657944000.0
    },
    "2024-12-31": {
        "Tax Effect Of Unusual Items": 0.0,
        "Tax Rate For Calcs": 0.184,
        "Normalized EBITDA": 664647000.0,
        "Net Income From Continuing Operation Net Minority Interest": 351858000.0,
        "Reconciled Depreciation": 180533000.0,
        "Reconciled Cost Of Revenue": 441092000.0,
        "EBITDA": 664647000.0,
        "EBIT": 484114000.0,
        "Net Interest Income": -52925000.0,
        "Interest Expense": 52925000.0,
        "Normalized Income": 351858000.0,
        "Net Income From Continuing And Discontinued Operation": 351858000.0,
        "Total Expenses": 716519000.0,
        "Total Operating Income As Reported": 459480000.0,
        "Diluted Average Shares": 157824000.0,
        "Basic Average Shares": 156301000.0,
        "Diluted EPS": 2.23,
        "Basic EPS": 2.25,
        "Diluted NI Availto Com Stockholders": 351699000.0,
        "Average Dilution Earnings": 0.0,
        "Net Income Common Stockholders": 351699000.0,
        "Otherunder Preferred Stock Dividend": 159000.0,
        "Net Income": 351858000.0,
        "Net Income Including Noncontrolling Interests": 351858000.0,
        "Net Income Continuous Operations": 351858000.0,
        "Tax Provision": 79331000.0,
        "Pretax Income": 431189000.0,
        "Other Income Expense": 24634000.0,
        "Other Non Operating Income Expenses": 24634000.0,
        "Net Non Operating Interest Income Expense": -52925000.0,
        "Interest Expense Non Operating": 52925000.0,
        "Operating Income": 459480000.0,
        "Operating Expense": 275427000.0,
        "Other Taxes": 94894000.0,
        "Depreciation Amortization Depletion Income Statement": 180533000.0,
        "Depreciation And Amortization In Income Statement": 180533000.0,
        "Gross Profit": 734907000.0,
        "Cost Of Revenue": 441092000.0,
        "Total Revenue": 1175999000.0,
        "Operating Revenue": 1175999000.0
    },
    "2025-03-31": {
        "Tax Effect Of Unusual Items": 0.0,
        "Tax Rate For Calcs": 0.195,
        "Normalized EBITDA": 835861000.0,
        "Net Income From Continuing Operation Net Minority Interest": 485576000.0,
        "Reconciled Depreciation": 182750000.0,
        "Reconciled Cost Of Revenue": 1012529000.0,
        "EBITDA": 835861000.0,
        "EBIT": 653111000.0,
        "Net Interest Income": -50014000.0,
        "Interest Expense": 50014000.0,
        "Normalized Income": 485576000.0,
        "Net Income From Continuing And Discontinued Operation": 485576000.0,
        "Total Expenses": 1321563000.0,
        "Total Operating Income As Reported": 628939000.0,
        "Diluted Average Shares": 160426000.0,
        "Basic Average Shares": 159177000.0,
        "Diluted EPS": 3.03,
        "Basic EPS": 3.05,
        "Diluted NI Availto Com Stockholders": 485331000.0,
        "Average Dilution Earnings": 0.0,
        "Net Income Common Stockholders": 485331000.0,
        "Otherunder Preferred Stock Dividend": 245000.0,
        "Net Income": 485576000.0,
        "Net Income Including Noncontrolling Interests": 485576000.0,
        "Net Income Continuous Operations": 485576000.0,
        "Tax Provision": 117521000.0,
        "Pretax Income": 603097000.0,
        "Other Income Expense": 24172000.0,
        "Other Non Operating Income Expenses": 24172000.0,
        "Net Non Operating Interest Income Expense": -50014000.0,
        "Interest Expense Non Operating": 50014000.0,
        "Operating Income": 628939000.0,
        "Operating Expense": 309034000.0,
        "Other Taxes": 126284000.0,
        "Depreciation Amortization Depletion Income Statement": 182750000.0,
        "Depreciation And Amortization In Income Statement": 182750000.0,
        "Gross Profit": 937973000.0,
        "Cost Of Revenue": 1012529000.0,
        "Total Revenue": 1950502000.0,
        "Operating Revenue": 1950502000.0
    },
    "2025-06-30": {
        "Tax Effect Of Unusual Items": 0.0,
        "Tax Rate For Calcs": 0.192,
        "Normalized EBITDA": 457953000.0,
        "Net Income From Continuing Operation Net Minority Interest": 186429000.0,
        "Reconciled Depreciation": 185786000.0,
        "Reconciled Cost Of Revenue": 275940000.0,
        "EBITDA": 457953000.0,
        "EBIT": 272167000.0,
        "Net Interest Income": -41537000.0,
        "Interest Expense": 41537000.0,
        "Normalized Income": 186429000.0,
        "Net Income From Continuing And Discontinued Operation": 186429000.0,
        "Total Expenses": 586707000.0,
        "Total Operating Income As Reported": 252067000.0,
        "Diluted Average Shares": 161171000.0,
        "Basic Average Shares": 159285000.0,
        "Diluted EPS": 1.16,
        "Basic EPS": 1.17,
        "Diluted NI Availto Com Stockholders": 186342000.0,
        "Average Dilution Earnings": 0.0,
        "Net Income Common Stockholders": 186342000.0,
        "Otherunder Preferred Stock Dividend": 87000.0,
        "Net Income": 186429000.0,
        "Net Income Including Noncontrolling Interests": 186429000.0,
        "Net Income Continuous Operations": 186429000.0,
        "Tax Provision": 44201000.0,
        "Pretax Income": 230630000.0,
        "Other Income Expense": 20100000.0,
        "Other Non Operating Income Expenses": 20100000.0,
        "Net Non Operating Interest Income Expense": -41537000.0,
        "Interest Expense Non Operating": 41537000.0,
        "Operating Income": 252067000.0,
        "Operating Expense": 310767000.0,
        "Other Taxes": 124981000.0,
        "Depreciation Amortization Depletion Income Statement": 185786000.0,
        "Depreciation And Amortization In Income Statement": 185786000.0,
        "Gross Profit": 562834000.0,
        "Cost Of Revenue": 275940000.0,
        "Total Revenue": 838774000.0,
        "Operating Revenue": 838774000.0
    }
}