{
    "2023-06-30": {
        "Tax Effect Of Unusual Items": 237948.0,
        "Tax Rate For Calcs": 0.251,
        "Normalized EBITDA": 181885000.0,
        "Total Unusual Items": 948000.0,
        "Total Unusual Items Excluding Goodwill": 948000.0,
        "Net Income From Continuing Operation Net Minority Interest": 83072000.0,
        "Reconciled Depreciation": 62267000.0,
        "Reconciled Cost Of Revenue": 573711000.0,
        "EBITDA": 182833000.0,
        "EBIT": 120566000.0,
        "Net Interest Income": -9040000.0,
        "Interest Expense": 9688000.0,
        "Interest Income": 648000.0,
        "Normalized Income": 82361948.0,
        "Net Income From Continuing And Discontinued Operation": 83072000.0,
        "Total Expenses": 777406000.0,
        "Total Operating Income As Reported": 116557000.0,
        "Diluted Average Shares": 66855000.0,
        "Basic Average Shares": 65568000.0,
        "Diluted EPS": 1.24,
        "Basic EPS": 1.27,
        "Diluted NI Availto Com Stockholders": 83072000.0,
        "Net Income Common Stockholders": 83072000.0,
        "Net Income": 83072000.0,
        "Minority Interests": 25000.0,
        "Net Income Including Noncontrolling Interests": 83047000.0,
        "Net Income Continuous Operations": 83047000.0,
        "Tax Provision": 27831000.0,
        "Pretax Income": 110878000.0,
        "Other Income Expense": 1418000.0,
        "Other Non Operating Income Expenses": -173000.0,
        "Special Income Charges": -1943000.0,
        "Restructuring And Mergern Acquisition": 1943000.0,
        "Earnings From Equity Interest": 643000.0,
        "Gain On Sale Of Security": 2891000.0,
        "Net Non Operating Interest Income Expense": -9040000.0,
        "Interest Expense Non Operating": 9688000.0,
        "Interest Income Non Operating": 648000.0,
        "Operating Income": 118500000.0,
        "Operating Expense": 203695000.0,
        "Depreciation Amortization Depletion Income Statement": 62267000.0,
        "Depreciation And Amortization In Income Statement": 62267000.0,
        "Selling General And Administration": 141428000.0,
        "Gross Profit": 322195000.0,
        "Cost Of Revenue": 573711000.0,
        "Total Revenue": 895906000.0,
        "Operating Revenue": 895906000.0
    },
    "2023-03-31": {
        "Tax Effect Of Unusual Items": -2890680.0,
        "Tax Rate For Calcs": 0.255,
        "Normalized EBITDA": 154092000.0,
        "Total Unusual Items": -11336000.0,
        "Total Unusual Items Excluding Goodwill": -11336000.0,
        "Net Income From Continuing Operation Net Minority Interest": 54764000.0,
        "Reconciled Depreciation": 59259000.0,
        "Reconciled Cost Of Revenue": 557422000.0,
        "EBITDA": 142756000.0,
        "EBIT": 83497000.0,
        "Net Interest Income": -9556000.0,
        "Interest Expense": 10228000.0,
        "Interest Income": 672000.0,
        "Normalized Income": 63209320.0,
        "Net Income From Continuing And Discontinued Operation": 54764000.0,
        "Total Expenses": 764604000.0,
        "Total Operating Income As Reported": 83939000.0,
        "Diluted Average Shares": 66735000.0,
        "Basic Average Shares": 65372000.0,
        "Diluted EPS": 0.82,
        "Basic EPS": 0.84,
        "Diluted NI Availto Com Stockholders": 54764000.0,
        "Net Income Common Stockholders": 54764000.0,
        "Net Income": 54764000.0,
        "Minority Interests": 178000.0,
        "Net Income Including Noncontrolling Interests": 54586000.0,
        "Net Income Continuous Operations": 54586000.0,
        "Tax Provision": 18683000.0,
        "Pretax Income": 73269000.0,
        "Other Income Expense": -12638000.0,
        "Other Non Operating Income Expenses": -1171000.0,
        "Special Income Charges": -11524000.0,
        "Restructuring And Mergern Acquisition": 11524000.0,
        "Earnings From Equity Interest": -131000.0,
        "Gain On Sale Of Security": 188000.0,
        "Net Non Operating Interest Income Expense": -9556000.0,
        "Interest Expense Non Operating": 10228000.0,
        "Interest Income Non Operating": 672000.0,
        "Operating Income": 95463000.0,
        "Operating Expense": 207182000.0,
        "Depreciation Amortization Depletion Income Statement": 59259000.0,
        "Depreciation And Amortization In Income Statement": 59259000.0,
        "Selling General And Administration": 147923000.0,
        "Gross Profit": 302645000.0,
        "Cost Of Revenue": 557422000.0,
        "Total Revenue": 860067000.0,
        "Operating Revenue": 860067000.0
    },
    "2022-12-31": {
        "Tax Effect Of Unusual Items": -899106.171633,
        "Tax Rate For Calcs": 0.194024,
        "Normalized EBITDA": 147373000.0,
        "Total Unusual Items": -4634000.0,
        "Total Unusual Items Excluding Goodwill": -4634000.0,
        "Net Income From Continuing Operation Net Minority Interest": 58996000.0,
        "Reconciled Depreciation": 58888000.0,
        "Reconciled Cost Of Revenue": 520297000.0,
        "EBITDA": 142739000.0,
        "EBIT": 83851000.0,
        "Net Interest Income": -9488000.0,
        "Interest Expense": 10159000.0,
        "Interest Income": 671000.0,
        "Normalized Income": 62730893.828367,
        "Net Income From Continuing And Discontinued Operation": 58996000.0,
        "Total Expenses": 707096000.0,
        "Total Operating Income As Reported": 85210000.0,
        "Diluted Average Shares": 66442000.0,
        "Basic Average Shares": 65272000.0,
        "Diluted EPS": 0.89,
        "Basic EPS": 0.9,
        "Diluted NI Availto Com Stockholders": 58996000.0,
        "Net Income Common Stockholders": 58996000.0,
        "Net Income": 58996000.0,
        "Minority Interests": -398000.0,
        "Net Income Including Noncontrolling Interests": 59394000.0,
        "Net Income Continuous Operations": 59394000.0,
        "Tax Provision": 14298000.0,
        "Pretax Income": 73692000.0,
        "Other Income Expense": -5638000.0,
        "Other Non Operating Income Expenses": -1655000.0,
        "Special Income Charges": -3608000.0,
        "Restructuring And Mergern Acquisition": 3608000.0,
        "Earnings From Equity Interest": 651000.0,
        "Gain On Sale Of Security": -1026000.0,
        "Net Non Operating Interest Income Expense": -9488000.0,
        "Interest Expense Non Operating": 10159000.0,
        "Interest Income Non Operating": 671000.0,
        "Operating Income": 88818000.0,
        "Operating Expense": 186799000.0,
        "Depreciation Amortization Depletion Income Statement": 58888000.0,
        "Depreciation And Amortization In Income Statement": 58888000.0,
        "Selling General And Administration": 127911000.0,
        "Gross Profit": 275617000.0,
        "Cost Of Revenue": 520297000.0,
        "Total Revenue": 795914000.0,
        "Operating Revenue": 795914000.0
    },
    "2022-09-30": {
        "Tax Effect Of Unusual Items": -586778.519696,
        "Tax Rate For Calcs": 0.361986,
        "Normalized EBITDA": 153893000.0,
        "Total Unusual Items": -1621000.0,
        "Total Unusual Items Excluding Goodwill": -1621000.0,
        "Net Income From Continuing Operation Net Minority Interest": 54244000.0,
        "Reconciled Depreciation": 57601000.0,
        "Reconciled Cost Of Revenue": 546376000.0,
        "EBITDA": 152272000.0,
        "EBIT": 94671000.0,
        "Net Interest Income": -9004000.0,
        "Interest Expense": 9756000.0,
        "Interest Income": 752000.0,
        "Normalized Income": 55278221.480304,
        "Net Income From Continuing And Discontinued Operation": 54244000.0,
        "Total Expenses": 739405000.0,
        "Total Operating Income As Reported": 95185000.0,
        "Diluted Average Shares": 66581000.0,
        "Basic Average Shares": 65322000.0,
        "Diluted EPS": 0.81,
        "Basic EPS": 0.83,
        "Diluted NI Availto Com Stockholders": 54244000.0,
        "Net Income Common Stockholders": 54244000.0,
        "Net Income": 54244000.0,
        "Minority Interests": 67000.0,
        "Net Income Including Noncontrolling Interests": 54177000.0,
        "Net Income Continuous Operations": 54177000.0,
        "Tax Provision": 30738000.0,
        "Pretax Income": 84915000.0,
        "Other Income Expense": -3536000.0,
        "Other Non Operating Income Expenses": -2093000.0,
        "Special Income Charges": -2270000.0,
        "Restructuring And Mergern Acquisition": 2270000.0,
        "Earnings From Equity Interest": 178000.0,
        "Gain On Sale Of Security": 649000.0,
        "Net Non Operating Interest Income Expense": -9004000.0,
        "Interest Expense Non Operating": 9756000.0,
        "Interest Income Non Operating": 752000.0,
        "Operating Income": 97455000.0,
        "Operating Expense": 193029000.0,
        "Depreciation Amortization Depletion Income Statement": 57601000.0,
        "Depreciation And Amortization In Income Statement": 57601000.0,
        "Selling General And Administration": 135428000.0,
        "Gross Profit": 290484000.0,
        "Cost Of Revenue": 546376000.0,
        "Total Revenue": 836860000.0,
        "Operating Revenue": 836860000.0
    },
    "2022-06-30": {
        "Tax Effect Of Unusual Items": -264190.0,
        "Tax Rate For Calcs": 0.29,
        "Normalized EBITDA": 160916000.0,
        "Total Unusual Items": -911000.0,
        "Total Unusual Items Excluding Goodwill": -911000.0,
        "Net Income From Continuing Operation Net Minority Interest": 63625000.0,
        "Reconciled Depreciation": 58552000.0,
        "Reconciled Cost Of Revenue": 549010000.0,
        "EBITDA": 160005000.0,
        "EBIT": 101453000.0,
        "Net Interest Income": -10993000.0,
        "Interest Expense": 11982000.0,
        "Interest Income": 989000.0,
        "Normalized Income": 64271810.0,
        "Net Income From Continuing And Discontinued Operation": 63625000.0,
        "Total Expenses": 742944000.0,
        "Total Operating Income As Reported": 101171000.0,
        "Diluted Average Shares": 66900000.0,
        "Basic Average Shares": 65475000.0,
        "Diluted EPS": 0.95,
        "Basic EPS": 0.97,
        "Diluted NI Availto Com Stockholders": 63625000.0,
        "Net Income Common Stockholders": 63625000.0,
        "Net Income": 63625000.0,
        "Minority Interests": 12000.0,
        "Net Income Including Noncontrolling Interests": 63613000.0,
        "Net Income Continuous Operations": 63613000.0,
        "Tax Provision": 25858000.0,
        "Pretax Income": 89471000.0,
        "Other Income Expense": -1135000.0,
        "Other Non Operating Income Expenses": 52000.0,
        "Special Income Charges": -428000.0,
        "Restructuring And Mergern Acquisition": 428000.0,
        "Earnings From Equity Interest": -276000.0,
        "Gain On Sale Of Security": -483000.0,
        "Net Non Operating Interest Income Expense": -10993000.0,
        "Interest Expense Non Operating": 11982000.0,
        "Interest Income Non Operating": 989000.0,
        "Operating Income": 101599000.0,
        "Operating Expense": 193934000.0,
        "Depreciation Amortization Depletion Income Statement": 58552000.0,
        "Depreciation And Amortization In Income Statement": 58552000.0,
        "Selling General And Administration": 135382000.0,
        "Gross Profit": 295533000.0,
        "Cost Of Revenue": 549010000.0,
        "Total Revenue": 844543000.0,
        "Operating Revenue": 844543000.0
    },
    "2022-03-31": {
        "Diluted EPS": 0.93,
        "Total Revenue": 845,
        "Gross Profit": 302,
        "Operating Income": 98,
        "EBIT": 156,
        "Net Income": 62
    },
    "2021-12-31": {
        "Diluted EPS": 0.86,
        "Total Revenue": 814,
        "Gross Profit": 292,
        "Operating Income": 87,
        "EBIT": 148,
        "Net Income": 58
    },
    "2021-09-30": {
        "Diluted EPS": 0.7,
        "Total Revenue": 825,
        "Gross Profit": 288,
        "Operating Income": 83,
        "EBIT": 142,
        "Net Income": 47
    },
    "2021-06-30": {
        "Diluted EPS": 0.81,
        "Total Revenue": 811,
        "Gross Profit": 288,
        "Operating Income": 84,
        "EBIT": 142,
        "Net Income": 55
    },
    "2021-03-31": {
        "Diluted EPS": 1.24,
        "Total Revenue": 777,
        "Gross Profit": 288,
        "Operating Income": 93,
        "EBIT": 150,
        "Net Income": 84
    },
    "2020-12-31": {
        "Diluted EPS": 0.79,
        "Total Revenue": 749,
        "Gross Profit": 279,
        "Operating Income": 82,
        "EBIT": 139,
        "Net Income": 53
    },
    "2020-09-30": {
        "Diluted EPS": 0.95,
        "Total Revenue": 759,
        "Gross Profit": 279,
        "Operating Income": 99,
        "EBIT": 154,
        "Net Income": 64
    },
    "2020-06-30": {
        "Diluted EPS": 0.63,
        "Total Revenue": 699,
        "Gross Profit": 258,
        "Operating Income": 70,
        "EBIT": 127,
        "Net Income": 42
    },
    "2020-03-31": {
        "Diluted EPS": 0.84,
        "Total Revenue": 722,
        "Gross Profit": 270,
        "Operating Income": 88,
        "EBIT": 139,
        "Net Income": 55
    },
    "2019-12-31": {
        "Diluted EPS": 0.73,
        "Total Revenue": 671,
        "Gross Profit": 236,
        "Operating Income": 74,
        "EBIT": 124,
        "Net Income": 49
    },
    "2019-09-30": {
        "Diluted EPS": 0.85,
        "Total Revenue": 701,
        "Gross Profit": 257,
        "Operating Income": 90,
        "EBIT": 139,
        "Net Income": 57
    },
    "2019-06-30": {
        "Diluted EPS": 1.12,
        "Total Revenue": 743,
        "Gross Profit": 273,
        "Operating Income": 110,
        "EBIT": 158,
        "Net Income": 74
    },
    "2019-03-31": {
        "Diluted EPS": 0.96,
        "Total Revenue": 744,
        "Gross Profit": 275,
        "Operating Income": 97,
        "EBIT": 145,
        "Net Income": 63
    },
    "2018-12-31": {
        "Diluted EPS": 0.62,
        "Total Revenue": 685,
        "Gross Profit": 228,
        "Operating Income": 56,
        "EBIT": 105,
        "Net Income": 41
    },
    "2018-09-30": {
        "Diluted EPS": 0.6,
        "Total Revenue": 666,
        "Gross Profit": 230,
        "Operating Income": 61,
        "EBIT": 103,
        "Net Income": 39
    },
    "2018-06-30": {
        "Diluted EPS": 0.86,
        "Total Revenue": 711,
        "Gross Profit": 246,
        "Operating Income": 81,
        "EBIT": 121,
        "Net Income": 56
    },
    "2018-03-31": {
        "Diluted EPS": 0.92,
        "Total Revenue": 703,
        "Gross Profit": 248,
        "Operating Income": 88,
        "EBIT": 129,
        "Net Income": 59
    },
    "2017-12-31": {
        "Diluted EPS": 0.76,
        "Total Revenue": 626,
        "Gross Profit": 215,
        "Operating Income": 79,
        "EBIT": 118,
        "Net Income": 50
    },
    "2017-09-30": {
        "Diluted EPS": 0.83,
        "Total Revenue": 624,
        "Gross Profit": 217,
        "Operating Income": 81,
        "EBIT": 121,
        "Net Income": 54
    },
    "2017-06-30": {
        "Diluted EPS": 1.01,
        "Total Revenue": 618,
        "Gross Profit": 218,
        "Operating Income": 85,
        "EBIT": 123,
        "Net Income": 65
    },
    "2017-03-31": {
        "Diluted EPS": 0.81,
        "Total Revenue": 601,
        "Gross Profit": 217,
        "Operating Income": 78,
        "EBIT": 115,
        "Net Income": 52
    },
    "2016-12-31": {
        "Diluted EPS": 0.77,
        "Total Revenue": 539,
        "Gross Profit": 188,
        "Operating Income": 69,
        "EBIT": 107,
        "Net Income": 50
    },
    "2016-09-30": {
        "Diluted EPS": 0.82,
        "Total Revenue": 590,
        "Gross Profit": 209,
        "Operating Income": 82,
        "EBIT": 122,
        "Net Income": 53
    },
    "2016-06-30": {
        "Diluted EPS": 0.91,
        "Total Revenue": 620,
        "Gross Profit": 230,
        "Operating Income": 94,
        "EBIT": 134,
        "Net Income": 59
    },
    "2016-03-31": {
        "Diluted EPS": 0.67,
        "Total Revenue": 582,
        "Gross Profit": 208,
        "Operating Income": 69,
        "EBIT": 105,
        "Net Income": 44
    },
    "2015-12-31": {
        "Diluted EPS": 0.66,
        "Total Revenue": 547,
        "Gross Profit": 187,
        "Operating Income": 67,
        "EBIT": 102,
        "Net Income": 43
    },
    "2015-09-30": {
        "Diluted EPS": 0.83,
        "Total Revenue": 586,
        "Gross Profit": 205,
        "Operating Income": 88,
        "EBIT": 123,
        "Net Income": 53
    },
    "2015-06-30": {
        "Diluted EPS": 0.9,
        "Total Revenue": 594,
        "Gross Profit": 219,
        "Operating Income": 96,
        "EBIT": 130,
        "Net Income": 58
    },
    "2015-03-31": {
        "Diluted EPS": 0.7,
        "Total Revenue": 590,
        "Gross Profit": 204,
        "Operating Income": 74,
        "EBIT": 108,
        "Net Income": 45
    },
    "2014-12-31": {
        "Diluted EPS": 0.62,
        "Total Revenue": 599,
        "Gross Profit": 192,
        "Operating Income": 64,
        "EBIT": 103,
        "Net Income": 42
    },
    "2014-09-30": {
        "Diluted EPS": 0.73,
        "Total Revenue": 652,
        "Gross Profit": 208,
        "Operating Income": 79,
        "EBIT": 117,
        "Net Income": 49
    },
    "2014-06-30": {
        "Diluted EPS": 0.79,
        "Total Revenue": 671,
        "Gross Profit": 220,
        "Operating Income": 85,
        "EBIT": 123,
        "Net Income": 53
    },
    "2014-03-31": {
        "Diluted EPS": 0.71,
        "Total Revenue": 676,
        "Gross Profit": 223,
        "Operating Income": 79,
        "EBIT": 116,
        "Net Income": 48
    },
    "2013-12-31": {
        "Diluted EPS": 0.53,
        "Total Revenue": 637,
        "Gross Profit": 202,
        "Operating Income": 66,
        "EBIT": 104,
        "Net Income": 37
    },
    "2013-09-30": {
        "Diluted EPS": 0.67,
        "Total Revenue": 624,
        "Gross Profit": 200,
        "Operating Income": 73,
        "EBIT": 111,
        "Net Income": 45
    },
    "2013-06-30": {
        "Diluted EPS": 0.73,
        "Total Revenue": 641,
        "Gross Profit": 210,
        "Operating Income": 81,
        "EBIT": 119,
        "Net Income": 50
    },
    "2013-03-31": {
        "Diluted EPS": 0.59,
        "Total Revenue": 618,
        "Gross Profit": 199,
        "Operating Income": 65,
        "EBIT": 101,
        "Net Income": 40
    },
    "2012-12-31": {
        "Diluted EPS": 0.51,
        "Total Revenue": 571,
        "Gross Profit": 180,
        "Operating Income": 55,
        "EBIT": 91,
        "Net Income": 35
    },
    "2012-09-30": {
        "Diluted EPS": 0.62,
        "Total Revenue": 590,
        "Gross Profit": 182,
        "Operating Income": 67,
        "EBIT": 102,
        "Net Income": 42
    },
    "2012-06-30": {
        "Diluted EPS": 0.61,
        "Total Revenue": 578,
        "Gross Profit": 187,
        "Operating Income": 67,
        "EBIT": 100,
        "Net Income": 42
    },
    "2012-03-31": {
        "Diluted EPS": 0.64,
        "Total Revenue": 592,
        "Gross Profit": 191,
        "Operating Income": 70,
        "EBIT": 103,
        "Net Income": 44
    },
    "2011-12-31": {
        "Diluted EPS": 0.55,
        "Total Revenue": 545,
        "Gross Profit": 175,
        "Operating Income": 63,
        "EBIT": 95,
        "Net Income": 39
    },
    "2011-09-30": {
        "Diluted EPS": 0.72,
        "Total Revenue": 601,
        "Gross Profit": 194,
        "Operating Income": 74,
        "EBIT": 108,
        "Net Income": 49
    },
    "2011-06-30": {
        "Diluted EPS": 0.74,
        "Total Revenue": 615,
        "Gross Profit": 205,
        "Operating Income": 80,
        "EBIT": 115,
        "Net Income": 51
    },
    "2011-03-31": {
        "Diluted EPS": 0.64,
        "Total Revenue": 577,
        "Gross Profit": 194,
        "Operating Income": 70,
        "EBIT": 103,
        "Net Income": 44
    },
    "2010-12-31": {
        "Diluted EPS": 0.57,
        "Total Revenue": 531,
        "Gross Profit": 171,
        "Operating Income": 61,
        "EBIT": 95,
        "Net Income": 41
    },
    "2010-09-30": {
        "Diluted EPS": 0.68,
        "Total Revenue": 518,
        "Gross Profit": 175,
        "Operating Income": 71,
        "EBIT": 104,
        "Net Income": 47
    },
    "2010-06-30": {
        "Diluted EPS": 0.67,
        "Total Revenue": 523,
        "Gross Profit": 178,
        "Operating Income": 74,
        "EBIT": 107,
        "Net Income": 47
    },
    "2010-03-31": {
        "Diluted EPS": 0.56,
        "Total Revenue": 505,
        "Gross Profit": 174,
        "Operating Income": 62,
        "EBIT": 96,
        "Net Income": 39
    },
    "2009-12-31": {
        "Diluted EPS": 0.52,
        "Total Revenue": 496,
        "Gross Profit": 169,
        "Operating Income": 57,
        "EBIT": 95,
        "Net Income": 36
    },
    "2009-09-30": {
        "Diluted EPS": 0.48,
        "Total Revenue": 474,
        "Gross Profit": 153,
        "Operating Income": 53,
        "EBIT": 86,
        "Net Income": 33
    },
    "2009-06-30": {
        "Diluted EPS": 0.41,
        "Total Revenue": 441,
        "Gross Profit": 152,
        "Operating Income": 48,
        "EBIT": 79,
        "Net Income": 28
    },
    "2009-03-31": {
        "Diluted EPS": 0.38,
        "Total Revenue": 432,
        "Gross Profit": 142,
        "Operating Income": 41,
        "EBIT": 71,
        "Net Income": 27
    },
    "2023-09-30": {
        "Tax Effect Of Unusual Items": -1731834.0,
        "Tax Rate For Calcs": 0.234,
        "Normalized EBITDA": 190120000.0,
        "Total Unusual Items": -7401000.0,
        "Total Unusual Items Excluding Goodwill": -7401000.0,
        "Net Income From Continuing Operation Net Minority Interest": 84296000.0,
        "Reconciled Depreciation": 62686000.0,
        "Reconciled Cost Of Revenue": 566691000.0,
        "EBITDA": 182719000.0,
        "EBIT": 120033000.0,
        "Net Interest Income": -9038000.0,
        "Interest Expense": 9984000.0,
        "Interest Income": 946000.0,
        "Normalized Income": 89965166.0,
        "Net Income From Continuing And Discontinued Operation": 84296000.0,
        "Total Expenses": 767514000.0,
        "Total Operating Income As Reported": 119322000.0,
        "Diluted Average Shares": 67035000.0,
        "Basic Average Shares": 65707000.0,
        "Diluted EPS": 1.26,
        "Basic EPS": 1.28,
        "Diluted NI Availto Com Stockholders": 84296000.0,
        "Net Income Common Stockholders": 84296000.0,
        "Net Income": 84296000.0,
        "Minority Interests": -2000.0,
        "Net Income Including Noncontrolling Interests": 84298000.0,
        "Net Income Continuous Operations": 84298000.0,
        "Tax Provision": 25751000.0,
        "Pretax Income": 110049000.0,
        "Other Income Expense": -6396000.0,
        "Other Non Operating Income Expenses": 3000.0,
        "Special Income Charges": -6161000.0,
        "Restructuring And Mergern Acquisition": 6161000.0,
        "Earnings From Equity Interest": 1002000.0,
        "Gain On Sale Of Security": -1240000.0,
        "Net Non Operating Interest Income Expense": -9038000.0,
        "Interest Expense Non Operating": 9984000.0,
        "Interest Income Non Operating": 946000.0,
        "Operating Income": 125483000.0,
        "Operating Expense": 200823000.0,
        "Depreciation Amortization Depletion Income Statement": 62686000.0,
        "Depreciation And Amortization In Income Statement": 62686000.0,
        "Selling General And Administration": 138137000.0,
        "Gross Profit": 326306000.0,
        "Cost Of Revenue": 566691000.0,
        "Total Revenue": 892997000.0,
        "Operating Revenue": 892997000.0
    },
    "2023-12-31": {
        "Tax Effect Of Unusual Items": -5883044.165251,
        "Tax Rate For Calcs": 0.228007,
        "Normalized EBITDA": 181330000.0,
        "Total Unusual Items": -25802000.0,
        "Total Unusual Items Excluding Goodwill": -25802000.0,
        "Net Income From Continuing Operation Net Minority Interest": 62355000.0,
        "Reconciled Depreciation": 64381000.0,
        "Reconciled Cost Of Revenue": 526227000.0,
        "EBITDA": 155528000.0,
        "EBIT": 91147000.0,
        "Net Interest Income": -8411000.0,
        "Interest Expense": 10518000.0,
        "Interest Income": 2107000.0,
        "Normalized Income": 82273955.834749,
        "Net Income From Continuing And Discontinued Operation": 62355000.0,
        "Total Expenses": 728903000.0,
        "Total Operating Income As Reported": 84201000.0,
        "Diluted Average Shares": 67131000.0,
        "Basic Average Shares": 65813000.0,
        "Diluted EPS": 0.93,
        "Basic EPS": 0.95,
        "Diluted NI Availto Com Stockholders": 62355000.0,
        "Net Income Common Stockholders": 62355000.0,
        "Net Income": 62355000.0,
        "Minority Interests": 110000.0,
        "Net Income Including Noncontrolling Interests": 62245000.0,
        "Net Income Continuous Operations": 62245000.0,
        "Tax Provision": 18384000.0,
        "Pretax Income": 80629000.0,
        "Other Income Expense": -20537000.0,
        "Other Non Operating Income Expenses": 4553000.0,
        "Special Income Charges": -25376000.0,
        "Restructuring And Mergern Acquisition": 25376000.0,
        "Earnings From Equity Interest": 712000.0,
        "Gain On Sale Of Security": -426000.0,
        "Net Non Operating Interest Income Expense": -8411000.0,
        "Interest Expense Non Operating": 10518000.0,
        "Interest Income Non Operating": 2107000.0,
        "Operating Income": 109577000.0,
        "Operating Expense": 202676000.0,
        "Depreciation Amortization Depletion Income Statement": 64381000.0,
        "Depreciation And Amortization In Income Statement": 64381000.0,
        "Selling General And Administration": 138295000.0,
        "Gross Profit": 312253000.0,
        "Cost Of Revenue": 526227000.0,
        "Total Revenue": 838480000.0,
        "Operating Revenue": 838480000.0
    },
    "2024-03-31": {
        "Tax Effect Of Unusual Items": -592040.0,
        "Tax Rate For Calcs": 0.205,
        "Normalized EBITDA": 181730000.0,
        "Total Unusual Items": -2888000.0,
        "Total Unusual Items Excluding Goodwill": -2888000.0,
        "Net Income From Continuing Operation Net Minority Interest": 83104000.0,
        "Reconciled Depreciation": 64349000.0,
        "Reconciled Cost Of Revenue": 582756000.0,
        "EBITDA": 178842000.0,
        "EBIT": 114493000.0,
        "Net Interest Income": -7277000.0,
        "Interest Expense": 10175000.0,
        "Interest Income": 2898000.0,
        "Normalized Income": 85399960.0,
        "Net Income From Continuing And Discontinued Operation": 83104000.0,
        "Total Expenses": 799885000.0,
        "Total Operating Income As Reported": 112083000.0,
        "Diluted Average Shares": 67432000.0,
        "Basic Average Shares": 66064000.0,
        "Diluted EPS": 1.23,
        "Basic EPS": 1.26,
        "Diluted NI Availto Com Stockholders": 83104000.0,
        "Net Income Common Stockholders": 83104000.0,
        "Net Income": 83104000.0,
        "Minority Interests": 171000.0,
        "Net Income Including Noncontrolling Interests": 82933000.0,
        "Net Income Continuous Operations": 82933000.0,
        "Tax Provision": 21385000.0,
        "Pretax Income": 104318000.0,
        "Other Income Expense": -3968000.0,
        "Other Non Operating Income Expenses": -859000.0,
        "Special Income Charges": -3480000.0,
        "Restructuring And Mergern Acquisition": 3480000.0,
        "Earnings From Equity Interest": -221000.0,
        "Gain On Sale Of Security": 592000.0,
        "Net Non Operating Interest Income Expense": -7277000.0,
        "Interest Expense Non Operating": 10175000.0,
        "Interest Income Non Operating": 2898000.0,
        "Operating Income": 115563000.0,
        "Operating Expense": 217129000.0,
        "Depreciation Amortization Depletion Income Statement": 64349000.0,
        "Depreciation And Amortization In Income Statement": 64349000.0,
        "Selling General And Administration": 152780000.0,
        "Gross Profit": 332692000.0,
        "Cost Of Revenue": 582756000.0,
        "Total Revenue": 915448000.0,
        "Operating Revenue": 915448000.0
    },
    "2024-06-30": {
        "Tax Effect Of Unusual Items": -576925.0,
        "Tax Rate For Calcs": 0.235,
        "Normalized EBITDA": 195730000.0,
        "Total Unusual Items": -2455000.0,
        "Total Unusual Items Excluding Goodwill": -2455000.0,
        "Net Income From Continuing Operation Net Minority Interest": 90454000.0,
        "Reconciled Depreciation": 64968000.0,
        "Reconciled Cost Of Revenue": 567440000.0,
        "EBITDA": 193275000.0,
        "EBIT": 128307000.0,
        "Net Interest Income": -6959000.0,
        "Interest Expense": 10061000.0,
        "Interest Income": 3102000.0,
        "Normalized Income": 92332075.0,
        "Net Income From Continuing And Discontinued Operation": 90454000.0,
        "Total Expenses": 781738000.0,
        "Total Operating Income As Reported": 126010000.0,
        "Diluted Average Shares": 67575000.0,
        "Basic Average Shares": 66312000.0,
        "Diluted EPS": 1.34,
        "Basic EPS": 1.36,
        "Diluted NI Availto Com Stockholders": 90454000.0,
        "Net Income Common Stockholders": 90454000.0,
        "Net Income": 90454000.0,
        "Minority Interests": -4000.0,
        "Net Income Including Noncontrolling Interests": 90458000.0,
        "Net Income Continuous Operations": 90458000.0,
        "Tax Provision": 27788000.0,
        "Pretax Income": 118246000.0,
        "Other Income Expense": -3120000.0,
        "Other Non Operating Income Expenses": -795000.0,
        "Special Income Charges": -2315000.0,
        "Restructuring And Mergern Acquisition": 2315000.0,
        "Earnings From Equity Interest": 130000.0,
        "Gain On Sale Of Security": -140000.0,
        "Net Non Operating Interest Income Expense": -6959000.0,
        "Interest Expense Non Operating": 10061000.0,
        "Interest Income Non Operating": 3102000.0,
        "Operating Income": 128325000.0,
        "Operating Expense": 214298000.0,
        "Depreciation Amortization Depletion Income Statement": 64968000.0,
        "Depreciation And Amortization In Income Statement": 64968000.0,
        "Selling General And Administration": 149330000.0,
        "Gross Profit": 342623000.0,
        "Cost Of Revenue": 567440000.0,
        "Total Revenue": 910063000.0,
        "Operating Revenue": 910063000.0
    },
    "2024-09-30": {
        "Tax Effect Of Unusual Items": -671398.0,
        "Tax Rate For Calcs": 0.238,
        "Normalized EBITDA": 213257000.0,
        "Total Unusual Items": -2821000.0,
        "Total Unusual Items Excluding Goodwill": -2821000.0,
        "Net Income From Continuing Operation Net Minority Interest": 100039000.0,
        "Reconciled Depreciation": 67015000.0,
        "Reconciled Cost Of Revenue": 558511000.0,
        "EBITDA": 210436000.0,
        "EBIT": 143421000.0,
        "Net Interest Income": -9268000.0,
        "Interest Expense": 12290000.0,
        "Interest Income": 3022000.0,
        "Normalized Income": 102188602.0,
        "Net Income From Continuing And Discontinued Operation": 100039000.0,
        "Total Expenses": 767130000.0,
        "Total Operating Income As Reported": 138297000.0,
        "Diluted Average Shares": 67716000.0,
        "Basic Average Shares": 66445000.0,
        "Diluted EPS": 1.48,
        "Basic EPS": 1.51,
        "Diluted NI Availto Com Stockholders": 100039000.0,
        "Net Income Common Stockholders": 100039000.0,
        "Net Income": 100039000.0,
        "Minority Interests": 117000.0,
        "Net Income Including Noncontrolling Interests": 99922000.0,
        "Net Income Continuous Operations": 99922000.0,
        "Tax Provision": 31209000.0,
        "Pretax Income": 131131000.0,
        "Other Income Expense": -1762000.0,
        "Other Non Operating Income Expenses": 1136000.0,
        "Special Income Charges": -3864000.0,
        "Restructuring And Mergern Acquisition": 3864000.0,
        "Earnings From Equity Interest": -77000.0,
        "Gain On Sale Of Security": 1043000.0,
        "Net Non Operating Interest Income Expense": -9268000.0,
        "Interest Expense Non Operating": 12290000.0,
        "Interest Income Non Operating": 3022000.0,
        "Operating Income": 142161000.0,
        "Operating Expense": 208619000.0,
        "Depreciation Amortization Depletion Income Statement": 67015000.0,
        "Depreciation And Amortization In Income Statement": 67015000.0,
        "Selling General And Administration": 141604000.0,
        "Gross Profit": 350780000.0,
        "Cost Of Revenue": 558511000.0,
        "Total Revenue": 909291000.0,
        "Operating Revenue": 909291000.0
    }
}