{
    "2023-03-31": {
        "Tax Effect Of Unusual Items": NaN,
        "Tax Rate For Calcs": NaN,
        "Normalized EBITDA": NaN,
        "Total Unusual Items": NaN,
        "Total Unusual Items Excluding Goodwill": NaN,
        "Net Income From Continuing Operation Net Minority Interest": NaN,
        "Reconciled Depreciation": NaN,
        "Reconciled Cost Of Revenue": NaN,
        "EBITDA": NaN,
        "EBIT": NaN,
        "Net Interest Income": NaN,
        "Interest Expense": 5470000.0,
        "Normalized Income": NaN,
        "Net Income From Continuing And Discontinued Operation": NaN,
        "Total Expenses": NaN,
        "Total Operating Income As Reported": NaN,
        "Diluted Average Shares": NaN,
        "Basic Average Shares": NaN,
        "Diluted EPS": NaN,
        "Basic EPS": NaN,
        "Diluted NI Availto Com Stockholders": NaN,
        "Net Income Common Stockholders": NaN,
        "Net Income": NaN,
        "Net Income Including Noncontrolling Interests": NaN,
        "Net Income Continuous Operations": NaN,
        "Tax Provision": NaN,
        "Pretax Income": NaN,
        "Other Income Expense": NaN,
        "Other Non Operating Income Expenses": NaN,
        "Special Income Charges": NaN,
        "Gain On Sale Of Business": NaN,
        "Other Special Charges": NaN,
        "Net Non Operating Interest Income Expense": NaN,
        "Total Other Finance Cost": NaN,
        "Interest Expense Non Operating": 5470000.0,
        "Operating Income": NaN,
        "Operating Expense": NaN,
        "Selling General And Administration": NaN,
        "Gross Profit": NaN,
        "Cost Of Revenue": NaN,
        "Total Revenue": NaN,
        "Operating Revenue": NaN
    },
    "2022-12-31": {
        "Tax Effect Of Unusual Items": NaN,
        "Tax Rate For Calcs": NaN,
        "Normalized EBITDA": NaN,
        "Total Unusual Items": NaN,
        "Total Unusual Items Excluding Goodwill": NaN,
        "Net Income From Continuing Operation Net Minority Interest": NaN,
        "Reconciled Depreciation": NaN,
        "Reconciled Cost Of Revenue": NaN,
        "EBITDA": NaN,
        "EBIT": NaN,
        "Net Interest Income": NaN,
        "Interest Expense": NaN,
        "Normalized Income": NaN,
        "Net Income From Continuing And Discontinued Operation": NaN,
        "Total Expenses": NaN,
        "Total Operating Income As Reported": NaN,
        "Diluted Average Shares": NaN,
        "Basic Average Shares": NaN,
        "Diluted EPS": NaN,
        "Basic EPS": NaN,
        "Diluted NI Availto Com Stockholders": NaN,
        "Net Income Common Stockholders": NaN,
        "Net Income": NaN,
        "Net Income Including Noncontrolling Interests": NaN,
        "Net Income Continuous Operations": NaN,
        "Tax Provision": NaN,
        "Pretax Income": NaN,
        "Other Income Expense": NaN,
        "Other Non Operating Income Expenses": NaN,
        "Special Income Charges": NaN,
        "Gain On Sale Of Business": NaN,
        "Net Non Operating Interest Income Expense": NaN,
        "Total Other Finance Cost": 3610000.0,
        "Interest Expense Non Operating": NaN,
        "Operating Income": NaN,
        "Operating Expense": NaN,
        "Selling General And Administration": NaN,
        "Gross Profit": NaN,
        "Cost Of Revenue": NaN,
        "Total Revenue": NaN,
        "Operating Revenue": NaN
    },
    "2022-09-30": {
        "Tax Effect Of Unusual Items": NaN,
        "Tax Rate For Calcs": NaN,
        "Normalized EBITDA": NaN,
        "Total Unusual Items": NaN,
        "Total Unusual Items Excluding Goodwill": NaN,
        "Net Income From Continuing Operation Net Minority Interest": NaN,
        "Reconciled Depreciation": NaN,
        "Reconciled Cost Of Revenue": NaN,
        "EBITDA": NaN,
        "EBIT": NaN,
        "Net Interest Income": NaN,
        "Interest Expense": NaN,
        "Normalized Income": NaN,
        "Net Income From Continuing And Discontinued Operation": NaN,
        "Total Expenses": NaN,
        "Total Operating Income As Reported": NaN,
        "Diluted Average Shares": NaN,
        "Basic Average Shares": NaN,
        "Diluted EPS": NaN,
        "Basic EPS": NaN,
        "Diluted NI Availto Com Stockholders": NaN,
        "Net Income Common Stockholders": NaN,
        "Net Income": NaN,
        "Net Income Including Noncontrolling Interests": NaN,
        "Net Income Continuous Operations": NaN,
        "Tax Provision": NaN,
        "Pretax Income": NaN,
        "Other Income Expense": NaN,
        "Other Non Operating Income Expenses": NaN,
        "Special Income Charges": NaN,
        "Gain On Sale Of Business": NaN,
        "Net Non Operating Interest Income Expense": NaN,
        "Total Other Finance Cost": 2519000.0,
        "Interest Expense Non Operating": NaN,
        "Operating Income": NaN,
        "Operating Expense": NaN,
        "Selling General And Administration": NaN,
        "Gross Profit": NaN,
        "Cost Of Revenue": NaN,
        "Total Revenue": NaN,
        "Operating Revenue": NaN
    },
    "2022-06-30": {
        "Tax Effect Of Unusual Items": 0.0,
        "Tax Rate For Calcs": 0.4,
        "Normalized EBITDA": -1687000.0,
        "Total Unusual Items": 0.0,
        "Total Unusual Items Excluding Goodwill": 0.0,
        "Net Income From Continuing Operation Net Minority Interest": -11010000.0,
        "Reconciled Depreciation": 7000000.0,
        "Reconciled Cost Of Revenue": 113418000.0,
        "EBITDA": -1687000.0,
        "EBIT": -8687000.0,
        "Net Interest Income": -1662000.0,
        "Interest Expense": 1662000.0,
        "Normalized Income": -11010000.0,
        "Net Income From Continuing And Discontinued Operation": -11010000.0,
        "Total Expenses": 137523000.0,
        "Total Operating Income As Reported": -8396000.0,
        "Diluted Average Shares": 32082000.0,
        "Basic Average Shares": 32082000.0,
        "Diluted EPS": -0.34,
        "Basic EPS": -0.34,
        "Diluted NI Availto Com Stockholders": -11010000.0,
        "Net Income Common Stockholders": -11010000.0,
        "Net Income": -11010000.0,
        "Net Income Including Noncontrolling Interests": -11010000.0,
        "Net Income Continuous Operations": -11010000.0,
        "Tax Provision": 661000.0,
        "Pretax Income": -10349000.0,
        "Other Income Expense": -291000.0,
        "Other Non Operating Income Expenses": -291000.0,
        "Special Income Charges": 0.0,
        "Gain On Sale Of Ppe": NaN,
        "Gain On Sale Of Business": 0.0,
        "Net Non Operating Interest Income Expense": -1662000.0,
        "Total Other Finance Cost": 1662000.0,
        "Interest Expense Non Operating": 1662000.0,
        "Operating Income": -8396000.0,
        "Operating Expense": 24105000.0,
        "Selling General And Administration": 24105000.0,
        "Gross Profit": 15709000.0,
        "Cost Of Revenue": 113418000.0,
        "Total Revenue": 129127000.0,
        "Operating Revenue": 129127000.0
    },
    "2022-03-31": {
        "Diluted EPS": -0.1,
        "Total Revenue": 116,
        "Gross Profit": 20,
        "Operating Income": -4,
        "EBIT": 3,
        "Net Income": -3
    },
    "2021-12-31": {
        "Diluted EPS": 0.06,
        "Total Revenue": 116,
        "Gross Profit": 18,
        "Operating Income": -9,
        "EBIT": -2,
        "Net Income": 2
    },
    "2021-09-30": {
        "Diluted EPS": -0.23,
        "Total Revenue": 112,
        "Gross Profit": 17,
        "Operating Income": -4,
        "EBIT": 3,
        "Net Income": -7
    },
    "2021-06-30": {
        "Diluted EPS": -0.26,
        "Total Revenue": 111,
        "Gross Profit": 15,
        "Operating Income": -6,
        "EBIT": 2,
        "Net Income": -8
    },
    "2021-03-31": {
        "Diluted EPS": -0.39,
        "Total Revenue": 106,
        "Gross Profit": 14,
        "Operating Income": -10,
        "EBIT": -2,
        "Net Income": -12
    },
    "2020-12-31": {
        "Diluted EPS": -0.65,
        "Total Revenue": 115,
        "Gross Profit": 19,
        "Operating Income": -5,
        "EBIT": 2,
        "Net Income": -20
    },
    "2020-09-30": {
        "Diluted EPS": -0.17,
        "Total Revenue": 107,
        "Gross Profit": 15,
        "Operating Income": -9,
        "EBIT": -1,
        "Net Income": -5
    },
    "2020-06-30": {
        "Diluted EPS": -0.77,
        "Total Revenue": 124,
        "Gross Profit": 27,
        "Operating Income": -19,
        "EBIT": -11,
        "Net Income": -24
    },
    "2020-03-31": {
        "Diluted EPS": -2.17,
        "Total Revenue": 158,
        "Gross Profit": 36,
        "Operating Income": -68,
        "EBIT": -60,
        "Net Income": -67
    },
    "2019-12-31": {
        "Diluted EPS": -0.99,
        "Total Revenue": 198,
        "Gross Profit": 27,
        "Operating Income": -37,
        "EBIT": -28,
        "Net Income": -34
    },
    "2019-09-30": {
        "Diluted EPS": 0.04,
        "Total Revenue": 177,
        "Gross Profit": 37,
        "Operating Income": 5,
        "EBIT": 13,
        "Net Income": 1
    },
    "2019-06-30": {
        "Diluted EPS": 0.2,
        "Total Revenue": 189,
        "Gross Profit": 40,
        "Operating Income": 11,
        "EBIT": 18,
        "Net Income": 7
    },
    "2019-03-31": {
        "Diluted EPS": 2.35,
        "Total Revenue": 208,
        "Gross Profit": 52,
        "Operating Income": 23,
        "EBIT": 31,
        "Net Income": 78
    },
    "2018-12-31": {
        "Diluted EPS": 0.37,
        "Total Revenue": 203,
        "Gross Profit": 48,
        "Operating Income": 19,
        "EBIT": 27,
        "Net Income": 12
    },
    "2018-09-30": {
        "Diluted EPS": 0.52,
        "Total Revenue": 213,
        "Gross Profit": 46,
        "Operating Income": 18,
        "EBIT": 27,
        "Net Income": 17
    },
    "2018-06-30": {
        "Diluted EPS": 0.42,
        "Total Revenue": 209,
        "Gross Profit": 50,
        "Operating Income": 20,
        "EBIT": 29,
        "Net Income": 14
    },
    "2018-03-31": {
        "Diluted EPS": 0.1,
        "Total Revenue": 179,
        "Gross Profit": 37,
        "Operating Income": 7,
        "EBIT": 16,
        "Net Income": 3
    },
    "2017-12-31": {
        "Diluted EPS": -0.24,
        "Total Revenue": 171,
        "Gross Profit": 32,
        "Operating Income": -7,
        "EBIT": 1,
        "Net Income": -6
    },
    "2017-09-30": {
        "Diluted EPS": 0.18,
        "Total Revenue": 150,
        "Gross Profit": 32,
        "Operating Income": 10,
        "EBIT": 17,
        "Net Income": 6
    },
    "2017-06-30": {
        "Diluted EPS": 0.26,
        "Total Revenue": 151,
        "Gross Profit": 34,
        "Operating Income": 12,
        "EBIT": 18,
        "Net Income": 8
    },
    "2017-03-31": {
        "Diluted EPS": 0.38,
        "Total Revenue": 152,
        "Gross Profit": 38,
        "Operating Income": 17,
        "EBIT": 23,
        "Net Income": 12
    },
    "2016-12-31": {
        "Diluted EPS": 0.11,
        "Total Revenue": 154,
        "Gross Profit": 36,
        "Operating Income": 17,
        "EBIT": 23,
        "Net Income": 10
    },
    "2016-09-30": {
        "Diluted EPS": 0.41,
        "Total Revenue": 155,
        "Gross Profit": 39,
        "Operating Income": 18,
        "EBIT": 24,
        "Net Income": 12
    },
    "2016-06-30": {
        "Diluted EPS": 0.5,
        "Total Revenue": 164,
        "Gross Profit": 45,
        "Operating Income": 23,
        "EBIT": 29,
        "Net Income": 15
    },
    "2016-03-31": {
        "Diluted EPS": 0.38,
        "Total Revenue": 160,
        "Gross Profit": 39,
        "Operating Income": 18,
        "EBIT": 24,
        "Net Income": 11
    },
    "2015-12-31": {
        "Diluted EPS": 0.32,
        "Total Revenue": 157,
        "Gross Profit": 39,
        "Operating Income": 16,
        "EBIT": 22,
        "Net Income": 14
    },
    "2015-09-30": {
        "Diluted EPS": 0.82,
        "Total Revenue": 200,
        "Gross Profit": 59,
        "Operating Income": 37,
        "EBIT": 43,
        "Net Income": 25
    },
    "2015-06-30": {
        "Diluted EPS": 0.67,
        "Total Revenue": 173,
        "Gross Profit": 49,
        "Operating Income": 28,
        "EBIT": 35,
        "Net Income": 18
    },
    "2015-03-31": {
        "Diluted EPS": 0.41,
        "Total Revenue": 162,
        "Gross Profit": 40,
        "Operating Income": 18,
        "EBIT": 24,
        "Net Income": 11
    },
    "2014-12-31": {
        "Diluted EPS": 0.31,
        "Total Revenue": 166,
        "Gross Profit": 43,
        "Operating Income": 25,
        "EBIT": 32,
        "Net Income": 18
    },
    "2014-09-30": {
        "Diluted EPS": 0.65,
        "Total Revenue": 179,
        "Gross Profit": 51,
        "Operating Income": 26,
        "EBIT": 37,
        "Net Income": 17
    },
    "2014-06-30": {
        "Diluted EPS": 0.58,
        "Total Revenue": 175,
        "Gross Profit": 43,
        "Operating Income": 22,
        "EBIT": 28,
        "Net Income": 13
    },
    "2014-03-31": {
        "Diluted EPS": 0.33,
        "Total Revenue": 141,
        "Gross Profit": 30,
        "Operating Income": 14,
        "EBIT": 18,
        "Net Income": 8
    },
    "2013-12-31": {
        "Diluted EPS": 0.01,
        "Total Revenue": 105,
        "Gross Profit": 25,
        "Operating Income": 11,
        "EBIT": 15,
        "Net Income": 6
    },
    "2013-09-30": {
        "Diluted EPS": 0.32,
        "Total Revenue": 90,
        "Gross Profit": 24,
        "Operating Income": 12,
        "EBIT": 15,
        "Net Income": 7
    },
    "2013-06-30": {
        "Diluted EPS": 0.28,
        "Total Revenue": 71,
        "Gross Profit": 19,
        "Operating Income": 8,
        "EBIT": 10,
        "Net Income": 5
    },
    "2013-03-31": {
        "Diluted EPS": 0.47,
        "Total Revenue": 74,
        "Gross Profit": 20,
        "Operating Income": 11,
        "EBIT": 13,
        "Net Income": 9
    },
    "2012-12-31": {
        "Diluted EPS": -0.01,
        "Total Revenue": 67,
        "Gross Profit": 18,
        "Operating Income": 8,
        "EBIT": 10,
        "Net Income": 6
    },
    "2012-09-30": {
        "Diluted EPS": 0.27,
        "Total Revenue": 69,
        "Gross Profit": 17,
        "Operating Income": 8,
        "EBIT": 10,
        "Net Income": 5
    },
    "2012-06-30": {
        "Diluted EPS": 0.34,
        "Total Revenue": 65,
        "Gross Profit": 17,
        "Operating Income": 8,
        "EBIT": 9,
        "Net Income": 5
    },
    "2012-03-31": {
        "Diluted EPS": 0.4,
        "Total Revenue": 65,
        "Gross Profit": 18,
        "Operating Income": 9,
        "EBIT": 11,
        "Net Income": 6
    },
    "2011-12-31": {
        "Diluted EPS": 0.0,
        "Total Revenue": 61,
        "Gross Profit": 17,
        "Operating Income": 8,
        "EBIT": 9,
        "Net Income": 5
    },
    "2011-09-30": {
        "Diluted EPS": 0.45,
        "Total Revenue": 56,
        "Gross Profit": 14,
        "Operating Income": 8,
        "EBIT": 9,
        "Net Income": 7
    },
    "2011-06-30": {
        "Diluted EPS": 0.35,
        "Total Revenue": 55,
        "Gross Profit": 14,
        "Operating Income": 7,
        "EBIT": 8,
        "Net Income": 5
    },
    "2011-03-31": {
        "Diluted EPS": 0.41,
        "Total Revenue": 55,
        "Gross Profit": 15,
        "Operating Income": 8,
        "EBIT": 9,
        "Net Income": 5
    },
    "2010-12-31": {
        "Diluted EPS": 0.15,
        "Total Revenue": 52,
        "Gross Profit": 12,
        "Operating Income": 6,
        "EBIT": 8,
        "Net Income": 4
    },
    "2010-09-30": {
        "Diluted EPS": 0.37,
        "Total Revenue": 50,
        "Gross Profit": 13,
        "Operating Income": 7,
        "EBIT": 8,
        "Net Income": 5
    },
    "2010-06-30": {
        "Diluted EPS": 0.22,
        "Total Revenue": 47,
        "Gross Profit": 11,
        "Operating Income": 5,
        "EBIT": 6,
        "Net Income": 2
    },
    "2010-03-31": {
        "Diluted EPS": 0.31,
        "Total Revenue": 47,
        "Gross Profit": 12,
        "Operating Income": 6,
        "EBIT": 7,
        "Net Income": 3
    },
    "2009-12-31": {
        "Diluted EPS": -0.86,
        "Total Revenue": 46,
        "Gross Profit": 10,
        "Operating Income": -15,
        "EBIT": -13,
        "Net Income": -10
    },
    "2009-09-30": {
        "Diluted EPS": 0.23,
        "Total Revenue": 49,
        "Gross Profit": 10,
        "Operating Income": 4,
        "EBIT": 6,
        "Net Income": 2
    },
    "2009-06-30": {
        "Diluted EPS": 0.18,
        "Total Revenue": 47,
        "Gross Profit": 9,
        "Operating Income": 2,
        "EBIT": 4,
        "Net Income": 2
    },
    "2009-03-31": {
        "Diluted EPS": 0.13,
        "Total Revenue": 50,
        "Gross Profit": 9,
        "Operating Income": 2,
        "EBIT": 4,
        "Net Income": 1
    },
    "2023-06-30": {
        "Tax Effect Of Unusual Items": NaN,
        "Tax Rate For Calcs": NaN,
        "Normalized EBITDA": NaN,
        "Total Unusual Items": NaN,
        "Total Unusual Items Excluding Goodwill": NaN,
        "Net Income From Continuing Operation Net Minority Interest": NaN,
        "Reconciled Depreciation": NaN,
        "Reconciled Cost Of Revenue": NaN,
        "EBITDA": NaN,
        "EBIT": NaN,
        "Net Interest Income": NaN,
        "Interest Expense": NaN,
        "Normalized Income": NaN,
        "Net Income From Continuing And Discontinued Operation": NaN,
        "Total Expenses": NaN,
        "Total Operating Income As Reported": NaN,
        "Diluted Average Shares": NaN,
        "Basic Average Shares": NaN,
        "Diluted EPS": NaN,
        "Basic EPS": NaN,
        "Diluted NI Availto Com Stockholders": NaN,
        "Net Income Common Stockholders": NaN,
        "Net Income": NaN,
        "Net Income Including Noncontrolling Interests": NaN,
        "Net Income Continuous Operations": NaN,
        "Tax Provision": NaN,
        "Pretax Income": NaN,
        "Other Income Expense": NaN,
        "Other Non Operating Income Expenses": NaN,
        "Special Income Charges": NaN,
        "Gain On Sale Of Business": NaN,
        "Other Special Charges": NaN,
        "Net Non Operating Interest Income Expense": NaN,
        "Total Other Finance Cost": 5920000.0,
        "Interest Expense Non Operating": NaN,
        "Operating Income": NaN,
        "Operating Expense": NaN,
        "Selling General And Administration": NaN,
        "Gross Profit": NaN,
        "Cost Of Revenue": NaN,
        "Total Revenue": NaN,
        "Operating Revenue": NaN
    },
    "2023-09-30": {
        "Tax Effect Of Unusual Items": NaN,
        "Tax Rate For Calcs": NaN,
        "Normalized EBITDA": NaN,
        "Total Unusual Items": NaN,
        "Total Unusual Items Excluding Goodwill": NaN,
        "Net Income From Continuing Operation Net Minority Interest": NaN,
        "Reconciled Depreciation": NaN,
        "Reconciled Cost Of Revenue": NaN,
        "EBITDA": NaN,
        "EBIT": NaN,
        "Net Interest Income": NaN,
        "Interest Expense": NaN,
        "Normalized Income": NaN,
        "Net Income From Continuing And Discontinued Operation": NaN,
        "Total Expenses": NaN,
        "Total Operating Income As Reported": NaN,
        "Diluted Average Shares": NaN,
        "Basic Average Shares": NaN,
        "Diluted EPS": NaN,
        "Basic EPS": NaN,
        "Diluted NI Availto Com Stockholders": NaN,
        "Net Income Common Stockholders": NaN,
        "Net Income": NaN,
        "Net Income Including Noncontrolling Interests": NaN,
        "Net Income Continuous Operations": NaN,
        "Tax Provision": NaN,
        "Pretax Income": NaN,
        "Other Income Expense": NaN,
        "Other Non Operating Income Expenses": NaN,
        "Special Income Charges": NaN,
        "Gain On Sale Of Business": NaN,
        "Other Special Charges": NaN,
        "Net Non Operating Interest Income Expense": NaN,
        "Total Other Finance Cost": 5991000.0,
        "Interest Expense Non Operating": NaN,
        "Operating Income": NaN,
        "Operating Expense": NaN,
        "Research And Development": NaN,
        "Selling General And Administration": NaN,
        "Gross Profit": NaN,
        "Cost Of Revenue": NaN,
        "Total Revenue": NaN,
        "Operating Revenue": NaN
    },
    "2023-12-31": {
        "Tax Effect Of Unusual Items": NaN,
        "Tax Rate For Calcs": NaN,
        "Normalized EBITDA": NaN,
        "Total Unusual Items": 0.0,
        "Total Unusual Items Excluding Goodwill": 0.0,
        "Net Income From Continuing Operation Net Minority Interest": NaN,
        "Reconciled Depreciation": NaN,
        "Reconciled Cost Of Revenue": NaN,
        "EBITDA": NaN,
        "EBIT": NaN,
        "Net Interest Income": NaN,
        "Interest Expense": NaN,
        "Normalized Income": NaN,
        "Net Income From Continuing And Discontinued Operation": NaN,
        "Total Expenses": NaN,
        "Total Operating Income As Reported": NaN,
        "Diluted Average Shares": NaN,
        "Basic Average Shares": NaN,
        "Diluted EPS": NaN,
        "Basic EPS": NaN,
        "Diluted NI Availto Com Stockholders": NaN,
        "Net Income Common Stockholders": NaN,
        "Net Income": NaN,
        "Net Income Including Noncontrolling Interests": NaN,
        "Net Income Continuous Operations": NaN,
        "Tax Provision": NaN,
        "Pretax Income": NaN,
        "Other Income Expense": NaN,
        "Other Non Operating Income Expenses": NaN,
        "Special Income Charges": 0.0,
        "Gain On Sale Of Business": 0.0,
        "Other Special Charges": NaN,
        "Net Non Operating Interest Income Expense": NaN,
        "Total Other Finance Cost": 5947000.0,
        "Interest Expense Non Operating": NaN,
        "Operating Income": NaN,
        "Operating Expense": NaN,
        "Research And Development": NaN,
        "Selling General And Administration": NaN,
        "Gross Profit": NaN,
        "Cost Of Revenue": NaN,
        "Total Revenue": NaN,
        "Operating Revenue": NaN
    },
    "2024-03-31": {
        "Tax Effect Of Unusual Items": NaN,
        "Tax Rate For Calcs": NaN,
        "Normalized EBITDA": NaN,
        "Total Unusual Items": 0.0,
        "Total Unusual Items Excluding Goodwill": 0.0,
        "Net Income From Continuing Operation Net Minority Interest": NaN,
        "Reconciled Depreciation": NaN,
        "Reconciled Cost Of Revenue": NaN,
        "EBITDA": NaN,
        "EBIT": NaN,
        "Net Interest Income": NaN,
        "Interest Expense": 5759000.0,
        "Normalized Income": NaN,
        "Net Income From Continuing And Discontinued Operation": NaN,
        "Total Expenses": NaN,
        "Total Operating Income As Reported": NaN,
        "Diluted Average Shares": NaN,
        "Basic Average Shares": NaN,
        "Diluted EPS": NaN,
        "Basic EPS": NaN,
        "Diluted NI Availto Com Stockholders": NaN,
        "Net Income Common Stockholders": NaN,
        "Net Income": NaN,
        "Net Income Including Noncontrolling Interests": NaN,
        "Net Income Continuous Operations": NaN,
        "Tax Provision": NaN,
        "Pretax Income": NaN,
        "Other Income Expense": NaN,
        "Other Non Operating Income Expenses": NaN,
        "Special Income Charges": 0.0,
        "Gain On Sale Of Business": 0.0,
        "Other Special Charges": NaN,
        "Net Non Operating Interest Income Expense": NaN,
        "Total Other Finance Cost": NaN,
        "Interest Expense Non Operating": 5759000.0,
        "Operating Income": NaN,
        "Operating Expense": NaN,
        "Research And Development": 13323000.0,
        "Selling General And Administration": NaN,
        "Gross Profit": NaN,
        "Cost Of Revenue": NaN,
        "Total Revenue": NaN,
        "Operating Revenue": NaN
    },
    "2024-06-30": {
        "Tax Effect Of Unusual Items": 0.0,
        "Tax Rate For Calcs": 0.21,
        "Normalized EBITDA": 13753000.0,
        "Total Unusual Items": 0.0,
        "Total Unusual Items Excluding Goodwill": 0.0,
        "Net Income From Continuing Operation Net Minority Interest": 1533000.0,
        "Reconciled Depreciation": 6203000.0,
        "Reconciled Cost Of Revenue": 142546000.0,
        "EBITDA": 13753000.0,
        "EBIT": 7550000.0,
        "Net Interest Income": -5856000.0,
        "Interest Expense": NaN,
        "Normalized Income": 1533000.0,
        "Net Income From Continuing And Discontinued Operation": 1533000.0,
        "Total Expenses": 190564000.0,
        "Total Operating Income As Reported": 7550000.0,
        "Diluted Average Shares": 38325000.0,
        "Basic Average Shares": 38325000.0,
        "Diluted EPS": 0.04,
        "Basic EPS": 0.04,
        "Diluted NI Availto Com Stockholders": 1533000.0,
        "Net Income Common Stockholders": 1533000.0,
        "Net Income": 1533000.0,
        "Net Income Including Noncontrolling Interests": 1533000.0,
        "Net Income Continuous Operations": 1533000.0,
        "Tax Provision": -274000.0,
        "Pretax Income": 1259000.0,
        "Other Income Expense": -435000.0,
        "Other Non Operating Income Expenses": -435000.0,
        "Special Income Charges": 0.0,
        "Gain On Sale Of Business": 0.0,
        "Other Special Charges": NaN,
        "Net Non Operating Interest Income Expense": -5856000.0,
        "Total Other Finance Cost": 5856000.0,
        "Interest Expense Non Operating": NaN,
        "Operating Income": 7550000.0,
        "Operating Expense": 48018000.0,
        "Research And Development": 14214000.0,
        "Selling General And Administration": 33804000.0,
        "Gross Profit": 55568000.0,
        "Cost Of Revenue": 142546000.0,
        "Total Revenue": 198114000.0,
        "Operating Revenue": 198114000.0
    },
    "2024-09-30": {
        "Tax Effect Of Unusual Items": -1467270.0,
        "Tax Rate For Calcs": 0.21,
        "Normalized EBITDA": 21402000.0,
        "Total Unusual Items": -6987000.0,
        "Total Unusual Items Excluding Goodwill": -6987000.0,
        "Net Income From Continuing Operation Net Minority Interest": -11738000.0,
        "Reconciled Depreciation": 6041000.0,
        "Reconciled Cost Of Revenue": 160955000.0,
        "EBITDA": 14415000.0,
        "EBIT": 8374000.0,
        "Net Interest Income": -6217000.0,
        "Interest Expense": NaN,
        "Normalized Income": -6218270.0,
        "Net Income From Continuing And Discontinued Operation": -11738000.0,
        "Total Expenses": 195324000.0,
        "Total Operating Income As Reported": 8374000.0,
        "Diluted Average Shares": 35011000.0,
        "Basic Average Shares": 34523529.0,
        "Diluted EPS": -0.34,
        "Basic EPS": -0.34,
        "Diluted NI Availto Com Stockholders": -11738000.0,
        "Net Income Common Stockholders": -11738000.0,
        "Net Income": -11738000.0,
        "Net Income Including Noncontrolling Interests": -11738000.0,
        "Net Income Continuous Operations": -11738000.0,
        "Tax Provision": 6565000.0,
        "Pretax Income": -5173000.0,
        "Other Income Expense": -7330000.0,
        "Other Non Operating Income Expenses": -343000.0,
        "Special Income Charges": -6987000.0,
        "Gain On Sale Of Business": 0.0,
        "Other Special Charges": 6987000.0,
        "Net Non Operating Interest Income Expense": -6217000.0,
        "Total Other Finance Cost": 6217000.0,
        "Interest Expense Non Operating": NaN,
        "Operating Income": 8374000.0,
        "Operating Expense": 34369000.0,
        "Research And Development": NaN,
        "Selling General And Administration": 34369000.0,
        "Gross Profit": 42743000.0,
        "Cost Of Revenue": 160955000.0,
        "Total Revenue": 203698000.0,
        "Operating Revenue": 203698000.0
    },
    "2024-12-31": {
        "Tax Effect Of Unusual Items": -663810.0,
        "Tax Rate For Calcs": 0.21,
        "Normalized EBITDA": 17931000.0,
        "Total Unusual Items": -3161000.0,
        "Total Unusual Items Excluding Goodwill": -3161000.0,
        "Net Income From Continuing Operation Net Minority Interest": -2832000.0,
        "Reconciled Depreciation": 5894000.0,
        "Reconciled Cost Of Revenue": 158486000.0,
        "EBITDA": 14770000.0,
        "EBIT": 8876000.0,
        "Net Interest Income": -4166000.0,
        "Interest Expense": NaN,
        "Normalized Income": -334810.0,
        "Net Income From Continuing And Discontinued Operation": -2832000.0,
        "Total Expenses": 199664000.0,
        "Total Operating Income As Reported": 8876000.0,
        "Diluted Average Shares": 35400000.0,
        "Basic Average Shares": 35400000.0,
        "Diluted EPS": -0.08,
        "Basic EPS": -0.08,
        "Diluted NI Availto Com Stockholders": -2832000.0,
        "Net Income Common Stockholders": -2832000.0,
        "Net Income": -2832000.0,
        "Net Income Including Noncontrolling Interests": -2832000.0,
        "Net Income Continuous Operations": -2832000.0,
        "Tax Provision": 3408000.0,
        "Pretax Income": 576000.0,
        "Other Income Expense": -4134000.0,
        "Other Non Operating Income Expenses": -973000.0,
        "Special Income Charges": -3161000.0,
        "Gain On Sale Of Business": 0.0,
        "Other Special Charges": 3161000.0,
        "Net Non Operating Interest Income Expense": -4166000.0,
        "Total Other Finance Cost": 4166000.0,
        "Interest Expense Non Operating": NaN,
        "Operating Income": 8876000.0,
        "Operating Expense": 41178000.0,
        "Research And Development": NaN,
        "Selling General And Administration": 41178000.0,
        "Gross Profit": 50054000.0,
        "Cost Of Revenue": 158486000.0,
        "Total Revenue": 208540000.0,
        "Operating Revenue": 208540000.0
    },
    "2025-03-31": {
        "Tax Effect Of Unusual Items": 0.0,
        "Tax Rate For Calcs": 0.063,
        "Normalized EBITDA": 18912000.0,
        "Total Unusual Items": NaN,
        "Total Unusual Items Excluding Goodwill": NaN,
        "Net Income From Continuing Operation Net Minority Interest": 9528000.0,
        "Reconciled Depreciation": 5588000.0,
        "Reconciled Cost Of Revenue": 145087000.0,
        "EBITDA": 18912000.0,
        "EBIT": 13324000.0,
        "Net Interest Income": -3150000.0,
        "Interest Expense": 3150000.0,
        "Normalized Income": 9528000.0,
        "Net Income From Continuing And Discontinued Operation": 9528000.0,
        "Total Expenses": 192799000.0,
        "Total Operating Income As Reported": 13137000.0,
        "Diluted Average Shares": 42957000.0,
        "Basic Average Shares": 35288889.0,
        "Diluted EPS": 0.26,
        "Basic EPS": 0.27,
        "Diluted NI Availto Com Stockholders": 9528000.0,
        "Net Income Common Stockholders": 9528000.0,
        "Net Income": 9528000.0,
        "Net Income Including Noncontrolling Interests": 9528000.0,
        "Net Income Continuous Operations": 9528000.0,
        "Tax Provision": 646000.0,
        "Pretax Income": 10174000.0,
        "Other Income Expense": 187000.0,
        "Other Non Operating Income Expenses": 187000.0,
        "Special Income Charges": NaN,
        "Gain On Sale Of Business": NaN,
        "Other Special Charges": NaN,
        "Net Non Operating Interest Income Expense": -3150000.0,
        "Total Other Finance Cost": NaN,
        "Interest Expense Non Operating": 3150000.0,
        "Operating Income": 13137000.0,
        "Operating Expense": 47712000.0,
        "Research And Development": 11067000.0,
        "Selling General And Administration": 36645000.0,
        "Gross Profit": 60849000.0,
        "Cost Of Revenue": 145087000.0,
        "Total Revenue": 205936000.0,
        "Operating Revenue": 205936000.0
    },
    "2025-06-30": {
        "Tax Effect Of Unusual Items": 0.0,
        "Tax Rate For Calcs": 0.29,
        "Normalized EBITDA": 10136000.0,
        "Total Unusual Items": NaN,
        "Total Unusual Items Excluding Goodwill": NaN,
        "Net Income From Continuing Operation Net Minority Interest": 1314000.0,
        "Reconciled Depreciation": 5378000.0,
        "Reconciled Cost Of Revenue": 151851000.0,
        "EBITDA": 10136000.0,
        "EBIT": 4758000.0,
        "Net Interest Income": -3097000.0,
        "Interest Expense": NaN,
        "Normalized Income": 1314000.0,
        "Net Income From Continuing And Discontinued Operation": 1314000.0,
        "Total Expenses": 199920000.0,
        "Total Operating Income As Reported": 4758000.0,
        "Diluted Average Shares": 36368000.0,
        "Basic Average Shares": 32850000.0,
        "Diluted EPS": 0.04,
        "Basic EPS": 0.04,
        "Diluted NI Availto Com Stockholders": 1314000.0,
        "Net Income Common Stockholders": 1314000.0,
        "Net Income": 1314000.0,
        "Net Income Including Noncontrolling Interests": 1314000.0,
        "Net Income Continuous Operations": 1314000.0,
        "Tax Provision": 537000.0,
        "Pretax Income": 1851000.0,
        "Other Income Expense": 190000.0,
        "Other Non Operating Income Expenses": 190000.0,
        "Special Income Charges": NaN,
        "Gain On Sale Of Business": NaN,
        "Other Special Charges": NaN,
        "Net Non Operating Interest Income Expense": -3097000.0,
        "Total Other Finance Cost": 3097000.0,
        "Interest Expense Non Operating": NaN,
        "Operating Income": 4758000.0,
        "Operating Expense": 48069000.0,
        "Research And Development": 11572000.0,
        "Selling General And Administration": 36497000.0,
        "Gross Profit": 52827000.0,
        "Cost Of Revenue": 151851000.0,
        "Total Revenue": 204678000.0,
        "Operating Revenue": 204678000.0
    }
}