{
    "2023-03-31": {
        "Tax Effect Of Unusual Items": -420968.798223,
        "Tax Rate For Calcs": 0.241936,
        "Normalized EBITDA": 134950000.0,
        "Total Unusual Items": -1740000.0,
        "Total Unusual Items Excluding Goodwill": -1740000.0,
        "Net Income From Continuing Operation Net Minority Interest": 20141000.0,
        "Reconciled Depreciation": 90936000.0,
        "Reconciled Cost Of Revenue": 402055000.0,
        "EBITDA": 133210000.0,
        "EBIT": 42274000.0,
        "Net Interest Income": -15490000.0,
        "Interest Expense": 15705000.0,
        "Interest Income": 215000.0,
        "Normalized Income": 21460031.201777,
        "Net Income From Continuing And Discontinued Operation": 20141000.0,
        "Total Expenses": 453672000.0,
        "Rent Expense Supplemental": 12236000.0,
        "Total Operating Income As Reported": 47423000.0,
        "Diluted Average Shares": 83057000.0,
        "Basic Average Shares": 71802000.0,
        "Diluted EPS": 0.25,
        "Basic EPS": 0.28,
        "Diluted NI Availto Com Stockholders": 20809000.0,
        "Average Dilution Earnings": 668000.0,
        "Net Income Common Stockholders": 20141000.0,
        "Net Income": 20141000.0,
        "Net Income Including Noncontrolling Interests": 20141000.0,
        "Net Income Discontinuous Operations": 0.0,
        "Net Income Continuous Operations": 20141000.0,
        "Tax Provision": 6428000.0,
        "Pretax Income": 26569000.0,
        "Other Income Expense": -5364000.0,
        "Other Non Operating Income Expenses": -3218000.0,
        "Earnings From Equity Interest": -406000.0,
        "Gain On Sale Of Security": -1740000.0,
        "Net Non Operating Interest Income Expense": -15490000.0,
        "Interest Expense Non Operating": 15705000.0,
        "Interest Income Non Operating": 215000.0,
        "Operating Income": 47423000.0,
        "Operating Expense": 51617000.0,
        "Other Operating Expenses": 49069000.0,
        "Selling General And Administration": 2548000.0,
        "General And Administrative Expense": 2548000.0,
        "Insurance And Claims": 2548000.0,
        "Gross Profit": 99040000.0,
        "Cost Of Revenue": 402055000.0,
        "Total Revenue": 501095000.0,
        "Operating Revenue": 501095000.0
    },
    "2022-12-31": {
        "Tax Effect Of Unusual Items": -117867.698689,
        "Tax Rate For Calcs": 0.310178,
        "Normalized EBITDA": 165995000.0,
        "Total Unusual Items": -380000.0,
        "Total Unusual Items Excluding Goodwill": -380000.0,
        "Net Income From Continuing Operation Net Minority Interest": 42244000.0,
        "Reconciled Depreciation": 90542000.0,
        "Reconciled Cost Of Revenue": 407956000.0,
        "EBITDA": 165615000.0,
        "EBIT": 75073000.0,
        "Net Interest Income": -13499000.0,
        "Interest Expense": 13834000.0,
        "Interest Income": 335000.0,
        "Normalized Income": 42506132.301311,
        "Net Income From Continuing And Discontinued Operation": 42651000.0,
        "Total Expenses": 460512000.0,
        "Rent Expense Supplemental": 12033000.0,
        "Total Operating Income As Reported": 72513000.0,
        "Diluted Average Shares": 86380000.0,
        "Basic Average Shares": 72590000.0,
        "Diluted EPS": 0.5,
        "Basic EPS": 0.58,
        "Diluted NI Availto Com Stockholders": 41259000.0,
        "Average Dilution Earnings": 751000.0,
        "Net Income Common Stockholders": 40508000.0,
        "Net Income": 42651000.0,
        "Net Income Including Noncontrolling Interests": 42651000.0,
        "Net Income Discontinuous Operations": 407000.0,
        "Net Income Continuous Operations": 42244000.0,
        "Tax Provision": 18995000.0,
        "Pretax Income": 61239000.0,
        "Other Income Expense": 2225000.0,
        "Other Non Operating Income Expenses": 4635000.0,
        "Earnings From Equity Interest": -2030000.0,
        "Gain On Sale Of Security": -380000.0,
        "Net Non Operating Interest Income Expense": -13499000.0,
        "Interest Expense Non Operating": 13834000.0,
        "Interest Income Non Operating": 335000.0,
        "Operating Income": 72513000.0,
        "Operating Expense": 52556000.0,
        "Other Operating Expenses": 50114000.0,
        "Selling General And Administration": 2442000.0,
        "General And Administrative Expense": 2442000.0,
        "Insurance And Claims": 2442000.0,
        "Gross Profit": 125069000.0,
        "Cost Of Revenue": 407956000.0,
        "Total Revenue": 533025000.0,
        "Operating Revenue": 533025000.0
    },
    "2022-09-30": {
        "Tax Effect Of Unusual Items": 157746.287967,
        "Tax Rate For Calcs": 0.226973,
        "Normalized EBITDA": 76396000.0,
        "Total Unusual Items": 695000.0,
        "Total Unusual Items Excluding Goodwill": 695000.0,
        "Net Income From Continuing Operation Net Minority Interest": 50188000.0,
        "Reconciled Depreciation": 89486000.0,
        "Reconciled Cost Of Revenue": 394282000.0,
        "EBITDA": 77091000.0,
        "EBIT": 77091000.0,
        "Net Interest Income": -12111000.0,
        "Interest Expense": 12167000.0,
        "Interest Income": 56000.0,
        "Normalized Income": 49650746.287967,
        "Net Income From Continuing And Discontinued Operation": 51042000.0,
        "Total Expenses": 444257000.0,
        "Rent Expense Supplemental": 12593000.0,
        "Total Operating Income As Reported": 72659000.0,
        "Diluted Average Shares": 88746000.0,
        "Basic Average Shares": 73998000.0,
        "Diluted EPS": 0.58,
        "Basic EPS": 0.69,
        "Diluted NI Availto Com Stockholders": 51042000.0,
        "Average Dilution Earnings": 658000.0,
        "Net Income Common Stockholders": 51042000.0,
        "Net Income": 51042000.0,
        "Net Income Including Noncontrolling Interests": 51042000.0,
        "Net Income Discontinuous Operations": 854000.0,
        "Net Income Continuous Operations": 50188000.0,
        "Tax Provision": 14736000.0,
        "Pretax Income": 64924000.0,
        "Other Income Expense": 4376000.0,
        "Other Non Operating Income Expenses": 4635000.0,
        "Earnings From Equity Interest": -954000.0,
        "Gain On Sale Of Security": 695000.0,
        "Net Non Operating Interest Income Expense": -12111000.0,
        "Interest Expense Non Operating": 12167000.0,
        "Interest Income Non Operating": 56000.0,
        "Operating Income": 72659000.0,
        "Operating Expense": 49975000.0,
        "Other Operating Expenses": 47629000.0,
        "Selling General And Administration": 2346000.0,
        "General And Administrative Expense": 2346000.0,
        "Insurance And Claims": 2346000.0,
        "Gross Profit": 122634000.0,
        "Cost Of Revenue": 394282000.0,
        "Total Revenue": 516916000.0,
        "Operating Revenue": 516916000.0
    },
    "2022-06-30": {
        "Tax Effect Of Unusual Items": 1305493.718412,
        "Tax Rate For Calcs": 0.217184,
        "Normalized EBITDA": 72700000.0,
        "Total Unusual Items": 6011000.0,
        "Total Unusual Items Excluding Goodwill": 6011000.0,
        "Net Income From Continuing Operation Net Minority Interest": 54210000.0,
        "Reconciled Depreciation": 87575000.0,
        "Reconciled Cost Of Revenue": 387984000.0,
        "EBITDA": 78711000.0,
        "EBIT": 78711000.0,
        "Net Interest Income": -9446000.0,
        "Interest Expense": 9461000.0,
        "Interest Income": 15000.0,
        "Normalized Income": 49504493.718412,
        "Net Income From Continuing And Discontinued Operation": 55092000.0,
        "Total Expenses": 439151000.0,
        "Rent Expense Supplemental": 11153000.0,
        "Total Operating Income As Reported": 70517000.0,
        "Diluted Average Shares": 89449000.0,
        "Basic Average Shares": 73980000.0,
        "Diluted EPS": 0.62,
        "Basic EPS": 0.74,
        "Diluted NI Availto Com Stockholders": 55092000.0,
        "Average Dilution Earnings": 655000.0,
        "Net Income Common Stockholders": 55092000.0,
        "Net Income": 55092000.0,
        "Net Income Including Noncontrolling Interests": 55092000.0,
        "Net Income Discontinuous Operations": 882000.0,
        "Net Income Continuous Operations": 54210000.0,
        "Tax Provision": 15040000.0,
        "Pretax Income": 69250000.0,
        "Other Income Expense": 8179000.0,
        "Other Non Operating Income Expenses": 5388000.0,
        "Earnings From Equity Interest": -3220000.0,
        "Gain On Sale Of Security": 6011000.0,
        "Net Non Operating Interest Income Expense": -9446000.0,
        "Interest Expense Non Operating": 9461000.0,
        "Interest Income Non Operating": 15000.0,
        "Operating Income": 70517000.0,
        "Operating Expense": 51167000.0,
        "Other Operating Expenses": 48841000.0,
        "Selling General And Administration": 2326000.0,
        "General And Administrative Expense": 2326000.0,
        "Other Gand A": 28480000.0,
        "Insurance And Claims": 2326000.0,
        "Gross Profit": 121684000.0,
        "Cost Of Revenue": 387984000.0,
        "Total Revenue": 509668000.0,
        "Operating Revenue": 509668000.0
    },
    "2023-06-30": {
        "Tax Effect Of Unusual Items": 428349.483334,
        "Tax Rate For Calcs": 0.235616,
        "Normalized EBITDA": 152395000.0,
        "Total Unusual Items": 1818000.0,
        "Total Unusual Items Excluding Goodwill": 1818000.0,
        "Net Income From Continuing Operation Net Minority Interest": 38022000.0,
        "Reconciled Depreciation": 87799000.0,
        "Reconciled Cost Of Revenue": 403556000.0,
        "EBITDA": 154213000.0,
        "EBIT": 66414000.0,
        "Net Interest Income": -16492000.0,
        "Interest Expense": 16672000.0,
        "Interest Income": 180000.0,
        "Normalized Income": 36632349.483334,
        "Net Income From Continuing And Discontinued Operation": 38022000.0,
        "Total Expenses": 459598000.0,
        "Rent Expense Supplemental": 13018000.0,
        "Total Operating Income As Reported": 69741000.0,
        "Diluted Average Shares": 79515000.0,
        "Basic Average Shares": 70722000.0,
        "Diluted EPS": 0.49,
        "Basic EPS": 0.54,
        "Diluted NI Availto Com Stockholders": 38802000.0,
        "Average Dilution Earnings": 780000.0,
        "Net Income Common Stockholders": 38022000.0,
        "Net Income": 38022000.0,
        "Net Income Including Noncontrolling Interests": 38022000.0,
        "Net Income Discontinuous Operations": 0.0,
        "Net Income Continuous Operations": 38022000.0,
        "Tax Provision": 11720000.0,
        "Pretax Income": 49742000.0,
        "Other Income Expense": -3507000.0,
        "Other Non Operating Income Expenses": -3218000.0,
        "Earnings From Equity Interest": -2107000.0,
        "Gain On Sale Of Security": 1818000.0,
        "Net Non Operating Interest Income Expense": -16492000.0,
        "Interest Expense Non Operating": 16672000.0,
        "Interest Income Non Operating": 180000.0,
        "Operating Income": 69741000.0,
        "Operating Expense": 56042000.0,
        "Other Operating Expenses": 53358000.0,
        "Selling General And Administration": 2684000.0,
        "General And Administrative Expense": 2684000.0,
        "Insurance And Claims": 2684000.0,
        "Gross Profit": 125783000.0,
        "Cost Of Revenue": 403556000.0,
        "Total Revenue": 529339000.0,
        "Operating Revenue": 529339000.0
    },
    "2022-03-31": {
        "Diluted EPS": 0.57,
        "Total Revenue": 486,
        "Gross Profit": 426,
        "Operating Income": 70,
        "EBIT": 160,
        "Net Income": 50
    },
    "2021-12-31": {
        "Diluted EPS": 0.76,
        "Total Revenue": 482,
        "Gross Profit": 426,
        "Operating Income": 80,
        "EBIT": 174,
        "Net Income": 45
    },
    "2021-09-30": {
        "Diluted EPS": 0.84,
        "Total Revenue": 466,
        "Gross Profit": 416,
        "Operating Income": 100,
        "EBIT": 188,
        "Net Income": 65
    },
    "2021-06-30": {
        "Diluted EPS": 0.74,
        "Total Revenue": 410,
        "Gross Profit": 373,
        "Operating Income": 85,
        "EBIT": 170,
        "Net Income": 80
    },
    "2021-03-31": {
        "Diluted EPS": 0.49,
        "Total Revenue": 376,
        "Gross Profit": 346,
        "Operating Income": 57,
        "EBIT": 138,
        "Net Income": 42
    },
    "2020-12-31": {
        "Diluted EPS": 1.5,
        "Total Revenue": 399,
        "Gross Profit": 368,
        "Operating Income": 59,
        "EBIT": 142,
        "Net Income": 5
    },
    "2020-09-30": {
        "Diluted EPS": -0.09,
        "Total Revenue": 404,
        "Gross Profit": 368,
        "Operating Income": 74,
        "EBIT": 152,
        "Net Income": -6
    },
    "2020-06-30": {
        "Diluted EPS": -1.77,
        "Total Revenue": 378,
        "Gross Profit": 341,
        "Operating Income": 23,
        "EBIT": 101,
        "Net Income": -105
    },
    "2020-03-31": {
        "Diluted EPS": 0.9,
        "Total Revenue": 389,
        "Gross Profit": 345,
        "Operating Income": 50,
        "EBIT": 129,
        "Net Income": 138
    },
    "2019-12-31": {
        "Diluted EPS": 0.79,
        "Total Revenue": 403,
        "Gross Profit": 359,
        "Operating Income": 52,
        "EBIT": 129,
        "Net Income": -40
    },
    "2019-09-30": {
        "Diluted EPS": 0.2,
        "Total Revenue": 366,
        "Gross Profit": 325,
        "Operating Income": 41,
        "EBIT": 114,
        "Net Income": 105
    },
    "2019-06-30": {
        "Diluted EPS": -0.45,
        "Total Revenue": 335,
        "Gross Profit": 300,
        "Operating Income": 37,
        "EBIT": 109,
        "Net Income": -27
    },
    "2019-03-31": {
        "Diluted EPS": 0.25,
        "Total Revenue": 348,
        "Gross Profit": 313,
        "Operating Income": 47,
        "EBIT": 118,
        "Net Income": 23
    },
    "2018-12-31": {
        "Diluted EPS": 0.19,
        "Total Revenue": 281,
        "Gross Profit": 259,
        "Operating Income": 33,
        "EBIT": 95,
        "Net Income": -4
    },
    "2018-09-30": {
        "Diluted EPS": 0.24,
        "Total Revenue": 205,
        "Gross Profit": 199,
        "Operating Income": 27,
        "EBIT": 75,
        "Net Income": 33
    },
    "2018-06-30": {
        "Diluted EPS": 0.21,
        "Total Revenue": 204,
        "Gross Profit": 198,
        "Operating Income": 24,
        "EBIT": 75,
        "Net Income": 25
    },
    "2018-03-31": {
        "Diluted EPS": 0.27,
        "Total Revenue": 203,
        "Gross Profit": 197,
        "Operating Income": 28,
        "EBIT": 75,
        "Net Income": 16
    },
    "2017-12-31": {
        "Diluted EPS": 1.65,
        "Total Revenue": 323,
        "Gross Profit": 275,
        "Operating Income": 34,
        "EBIT": 84,
        "Net Income": 95
    },
    "2017-09-30": {
        "Diluted EPS": -0.56,
        "Total Revenue": 254,
        "Gross Profit": 220,
        "Operating Income": 24,
        "EBIT": 67,
        "Net Income": -33
    },
    "2017-06-30": {
        "Diluted EPS": -0.91,
        "Total Revenue": 253,
        "Gross Profit": 221,
        "Operating Income": 23,
        "EBIT": 65,
        "Net Income": -54
    },
    "2017-03-31": {
        "Diluted EPS": 0.13,
        "Total Revenue": 238,
        "Gross Profit": 203,
        "Operating Income": 18,
        "EBIT": 58,
        "Net Income": 10
    },
    "2016-12-31": {
        "Diluted EPS": 0.08,
        "Total Revenue": 222,
        "Gross Profit": 193,
        "Operating Income": 25,
        "EBIT": 64,
        "Net Income": 2
    },
    "2016-09-30": {
        "Diluted EPS": 0.04,
        "Total Revenue": 193,
        "Gross Profit": 169,
        "Operating Income": 14,
        "EBIT": 51,
        "Net Income": 2
    },
    "2016-06-30": {
        "Diluted EPS": 0.12,
        "Total Revenue": 177,
        "Gross Profit": 159,
        "Operating Income": 16,
        "EBIT": 51,
        "Net Income": 12
    },
    "2016-03-31": {
        "Diluted EPS": 0.13,
        "Total Revenue": 177,
        "Gross Profit": 161,
        "Operating Income": 15,
        "EBIT": 49,
        "Net Income": 8
    },
    "2015-12-31": {
        "Diluted EPS": 0.23,
        "Total Revenue": 182,
        "Gross Profit": 164,
        "Operating Income": 23,
        "EBIT": 57,
        "Net Income": 15
    },
    "2015-09-30": {
        "Diluted EPS": 0.1,
        "Total Revenue": 142,
        "Gross Profit": 130,
        "Operating Income": 13,
        "EBIT": 44,
        "Net Income": 7
    },
    "2015-06-30": {
        "Diluted EPS": 0.16,
        "Total Revenue": 148,
        "Gross Profit": 136,
        "Operating Income": 20,
        "EBIT": 52,
        "Net Income": 11
    },
    "2015-03-31": {
        "Diluted EPS": 0.14,
        "Total Revenue": 147,
        "Gross Profit": 136,
        "Operating Income": 18,
        "EBIT": 46,
        "Net Income": 9
    },
    "2014-12-31": {
        "Diluted EPS": 0.06,
        "Total Revenue": 158,
        "Gross Profit": 145,
        "Operating Income": 14,
        "EBIT": 43,
        "Net Income": 4
    },
    "2014-09-30": {
        "Diluted EPS": 0.15,
        "Total Revenue": 138,
        "Gross Profit": 124,
        "Operating Income": 18,
        "EBIT": 44,
        "Net Income": 10
    },
    "2014-06-30": {
        "Diluted EPS": 0.15,
        "Total Revenue": 150,
        "Gross Profit": 136,
        "Operating Income": 18,
        "EBIT": 45,
        "Net Income": 10
    },
    "2014-03-31": {
        "Diluted EPS": 0.1,
        "Total Revenue": 144,
        "Gross Profit": 131,
        "Operating Income": 14,
        "EBIT": 37,
        "Net Income": 7
    },
    "2013-12-31": {
        "Diluted EPS": -0.67,
        "Total Revenue": 157,
        "Gross Profit": 146,
        "Operating Income": -34,
        "EBIT": 43,
        "Net Income": -43
    },
    "2013-09-30": {
        "Diluted EPS": 0.12,
        "Total Revenue": 141,
        "Gross Profit": 130,
        "Operating Income": 17,
        "EBIT": 39,
        "Net Income": 8
    },
    "2013-06-30": {
        "Diluted EPS": 0.11,
        "Total Revenue": 139,
        "Gross Profit": 126,
        "Operating Income": 14,
        "EBIT": 35,
        "Net Income": 7
    },
    "2013-03-31": {
        "Diluted EPS": 0.13,
        "Total Revenue": 143,
        "Gross Profit": 129,
        "Operating Income": 16,
        "EBIT": 36,
        "Net Income": 9
    },
    "2012-12-31": {
        "Diluted EPS": 0.18,
        "Total Revenue": 155,
        "Gross Profit": 141,
        "Operating Income": 21,
        "EBIT": 42,
        "Net Income": 12
    },
    "2012-09-30": {
        "Diluted EPS": 0.18,
        "Total Revenue": 154,
        "Gross Profit": 142,
        "Operating Income": 22,
        "EBIT": 40,
        "Net Income": 11
    },
    "2012-06-30": {
        "Diluted EPS": 0.17,
        "Total Revenue": 154,
        "Gross Profit": 139,
        "Operating Income": 22,
        "EBIT": 45,
        "Net Income": 11
    },
    "2012-03-31": {
        "Diluted EPS": 0.1,
        "Total Revenue": 146,
        "Gross Profit": 132,
        "Operating Income": 14,
        "EBIT": 33,
        "Net Income": 6
    },
    "2011-12-31": {
        "Diluted EPS": 0.21,
        "Total Revenue": 166,
        "Gross Profit": 147,
        "Operating Income": 26,
        "EBIT": 47,
        "Net Income": 13
    },
    "2011-09-30": {
        "Diluted EPS": -0.08,
        "Total Revenue": 195,
        "Gross Profit": 154,
        "Operating Income": -2,
        "EBIT": 23,
        "Net Income": -5
    },
    "2011-06-30": {
        "Diluted EPS": 0.19,
        "Total Revenue": 193,
        "Gross Profit": 144,
        "Operating Income": 23,
        "EBIT": 47,
        "Net Income": 12
    },
    "2011-03-31": {
        "Diluted EPS": 0.04,
        "Total Revenue": 175,
        "Gross Profit": 135,
        "Operating Income": 15,
        "EBIT": 36,
        "Net Income": 3
    },
    "2010-12-31": {
        "Diluted EPS": 0.18,
        "Total Revenue": 179,
        "Gross Profit": 143,
        "Operating Income": 24,
        "EBIT": 45,
        "Net Income": 12
    },
    "2010-09-30": {
        "Diluted EPS": 0.17,
        "Total Revenue": 168,
        "Gross Profit": 134,
        "Operating Income": 21,
        "EBIT": 42,
        "Net Income": 11
    },
    "2010-06-30": {
        "Diluted EPS": 0.15,
        "Total Revenue": 160,
        "Gross Profit": 126,
        "Operating Income": 20,
        "EBIT": 41,
        "Net Income": 10
    },
    "2010-03-31": {
        "Diluted EPS": 0.12,
        "Total Revenue": 161,
        "Gross Profit": 130,
        "Operating Income": 16,
        "EBIT": 37,
        "Net Income": 7
    },
    "2009-12-31": {
        "Diluted EPS": 0.17,
        "Total Revenue": 251,
        "Gross Profit": 217,
        "Operating Income": 23,
        "EBIT": 46,
        "Net Income": 12
    },
    "2009-09-30": {
        "Diluted EPS": 0.06,
        "Total Revenue": 174,
        "Gross Profit": 147,
        "Operating Income": 11,
        "EBIT": 39,
        "Net Income": 4
    },
    "2009-06-30": {
        "Diluted EPS": 0.13,
        "Total Revenue": 187,
        "Gross Profit": 163,
        "Operating Income": 17,
        "EBIT": 47,
        "Net Income": 8
    },
    "2009-03-31": {
        "Diluted EPS": 0.18,
        "Total Revenue": 212,
        "Gross Profit": 187,
        "Operating Income": 21,
        "EBIT": 51,
        "Net Income": 11
    },
    "2023-09-30": {
        "Tax Effect Of Unusual Items": NaN,
        "Tax Rate For Calcs": NaN,
        "Normalized EBITDA": NaN,
        "Total Unusual Items": NaN,
        "Total Unusual Items Excluding Goodwill": NaN,
        "Net Income From Continuing Operation Net Minority Interest": NaN,
        "Reconciled Depreciation": NaN,
        "Reconciled Cost Of Revenue": NaN,
        "EBITDA": NaN,
        "EBIT": NaN,
        "Net Interest Income": NaN,
        "Interest Expense": NaN,
        "Interest Income": NaN,
        "Normalized Income": NaN,
        "Net Income From Continuing And Discontinued Operation": NaN,
        "Total Expenses": NaN,
        "Rent Expense Supplemental": NaN,
        "Total Operating Income As Reported": NaN,
        "Diluted Average Shares": 72672000.0,
        "Basic Average Shares": 67253000.0,
        "Diluted EPS": 0.24,
        "Basic EPS": 0.26,
        "Diluted NI Availto Com Stockholders": NaN,
        "Average Dilution Earnings": NaN,
        "Net Income Common Stockholders": NaN,
        "Net Income": NaN,
        "Net Income Including Noncontrolling Interests": NaN,
        "Net Income Discontinuous Operations": NaN,
        "Net Income Continuous Operations": NaN,
        "Tax Provision": NaN,
        "Pretax Income": NaN,
        "Other Income Expense": NaN,
        "Other Non Operating Income Expenses": NaN,
        "Earnings From Equity Interest": NaN,
        "Gain On Sale Of Security": NaN,
        "Net Non Operating Interest Income Expense": NaN,
        "Interest Expense Non Operating": NaN,
        "Interest Income Non Operating": NaN,
        "Operating Income": NaN,
        "Operating Expense": NaN,
        "Other Operating Expenses": NaN,
        "Selling General And Administration": NaN,
        "General And Administrative Expense": NaN,
        "Insurance And Claims": NaN,
        "Gross Profit": NaN,
        "Cost Of Revenue": NaN,
        "Total Revenue": NaN,
        "Operating Revenue": NaN
    },
    "2023-12-31": {
        "Tax Effect Of Unusual Items": -722.981207,
        "Tax Rate For Calcs": 0.000257,
        "Normalized EBITDA": 102001000.0,
        "Total Unusual Items": -2818000.0,
        "Total Unusual Items Excluding Goodwill": -2818000.0,
        "Net Income From Continuing Operation Net Minority Interest": -15587000.0,
        "Reconciled Depreciation": 93823000.0,
        "Reconciled Cost Of Revenue": 422685000.0,
        "EBITDA": 99183000.0,
        "EBIT": 5360000.0,
        "Net Interest Income": -21706000.0,
        "Interest Expense": 20951000.0,
        "Interest Income": 181000.0,
        "Normalized Income": -12769722.981207,
        "Net Income From Continuing And Discontinued Operation": -15008000.0,
        "Total Expenses": 480402000.0,
        "Rent Expense Supplemental": 11853000.0,
        "Total Operating Income As Reported": 36638000.0,
        "Diluted Average Shares": 64876000.0,
        "Basic Average Shares": 64876000.0,
        "Diluted EPS": -0.24,
        "Basic EPS": -0.24,
        "Diluted NI Availto Com Stockholders": -15494000.0,
        "Average Dilution Earnings": 93000.0,
        "Net Income Common Stockholders": -15587000.0,
        "Net Income": -15008000.0,
        "Net Income Including Noncontrolling Interests": -15008000.0,
        "Net Income Discontinuous Operations": 579000.0,
        "Net Income Continuous Operations": -15587000.0,
        "Tax Provision": -4000.0,
        "Pretax Income": -15591000.0,
        "Other Income Expense": -30523000.0,
        "Other Non Operating Income Expenses": -27363000.0,
        "Earnings From Equity Interest": -342000.0,
        "Gain On Sale Of Security": -2818000.0,
        "Net Non Operating Interest Income Expense": -21706000.0,
        "Interest Expense Non Operating": 20951000.0,
        "Interest Income Non Operating": 181000.0,
        "Operating Income": 36638000.0,
        "Operating Expense": 57717000.0,
        "Other Operating Expenses": 56214000.0,
        "Selling General And Administration": 1503000.0,
        "General And Administrative Expense": 1503000.0,
        "Insurance And Claims": 1503000.0,
        "Gross Profit": 94355000.0,
        "Cost Of Revenue": 422685000.0,
        "Total Revenue": 517040000.0,
        "Operating Revenue": 517040000.0
    },
    "2024-03-31": {
        "Tax Effect Of Unusual Items": 730050.0,
        "Tax Rate For Calcs": 0.31,
        "Normalized EBITDA": 127044000.0,
        "Total Unusual Items": 2355000.0,
        "Total Unusual Items Excluding Goodwill": 2355000.0,
        "Net Income From Continuing Operation Net Minority Interest": 8619000.0,
        "Reconciled Depreciation": 94965000.0,
        "Reconciled Cost Of Revenue": 402558000.0,
        "EBITDA": 129399000.0,
        "EBIT": 34434000.0,
        "Net Interest Income": -21749000.0,
        "Interest Expense": 21988000.0,
        "Interest Income": 239000.0,
        "Normalized Income": 6994050.0,
        "Net Income From Continuing And Discontinued Operation": 8619000.0,
        "Total Expenses": 452513000.0,
        "Rent Expense Supplemental": 11562000.0,
        "Total Operating Income As Reported": 33004000.0,
        "Diluted Average Shares": 67235000.0,
        "Basic Average Shares": 64973000.0,
        "Diluted EPS": 0.13,
        "Basic EPS": 0.13,
        "Diluted NI Availto Com Stockholders": 8778000.0,
        "Average Dilution Earnings": 159000.0,
        "Net Income Common Stockholders": 8619000.0,
        "Net Income": 8619000.0,
        "Net Income Including Noncontrolling Interests": 8619000.0,
        "Net Income Discontinuous Operations": 0.0,
        "Net Income Continuous Operations": 8619000.0,
        "Tax Provision": 3827000.0,
        "Pretax Income": 12446000.0,
        "Other Income Expense": 1191000.0,
        "Other Non Operating Income Expenses": -1085000.0,
        "Earnings From Equity Interest": -79000.0,
        "Gain On Sale Of Security": 2355000.0,
        "Net Non Operating Interest Income Expense": -21749000.0,
        "Interest Expense Non Operating": 21988000.0,
        "Interest Income Non Operating": 239000.0,
        "Operating Income": 33004000.0,
        "Operating Expense": 49955000.0,
        "Other Operating Expenses": 47219000.0,
        "Selling General And Administration": 2736000.0,
        "General And Administrative Expense": 2736000.0,
        "Insurance And Claims": 2736000.0,
        "Gross Profit": 82959000.0,
        "Cost Of Revenue": 402558000.0,
        "Total Revenue": 485517000.0,
        "Operating Revenue": 485517000.0
    },
    "2024-06-30": {
        "Tax Effect Of Unusual Items": 908866.505306,
        "Tax Rate For Calcs": 0.308509,
        "Normalized EBITDA": 128924000.0,
        "Total Unusual Items": 2946000.0,
        "Total Unusual Items Excluding Goodwill": 2946000.0,
        "Net Income From Continuing Operation Net Minority Interest": 7428000.0,
        "Reconciled Depreciation": 99725000.0,
        "Reconciled Cost Of Revenue": 402191000.0,
        "EBITDA": 131870000.0,
        "EBIT": 32145000.0,
        "Net Interest Income": -21185000.0,
        "Interest Expense": 21403000.0,
        "Interest Income": 218000.0,
        "Normalized Income": 5390866.505306,
        "Net Income From Continuing And Discontinued Operation": 7428000.0,
        "Total Expenses": 457089000.0,
        "Rent Expense Supplemental": 12203000.0,
        "Total Operating Income As Reported": 31321000.0,
        "Diluted Average Shares": 67301000.0,
        "Basic Average Shares": 65028000.0,
        "Diluted EPS": 0.11,
        "Basic EPS": 0.11,
        "Diluted NI Availto Com Stockholders": 7586000.0,
        "Average Dilution Earnings": 158000.0,
        "Net Income Common Stockholders": 7428000.0,
        "Net Income": 7428000.0,
        "Net Income Including Noncontrolling Interests": 7428000.0,
        "Net Income Discontinuous Operations": 0.0,
        "Net Income Continuous Operations": 7428000.0,
        "Tax Provision": 3314000.0,
        "Pretax Income": 10742000.0,
        "Other Income Expense": 606000.0,
        "Other Non Operating Income Expenses": -1086000.0,
        "Earnings From Equity Interest": -1254000.0,
        "Gain On Sale Of Security": 2946000.0,
        "Net Non Operating Interest Income Expense": -21185000.0,
        "Interest Expense Non Operating": 21403000.0,
        "Interest Income Non Operating": 218000.0,
        "Operating Income": 31321000.0,
        "Operating Expense": 54898000.0,
        "Other Operating Expenses": 52341000.0,
        "Selling General And Administration": 2557000.0,
        "General And Administrative Expense": 2557000.0,
        "Insurance And Claims": 2557000.0,
        "Gross Profit": 86219000.0,
        "Cost Of Revenue": 402191000.0,
        "Total Revenue": 488410000.0,
        "Operating Revenue": 488410000.0
    },
    "2024-09-30": {
        "Tax Effect Of Unusual Items": -1855382.00732,
        "Tax Rate For Calcs": 0.359083,
        "Normalized EBITDA": 128539000.0,
        "Total Unusual Items": -5167000.0,
        "Total Unusual Items Excluding Goodwill": -5167000.0,
        "Net Income From Continuing Operation Net Minority Interest": -3327000.0,
        "Reconciled Depreciation": 108460000.0,
        "Reconciled Cost Of Revenue": 398072000.0,
        "EBITDA": 123372000.0,
        "EBIT": 14912000.0,
        "Net Interest Income": -19751000.0,
        "Interest Expense": 20103000.0,
        "Interest Income": 352000.0,
        "Normalized Income": -15382.00732,
        "Net Income From Continuing And Discontinued Operation": -3327000.0,
        "Total Expenses": 449572000.0,
        "Rent Expense Supplemental": 11733000.0,
        "Total Operating Income As Reported": 21681000.0,
        "Diluted Average Shares": 65036000.0,
        "Basic Average Shares": 65036000.0,
        "Diluted EPS": -0.05,
        "Basic EPS": -0.05,
        "Diluted NI Availto Com Stockholders": -3327000.0,
        "Average Dilution Earnings": 0.0,
        "Net Income Common Stockholders": -3327000.0,
        "Net Income": -3327000.0,
        "Net Income Including Noncontrolling Interests": -3327000.0,
        "Net Income Discontinuous Operations": 0.0,
        "Net Income Continuous Operations": -3327000.0,
        "Tax Provision": -1864000.0,
        "Pretax Income": -5191000.0,
        "Other Income Expense": -7121000.0,
        "Other Non Operating Income Expenses": -1085000.0,
        "Earnings From Equity Interest": -869000.0,
        "Gain On Sale Of Security": -5167000.0,
        "Net Non Operating Interest Income Expense": -19751000.0,
        "Interest Expense Non Operating": 20103000.0,
        "Interest Income Non Operating": 352000.0,
        "Operating Income": 21681000.0,
        "Operating Expense": 51500000.0,
        "Other Operating Expenses": 48379000.0,
        "Selling General And Administration": 3121000.0,
        "General And Administrative Expense": 3121000.0,
        "Insurance And Claims": 3121000.0,
        "Gross Profit": 73181000.0,
        "Cost Of Revenue": 398072000.0,
        "Total Revenue": 471253000.0,
        "Operating Revenue": 471253000.0
    },
    "2024-12-31": {
        "Tax Effect Of Unusual Items": -2223950.870851,
        "Tax Rate For Calcs": 0.39558,
        "Normalized EBITDA": 161646000.0,
        "Total Unusual Items": -5622000.0,
        "Total Unusual Items Excluding Goodwill": -5622000.0,
        "Net Income From Continuing Operation Net Minority Interest": 14714000.0,
        "Reconciled Depreciation": 112469000.0,
        "Reconciled Cost Of Revenue": 414217000.0,
        "EBITDA": 156024000.0,
        "EBIT": 43555000.0,
        "Net Interest Income": -19061000.0,
        "Interest Expense": 19211000.0,
        "Interest Income": 150000.0,
        "Normalized Income": 18112049.129149,
        "Net Income From Continuing And Discontinued Operation": 14714000.0,
        "Total Expenses": 466710000.0,
        "Rent Expense Supplemental": 11935000.0,
        "Total Operating Income As Reported": 41797000.0,
        "Diluted Average Shares": NaN,
        "Basic Average Shares": NaN,
        "Diluted EPS": NaN,
        "Basic EPS": NaN,
        "Diluted NI Availto Com Stockholders": 14047000.0,
        "Average Dilution Earnings": -667000.0,
        "Net Income Common Stockholders": 14714000.0,
        "Net Income": 14714000.0,
        "Net Income Including Noncontrolling Interests": 14714000.0,
        "Net Income Discontinuous Operations": 0.0,
        "Net Income Continuous Operations": 14714000.0,
        "Tax Provision": 9630000.0,
        "Pretax Income": 24344000.0,
        "Other Income Expense": -6676000.0,
        "Other Non Operating Income Expenses": -1085000.0,
        "Earnings From Equity Interest": 31000.0,
        "Gain On Sale Of Security": 2662000.0,
        "Net Non Operating Interest Income Expense": -19061000.0,
        "Interest Expense Non Operating": 19211000.0,
        "Interest Income Non Operating": 150000.0,
        "Operating Income": 50081000.0,
        "Operating Expense": 52493000.0,
        "Other Operating Expenses": 49399000.0,
        "Selling General And Administration": 3094000.0,
        "General And Administrative Expense": 3094000.0,
        "Insurance And Claims": 3094000.0,
        "Gross Profit": 102574000.0,
        "Cost Of Revenue": 414217000.0,
        "Total Revenue": 516791000.0,
        "Operating Revenue": 516791000.0
    }
}