{
    "2023-06-30": {
        "Tax Effect Of Unusual Items": NaN,
        "Tax Rate For Calcs": NaN,
        "Total Unusual Items": 0.0,
        "Total Unusual Items Excluding Goodwill": 0.0,
        "Net Income From Continuing Operation Net Minority Interest": NaN,
        "Reconciled Depreciation": NaN,
        "Net Interest Income": NaN,
        "Interest Expense": NaN,
        "Interest Income": NaN,
        "Normalized Income": NaN,
        "Net Income From Continuing And Discontinued Operation": NaN,
        "Diluted Average Shares": NaN,
        "Basic Average Shares": NaN,
        "Diluted EPS": NaN,
        "Basic EPS": NaN,
        "Diluted NI Availto Com Stockholders": NaN,
        "Net Income Common Stockholders": NaN,
        "Preferred Stock Dividends": NaN,
        "Net Income": NaN,
        "Net Income Including Noncontrolling Interests": NaN,
        "Net Income Continuous Operations": NaN,
        "Tax Provision": NaN,
        "Pretax Income": NaN,
        "Special Income Charges": 0.0,
        "Restructuring And Mergern Acquisition": 0.0,
        "Gain On Sale Of Security": NaN,
        "Depreciation Amortization Depletion Income Statement": NaN,
        "Depreciation And Amortization In Income Statement": NaN,
        "Amortization": NaN,
        "Amortization Of Intangibles Income Statement": NaN,
        "Selling General And Administration": NaN,
        "Selling And Marketing Expense": NaN,
        "General And Administrative Expense": NaN,
        "Insurance And Claims": NaN,
        "Salaries And Wages": NaN,
        "Total Revenue": NaN,
        "Operating Revenue": NaN,
        "Occupancy And Equipment": NaN,
        "Professional Expense And Contract Services Expense": NaN,
        "Other Non Interest Expense": NaN
    },
    "2023-03-31": {
        "Tax Effect Of Unusual Items": 0.0,
        "Tax Rate For Calcs": 0.17,
        "Total Unusual Items": NaN,
        "Total Unusual Items Excluding Goodwill": NaN,
        "Net Income From Continuing Operation Net Minority Interest": 35653000.0,
        "Reconciled Depreciation": 9844000.0,
        "Net Interest Income": 153443000.0,
        "Interest Expense": 64103000.0,
        "Interest Income": 217546000.0,
        "Normalized Income": 35653000.0,
        "Net Income From Continuing And Discontinued Operation": 35653000.0,
        "Diluted Average Shares": 74835514.0,
        "Basic Average Shares": 74832141.0,
        "Diluted EPS": 0.44,
        "Basic EPS": 0.44,
        "Diluted NI Availto Com Stockholders": 32686000.0,
        "Net Income Common Stockholders": 32686000.0,
        "Preferred Stock Dividends": 2967000.0,
        "Net Income": 35653000.0,
        "Net Income Including Noncontrolling Interests": 35653000.0,
        "Net Income Continuous Operations": 35653000.0,
        "Tax Provision": 7294000.0,
        "Pretax Income": 42947000.0,
        "Special Income Charges": NaN,
        "Gain On Sale Of Security": -13400000.0,
        "Depreciation Amortization Depletion Income Statement": 2279000.0,
        "Depreciation And Amortization In Income Statement": 2279000.0,
        "Amortization": 2279000.0,
        "Amortization Of Intangibles Income Statement": 2279000.0,
        "Selling General And Administration": 66779000.0,
        "Selling And Marketing Expense": 2351000.0,
        "General And Administrative Expense": 64428000.0,
        "Insurance And Claims": 3899000.0,
        "Salaries And Wages": 60529000.0,
        "Total Revenue": 161519000.0,
        "Operating Revenue": 161519000.0,
        "Occupancy And Equipment": 10108000.0,
        "Professional Expense And Contract Services Expense": 3413000.0,
        "Other Non Interest Expense": 24143000.0
    },
    "2022-12-31": {
        "Tax Effect Of Unusual Items": NaN,
        "Tax Rate For Calcs": NaN,
        "Total Unusual Items": 0.0,
        "Total Unusual Items Excluding Goodwill": 0.0,
        "Net Income From Continuing Operation Net Minority Interest": NaN,
        "Reconciled Depreciation": NaN,
        "Net Interest Income": NaN,
        "Interest Expense": NaN,
        "Interest Income": NaN,
        "Normalized Income": NaN,
        "Net Income From Continuing And Discontinued Operation": NaN,
        "Diluted Average Shares": NaN,
        "Basic Average Shares": NaN,
        "Diluted EPS": NaN,
        "Basic EPS": NaN,
        "Diluted NI Availto Com Stockholders": NaN,
        "Net Income Common Stockholders": NaN,
        "Preferred Stock Dividends": NaN,
        "Net Income": NaN,
        "Net Income Including Noncontrolling Interests": NaN,
        "Net Income Continuous Operations": NaN,
        "Tax Provision": NaN,
        "Pretax Income": NaN,
        "Special Income Charges": 0.0,
        "Restructuring And Mergern Acquisition": NaN,
        "Gain On Sale Of Security": NaN,
        "Depreciation Amortization Depletion Income Statement": NaN,
        "Depreciation And Amortization In Income Statement": NaN,
        "Amortization": NaN,
        "Amortization Of Intangibles Income Statement": NaN,
        "Selling General And Administration": NaN,
        "Selling And Marketing Expense": NaN,
        "General And Administrative Expense": NaN,
        "Insurance And Claims": NaN,
        "Salaries And Wages": NaN,
        "Total Revenue": NaN,
        "Operating Revenue": NaN,
        "Occupancy And Equipment": NaN,
        "Professional Expense And Contract Services Expense": NaN,
        "Other Non Interest Expense": NaN
    },
    "2022-09-30": {
        "Tax Effect Of Unusual Items": NaN,
        "Tax Rate For Calcs": NaN,
        "Total Unusual Items": 0.0,
        "Total Unusual Items Excluding Goodwill": 0.0,
        "Net Income From Continuing Operation Net Minority Interest": NaN,
        "Reconciled Depreciation": NaN,
        "Net Interest Income": NaN,
        "Interest Expense": NaN,
        "Interest Income": NaN,
        "Normalized Income": NaN,
        "Net Income From Continuing And Discontinued Operation": NaN,
        "Diluted Average Shares": NaN,
        "Basic Average Shares": NaN,
        "Diluted EPS": NaN,
        "Basic EPS": NaN,
        "Diluted NI Availto Com Stockholders": NaN,
        "Net Income Common Stockholders": NaN,
        "Preferred Stock Dividends": NaN,
        "Net Income": NaN,
        "Net Income Including Noncontrolling Interests": NaN,
        "Net Income Continuous Operations": NaN,
        "Tax Provision": NaN,
        "Pretax Income": NaN,
        "Special Income Charges": 0.0,
        "Gain On Sale Of Security": NaN,
        "Depreciation Amortization Depletion Income Statement": NaN,
        "Depreciation And Amortization In Income Statement": NaN,
        "Amortization": NaN,
        "Amortization Of Intangibles Income Statement": NaN,
        "Selling General And Administration": NaN,
        "Selling And Marketing Expense": NaN,
        "General And Administrative Expense": NaN,
        "Other Gand A": 8273000.0,
        "Insurance And Claims": NaN,
        "Salaries And Wages": NaN,
        "Total Revenue": NaN,
        "Operating Revenue": NaN
    },
    "2022-06-30": {
        "Tax Effect Of Unusual Items": 0.0,
        "Tax Rate For Calcs": 0.167,
        "Total Unusual Items": 0.0,
        "Total Unusual Items Excluding Goodwill": 0.0,
        "Net Income From Continuing Operation Net Minority Interest": 62226000.0,
        "Reconciled Depreciation": 2915000.0,
        "Net Interest Income": 138767000.0,
        "Interest Expense": 9988000.0,
        "Interest Income": 148755000.0,
        "Normalized Income": 62226000.0,
        "Net Income From Continuing And Discontinued Operation": 62226000.0,
        "Diluted Average Shares": 74849871.0,
        "Basic Average Shares": 74847899.0,
        "Diluted EPS": 0.79,
        "Basic EPS": 0.79,
        "Diluted NI Availto Com Stockholders": 59259000.0,
        "Net Income Common Stockholders": 59259000.0,
        "Preferred Stock Dividends": 2967000.0,
        "Net Income": 62226000.0,
        "Net Income Including Noncontrolling Interests": 62226000.0,
        "Net Income Continuous Operations": 62226000.0,
        "Tax Provision": 12500000.0,
        "Pretax Income": 74726000.0,
        "Special Income Charges": 0.0,
        "Gain On Sale Of Security": NaN,
        "Depreciation Amortization Depletion Income Statement": 2915000.0,
        "Depreciation And Amortization In Income Statement": 2915000.0,
        "Amortization": 2915000.0,
        "Amortization Of Intangibles Income Statement": 2915000.0,
        "Selling General And Administration": 68434000.0,
        "Selling And Marketing Expense": 2502000.0,
        "General And Administrative Expense": 65932000.0,
        "Other Gand A": 7862000.0,
        "Insurance And Claims": 2765000.0,
        "Salaries And Wages": 55305000.0,
        "Total Revenue": 177053000.0,
        "Operating Revenue": 177053000.0
    },
    "2022-03-31": {
        "Diluted EPS": 0.54,
        "Total Revenue": 169,
        "Gross Profit": 161,
        "Operating Income": 53,
        "EBIT": NaN,
        "Net Income": 41
    },
    "2021-12-31": {
        "Diluted EPS": 0.6,
        "Total Revenue": 184,
        "Gross Profit": 175,
        "Operating Income": 56,
        "EBIT": NaN,
        "Net Income": 45
    },
    "2021-09-30": {
        "Diluted EPS": 0.94,
        "Total Revenue": 176,
        "Gross Profit": 167,
        "Operating Income": 91,
        "EBIT": NaN,
        "Net Income": 72
    },
    "2021-06-30": {
        "Diluted EPS": 1.05,
        "Total Revenue": 179,
        "Gross Profit": 169,
        "Operating Income": 104,
        "EBIT": NaN,
        "Net Income": 82
    },
    "2021-03-31": {
        "Diluted EPS": 0.67,
        "Total Revenue": 179,
        "Gross Profit": 166,
        "Operating Income": 68,
        "EBIT": NaN,
        "Net Income": 53
    },
    "2020-12-31": {
        "Diluted EPS": 0.71,
        "Total Revenue": 194,
        "Gross Profit": 178,
        "Operating Income": 69,
        "EBIT": NaN,
        "Net Income": 56
    },
    "2020-09-30": {
        "Diluted EPS": 0.74,
        "Total Revenue": 192,
        "Gross Profit": 172,
        "Operating Income": 72,
        "EBIT": NaN,
        "Net Income": 58
    },
    "2020-06-30": {
        "Diluted EPS": 0.39,
        "Total Revenue": 199,
        "Gross Profit": 173,
        "Operating Income": 36,
        "EBIT": NaN,
        "Net Income": 31
    },
    "2020-03-31": {
        "Diluted EPS": 0.09,
        "Total Revenue": 200,
        "Gross Profit": 164,
        "Operating Income": 8,
        "EBIT": NaN,
        "Net Income": 7
    },
    "2019-12-31": {
        "Diluted EPS": 0.7,
        "Total Revenue": 203,
        "Gross Profit": 164,
        "Operating Income": 65,
        "EBIT": NaN,
        "Net Income": 56
    },
    "2019-09-30": {
        "Diluted EPS": 0.65,
        "Total Revenue": 226,
        "Gross Profit": 185,
        "Operating Income": 66,
        "EBIT": NaN,
        "Net Income": 53
    },
    "2019-06-30": {
        "Diluted EPS": 0.59,
        "Total Revenue": 212,
        "Gross Profit": 169,
        "Operating Income": 65,
        "EBIT": NaN,
        "Net Income": 49
    },
    "2019-03-31": {
        "Diluted EPS": 0.47,
        "Total Revenue": 191,
        "Gross Profit": 152,
        "Operating Income": 60,
        "EBIT": NaN,
        "Net Income": 36
    },
    "2018-12-31": {
        "Diluted EPS": 0.67,
        "Total Revenue": 164,
        "Gross Profit": 133,
        "Operating Income": 56,
        "EBIT": NaN,
        "Net Income": 44
    },
    "2018-09-30": {
        "Diluted EPS": 0.58,
        "Total Revenue": 151,
        "Gross Profit": 126,
        "Operating Income": 48,
        "EBIT": NaN,
        "Net Income": 38
    },
    "2018-06-30": {
        "Diluted EPS": 0.72,
        "Total Revenue": 173,
        "Gross Profit": 149,
        "Operating Income": 70,
        "EBIT": NaN,
        "Net Income": 47
    },
    "2018-03-31": {
        "Diluted EPS": 0.25,
        "Total Revenue": 145,
        "Gross Profit": 124,
        "Operating Income": 46,
        "EBIT": NaN,
        "Net Income": 17
    },
    "2017-12-31": {
        "Diluted EPS": 0.35,
        "Total Revenue": 100,
        "Gross Profit": 86,
        "Operating Income": 29,
        "EBIT": NaN,
        "Net Income": 15
    },
    "2017-09-30": {
        "Diluted EPS": 0.47,
        "Total Revenue": 100,
        "Gross Profit": 86,
        "Operating Income": 29,
        "EBIT": NaN,
        "Net Income": 21
    },
    "2017-06-30": {
        "Diluted EPS": 0.41,
        "Total Revenue": 96,
        "Gross Profit": 84,
        "Operating Income": 27,
        "EBIT": NaN,
        "Net Income": 18
    },
    "2017-03-31": {
        "Diluted EPS": 0.44,
        "Total Revenue": 95,
        "Gross Profit": 85,
        "Operating Income": 26,
        "EBIT": NaN,
        "Net Income": 19
    },
    "2016-12-31": {
        "Diluted EPS": 0.48,
        "Total Revenue": 83,
        "Gross Profit": 74,
        "Operating Income": 26,
        "EBIT": NaN,
        "Net Income": 21
    },
    "2016-09-30": {
        "Diluted EPS": 0.47,
        "Total Revenue": 93,
        "Gross Profit": 86,
        "Operating Income": 27,
        "EBIT": NaN,
        "Net Income": 20
    },
    "2016-06-30": {
        "Diluted EPS": 0.44,
        "Total Revenue": 91,
        "Gross Profit": 84,
        "Operating Income": 26,
        "EBIT": NaN,
        "Net Income": 19
    },
    "2016-03-31": {
        "Diluted EPS": 0.38,
        "Total Revenue": 87,
        "Gross Profit": 80,
        "Operating Income": 23,
        "EBIT": NaN,
        "Net Income": 17
    },
    "2015-12-31": {
        "Diluted EPS": 0.4,
        "Total Revenue": 86,
        "Gross Profit": 80,
        "Operating Income": 23,
        "EBIT": NaN,
        "Net Income": 18
    },
    "2015-09-30": {
        "Diluted EPS": 0.4,
        "Total Revenue": 87,
        "Gross Profit": 80,
        "Operating Income": 25,
        "EBIT": NaN,
        "Net Income": 18
    },
    "2015-06-30": {
        "Diluted EPS": 0.34,
        "Total Revenue": 86,
        "Gross Profit": 80,
        "Operating Income": 21,
        "EBIT": NaN,
        "Net Income": 15
    },
    "2015-03-31": {
        "Diluted EPS": 0.35,
        "Total Revenue": 83,
        "Gross Profit": 77,
        "Operating Income": 21,
        "EBIT": NaN,
        "Net Income": 16
    },
    "2014-12-31": {
        "Diluted EPS": 0.33,
        "Total Revenue": 83,
        "Gross Profit": 78,
        "Operating Income": 22,
        "EBIT": NaN,
        "Net Income": 15
    },
    "2014-09-30": {
        "Diluted EPS": 0.32,
        "Total Revenue": 86,
        "Gross Profit": 81,
        "Operating Income": 21,
        "EBIT": NaN,
        "Net Income": 15
    },
    "2014-06-30": {
        "Diluted EPS": 0.32,
        "Total Revenue": 85,
        "Gross Profit": 80,
        "Operating Income": 24,
        "EBIT": NaN,
        "Net Income": 15
    },
    "2014-03-31": {
        "Diluted EPS": 0.16,
        "Total Revenue": 82,
        "Gross Profit": 78,
        "Operating Income": 23,
        "EBIT": NaN,
        "Net Income": 8
    },
    "2013-12-31": {
        "Diluted EPS": 0.31,
        "Total Revenue": 52,
        "Gross Profit": 47,
        "Operating Income": 12,
        "EBIT": NaN,
        "Net Income": 8
    },
    "2013-09-30": {
        "Diluted EPS": 0.32,
        "Total Revenue": 52,
        "Gross Profit": 47,
        "Operating Income": 12,
        "EBIT": NaN,
        "Net Income": 8
    },
    "2013-06-30": {
        "Diluted EPS": 0.38,
        "Total Revenue": 54,
        "Gross Profit": 49,
        "Operating Income": 13,
        "EBIT": NaN,
        "Net Income": 9
    },
    "2013-03-31": {
        "Diluted EPS": 0.36,
        "Total Revenue": 53,
        "Gross Profit": 48,
        "Operating Income": 12,
        "EBIT": NaN,
        "Net Income": 9
    },
    "2012-12-31": {
        "Diluted EPS": 0.37,
        "Total Revenue": 57,
        "Gross Profit": 51,
        "Operating Income": 26,
        "EBIT": NaN,
        "Net Income": 9
    },
    "2012-09-30": {
        "Diluted EPS": 0.37,
        "Total Revenue": 56,
        "Gross Profit": 49,
        "Operating Income": 14,
        "EBIT": NaN,
        "Net Income": 10
    },
    "2012-06-30": {
        "Diluted EPS": 0.32,
        "Total Revenue": 56,
        "Gross Profit": 48,
        "Operating Income": 12,
        "EBIT": NaN,
        "Net Income": 8
    },
    "2012-03-31": {
        "Diluted EPS": 0.31,
        "Total Revenue": 54,
        "Gross Profit": 47,
        "Operating Income": 11,
        "EBIT": NaN,
        "Net Income": 8
    },
    "2011-12-31": {
        "Diluted EPS": 0.28,
        "Total Revenue": 47,
        "Gross Profit": 40,
        "Operating Income": 11,
        "EBIT": NaN,
        "Net Income": 7
    },
    "2011-09-30": {
        "Diluted EPS": 0.33,
        "Total Revenue": 59,
        "Gross Profit": 51,
        "Operating Income": 13,
        "EBIT": NaN,
        "Net Income": 9
    },
    "2011-06-30": {
        "Diluted EPS": 0.24,
        "Total Revenue": 58,
        "Gross Profit": 50,
        "Operating Income": 9,
        "EBIT": NaN,
        "Net Income": 6
    },
    "2011-03-31": {
        "Diluted EPS": 0.22,
        "Total Revenue": 58,
        "Gross Profit": 49,
        "Operating Income": 8,
        "EBIT": NaN,
        "Net Income": 6
    },
    "2010-12-31": {
        "Diluted EPS": 0.16,
        "Total Revenue": 49,
        "Gross Profit": 39,
        "Operating Income": 6,
        "EBIT": NaN,
        "Net Income": 4
    },
    "2010-09-30": {
        "Diluted EPS": 0.29,
        "Total Revenue": 61,
        "Gross Profit": 51,
        "Operating Income": 11,
        "EBIT": NaN,
        "Net Income": 8
    },
    "2010-06-30": {
        "Diluted EPS": 0.32,
        "Total Revenue": 61,
        "Gross Profit": 52,
        "Operating Income": 13,
        "EBIT": NaN,
        "Net Income": 8
    },
    "2010-03-31": {
        "Diluted EPS": 0.06,
        "Total Revenue": 53,
        "Gross Profit": 44,
        "Operating Income": 2,
        "EBIT": NaN,
        "Net Income": 1
    },
    "2009-12-31": {
        "Diluted EPS": -0.02,
        "Total Revenue": 41,
        "Gross Profit": 31,
        "Operating Income": 3,
        "EBIT": NaN,
        "Net Income": 0
    },
    "2009-09-30": {
        "Diluted EPS": 0.13,
        "Total Revenue": 40,
        "Gross Profit": 29,
        "Operating Income": 3,
        "EBIT": NaN,
        "Net Income": 2
    },
    "2009-06-30": {
        "Diluted EPS": 0.01,
        "Total Revenue": 41,
        "Gross Profit": 28,
        "Operating Income": 1,
        "EBIT": NaN,
        "Net Income": 0
    },
    "2009-03-31": {
        "Diluted EPS": 0.07,
        "Total Revenue": 39,
        "Gross Profit": 25,
        "Operating Income": 2,
        "EBIT": NaN,
        "Net Income": 1
    },
    "2023-09-30": {
        "Tax Effect Of Unusual Items": NaN,
        "Tax Rate For Calcs": NaN,
        "Total Unusual Items": -1993000.0,
        "Total Unusual Items Excluding Goodwill": -1993000.0,
        "Net Income From Continuing Operation Net Minority Interest": NaN,
        "Reconciled Depreciation": NaN,
        "Net Interest Income": NaN,
        "Interest Expense": NaN,
        "Interest Income": NaN,
        "Normalized Income": NaN,
        "Net Income From Continuing And Discontinued Operation": NaN,
        "Diluted Average Shares": 74999128.0,
        "Basic Average Shares": 74999128.0,
        "Diluted EPS": 0.68,
        "Basic EPS": 0.68,
        "Diluted NI Availto Com Stockholders": NaN,
        "Net Income Common Stockholders": NaN,
        "Preferred Stock Dividends": NaN,
        "Net Income": NaN,
        "Net Income Including Noncontrolling Interests": NaN,
        "Net Income Continuous Operations": NaN,
        "Tax Provision": NaN,
        "Pretax Income": NaN,
        "Special Income Charges": -1993000.0,
        "Restructuring And Mergern Acquisition": 1993000.0,
        "Gain On Sale Of Security": NaN,
        "Depreciation Amortization Depletion Income Statement": NaN,
        "Depreciation And Amortization In Income Statement": NaN,
        "Amortization": NaN,
        "Amortization Of Intangibles Income Statement": NaN,
        "Selling General And Administration": NaN,
        "Selling And Marketing Expense": NaN,
        "General And Administrative Expense": NaN,
        "Insurance And Claims": NaN,
        "Salaries And Wages": NaN,
        "Total Revenue": NaN,
        "Operating Revenue": NaN,
        "Occupancy And Equipment": NaN,
        "Professional Expense And Contract Services Expense": NaN,
        "Other Non Interest Expense": NaN
    },
    "2023-12-31": {
        "Tax Effect Of Unusual Items": 0.0,
        "Tax Rate For Calcs": 0.148952,
        "Total Unusual Items": NaN,
        "Total Unusual Items Excluding Goodwill": NaN,
        "Net Income From Continuing Operation Net Minority Interest": 56907000.0,
        "Reconciled Depreciation": 12846000.0,
        "Net Interest Income": 153544000.0,
        "Interest Expense": 105954000.0,
        "Interest Income": 259498000.0,
        "Normalized Income": 56907000.0,
        "Net Income From Continuing And Discontinued Operation": 56907000.0,
        "Diluted Average Shares": 75016858.0,
        "Basic Average Shares": 75016402.0,
        "Diluted EPS": 0.72,
        "Basic EPS": 0.72,
        "Diluted NI Availto Com Stockholders": 53940000.0,
        "Net Income Common Stockholders": 53940000.0,
        "Preferred Stock Dividends": 2967000.0,
        "Net Income": 56907000.0,
        "Net Income Including Noncontrolling Interests": 56907000.0,
        "Net Income Continuous Operations": 56907000.0,
        "Tax Provision": 9960000.0,
        "Pretax Income": 66867000.0,
        "Special Income Charges": NaN,
        "Restructuring And Mergern Acquisition": NaN,
        "Gain On Sale Of Security": 3000.0,
        "Depreciation Amortization Depletion Income Statement": 2094000.0,
        "Depreciation And Amortization In Income Statement": 2094000.0,
        "Amortization": 2094000.0,
        "Amortization Of Intangibles Income Statement": 2094000.0,
        "Selling General And Administration": 67335000.0,
        "Selling And Marketing Expense": 3019000.0,
        "General And Administrative Expense": 64316000.0,
        "Insurance And Claims": 7630000.0,
        "Salaries And Wages": 56686000.0,
        "Total Revenue": 182444000.0,
        "Operating Revenue": 182444000.0,
        "Occupancy And Equipment": 10160000.0,
        "Professional Expense And Contract Services Expense": 4345000.0,
        "Other Non Interest Expense": 22936000.0
    },
    "2024-03-31": {
        "Tax Effect Of Unusual Items": -316042.8297,
        "Tax Rate For Calcs": 0.168646,
        "Total Unusual Items": -1874000.0,
        "Total Unusual Items Excluding Goodwill": -1874000.0,
        "Net Income From Continuing Operation Net Minority Interest": 49769000.0,
        "Reconciled Depreciation": 9503000.0,
        "Net Interest Income": 147825000.0,
        "Interest Expense": 115090000.0,
        "Interest Income": 262915000.0,
        "Normalized Income": 51326957.1703,
        "Net Income From Continuing And Discontinued Operation": 49769000.0,
        "Diluted Average Shares": 75197376.0,
        "Basic Average Shares": 75197113.0,
        "Diluted EPS": 0.62,
        "Basic EPS": 0.62,
        "Diluted NI Availto Com Stockholders": 46802000.0,
        "Net Income Common Stockholders": 46802000.0,
        "Preferred Stock Dividends": 2967000.0,
        "Net Income": 49769000.0,
        "Net Income Including Noncontrolling Interests": 49769000.0,
        "Net Income Continuous Operations": 49769000.0,
        "Tax Provision": 10096000.0,
        "Pretax Income": 59865000.0,
        "Special Income Charges": -1874000.0,
        "Restructuring And Mergern Acquisition": 1874000.0,
        "Gain On Sale Of Security": 3000.0,
        "Depreciation Amortization Depletion Income Statement": 1895000.0,
        "Depreciation And Amortization In Income Statement": 1895000.0,
        "Amortization": 1895000.0,
        "Amortization Of Intangibles Income Statement": 1895000.0,
        "Selling General And Administration": 69343000.0,
        "Selling And Marketing Expense": 2318000.0,
        "General And Administrative Expense": 67025000.0,
        "Insurance And Claims": 5143000.0,
        "Salaries And Wages": 61882000.0,
        "Total Revenue": 172054000.0,
        "Operating Revenue": 172054000.0,
        "Occupancy And Equipment": 9934000.0,
        "Professional Expense And Contract Services Expense": 3081000.0,
        "Other Non Interest Expense": 17823000.0
    },
    "2024-06-30": {
        "Tax Effect Of Unusual Items": -9301250.669582,
        "Tax Rate For Calcs": 0.312353,
        "Total Unusual Items": -29778000.0,
        "Total Unusual Items Excluding Goodwill": -29778000.0,
        "Net Income From Continuing Operation Net Minority Interest": 25161000.0,
        "Reconciled Depreciation": 8398000.0,
        "Net Interest Income": 184534000.0,
        "Interest Expense": 136354000.0,
        "Interest Income": 320888000.0,
        "Normalized Income": 45637749.330418,
        "Net Income From Continuing And Discontinued Operation": 25161000.0,
        "Diluted Average Shares": 89768466.0,
        "Basic Average Shares": 89768466.0,
        "Diluted EPS": 0.25,
        "Basic EPS": 0.25,
        "Diluted NI Availto Com Stockholders": 22194000.0,
        "Net Income Common Stockholders": 22194000.0,
        "Preferred Stock Dividends": 2967000.0,
        "Net Income": 25161000.0,
        "Net Income Including Noncontrolling Interests": 25161000.0,
        "Net Income Continuous Operations": 25161000.0,
        "Tax Provision": 11429000.0,
        "Pretax Income": 36590000.0,
        "Special Income Charges": -29778000.0,
        "Restructuring And Mergern Acquisition": 29778000.0,
        "Gain On Sale Of Security": -6516000.0,
        "Depreciation Amortization Depletion Income Statement": 5995000.0,
        "Depreciation And Amortization In Income Statement": 5995000.0,
        "Amortization": 5995000.0,
        "Amortization Of Intangibles Income Statement": 5995000.0,
        "Selling General And Administration": 76189000.0,
        "Selling And Marketing Expense": 2983000.0,
        "General And Administrative Expense": 73206000.0,
        "Insurance And Claims": 4675000.0,
        "Salaries And Wages": 68531000.0,
        "Total Revenue": 207071000.0,
        "Operating Revenue": 207071000.0,
        "Occupancy And Equipment": 11641000.0,
        "Professional Expense And Contract Services Expense": 4377000.0,
        "Other Non Interest Expense": 20750000.0
    },
    "2024-09-30": {
        "Tax Effect Of Unusual Items": -230010.0,
        "Tax Rate For Calcs": 0.17,
        "Total Unusual Items": -1353000.0,
        "Total Unusual Items Excluding Goodwill": -1353000.0,
        "Net Income From Continuing Operation Net Minority Interest": 76415000.0,
        "Reconciled Depreciation": 8704000.0,
        "Net Interest Income": 182932000.0,
        "Interest Expense": 141596000.0,
        "Interest Income": 324528000.0,
        "Normalized Income": 77537990.0,
        "Net Income From Continuing And Discontinued Operation": 76415000.0,
        "Diluted Average Shares": 89780531.0,
        "Basic Average Shares": 89780531.0,
        "Diluted EPS": 0.82,
        "Basic EPS": 0.82,
        "Diluted NI Availto Com Stockholders": 73448000.0,
        "Net Income Common Stockholders": 73448000.0,
        "Preferred Stock Dividends": 2967000.0,
        "Net Income": 76415000.0,
        "Net Income Including Noncontrolling Interests": 76415000.0,
        "Net Income Continuous Operations": 76415000.0,
        "Tax Provision": 15618000.0,
        "Pretax Income": 92033000.0,
        "Special Income Charges": -1353000.0,
        "Restructuring And Mergern Acquisition": 1353000.0,
        "Gain On Sale Of Security": 4000.0,
        "Depreciation Amortization Depletion Income Statement": 5804000.0,
        "Depreciation And Amortization In Income Statement": 5804000.0,
        "Amortization": 5804000.0,
        "Amortization Of Intangibles Income Statement": 5804000.0,
        "Selling General And Administration": 78044000.0,
        "Selling And Marketing Expense": 3308000.0,
        "General And Administrative Expense": 74736000.0,
        "Insurance And Claims": 5282000.0,
        "Salaries And Wages": 69454000.0,
        "Total Revenue": 215773000.0,
        "Operating Revenue": 215773000.0,
        "Occupancy And Equipment": 11491000.0,
        "Professional Expense And Contract Services Expense": 3994000.0,
        "Other Non Interest Expense": 20451000.0
    },
    "2024-12-31": {
        "Tax Effect Of Unusual Items": -1329641.352519,
        "Tax Rate For Calcs": 0.189597,
        "Total Unusual Items": -7013000.0,
        "Total Unusual Items Excluding Goodwill": -7013000.0,
        "Net Income From Continuing Operation Net Minority Interest": 57785000.0,
        "Reconciled Depreciation": 8707000.0,
        "Net Interest Income": 183249000.0,
        "Interest Expense": 135956000.0,
        "Interest Income": 319205000.0,
        "Normalized Income": 63468358.647481,
        "Net Income From Continuing And Discontinued Operation": 57785000.0,
        "Diluted Average Shares": 91533273.0,
        "Basic Average Shares": 89774079.0,
        "Diluted EPS": 0.6,
        "Basic EPS": 0.61,
        "Diluted NI Availto Com Stockholders": 54818000.0,
        "Net Income Common Stockholders": 54818000.0,
        "Preferred Stock Dividends": 2967000.0,
        "Net Income": 57785000.0,
        "Net Income Including Noncontrolling Interests": 57785000.0,
        "Net Income Continuous Operations": 57785000.0,
        "Tax Provision": 13519000.0,
        "Pretax Income": 71304000.0,
        "Special Income Charges": -7013000.0,
        "Restructuring And Mergern Acquisition": 7013000.0,
        "Gain On Sale Of Security": 17000.0,
        "Depreciation Amortization Depletion Income Statement": 5614000.0,
        "Depreciation And Amortization In Income Statement": 5614000.0,
        "Amortization": 5614000.0,
        "Amortization Of Intangibles Income Statement": 5614000.0,
        "Selling General And Administration": 79970000.0,
        "Selling And Marketing Expense": 3517000.0,
        "General And Administrative Expense": 76453000.0,
        "Insurance And Claims": 5156000.0,
        "Salaries And Wages": 71297000.0,
        "Total Revenue": 222519000.0,
        "Operating Revenue": 222519000.0,
        "Occupancy And Equipment": 11748000.0,
        "Professional Expense And Contract Services Expense": 5352000.0,
        "Other Non Interest Expense": 24021000.0
    },
    "2025-03-31": {
        "Tax Effect Of Unusual Items": -938600.0,
        "Tax Rate For Calcs": 0.19,
        "Total Unusual Items": -4940000.0,
        "Total Unusual Items Excluding Goodwill": -4940000.0,
        "Net Income From Continuing Operation Net Minority Interest": 49818000.0,
        "Reconciled Depreciation": 9328000.0,
        "Net Interest Income": 184164000.0,
        "Interest Expense": 121672000.0,
        "Interest Income": 305836000.0,
        "Normalized Income": 53819400.0,
        "Net Income From Continuing And Discontinued Operation": 49818000.0,
        "Diluted Average Shares": 90072795.0,
        "Basic Average Shares": 89222296.0,
        "Diluted EPS": 0.52,
        "Basic EPS": 0.53,
        "Diluted NI Availto Com Stockholders": 46851000.0,
        "Net Income Common Stockholders": 46851000.0,
        "Preferred Stock Dividends": 2967000.0,
        "Net Income": 49818000.0,
        "Net Income Including Noncontrolling Interests": 49818000.0,
        "Net Income Continuous Operations": 49818000.0,
        "Tax Provision": 11687000.0,
        "Pretax Income": 61505000.0,
        "Special Income Charges": -4940000.0,
        "Restructuring And Mergern Acquisition": 4940000.0,
        "Gain On Sale Of Security": -102000.0,
        "Depreciation Amortization Depletion Income Statement": 5398000.0,
        "Depreciation And Amortization In Income Statement": 5398000.0,
        "Amortization": 5398000.0,
        "Amortization Of Intangibles Income Statement": 5398000.0,
        "Selling General And Administration": 83800000.0,
        "Selling And Marketing Expense": 3184000.0,
        "General And Administrative Expense": 80616000.0,
        "Insurance And Claims": 5201000.0,
        "Salaries And Wages": 75415000.0,
        "Total Revenue": 212078000.0,
        "Operating Revenue": 212078000.0,
        "Occupancy And Equipment": 12494000.0,
        "Professional Expense And Contract Services Expense": 4687000.0,
        "Other Non Interest Expense": 21616000.0
    },
    "2025-06-30": {
        "Tax Effect Of Unusual Items": -16569000.0,
        "Tax Rate For Calcs": 0.21,
        "Total Unusual Items": -78900000.0,
        "Total Unusual Items Excluding Goodwill": -78900000.0,
        "Net Income From Continuing Operation Net Minority Interest": 19791000.0,
        "Reconciled Depreciation": 12152000.0,
        "Net Interest Income": 321371000.0,
        "Interest Expense": 189001000.0,
        "Interest Income": 510372000.0,
        "Normalized Income": 82122000.0,
        "Net Income From Continuing And Discontinued Operation": 19791000.0,
        "Diluted Average Shares": 141738325.0,
        "Basic Average Shares": 141680472.0,
        "Diluted EPS": 0.12,
        "Basic EPS": 0.12,
        "Diluted NI Availto Com Stockholders": 16824000.0,
        "Net Income Common Stockholders": 16824000.0,
        "Preferred Stock Dividends": 2967000.0,
        "Net Income": 19791000.0,
        "Net Income Including Noncontrolling Interests": 19791000.0,
        "Net Income Continuous Operations": 19791000.0,
        "Tax Provision": -2303000.0,
        "Pretax Income": 17488000.0,
        "Special Income Charges": -78900000.0,
        "Restructuring And Mergern Acquisition": 78900000.0,
        "Gain On Sale Of Security": 16000.0,
        "Depreciation Amortization Depletion Income Statement": 18433000.0,
        "Depreciation And Amortization In Income Statement": 18433000.0,
        "Amortization": 18433000.0,
        "Amortization Of Intangibles Income Statement": 18433000.0,
        "Selling General And Administration": 122341000.0,
        "Selling And Marketing Expense": 3757000.0,
        "General And Administrative Expense": 118584000.0,
        "Insurance And Claims": 8642000.0,
        "Salaries And Wages": 109942000.0,
        "Total Revenue": 401615000.0,
        "Operating Revenue": 401615000.0,
        "Occupancy And Equipment": 19126000.0,
        "Professional Expense And Contract Services Expense": 7808000.0,
        "Other Non Interest Expense": 31812000.0
    }
}