{
    "2023-03-31": {
        "Tax Effect Of Unusual Items": NaN,
        "Tax Rate For Calcs": NaN,
        "Normalized EBITDA": NaN,
        "Net Income From Continuing Operation Net Minority Interest": NaN,
        "Reconciled Depreciation": NaN,
        "Reconciled Cost Of Revenue": NaN,
        "EBITDA": NaN,
        "EBIT": NaN,
        "Net Interest Income": NaN,
        "Interest Income": 949000.0,
        "Normalized Income": NaN,
        "Net Income From Continuing And Discontinued Operation": NaN,
        "Total Expenses": NaN,
        "Total Operating Income As Reported": NaN,
        "Diluted Average Shares": NaN,
        "Basic Average Shares": NaN,
        "Diluted EPS": NaN,
        "Basic EPS": NaN,
        "Diluted NI Availto Com Stockholders": NaN,
        "Net Income Common Stockholders": NaN,
        "Net Income": NaN,
        "Net Income Including Noncontrolling Interests": NaN,
        "Net Income Continuous Operations": NaN,
        "Tax Provision": NaN,
        "Pretax Income": NaN,
        "Net Non Operating Interest Income Expense": NaN,
        "Total Other Finance Cost": NaN,
        "Interest Income Non Operating": 949000.0,
        "Operating Income": NaN,
        "Operating Expense": NaN,
        "Research And Development": NaN,
        "Selling General And Administration": NaN,
        "Selling And Marketing Expense": NaN,
        "General And Administrative Expense": NaN,
        "Other Gand A": NaN,
        "Gross Profit": NaN,
        "Cost Of Revenue": NaN,
        "Total Revenue": NaN,
        "Operating Revenue": NaN
    },
    "2022-12-31": {
        "Tax Effect Of Unusual Items": NaN,
        "Tax Rate For Calcs": NaN,
        "Normalized EBITDA": NaN,
        "Net Income From Continuing Operation Net Minority Interest": NaN,
        "Reconciled Depreciation": NaN,
        "Reconciled Cost Of Revenue": NaN,
        "EBITDA": NaN,
        "EBIT": NaN,
        "Net Interest Income": NaN,
        "Interest Income": 609000.0,
        "Normalized Income": NaN,
        "Net Income From Continuing And Discontinued Operation": NaN,
        "Total Expenses": NaN,
        "Total Operating Income As Reported": NaN,
        "Diluted Average Shares": NaN,
        "Basic Average Shares": NaN,
        "Diluted EPS": NaN,
        "Basic EPS": NaN,
        "Diluted NI Availto Com Stockholders": NaN,
        "Net Income Common Stockholders": NaN,
        "Net Income": NaN,
        "Net Income Including Noncontrolling Interests": NaN,
        "Net Income Continuous Operations": NaN,
        "Tax Provision": NaN,
        "Pretax Income": NaN,
        "Net Non Operating Interest Income Expense": NaN,
        "Total Other Finance Cost": NaN,
        "Interest Income Non Operating": 609000.0,
        "Operating Income": NaN,
        "Operating Expense": NaN,
        "Research And Development": NaN,
        "Selling General And Administration": NaN,
        "Selling And Marketing Expense": NaN,
        "General And Administrative Expense": NaN,
        "Other Gand A": NaN,
        "Gross Profit": NaN,
        "Cost Of Revenue": NaN,
        "Total Revenue": NaN,
        "Operating Revenue": NaN
    },
    "2022-09-30": {
        "Tax Effect Of Unusual Items": 0.0,
        "Tax Rate For Calcs": 0.269278,
        "Normalized EBITDA": 7806000.0,
        "Net Income From Continuing Operation Net Minority Interest": 5373000.0,
        "Reconciled Depreciation": 797000.0,
        "Reconciled Cost Of Revenue": 25970000.0,
        "EBITDA": 7806000.0,
        "EBIT": 7009000.0,
        "Net Interest Income": 344000.0,
        "Interest Income": 344000.0,
        "Normalized Income": 5373000.0,
        "Net Income From Continuing And Discontinued Operation": 5373000.0,
        "Total Expenses": 62711000.0,
        "Total Operating Income As Reported": 7009000.0,
        "Diluted Average Shares": 32256000.0,
        "Basic Average Shares": 31717000.0,
        "Diluted EPS": 0.17,
        "Basic EPS": 0.17,
        "Diluted NI Availto Com Stockholders": 5373000.0,
        "Net Income Common Stockholders": 5373000.0,
        "Net Income": 5373000.0,
        "Net Income Including Noncontrolling Interests": 5373000.0,
        "Net Income Continuous Operations": 5373000.0,
        "Tax Provision": 1980000.0,
        "Pretax Income": 7353000.0,
        "Net Non Operating Interest Income Expense": 344000.0,
        "Total Other Finance Cost": NaN,
        "Interest Income Non Operating": 344000.0,
        "Operating Income": 7009000.0,
        "Operating Expense": 36741000.0,
        "Research And Development": 14811000.0,
        "Selling General And Administration": 21930000.0,
        "Selling And Marketing Expense": 17663000.0,
        "General And Administrative Expense": 4267000.0,
        "Other Gand A": 4267000.0,
        "Gross Profit": 43750000.0,
        "Cost Of Revenue": 25970000.0,
        "Total Revenue": 69720000.0,
        "Operating Revenue": 69720000.0
    },
    "2022-06-30": {
        "Tax Effect Of Unusual Items": 0.0,
        "Tax Rate For Calcs": 0.20849,
        "Normalized EBITDA": 8644000.0,
        "Net Income From Continuing Operation Net Minority Interest": 6936000.0,
        "Reconciled Depreciation": 722000.0,
        "Reconciled Cost Of Revenue": 23850000.0,
        "EBITDA": 8644000.0,
        "EBIT": 7922000.0,
        "Net Interest Income": 841000.0,
        "Interest Income": NaN,
        "Normalized Income": 6936000.0,
        "Net Income From Continuing And Discontinued Operation": 6936000.0,
        "Total Expenses": 60438000.0,
        "Total Operating Income As Reported": 7922000.0,
        "Diluted Average Shares": 32518000.0,
        "Basic Average Shares": 31809000.0,
        "Diluted EPS": 0.21,
        "Basic EPS": 0.22,
        "Diluted NI Availto Com Stockholders": 6936000.0,
        "Net Income Common Stockholders": 6936000.0,
        "Net Income": 6936000.0,
        "Net Income Including Noncontrolling Interests": 6936000.0,
        "Net Income Continuous Operations": 6936000.0,
        "Tax Provision": 1827000.0,
        "Pretax Income": 8763000.0,
        "Net Non Operating Interest Income Expense": 841000.0,
        "Total Other Finance Cost": -841000.0,
        "Interest Income Non Operating": NaN,
        "Operating Income": 7922000.0,
        "Operating Expense": 36588000.0,
        "Research And Development": 14959000.0,
        "Selling General And Administration": 21629000.0,
        "Selling And Marketing Expense": 17084000.0,
        "General And Administrative Expense": 4545000.0,
        "Other Gand A": 4545000.0,
        "Gross Profit": 44510000.0,
        "Cost Of Revenue": 23850000.0,
        "Total Revenue": 68360000.0,
        "Operating Revenue": 68360000.0
    },
    "2023-06-30": {
        "Tax Effect Of Unusual Items": NaN,
        "Tax Rate For Calcs": NaN,
        "Normalized EBITDA": NaN,
        "Net Income From Continuing Operation Net Minority Interest": NaN,
        "Reconciled Depreciation": NaN,
        "Reconciled Cost Of Revenue": NaN,
        "EBITDA": NaN,
        "EBIT": NaN,
        "Net Interest Income": NaN,
        "Interest Income": NaN,
        "Normalized Income": NaN,
        "Net Income From Continuing And Discontinued Operation": NaN,
        "Total Expenses": NaN,
        "Total Operating Income As Reported": NaN,
        "Diluted Average Shares": NaN,
        "Basic Average Shares": NaN,
        "Diluted EPS": NaN,
        "Basic EPS": NaN,
        "Diluted NI Availto Com Stockholders": NaN,
        "Net Income Common Stockholders": NaN,
        "Net Income": NaN,
        "Net Income Including Noncontrolling Interests": NaN,
        "Net Income Continuous Operations": NaN,
        "Tax Provision": NaN,
        "Pretax Income": NaN,
        "Net Non Operating Interest Income Expense": NaN,
        "Total Other Finance Cost": -247000.0,
        "Interest Income Non Operating": NaN,
        "Operating Income": NaN,
        "Operating Expense": NaN,
        "Research And Development": NaN,
        "Selling General And Administration": NaN,
        "Selling And Marketing Expense": NaN,
        "General And Administrative Expense": NaN,
        "Other Gand A": NaN,
        "Gross Profit": NaN,
        "Cost Of Revenue": NaN,
        "Total Revenue": NaN,
        "Operating Revenue": NaN
    },
    "2022-03-31": {
        "Diluted EPS": 0.26,
        "Total Revenue": 66,
        "Gross Profit": 44,
        "Operating Income": 8,
        "EBIT": 9,
        "Net Income": 9
    },
    "2021-12-31": {
        "Diluted EPS": 0.23,
        "Total Revenue": 66,
        "Gross Profit": 44,
        "Operating Income": 9,
        "EBIT": 10,
        "Net Income": 7
    },
    "2021-09-30": {
        "Diluted EPS": 0.24,
        "Total Revenue": 63,
        "Gross Profit": 44,
        "Operating Income": 10,
        "EBIT": 11,
        "Net Income": 8
    },
    "2021-06-30": {
        "Diluted EPS": 0.24,
        "Total Revenue": 61,
        "Gross Profit": 42,
        "Operating Income": 10,
        "EBIT": 11,
        "Net Income": 8
    },
    "2021-03-31": {
        "Diluted EPS": 0.29,
        "Total Revenue": 59,
        "Gross Profit": 40,
        "Operating Income": 10,
        "EBIT": 11,
        "Net Income": 10
    },
    "2020-12-31": {
        "Diluted EPS": 0.25,
        "Total Revenue": 59,
        "Gross Profit": 42,
        "Operating Income": 12,
        "EBIT": 13,
        "Net Income": 8
    },
    "2020-09-30": {
        "Diluted EPS": 0.2,
        "Total Revenue": 57,
        "Gross Profit": 38,
        "Operating Income": 11,
        "EBIT": 12,
        "Net Income": 7
    },
    "2020-06-30": {
        "Diluted EPS": 0.21,
        "Total Revenue": 54,
        "Gross Profit": 36,
        "Operating Income": 9,
        "EBIT": 9,
        "Net Income": 7
    },
    "2020-03-31": {
        "Diluted EPS": 0.17,
        "Total Revenue": 52,
        "Gross Profit": 34,
        "Operating Income": 6,
        "EBIT": 7,
        "Net Income": 5
    },
    "2019-12-31": {
        "Diluted EPS": -0.27,
        "Total Revenue": 53,
        "Gross Profit": 2,
        "Operating Income": -26,
        "EBIT": -25,
        "Net Income": -8
    },
    "2019-09-30": {
        "Diluted EPS": 0.14,
        "Total Revenue": 51,
        "Gross Profit": 32,
        "Operating Income": 6,
        "EBIT": 7,
        "Net Income": 4
    },
    "2019-06-30": {
        "Diluted EPS": 0.16,
        "Total Revenue": 49,
        "Gross Profit": 31,
        "Operating Income": 6,
        "EBIT": 6,
        "Net Income": 5
    },
    "2019-03-31": {
        "Diluted EPS": 0.1,
        "Total Revenue": 47,
        "Gross Profit": 29,
        "Operating Income": 5,
        "EBIT": 5,
        "Net Income": 3
    },
    "2018-12-31": {
        "Diluted EPS": 0.15,
        "Total Revenue": 46,
        "Gross Profit": 29,
        "Operating Income": 5,
        "EBIT": 6,
        "Net Income": 5
    },
    "2018-09-30": {
        "Diluted EPS": 0.14,
        "Total Revenue": 45,
        "Gross Profit": 28,
        "Operating Income": 5,
        "EBIT": 6,
        "Net Income": 4
    },
    "2018-06-30": {
        "Diluted EPS": 0.08,
        "Total Revenue": 44,
        "Gross Profit": 27,
        "Operating Income": 3,
        "EBIT": 4,
        "Net Income": 2
    },
    "2018-03-31": {
        "Diluted EPS": 0.08,
        "Total Revenue": 42,
        "Gross Profit": 27,
        "Operating Income": 3,
        "EBIT": 4,
        "Net Income": 2
    },
    "2017-12-31": {
        "Diluted EPS": 0.03,
        "Total Revenue": 41,
        "Gross Profit": 26,
        "Operating Income": 3,
        "EBIT": 4,
        "Net Income": 1
    },
    "2017-09-30": {
        "Diluted EPS": 0.03,
        "Total Revenue": 39,
        "Gross Profit": 25,
        "Operating Income": 3,
        "EBIT": 3,
        "Net Income": 1
    },
    "2017-06-30": {
        "Diluted EPS": 0.03,
        "Total Revenue": 39,
        "Gross Profit": 24,
        "Operating Income": 2,
        "EBIT": 3,
        "Net Income": 1
    },
    "2017-03-31": {
        "Diluted EPS": 0.04,
        "Total Revenue": 37,
        "Gross Profit": 23,
        "Operating Income": 2,
        "EBIT": 3,
        "Net Income": 1
    },
    "2016-12-31": {
        "Diluted EPS": 0.41,
        "Total Revenue": 38,
        "Gross Profit": 23,
        "Operating Income": 4,
        "EBIT": 5,
        "Net Income": 15
    },
    "2016-09-30": {
        "Diluted EPS": 0.03,
        "Total Revenue": 37,
        "Gross Profit": 23,
        "Operating Income": 2,
        "EBIT": 3,
        "Net Income": 1
    },
    "2016-06-30": {
        "Diluted EPS": 0.02,
        "Total Revenue": 36,
        "Gross Profit": 22,
        "Operating Income": 1,
        "EBIT": 2,
        "Net Income": 1
    },
    "2016-03-31": {
        "Diluted EPS": -0.01,
        "Total Revenue": 35,
        "Gross Profit": 21,
        "Operating Income": 1,
        "EBIT": 2,
        "Net Income": 0
    },
    "2015-12-31": {
        "Diluted EPS": 0.07,
        "Total Revenue": 36,
        "Gross Profit": 21,
        "Operating Income": 2,
        "EBIT": 3,
        "Net Income": 3
    },
    "2015-09-30": {
        "Diluted EPS": 0.0,
        "Total Revenue": 34,
        "Gross Profit": 20,
        "Operating Income": 1,
        "EBIT": 2,
        "Net Income": 0
    },
    "2015-06-30": {
        "Diluted EPS": 0.0,
        "Total Revenue": NaN,
        "Gross Profit": NaN,
        "Operating Income": NaN,
        "Net Income": NaN
    },
    "2015-03-31": {
        "Diluted EPS": -0.01,
        "Total Revenue": 37,
        "Gross Profit": 22,
        "Operating Income": 1,
        "EBIT": 2,
        "Net Income": 0
    },
    "2014-12-31": {
        "Diluted EPS": 0.02,
        "Total Revenue": 39,
        "Gross Profit": 23,
        "Operating Income": 2,
        "EBIT": 4,
        "Net Income": 1
    },
    "2014-09-30": {
        "Diluted EPS": -0.02,
        "Total Revenue": 39,
        "Gross Profit": 22,
        "Operating Income": 1,
        "EBIT": 2,
        "Net Income": -1
    },
    "2014-06-30": {
        "Diluted EPS": 0.0,
        "Total Revenue": 38,
        "Gross Profit": 22,
        "Operating Income": 0,
        "EBIT": 1,
        "Net Income": 0
    },
    "2014-03-31": {
        "Diluted EPS": -0.01,
        "Total Revenue": 36,
        "Gross Profit": 21,
        "Operating Income": 0,
        "EBIT": 1,
        "Net Income": 0
    },
    "2013-12-31": {
        "Diluted EPS": 0.07,
        "Total Revenue": 36,
        "Gross Profit": 21,
        "Operating Income": 1,
        "EBIT": 2,
        "Net Income": 3
    },
    "2013-09-30": {
        "Diluted EPS": 0.02,
        "Total Revenue": 35,
        "Gross Profit": 20,
        "Operating Income": 1,
        "EBIT": 2,
        "Net Income": 1
    },
    "2013-06-30": {
        "Diluted EPS": 0.01,
        "Total Revenue": 34,
        "Gross Profit": 19,
        "Operating Income": 0,
        "EBIT": 1,
        "Net Income": 0
    },
    "2013-03-31": {
        "Diluted EPS": 0.0,
        "Total Revenue": 32,
        "Gross Profit": 19,
        "Operating Income": 0,
        "EBIT": 1,
        "Net Income": 0
    },
    "2012-12-31": {
        "Diluted EPS": 0.01,
        "Total Revenue": 33,
        "Gross Profit": 19,
        "Operating Income": 1,
        "EBIT": 2,
        "Net Income": 1
    },
    "2012-09-30": {
        "Diluted EPS": -0.03,
        "Total Revenue": 31,
        "Gross Profit": 18,
        "Operating Income": -1,
        "EBIT": 0,
        "Net Income": -1
    },
    "2012-06-30": {
        "Diluted EPS": -0.05,
        "Total Revenue": 31,
        "Gross Profit": 18,
        "Operating Income": -2,
        "EBIT": -1,
        "Net Income": -2
    },
    "2012-03-31": {
        "Diluted EPS": -0.04,
        "Total Revenue": 32,
        "Gross Profit": 19,
        "Operating Income": -2,
        "EBIT": -1,
        "Net Income": -2
    },
    "2011-12-31": {
        "Diluted EPS": 0.02,
        "Total Revenue": 37,
        "Gross Profit": 22,
        "Operating Income": 1,
        "EBIT": 2,
        "Net Income": 1
    },
    "2011-09-30": {
        "Diluted EPS": -0.01,
        "Total Revenue": 36,
        "Gross Profit": 21,
        "Operating Income": 0,
        "EBIT": 0,
        "Net Income": -1
    },
    "2011-06-30": {
        "Diluted EPS": 0.09,
        "Total Revenue": 42,
        "Gross Profit": 25,
        "Operating Income": 4,
        "EBIT": 5,
        "Net Income": 4
    },
    "2011-03-31": {
        "Diluted EPS": 0.07,
        "Total Revenue": 41,
        "Gross Profit": 24,
        "Operating Income": 3,
        "EBIT": 4,
        "Net Income": 3
    },
    "2010-12-31": {
        "Diluted EPS": 0.13,
        "Total Revenue": 40,
        "Gross Profit": 23,
        "Operating Income": 3,
        "EBIT": 4,
        "Net Income": 5
    },
    "2010-09-30": {
        "Diluted EPS": 0.07,
        "Total Revenue": 38,
        "Gross Profit": 21,
        "Operating Income": 3,
        "EBIT": 4,
        "Net Income": 3
    },
    "2010-06-30": {
        "Diluted EPS": 0.05,
        "Total Revenue": 36,
        "Gross Profit": 20,
        "Operating Income": 2,
        "EBIT": 3,
        "Net Income": 2
    },
    "2010-03-31": {
        "Diluted EPS": 0.04,
        "Total Revenue": 35,
        "Gross Profit": 19,
        "Operating Income": 2,
        "EBIT": 3,
        "Net Income": 2
    },
    "2009-12-31": {
        "Diluted EPS": 0.03,
        "Total Revenue": 34,
        "Gross Profit": 19,
        "Operating Income": 2,
        "EBIT": 3,
        "Net Income": 1
    },
    "2009-09-30": {
        "Diluted EPS": 0.01,
        "Total Revenue": 32,
        "Gross Profit": 18,
        "Operating Income": 1,
        "EBIT": 3,
        "Net Income": 0
    },
    "2009-06-30": {
        "Diluted EPS": -0.02,
        "Total Revenue": 30,
        "Gross Profit": 17,
        "Operating Income": 0,
        "EBIT": 2,
        "Net Income": -1
    },
    "2009-03-31": {
        "Diluted EPS": -0.07,
        "Total Revenue": 29,
        "Gross Profit": 16,
        "Operating Income": -2,
        "EBIT": 0,
        "Net Income": -3
    },
    "2023-09-30": {
        "Tax Effect Of Unusual Items": NaN,
        "Tax Rate For Calcs": NaN,
        "Normalized EBITDA": NaN,
        "Net Income From Continuing Operation Net Minority Interest": NaN,
        "Reconciled Depreciation": NaN,
        "Reconciled Cost Of Revenue": NaN,
        "EBITDA": NaN,
        "EBIT": NaN,
        "Net Interest Income": NaN,
        "Interest Income": 492000.0,
        "Normalized Income": NaN,
        "Net Income From Continuing And Discontinued Operation": NaN,
        "Total Expenses": NaN,
        "Total Operating Income As Reported": NaN,
        "Diluted Average Shares": 31390000.0,
        "Basic Average Shares": 31390000.0,
        "Diluted EPS": 0.14,
        "Basic EPS": 0.14,
        "Diluted NI Availto Com Stockholders": NaN,
        "Net Income Common Stockholders": NaN,
        "Net Income": NaN,
        "Net Income Including Noncontrolling Interests": NaN,
        "Net Income Continuous Operations": NaN,
        "Tax Provision": NaN,
        "Pretax Income": NaN,
        "Net Non Operating Interest Income Expense": NaN,
        "Total Other Finance Cost": -492000.0,
        "Interest Income Non Operating": 492000.0,
        "Operating Income": NaN,
        "Operating Expense": NaN,
        "Research And Development": NaN,
        "Selling General And Administration": NaN,
        "Selling And Marketing Expense": NaN,
        "General And Administrative Expense": NaN,
        "Other Gand A": NaN,
        "Gross Profit": NaN,
        "Cost Of Revenue": NaN,
        "Total Revenue": NaN,
        "Operating Revenue": NaN
    },
    "2023-12-31": {
        "Tax Effect Of Unusual Items": 0.0,
        "Tax Rate For Calcs": 0.334729,
        "Normalized EBITDA": 9371000.0,
        "Net Income From Continuing Operation Net Minority Interest": 3655000.0,
        "Reconciled Depreciation": 624000.0,
        "Reconciled Cost Of Revenue": 21167000.0,
        "EBITDA": 9371000.0,
        "EBIT": 8747000.0,
        "Net Interest Income": -544000.0,
        "Interest Income": 1348000.0,
        "Normalized Income": 3655000.0,
        "Net Income From Continuing And Discontinued Operation": 3655000.0,
        "Total Expenses": 56325000.0,
        "Total Operating Income As Reported": 7234000.0,
        "Diluted Average Shares": 30893000.0,
        "Basic Average Shares": 30678000.0,
        "Diluted EPS": 0.12,
        "Basic EPS": 0.12,
        "Diluted NI Availto Com Stockholders": 3655000.0,
        "Net Income Common Stockholders": 3655000.0,
        "Net Income": 3655000.0,
        "Net Income Including Noncontrolling Interests": 3655000.0,
        "Net Income Continuous Operations": 3655000.0,
        "Tax Provision": 1839000.0,
        "Pretax Income": 5494000.0,
        "Net Non Operating Interest Income Expense": -544000.0,
        "Total Other Finance Cost": NaN,
        "Interest Income Non Operating": 1348000.0,
        "Operating Income": 7234000.0,
        "Operating Expense": 35158000.0,
        "Research And Development": 13806000.0,
        "Selling General And Administration": 21352000.0,
        "Selling And Marketing Expense": 17496000.0,
        "General And Administrative Expense": 3856000.0,
        "Other Gand A": 3856000.0,
        "Gross Profit": 42392000.0,
        "Cost Of Revenue": 21167000.0,
        "Total Revenue": 63559000.0,
        "Operating Revenue": 63559000.0
    },
    "2024-03-31": {
        "Tax Effect Of Unusual Items": 0.0,
        "Tax Rate For Calcs": 0.369552,
        "Normalized EBITDA": 3804000.0,
        "Net Income From Continuing Operation Net Minority Interest": 2083000.0,
        "Reconciled Depreciation": 523000.0,
        "Reconciled Cost Of Revenue": 21409000.0,
        "EBITDA": 3804000.0,
        "EBIT": 3281000.0,
        "Net Interest Income": 23000.0,
        "Interest Income": 23000.0,
        "Normalized Income": 2083000.0,
        "Net Income From Continuing And Discontinued Operation": 2083000.0,
        "Total Expenses": 56795000.0,
        "Total Operating Income As Reported": 3281000.0,
        "Diluted Average Shares": 30793000.0,
        "Basic Average Shares": 30333000.0,
        "Diluted EPS": 0.07,
        "Basic EPS": 0.07,
        "Diluted NI Availto Com Stockholders": 2083000.0,
        "Net Income Common Stockholders": 2083000.0,
        "Net Income": 2083000.0,
        "Net Income Including Noncontrolling Interests": 2083000.0,
        "Net Income Continuous Operations": 2083000.0,
        "Tax Provision": 1221000.0,
        "Pretax Income": 3304000.0,
        "Net Non Operating Interest Income Expense": 23000.0,
        "Total Other Finance Cost": NaN,
        "Interest Income Non Operating": 23000.0,
        "Operating Income": 3281000.0,
        "Operating Expense": 35386000.0,
        "Research And Development": 13933000.0,
        "Selling General And Administration": 21453000.0,
        "Selling And Marketing Expense": 17367000.0,
        "General And Administrative Expense": 4086000.0,
        "Other Gand A": 4086000.0,
        "Gross Profit": 38667000.0,
        "Cost Of Revenue": 21409000.0,
        "Total Revenue": 60076000.0,
        "Operating Revenue": 60076000.0
    },
    "2024-06-30": {
        "Tax Effect Of Unusual Items": 0.0,
        "Tax Rate For Calcs": 0.292198,
        "Normalized EBITDA": 6197000.0,
        "Net Income From Continuing Operation Net Minority Interest": 3774000.0,
        "Reconciled Depreciation": 1261000.0,
        "Reconciled Cost Of Revenue": 20828000.0,
        "EBITDA": 6197000.0,
        "EBIT": 4936000.0,
        "Net Interest Income": 396000.0,
        "Interest Income": NaN,
        "Normalized Income": 3774000.0,
        "Net Income From Continuing And Discontinued Operation": 3774000.0,
        "Total Expenses": 55367000.0,
        "Total Operating Income As Reported": 4936000.0,
        "Diluted Average Shares": 30735000.0,
        "Basic Average Shares": 30341000.0,
        "Diluted EPS": 0.12,
        "Basic EPS": 0.12,
        "Diluted NI Availto Com Stockholders": 3774000.0,
        "Net Income Common Stockholders": 3774000.0,
        "Net Income": 3774000.0,
        "Net Income Including Noncontrolling Interests": 3774000.0,
        "Net Income Continuous Operations": 3774000.0,
        "Tax Provision": 1558000.0,
        "Pretax Income": 5332000.0,
        "Net Non Operating Interest Income Expense": 396000.0,
        "Total Other Finance Cost": -396000.0,
        "Interest Income Non Operating": NaN,
        "Operating Income": 4936000.0,
        "Operating Expense": 34539000.0,
        "Research And Development": 13181000.0,
        "Selling General And Administration": 21358000.0,
        "Selling And Marketing Expense": 17453000.0,
        "General And Administrative Expense": 3905000.0,
        "Other Gand A": 3905000.0,
        "Gross Profit": 39475000.0,
        "Cost Of Revenue": 20828000.0,
        "Total Revenue": 60303000.0,
        "Operating Revenue": 60303000.0
    },
    "2024-09-30": {
        "Tax Effect Of Unusual Items": 0.0,
        "Tax Rate For Calcs": 0.370831,
        "Normalized EBITDA": 5876000.0,
        "Net Income From Continuing Operation Net Minority Interest": 2679000.0,
        "Reconciled Depreciation": 1004000.0,
        "Reconciled Cost Of Revenue": 20943000.0,
        "EBITDA": 5876000.0,
        "EBIT": 4872000.0,
        "Net Interest Income": -614000.0,
        "Interest Income": NaN,
        "Normalized Income": 2679000.0,
        "Net Income From Continuing And Discontinued Operation": 2679000.0,
        "Total Expenses": 55371000.0,
        "Total Operating Income As Reported": 4872000.0,
        "Diluted Average Shares": 30778000.0,
        "Basic Average Shares": 30218000.0,
        "Diluted EPS": 0.09,
        "Basic EPS": 0.09,
        "Diluted NI Availto Com Stockholders": 2679000.0,
        "Net Income Common Stockholders": 2679000.0,
        "Net Income": 2679000.0,
        "Net Income Including Noncontrolling Interests": 2679000.0,
        "Net Income Continuous Operations": 2679000.0,
        "Tax Provision": 1579000.0,
        "Pretax Income": 4258000.0,
        "Net Non Operating Interest Income Expense": -614000.0,
        "Total Other Finance Cost": 614000.0,
        "Interest Income Non Operating": NaN,
        "Operating Income": 4872000.0,
        "Operating Expense": 34428000.0,
        "Research And Development": 12666000.0,
        "Selling General And Administration": 21762000.0,
        "Selling And Marketing Expense": 17607000.0,
        "General And Administrative Expense": 4155000.0,
        "Other Gand A": 4155000.0,
        "Gross Profit": 39300000.0,
        "Cost Of Revenue": 20943000.0,
        "Total Revenue": 60243000.0,
        "Operating Revenue": 60243000.0
    },
    "2024-12-31": {
        "Tax Effect Of Unusual Items": 0.0,
        "Tax Rate For Calcs": 0.23,
        "Normalized EBITDA": 3398000.0,
        "Net Income From Continuing Operation Net Minority Interest": 6775000.0,
        "Reconciled Depreciation": 1095000.0,
        "Reconciled Cost Of Revenue": 20835000.0,
        "EBITDA": 3398000.0,
        "EBIT": 2303000.0,
        "Net Interest Income": 2806000.0,
        "Interest Income": NaN,
        "Normalized Income": 6775000.0,
        "Net Income From Continuing And Discontinued Operation": 6775000.0,
        "Total Expenses": 57452000.0,
        "Total Operating Income As Reported": 4102000.0,
        "Diluted Average Shares": NaN,
        "Basic Average Shares": NaN,
        "Diluted EPS": NaN,
        "Basic EPS": NaN,
        "Diluted NI Availto Com Stockholders": 6775000.0,
        "Net Income Common Stockholders": 6775000.0,
        "Net Income": 6775000.0,
        "Net Income Including Noncontrolling Interests": 6775000.0,
        "Net Income Continuous Operations": 6775000.0,
        "Tax Provision": -4573000.0,
        "Pretax Income": 2202000.0,
        "Net Non Operating Interest Income Expense": 2806000.0,
        "Total Other Finance Cost": NaN,
        "Interest Income Non Operating": NaN,
        "Operating Income": 4102000.0,
        "Operating Expense": 36617000.0,
        "Research And Development": 12345000.0,
        "Selling General And Administration": 24272000.0,
        "Selling And Marketing Expense": 18740000.0,
        "General And Administrative Expense": 5532000.0,
        "Other Gand A": 5532000.0,
        "Gross Profit": 40719000.0,
        "Cost Of Revenue": 20835000.0,
        "Total Revenue": 61554000.0,
        "Operating Revenue": 61554000.0
    }
}