{
    "2023-03-31": {
        "Tax Effect Of Unusual Items": NaN,
        "Tax Rate For Calcs": NaN,
        "Normalized EBITDA": NaN,
        "Total Unusual Items": NaN,
        "Total Unusual Items Excluding Goodwill": NaN,
        "Net Income From Continuing Operation Net Minority Interest": NaN,
        "Reconciled Depreciation": NaN,
        "EBITDA": NaN,
        "EBIT": NaN,
        "Normalized Income": NaN,
        "Net Income From Continuing And Discontinued Operation": NaN,
        "Total Expenses": NaN,
        "Total Operating Income As Reported": NaN,
        "Diluted Average Shares": 1170000000.0,
        "Basic Average Shares": 1170000000.0,
        "Diluted EPS": -0.17,
        "Basic EPS": -0.17,
        "Diluted NI Availto Com Stockholders": NaN,
        "Net Income Common Stockholders": NaN,
        "Net Income": NaN,
        "Net Income Including Noncontrolling Interests": NaN,
        "Net Income Continuous Operations": NaN,
        "Tax Provision": NaN,
        "Pretax Income": NaN,
        "Other Income Expense": NaN,
        "Other Non Operating Income Expenses": NaN,
        "Special Income Charges": NaN,
        "Impairment Of Capital Assets": NaN,
        "Gain On Sale Of Security": NaN,
        "Operating Income": NaN,
        "Operating Expense": NaN,
        "Research And Development": NaN,
        "Selling General And Administration": NaN,
        "Total Revenue": NaN,
        "Operating Revenue": NaN
    },
    "2022-12-31": {
        "Tax Effect Of Unusual Items": NaN,
        "Tax Rate For Calcs": NaN,
        "Normalized EBITDA": NaN,
        "Total Unusual Items": NaN,
        "Total Unusual Items Excluding Goodwill": NaN,
        "Net Income From Continuing Operation Net Minority Interest": NaN,
        "Reconciled Depreciation": NaN,
        "EBITDA": NaN,
        "EBIT": NaN,
        "Normalized Income": NaN,
        "Net Income From Continuing And Discontinued Operation": NaN,
        "Total Expenses": NaN,
        "Total Operating Income As Reported": NaN,
        "Diluted Average Shares": NaN,
        "Basic Average Shares": NaN,
        "Diluted EPS": NaN,
        "Basic EPS": NaN,
        "Diluted NI Availto Com Stockholders": NaN,
        "Net Income Common Stockholders": NaN,
        "Net Income": NaN,
        "Net Income Including Noncontrolling Interests": NaN,
        "Net Income Continuous Operations": NaN,
        "Tax Provision": NaN,
        "Pretax Income": NaN,
        "Other Income Expense": NaN,
        "Other Non Operating Income Expenses": NaN,
        "Special Income Charges": -113919000.0,
        "Impairment Of Capital Assets": 113919000.0,
        "Gain On Sale Of Security": NaN,
        "Operating Income": NaN,
        "Operating Expense": NaN,
        "Research And Development": NaN,
        "Selling General And Administration": NaN,
        "Total Revenue": NaN,
        "Operating Revenue": NaN
    },
    "2022-09-30": {
        "Tax Effect Of Unusual Items": NaN,
        "Tax Rate For Calcs": NaN,
        "Normalized EBITDA": NaN,
        "Total Unusual Items": NaN,
        "Total Unusual Items Excluding Goodwill": NaN,
        "Net Income From Continuing Operation Net Minority Interest": NaN,
        "Reconciled Depreciation": NaN,
        "EBITDA": NaN,
        "EBIT": NaN,
        "Normalized Income": NaN,
        "Net Income From Continuing And Discontinued Operation": NaN,
        "Total Expenses": NaN,
        "Total Operating Income As Reported": NaN,
        "Diluted Average Shares": 1152000000.0,
        "Basic Average Shares": 1152000000.0,
        "Diluted EPS": -0.17,
        "Basic EPS": -0.17,
        "Diluted NI Availto Com Stockholders": NaN,
        "Net Income Common Stockholders": NaN,
        "Net Income": NaN,
        "Net Income Including Noncontrolling Interests": NaN,
        "Net Income Continuous Operations": NaN,
        "Tax Provision": NaN,
        "Pretax Income": NaN,
        "Other Income Expense": NaN,
        "Other Non Operating Income Expenses": NaN,
        "Special Income Charges": 0.0,
        "Impairment Of Capital Assets": 0.0,
        "Gain On Sale Of Security": NaN,
        "Operating Income": NaN,
        "Operating Expense": NaN,
        "Research And Development": NaN,
        "Selling General And Administration": NaN,
        "Total Revenue": NaN,
        "Operating Revenue": NaN
    },
    "2022-06-30": {
        "Tax Effect Of Unusual Items": 0.0,
        "Tax Rate For Calcs": 0.0,
        "Normalized EBITDA": 769255000.0,
        "Total Unusual Items": -960203000.0,
        "Total Unusual Items Excluding Goodwill": -960203000.0,
        "Net Income From Continuing Operation Net Minority Interest": -1154177000.0,
        "Reconciled Depreciation": 5571000.0,
        "EBITDA": -190948000.0,
        "EBIT": -196519000.0,
        "Normalized Income": -193974000.0,
        "Net Income From Continuing And Discontinued Operation": -1154177000.0,
        "Total Expenses": 217252000.0,
        "Total Operating Income As Reported": -1196600000.0,
        "Diluted Average Shares": 1131000000.0,
        "Basic Average Shares": 1131000000.0,
        "Diluted EPS": -1.02,
        "Basic EPS": -1.02,
        "Diluted NI Availto Com Stockholders": -1154177000.0,
        "Net Income Common Stockholders": -1154177000.0,
        "Net Income": -1154177000.0,
        "Net Income Including Noncontrolling Interests": -1154177000.0,
        "Net Income Continuous Operations": -1154177000.0,
        "Tax Provision": 0.0,
        "Pretax Income": -1154177000.0,
        "Other Income Expense": -957658000.0,
        "Other Non Operating Income Expenses": 2545000.0,
        "Special Income Charges": -1000081000.0,
        "Impairment Of Capital Assets": 1000081000.0,
        "Gain On Sale Of Security": 39878000.0,
        "Operating Income": -196519000.0,
        "Operating Expense": 217252000.0,
        "Research And Development": 183785000.0,
        "Selling General And Administration": 33467000.0,
        "Total Revenue": 20733000.0,
        "Operating Revenue": 20733000.0
    },
    "2022-03-31": {
        "Diluted EPS": -0.07,
        "Total Revenue": 42,
        "Gross Profit": 42,
        "Operating Income": -143,
        "EBIT": -137,
        "Net Income": -77
    },
    "2021-12-31": {
        "Diluted EPS": -0.24,
        "Total Revenue": 26,
        "Gross Profit": 26,
        "Operating Income": -229,
        "EBIT": -224,
        "Net Income": -251
    },
    "2021-09-30": {
        "Diluted EPS": -0.25,
        "Total Revenue": 56,
        "Gross Profit": 56,
        "Operating Income": -128,
        "EBIT": -125,
        "Net Income": -133
    },
    "2021-06-30": {
        "Diluted EPS": -0.34,
        "Total Revenue": NaN,
        "Gross Profit": NaN,
        "Operating Income": -181,
        "EBIT": -180,
        "Net Income": -182
    },
    "2021-03-31": {
        "Diluted EPS": -0.39,
        "Total Revenue": NaN,
        "Gross Profit": NaN,
        "Operating Income": -192,
        "EBIT": -186,
        "Net Income": -189
    },
    "2020-12-31": {
        "Diluted EPS": 0.0,
        "Total Revenue": NaN,
        "Gross Profit": NaN,
        "Operating Income": NaN,
        "EBIT": NaN,
        "Net Income": NaN
    },
    "2019-12-31": {
        "Diluted EPS": 0.0,
        "Total Revenue": NaN,
        "Gross Profit": NaN,
        "Operating Income": NaN,
        "EBIT": NaN,
        "Net Income": NaN
    },
    "2023-06-30": {
        "Tax Effect Of Unusual Items": NaN,
        "Tax Rate For Calcs": NaN,
        "Normalized EBITDA": NaN,
        "Total Unusual Items": NaN,
        "Total Unusual Items Excluding Goodwill": NaN,
        "Net Income From Continuing Operation Net Minority Interest": NaN,
        "Reconciled Depreciation": NaN,
        "EBITDA": NaN,
        "EBIT": NaN,
        "Normalized Income": NaN,
        "Net Income From Continuing And Discontinued Operation": NaN,
        "Total Expenses": NaN,
        "Total Operating Income As Reported": NaN,
        "Diluted Average Shares": 1179000000.0,
        "Basic Average Shares": 1179000000.0,
        "Diluted EPS": -0.18,
        "Basic EPS": -0.18,
        "Diluted NI Availto Com Stockholders": NaN,
        "Net Income Common Stockholders": NaN,
        "Net Income": NaN,
        "Net Income Including Noncontrolling Interests": NaN,
        "Net Income Continuous Operations": NaN,
        "Tax Provision": NaN,
        "Pretax Income": NaN,
        "Other Income Expense": NaN,
        "Other Non Operating Income Expenses": NaN,
        "Special Income Charges": 0.0,
        "Impairment Of Capital Assets": 0.0,
        "Gain On Sale Of Security": NaN,
        "Operating Income": NaN,
        "Operating Expense": NaN,
        "Research And Development": NaN,
        "Selling General And Administration": NaN,
        "Total Revenue": NaN,
        "Operating Revenue": NaN
    },
    "2023-09-30": {
        "Tax Effect Of Unusual Items": NaN,
        "Tax Rate For Calcs": NaN,
        "Normalized EBITDA": NaN,
        "Total Unusual Items": NaN,
        "Total Unusual Items Excluding Goodwill": NaN,
        "Net Income From Continuing Operation Net Minority Interest": NaN,
        "Reconciled Depreciation": NaN,
        "EBITDA": NaN,
        "EBIT": NaN,
        "Normalized Income": NaN,
        "Net Income From Continuing And Discontinued Operation": NaN,
        "Total Expenses": NaN,
        "Total Operating Income As Reported": NaN,
        "Diluted Average Shares": 1432000000.0,
        "Basic Average Shares": 1432000000.0,
        "Diluted EPS": -0.13,
        "Basic EPS": -0.13,
        "Diluted NI Availto Com Stockholders": NaN,
        "Net Income Common Stockholders": NaN,
        "Net Income": NaN,
        "Net Income Including Noncontrolling Interests": NaN,
        "Net Income Continuous Operations": NaN,
        "Tax Provision": NaN,
        "Pretax Income": NaN,
        "Other Income Expense": NaN,
        "Other Non Operating Income Expenses": NaN,
        "Special Income Charges": 0.0,
        "Impairment Of Capital Assets": 0.0,
        "Gain On Sale Of Security": NaN,
        "Operating Income": NaN,
        "Operating Expense": NaN,
        "Research And Development": NaN,
        "Selling General And Administration": NaN,
        "Total Revenue": NaN,
        "Operating Revenue": NaN
    },
    "2023-12-31": {
        "Tax Effect Of Unusual Items": 0.0,
        "Tax Rate For Calcs": 0.0,
        "Normalized EBITDA": -179000000.0,
        "Total Unusual Items": -13000000.0,
        "Total Unusual Items Excluding Goodwill": -13000000.0,
        "Net Income From Continuing Operation Net Minority Interest": -192000000.0,
        "Reconciled Depreciation": 6000000.0,
        "EBITDA": -192000000.0,
        "EBIT": -198000000.0,
        "Normalized Income": -179000000.0,
        "Net Income From Continuing And Discontinued Operation": -192000000.0,
        "Total Expenses": 198000000.0,
        "Total Operating Income As Reported": -198000000.0,
        "Diluted Average Shares": NaN,
        "Basic Average Shares": NaN,
        "Diluted EPS": NaN,
        "Basic EPS": NaN,
        "Diluted NI Availto Com Stockholders": -192000000.0,
        "Net Income Common Stockholders": -192000000.0,
        "Net Income": -192000000.0,
        "Net Income Including Noncontrolling Interests": -192000000.0,
        "Net Income Continuous Operations": -192000000.0,
        "Tax Provision": 0.0,
        "Pretax Income": -192000000.0,
        "Other Income Expense": 6000000.0,
        "Other Non Operating Income Expenses": 19000000.0,
        "Special Income Charges": 0.0,
        "Impairment Of Capital Assets": 0.0,
        "Gain On Sale Of Security": -13000000.0,
        "Operating Income": -198000000.0,
        "Operating Expense": 198000000.0,
        "Research And Development": 170000000.0,
        "Selling General And Administration": 28000000.0,
        "Total Revenue": 0.0,
        "Operating Revenue": 0.0
    },
    "2024-03-31": {
        "Tax Effect Of Unusual Items": 0.0,
        "Tax Rate For Calcs": 0.0,
        "Normalized EBITDA": -200000000.0,
        "Total Unusual Items": 12000000.0,
        "Total Unusual Items Excluding Goodwill": 12000000.0,
        "Net Income From Continuing Operation Net Minority Interest": -165000000.0,
        "Reconciled Depreciation": 5000000.0,
        "EBITDA": -188000000.0,
        "EBIT": -193000000.0,
        "Normalized Income": -177000000.0,
        "Net Income From Continuing And Discontinued Operation": -165000000.0,
        "Total Expenses": 193000000.0,
        "Total Operating Income As Reported": -193000000.0,
        "Diluted Average Shares": 1537000000.0,
        "Basic Average Shares": 1537000000.0,
        "Diluted EPS": -0.11,
        "Basic EPS": -0.11,
        "Diluted NI Availto Com Stockholders": -165000000.0,
        "Net Income Common Stockholders": -165000000.0,
        "Net Income": -165000000.0,
        "Net Income Including Noncontrolling Interests": -165000000.0,
        "Net Income Continuous Operations": -165000000.0,
        "Tax Provision": 0.0,
        "Pretax Income": -165000000.0,
        "Other Income Expense": 28000000.0,
        "Other Non Operating Income Expenses": 16000000.0,
        "Special Income Charges": NaN,
        "Impairment Of Capital Assets": NaN,
        "Gain On Sale Of Security": 12000000.0,
        "Operating Income": -193000000.0,
        "Operating Expense": 193000000.0,
        "Research And Development": 166000000.0,
        "Selling General And Administration": 27000000.0,
        "Total Revenue": 0.0,
        "Operating Revenue": 0.0
    },
    "2024-06-30": {
        "Tax Effect Of Unusual Items": 0.0,
        "Tax Rate For Calcs": 0.0,
        "Normalized EBITDA": -193000000.0,
        "Total Unusual Items": 1000000.0,
        "Total Unusual Items Excluding Goodwill": 1000000.0,
        "Net Income From Continuing Operation Net Minority Interest": -182000000.0,
        "Reconciled Depreciation": 6000000.0,
        "EBITDA": -192000000.0,
        "EBIT": -198000000.0,
        "Normalized Income": -183000000.0,
        "Net Income From Continuing And Discontinued Operation": -182000000.0,
        "Total Expenses": 198000000.0,
        "Total Operating Income As Reported": -198000000.0,
        "Diluted Average Shares": 1554000000.0,
        "Basic Average Shares": 1554000000.0,
        "Diluted EPS": -0.12,
        "Basic EPS": -0.12,
        "Diluted NI Availto Com Stockholders": -182000000.0,
        "Net Income Common Stockholders": -182000000.0,
        "Net Income": -182000000.0,
        "Net Income Including Noncontrolling Interests": -182000000.0,
        "Net Income Continuous Operations": -182000000.0,
        "Tax Provision": 0.0,
        "Pretax Income": -182000000.0,
        "Other Income Expense": 16000000.0,
        "Other Non Operating Income Expenses": 15000000.0,
        "Special Income Charges": NaN,
        "Impairment Of Capital Assets": NaN,
        "Gain On Sale Of Security": 1000000.0,
        "Operating Income": -198000000.0,
        "Operating Expense": 198000000.0,
        "Research And Development": 170000000.0,
        "Selling General And Administration": 28000000.0,
        "Total Revenue": 0.0,
        "Operating Revenue": 0.0
    },
    "2024-09-30": {
        "Tax Effect Of Unusual Items": 0.0,
        "Tax Rate For Calcs": 0.0,
        "Normalized EBITDA": -164000000.0,
        "Total Unusual Items": -28000000.0,
        "Total Unusual Items Excluding Goodwill": -28000000.0,
        "Net Income From Continuing Operation Net Minority Interest": -208000000.0,
        "Reconciled Depreciation": 4000000.0,
        "EBITDA": -192000000.0,
        "EBIT": -196000000.0,
        "Normalized Income": -180000000.0,
        "Net Income From Continuing And Discontinued Operation": -208000000.0,
        "Total Expenses": 196000000.0,
        "Total Operating Income As Reported": -196000000.0,
        "Diluted Average Shares": 1657000000.0,
        "Basic Average Shares": 1657000000.0,
        "Diluted EPS": -0.13,
        "Basic EPS": -0.13,
        "Diluted NI Availto Com Stockholders": -208000000.0,
        "Net Income Common Stockholders": -208000000.0,
        "Net Income": -208000000.0,
        "Net Income Including Noncontrolling Interests": -208000000.0,
        "Net Income Continuous Operations": -208000000.0,
        "Tax Provision": 0.0,
        "Pretax Income": -208000000.0,
        "Other Income Expense": -12000000.0,
        "Other Non Operating Income Expenses": 16000000.0,
        "Special Income Charges": NaN,
        "Impairment Of Capital Assets": NaN,
        "Gain On Sale Of Security": -28000000.0,
        "Operating Income": -196000000.0,
        "Operating Expense": 196000000.0,
        "Research And Development": 169000000.0,
        "Selling General And Administration": 27000000.0,
        "Total Revenue": 0.0,
        "Operating Revenue": 0.0
    },
    "2024-12-31": {
        "Tax Effect Of Unusual Items": 0.0,
        "Tax Rate For Calcs": 0.0,
        "Normalized EBITDA": -184000000.0,
        "Total Unusual Items": -9000000.0,
        "Total Unusual Items Excluding Goodwill": -9000000.0,
        "Net Income From Continuing Operation Net Minority Interest": -193000000.0,
        "Reconciled Depreciation": 6000000.0,
        "EBITDA": -193000000.0,
        "EBIT": -199000000.0,
        "Normalized Income": -184000000.0,
        "Net Income From Continuing And Discontinued Operation": -193000000.0,
        "Total Expenses": 199000000.0,
        "Total Operating Income As Reported": -199000000.0,
        "Diluted Average Shares": NaN,
        "Basic Average Shares": NaN,
        "Diluted EPS": NaN,
        "Basic EPS": NaN,
        "Diluted NI Availto Com Stockholders": -193000000.0,
        "Net Income Common Stockholders": -193000000.0,
        "Net Income": -193000000.0,
        "Net Income Including Noncontrolling Interests": -193000000.0,
        "Net Income Continuous Operations": -193000000.0,
        "Tax Provision": 0.0,
        "Pretax Income": -193000000.0,
        "Other Income Expense": 6000000.0,
        "Other Non Operating Income Expenses": 15000000.0,
        "Special Income Charges": NaN,
        "Impairment Of Capital Assets": NaN,
        "Gain On Sale Of Security": -9000000.0,
        "Operating Income": -199000000.0,
        "Operating Expense": 199000000.0,
        "Research And Development": 171000000.0,
        "Selling General And Administration": 28000000.0,
        "Total Revenue": 0.0,
        "Operating Revenue": 0.0
    }
}