{
    "2023-03-31": {
        "Tax Effect Of Unusual Items": NaN,
        "Tax Rate For Calcs": NaN,
        "Normalized EBITDA": NaN,
        "Total Unusual Items": NaN,
        "Total Unusual Items Excluding Goodwill": NaN,
        "Net Income From Continuing Operation Net Minority Interest": NaN,
        "Reconciled Depreciation": NaN,
        "Reconciled Cost Of Revenue": NaN,
        "EBITDA": NaN,
        "EBIT": NaN,
        "Net Interest Income": NaN,
        "Interest Expense": NaN,
        "Interest Income": NaN,
        "Normalized Income": NaN,
        "Net Income From Continuing And Discontinued Operation": NaN,
        "Total Expenses": NaN,
        "Rent Expense Supplemental": NaN,
        "Total Operating Income As Reported": NaN,
        "Diluted Average Shares": NaN,
        "Basic Average Shares": NaN,
        "Diluted EPS": NaN,
        "Basic EPS": NaN,
        "Diluted NI Availto Com Stockholders": NaN,
        "Net Income Common Stockholders": NaN,
        "Net Income": NaN,
        "Net Income Including Noncontrolling Interests": NaN,
        "Net Income Continuous Operations": NaN,
        "Tax Provision": NaN,
        "Pretax Income": NaN,
        "Other Income Expense": NaN,
        "Other Non Operating Income Expenses": NaN,
        "Special Income Charges": NaN,
        "Impairment Of Capital Assets": NaN,
        "Restructuring And Mergern Acquisition": NaN,
        "Gain On Sale Of Security": NaN,
        "Net Non Operating Interest Income Expense": NaN,
        "Total Other Finance Cost": 1421000.0,
        "Interest Expense Non Operating": NaN,
        "Interest Income Non Operating": NaN,
        "Operating Income": NaN,
        "Operating Expense": NaN,
        "Other Operating Expenses": NaN,
        "Depreciation Amortization Depletion Income Statement": NaN,
        "Depreciation And Amortization In Income Statement": NaN,
        "Selling General And Administration": NaN,
        "General And Administrative Expense": NaN,
        "Other Gand A": NaN,
        "Rent And Landing Fees": NaN,
        "Salaries And Wages": NaN,
        "Gross Profit": NaN,
        "Cost Of Revenue": NaN,
        "Total Revenue": NaN,
        "Operating Revenue": NaN
    },
    "2022-12-31": {
        "Tax Effect Of Unusual Items": NaN,
        "Tax Rate For Calcs": NaN,
        "Normalized EBITDA": NaN,
        "Total Unusual Items": NaN,
        "Total Unusual Items Excluding Goodwill": NaN,
        "Net Income From Continuing Operation Net Minority Interest": NaN,
        "Reconciled Depreciation": NaN,
        "Reconciled Cost Of Revenue": NaN,
        "EBITDA": NaN,
        "EBIT": NaN,
        "Net Interest Income": NaN,
        "Interest Expense": NaN,
        "Interest Income": NaN,
        "Normalized Income": NaN,
        "Net Income From Continuing And Discontinued Operation": NaN,
        "Total Expenses": NaN,
        "Rent Expense Supplemental": NaN,
        "Total Operating Income As Reported": NaN,
        "Diluted Average Shares": NaN,
        "Basic Average Shares": NaN,
        "Diluted EPS": NaN,
        "Basic EPS": NaN,
        "Diluted NI Availto Com Stockholders": NaN,
        "Net Income Common Stockholders": NaN,
        "Net Income": NaN,
        "Net Income Including Noncontrolling Interests": NaN,
        "Net Income Continuous Operations": NaN,
        "Tax Provision": NaN,
        "Pretax Income": NaN,
        "Other Income Expense": NaN,
        "Other Non Operating Income Expenses": NaN,
        "Special Income Charges": NaN,
        "Impairment Of Capital Assets": 205139000.0,
        "Restructuring And Mergern Acquisition": NaN,
        "Gain On Sale Of Security": NaN,
        "Net Non Operating Interest Income Expense": NaN,
        "Total Other Finance Cost": 2559000.0,
        "Interest Expense Non Operating": NaN,
        "Interest Income Non Operating": NaN,
        "Operating Income": NaN,
        "Operating Expense": NaN,
        "Other Operating Expenses": NaN,
        "Depreciation Amortization Depletion Income Statement": NaN,
        "Depreciation And Amortization In Income Statement": NaN,
        "Selling General And Administration": NaN,
        "General And Administrative Expense": NaN,
        "Other Gand A": NaN,
        "Rent And Landing Fees": NaN,
        "Salaries And Wages": NaN,
        "Gross Profit": NaN,
        "Cost Of Revenue": NaN,
        "Total Revenue": NaN,
        "Operating Revenue": NaN
    },
    "2022-09-30": {
        "Tax Effect Of Unusual Items": NaN,
        "Tax Rate For Calcs": NaN,
        "Normalized EBITDA": NaN,
        "Total Unusual Items": NaN,
        "Total Unusual Items Excluding Goodwill": NaN,
        "Net Income From Continuing Operation Net Minority Interest": NaN,
        "Reconciled Depreciation": NaN,
        "Reconciled Cost Of Revenue": NaN,
        "EBITDA": NaN,
        "EBIT": NaN,
        "Net Interest Income": NaN,
        "Interest Expense": NaN,
        "Interest Income": NaN,
        "Normalized Income": NaN,
        "Net Income From Continuing And Discontinued Operation": NaN,
        "Total Expenses": NaN,
        "Rent Expense Supplemental": NaN,
        "Total Operating Income As Reported": NaN,
        "Diluted Average Shares": 186166000.0,
        "Basic Average Shares": 186113000.0,
        "Diluted EPS": 0.13,
        "Basic EPS": 0.13,
        "Diluted NI Availto Com Stockholders": NaN,
        "Net Income Common Stockholders": NaN,
        "Net Income": NaN,
        "Net Income Including Noncontrolling Interests": NaN,
        "Net Income Continuous Operations": NaN,
        "Tax Provision": NaN,
        "Pretax Income": NaN,
        "Other Income Expense": NaN,
        "Other Non Operating Income Expenses": NaN,
        "Special Income Charges": NaN,
        "Impairment Of Capital Assets": 0.0,
        "Restructuring And Mergern Acquisition": NaN,
        "Gain On Sale Of Security": NaN,
        "Net Non Operating Interest Income Expense": NaN,
        "Total Other Finance Cost": NaN,
        "Interest Expense Non Operating": NaN,
        "Interest Income Non Operating": NaN,
        "Operating Income": NaN,
        "Operating Expense": NaN,
        "Other Operating Expenses": NaN,
        "Depreciation Amortization Depletion Income Statement": NaN,
        "Depreciation And Amortization In Income Statement": NaN,
        "Selling General And Administration": NaN,
        "General And Administrative Expense": NaN,
        "Other Gand A": NaN,
        "Rent And Landing Fees": NaN,
        "Salaries And Wages": NaN,
        "Gross Profit": NaN,
        "Cost Of Revenue": NaN,
        "Total Revenue": NaN,
        "Operating Revenue": NaN
    },
    "2022-06-30": {
        "Tax Effect Of Unusual Items": -465340.0,
        "Tax Rate For Calcs": 0.001,
        "Normalized EBITDA": 24275000.0,
        "Total Unusual Items": -465340000.0,
        "Total Unusual Items Excluding Goodwill": -465340000.0,
        "Net Income From Continuing Operation Net Minority Interest": -473887000.0,
        "Reconciled Depreciation": 10247000.0,
        "Reconciled Cost Of Revenue": 293703000.0,
        "EBITDA": -441065000.0,
        "EBIT": -451312000.0,
        "Net Interest Income": -22776000.0,
        "Interest Expense": 22919000.0,
        "Interest Income": 143000.0,
        "Normalized Income": -9012340.0,
        "Net Income From Continuing And Discontinued Operation": -473887000.0,
        "Total Expenses": 429151000.0,
        "Rent Expense Supplemental": 3524000.0,
        "Total Operating Income As Reported": -456381000.0,
        "Diluted Average Shares": 184953000.0,
        "Basic Average Shares": 184953000.0,
        "Diluted EPS": -2.56,
        "Basic EPS": -2.56,
        "Diluted NI Availto Com Stockholders": -473887000.0,
        "Net Income Common Stockholders": -473887000.0,
        "Net Income": -473887000.0,
        "Net Income Including Noncontrolling Interests": -473887000.0,
        "Net Income Continuous Operations": -473887000.0,
        "Tax Provision": -344000.0,
        "Pretax Income": -474231000.0,
        "Other Income Expense": -465259000.0,
        "Other Non Operating Income Expenses": 81000.0,
        "Special Income Charges": -470185000.0,
        "Impairment Of Capital Assets": 470207000.0,
        "Restructuring And Mergern Acquisition": -22000.0,
        "Gain On Sale Of Security": 4845000.0,
        "Net Non Operating Interest Income Expense": -22776000.0,
        "Total Other Finance Cost": NaN,
        "Interest Expense Non Operating": 22919000.0,
        "Interest Income Non Operating": 143000.0,
        "Operating Income": 13804000.0,
        "Operating Expense": 131239000.0,
        "Other Operating Expenses": 1000.0,
        "Depreciation Amortization Depletion Income Statement": 6038000.0,
        "Depreciation And Amortization In Income Statement": 6038000.0,
        "Selling General And Administration": 125200000.0,
        "General And Administrative Expense": 125200000.0,
        "Other Gand A": 100826000.0,
        "Rent And Landing Fees": 3524000.0,
        "Salaries And Wages": 20850000.0,
        "Gross Profit": 145043000.0,
        "Cost Of Revenue": 297912000.0,
        "Total Revenue": 442955000.0,
        "Operating Revenue": 442955000.0
    },
    "2022-03-31": {
        "Diluted EPS": 0.14,
        "Total Revenue": 451,
        "Gross Profit": 145,
        "Operating Income": 14,
        "EBIT": 26,
        "Net Income": 25
    },
    "2021-12-31": {
        "Diluted EPS": -0.75,
        "Total Revenue": 414,
        "Gross Profit": 124,
        "Operating Income": -113,
        "EBIT": 15,
        "Net Income": -126
    },
    "2021-09-30": {
        "Diluted EPS": 0.01,
        "Total Revenue": 411,
        "Gross Profit": 140,
        "Operating Income": 18,
        "EBIT": 27,
        "Net Income": 2
    },
    "2021-06-30": {
        "Diluted EPS": 0.01,
        "Total Revenue": 436,
        "Gross Profit": 147,
        "Operating Income": 30,
        "EBIT": 45,
        "Net Income": 1
    },
    "2021-03-31": {
        "Diluted EPS": 0.04,
        "Total Revenue": 417,
        "Gross Profit": 132,
        "Operating Income": 28,
        "EBIT": 39,
        "Net Income": 6
    },
    "2020-12-31": {
        "Diluted EPS": -0.07,
        "Total Revenue": 422,
        "Gross Profit": 126,
        "Operating Income": 18,
        "EBIT": 28,
        "Net Income": -10
    },
    "2020-09-30": {
        "Diluted EPS": -0.05,
        "Total Revenue": 366,
        "Gross Profit": 114,
        "Operating Income": 13,
        "EBIT": 22,
        "Net Income": -7
    },
    "2020-06-30": {
        "Diluted EPS": -0.55,
        "Total Revenue": 352,
        "Gross Profit": 107,
        "Operating Income": -52,
        "EBIT": 33,
        "Net Income": -78
    },
    "2020-03-31": {
        "Diluted EPS": 0.27,
        "Total Revenue": 355,
        "Gross Profit": 108,
        "Operating Income": 18,
        "EBIT": 27,
        "Net Income": 38
    },
    "2019-12-31": {
        "Diluted EPS": 0.0,
        "Total Revenue": NaN,
        "Gross Profit": NaN,
        "Operating Income": NaN,
        "EBIT": NaN,
        "Net Income": NaN
    },
    "2023-06-30": {
        "Tax Effect Of Unusual Items": NaN,
        "Tax Rate For Calcs": NaN,
        "Normalized EBITDA": NaN,
        "Total Unusual Items": NaN,
        "Total Unusual Items Excluding Goodwill": NaN,
        "Net Income From Continuing Operation Net Minority Interest": NaN,
        "Reconciled Depreciation": NaN,
        "Reconciled Cost Of Revenue": NaN,
        "EBITDA": NaN,
        "EBIT": NaN,
        "Net Interest Income": NaN,
        "Interest Expense": NaN,
        "Interest Income": NaN,
        "Normalized Income": NaN,
        "Net Income From Continuing And Discontinued Operation": NaN,
        "Total Expenses": NaN,
        "Rent Expense Supplemental": NaN,
        "Total Operating Income As Reported": NaN,
        "Diluted Average Shares": NaN,
        "Basic Average Shares": NaN,
        "Diluted EPS": NaN,
        "Basic EPS": NaN,
        "Diluted NI Availto Com Stockholders": NaN,
        "Net Income Common Stockholders": NaN,
        "Net Income": NaN,
        "Net Income Including Noncontrolling Interests": NaN,
        "Net Income Continuous Operations": NaN,
        "Tax Provision": NaN,
        "Pretax Income": NaN,
        "Other Income Expense": NaN,
        "Other Non Operating Income Expenses": NaN,
        "Special Income Charges": NaN,
        "Impairment Of Capital Assets": 0.0,
        "Restructuring And Mergern Acquisition": NaN,
        "Gain On Sale Of Security": NaN,
        "Net Non Operating Interest Income Expense": NaN,
        "Total Other Finance Cost": NaN,
        "Interest Expense Non Operating": NaN,
        "Interest Income Non Operating": NaN,
        "Operating Income": NaN,
        "Operating Expense": NaN,
        "Other Operating Expenses": NaN,
        "Depreciation Amortization Depletion Income Statement": NaN,
        "Depreciation And Amortization In Income Statement": NaN,
        "Selling General And Administration": NaN,
        "General And Administrative Expense": NaN,
        "Other Gand A": NaN,
        "Rent And Landing Fees": NaN,
        "Salaries And Wages": NaN,
        "Gross Profit": NaN,
        "Cost Of Revenue": NaN,
        "Total Revenue": NaN,
        "Operating Revenue": NaN
    },
    "2023-09-30": {
        "Tax Effect Of Unusual Items": NaN,
        "Tax Rate For Calcs": NaN,
        "Normalized EBITDA": NaN,
        "Total Unusual Items": NaN,
        "Total Unusual Items Excluding Goodwill": NaN,
        "Net Income From Continuing Operation Net Minority Interest": NaN,
        "Reconciled Depreciation": NaN,
        "Reconciled Cost Of Revenue": NaN,
        "EBITDA": NaN,
        "EBIT": NaN,
        "Net Interest Income": NaN,
        "Interest Expense": NaN,
        "Interest Income": NaN,
        "Normalized Income": NaN,
        "Net Income From Continuing And Discontinued Operation": NaN,
        "Total Expenses": NaN,
        "Rent Expense Supplemental": NaN,
        "Total Operating Income As Reported": NaN,
        "Diluted Average Shares": NaN,
        "Basic Average Shares": NaN,
        "Diluted EPS": NaN,
        "Basic EPS": NaN,
        "Diluted NI Availto Com Stockholders": NaN,
        "Net Income Common Stockholders": NaN,
        "Net Income": NaN,
        "Net Income Including Noncontrolling Interests": NaN,
        "Net Income Continuous Operations": NaN,
        "Tax Provision": NaN,
        "Pretax Income": NaN,
        "Other Income Expense": NaN,
        "Other Non Operating Income Expenses": NaN,
        "Special Income Charges": NaN,
        "Impairment Of Capital Assets": 105136000.0,
        "Restructuring And Mergern Acquisition": NaN,
        "Gain On Sale Of Security": NaN,
        "Net Non Operating Interest Income Expense": NaN,
        "Total Other Finance Cost": NaN,
        "Interest Expense Non Operating": NaN,
        "Interest Income Non Operating": NaN,
        "Operating Income": NaN,
        "Operating Expense": NaN,
        "Other Operating Expenses": NaN,
        "Depreciation Amortization Depletion Income Statement": NaN,
        "Depreciation And Amortization In Income Statement": NaN,
        "Selling General And Administration": NaN,
        "General And Administrative Expense": NaN,
        "Other Gand A": NaN,
        "Rent And Landing Fees": NaN,
        "Salaries And Wages": NaN,
        "Gross Profit": NaN,
        "Cost Of Revenue": NaN,
        "Total Revenue": NaN,
        "Operating Revenue": NaN
    },
    "2023-12-31": {
        "Tax Effect Of Unusual Items": NaN,
        "Tax Rate For Calcs": NaN,
        "Normalized EBITDA": NaN,
        "Total Unusual Items": NaN,
        "Total Unusual Items Excluding Goodwill": NaN,
        "Net Income From Continuing Operation Net Minority Interest": NaN,
        "Reconciled Depreciation": NaN,
        "Reconciled Cost Of Revenue": NaN,
        "EBITDA": NaN,
        "EBIT": NaN,
        "Net Interest Income": NaN,
        "Interest Expense": NaN,
        "Interest Income": NaN,
        "Normalized Income": NaN,
        "Net Income From Continuing And Discontinued Operation": NaN,
        "Total Expenses": NaN,
        "Rent Expense Supplemental": NaN,
        "Total Operating Income As Reported": NaN,
        "Diluted Average Shares": NaN,
        "Basic Average Shares": NaN,
        "Diluted EPS": NaN,
        "Basic EPS": NaN,
        "Diluted NI Availto Com Stockholders": NaN,
        "Net Income Common Stockholders": NaN,
        "Net Income": NaN,
        "Net Income Including Noncontrolling Interests": NaN,
        "Net Income Continuous Operations": NaN,
        "Tax Provision": NaN,
        "Pretax Income": NaN,
        "Other Income Expense": NaN,
        "Other Non Operating Income Expenses": NaN,
        "Special Income Charges": NaN,
        "Impairment Of Capital Assets": 0.0,
        "Restructuring And Mergern Acquisition": NaN,
        "Gain On Sale Of Security": NaN,
        "Net Non Operating Interest Income Expense": NaN,
        "Total Other Finance Cost": 1196000.0,
        "Interest Expense Non Operating": NaN,
        "Interest Income Non Operating": NaN,
        "Operating Income": NaN,
        "Operating Expense": NaN,
        "Other Operating Expenses": NaN,
        "Depreciation Amortization Depletion Income Statement": NaN,
        "Depreciation And Amortization In Income Statement": NaN,
        "Selling General And Administration": NaN,
        "General And Administrative Expense": NaN,
        "Other Gand A": NaN,
        "Rent And Landing Fees": NaN,
        "Salaries And Wages": NaN,
        "Gross Profit": NaN,
        "Cost Of Revenue": NaN,
        "Total Revenue": NaN,
        "Operating Revenue": NaN
    },
    "2024-03-31": {
        "Tax Effect Of Unusual Items": NaN,
        "Tax Rate For Calcs": NaN,
        "Normalized EBITDA": NaN,
        "Total Unusual Items": NaN,
        "Total Unusual Items Excluding Goodwill": NaN,
        "Net Income From Continuing Operation Net Minority Interest": NaN,
        "Reconciled Depreciation": NaN,
        "Reconciled Cost Of Revenue": NaN,
        "EBITDA": NaN,
        "EBIT": NaN,
        "Net Interest Income": NaN,
        "Interest Expense": NaN,
        "Interest Income": NaN,
        "Normalized Income": NaN,
        "Net Income From Continuing And Discontinued Operation": NaN,
        "Total Expenses": NaN,
        "Rent Expense Supplemental": NaN,
        "Total Operating Income As Reported": NaN,
        "Diluted Average Shares": NaN,
        "Basic Average Shares": NaN,
        "Diluted EPS": NaN,
        "Basic EPS": NaN,
        "Diluted NI Availto Com Stockholders": NaN,
        "Net Income Common Stockholders": NaN,
        "Net Income": NaN,
        "Net Income Including Noncontrolling Interests": NaN,
        "Net Income Continuous Operations": NaN,
        "Tax Provision": NaN,
        "Pretax Income": NaN,
        "Other Income Expense": NaN,
        "Other Non Operating Income Expenses": NaN,
        "Special Income Charges": NaN,
        "Impairment Of Capital Assets": NaN,
        "Restructuring And Mergern Acquisition": NaN,
        "Gain On Sale Of Security": NaN,
        "Net Non Operating Interest Income Expense": NaN,
        "Total Other Finance Cost": 1223000.0,
        "Interest Expense Non Operating": NaN,
        "Interest Income Non Operating": NaN,
        "Operating Income": NaN,
        "Operating Expense": NaN,
        "Other Operating Expenses": NaN,
        "Depreciation Amortization Depletion Income Statement": NaN,
        "Depreciation And Amortization In Income Statement": NaN,
        "Selling General And Administration": NaN,
        "General And Administrative Expense": NaN,
        "Other Gand A": NaN,
        "Rent And Landing Fees": NaN,
        "Salaries And Wages": NaN,
        "Gross Profit": NaN,
        "Cost Of Revenue": NaN,
        "Total Revenue": NaN,
        "Operating Revenue": NaN
    },
    "2024-06-30": {
        "Tax Effect Of Unusual Items": 1352610.0,
        "Tax Rate For Calcs": 0.21,
        "Normalized EBITDA": 44618000.0,
        "Total Unusual Items": 6441000.0,
        "Total Unusual Items Excluding Goodwill": 6441000.0,
        "Net Income From Continuing Operation Net Minority Interest": 13906000.0,
        "Reconciled Depreciation": 7467000.0,
        "Reconciled Cost Of Revenue": 342057000.0,
        "EBITDA": 51059000.0,
        "EBIT": 43592000.0,
        "Net Interest Income": -39518000.0,
        "Interest Expense": 39613000.0,
        "Interest Income": 95000.0,
        "Normalized Income": 8817610.0,
        "Net Income From Continuing And Discontinued Operation": 13906000.0,
        "Total Expenses": 467832000.0,
        "Rent Expense Supplemental": 3203000.0,
        "Total Operating Income As Reported": 37126000.0,
        "Diluted Average Shares": 196869000.0,
        "Basic Average Shares": 192600000.0,
        "Diluted EPS": 0.07,
        "Basic EPS": 0.07,
        "Diluted NI Availto Com Stockholders": 13906000.0,
        "Net Income Common Stockholders": 13906000.0,
        "Net Income": 13906000.0,
        "Net Income Including Noncontrolling Interests": 13906000.0,
        "Net Income Continuous Operations": 13906000.0,
        "Tax Provision": -9927000.0,
        "Pretax Income": 3979000.0,
        "Other Income Expense": 6371000.0,
        "Other Non Operating Income Expenses": -70000.0,
        "Special Income Charges": 0.0,
        "Impairment Of Capital Assets": NaN,
        "Restructuring And Mergern Acquisition": 0.0,
        "Gain On Sale Of Security": 6441000.0,
        "Net Non Operating Interest Income Expense": -39518000.0,
        "Total Other Finance Cost": NaN,
        "Interest Expense Non Operating": 39613000.0,
        "Interest Income Non Operating": 95000.0,
        "Operating Income": 37126000.0,
        "Operating Expense": 121141000.0,
        "Other Operating Expenses": 1949000.0,
        "Depreciation Amortization Depletion Income Statement": 2833000.0,
        "Depreciation And Amortization In Income Statement": 2833000.0,
        "Selling General And Administration": 116359000.0,
        "General And Administrative Expense": 116359000.0,
        "Other Gand A": 92921000.0,
        "Rent And Landing Fees": 3203000.0,
        "Salaries And Wages": 20235000.0,
        "Gross Profit": 158267000.0,
        "Cost Of Revenue": 346691000.0,
        "Total Revenue": 504958000.0,
        "Operating Revenue": 504958000.0
    },
    "2024-09-30": {
        "Tax Effect Of Unusual Items": -4681110.0,
        "Tax Rate For Calcs": 0.21,
        "Normalized EBITDA": 41552000.0,
        "Total Unusual Items": -22291000.0,
        "Total Unusual Items Excluding Goodwill": -22291000.0,
        "Net Income From Continuing Operation Net Minority Interest": -42843000.0,
        "Reconciled Depreciation": 7348000.0,
        "Reconciled Cost Of Revenue": 344563000.0,
        "EBITDA": 19261000.0,
        "EBIT": 11913000.0,
        "Net Interest Income": -39145000.0,
        "Interest Expense": 39245000.0,
        "Interest Income": 100000.0,
        "Normalized Income": -25233110.0,
        "Net Income From Continuing And Discontinued Operation": -42843000.0,
        "Total Expenses": 474849000.0,
        "Rent Expense Supplemental": 3220000.0,
        "Total Operating Income As Reported": 34024000.0,
        "Diluted Average Shares": 193361000.0,
        "Basic Average Shares": 193361000.0,
        "Diluted EPS": -0.22,
        "Basic EPS": -0.22,
        "Diluted NI Availto Com Stockholders": -42843000.0,
        "Net Income Common Stockholders": -42843000.0,
        "Net Income": -42843000.0,
        "Net Income Including Noncontrolling Interests": -42843000.0,
        "Net Income Continuous Operations": -42843000.0,
        "Tax Provision": 15511000.0,
        "Pretax Income": -27332000.0,
        "Other Income Expense": -22361000.0,
        "Other Non Operating Income Expenses": -70000.0,
        "Special Income Charges": -150000.0,
        "Impairment Of Capital Assets": 0.0,
        "Restructuring And Mergern Acquisition": 150000.0,
        "Gain On Sale Of Security": -22141000.0,
        "Net Non Operating Interest Income Expense": -39145000.0,
        "Total Other Finance Cost": NaN,
        "Interest Expense Non Operating": 39245000.0,
        "Interest Income Non Operating": 100000.0,
        "Operating Income": 34174000.0,
        "Operating Expense": 125525000.0,
        "Other Operating Expenses": 4863000.0,
        "Depreciation Amortization Depletion Income Statement": 2587000.0,
        "Depreciation And Amortization In Income Statement": 2587000.0,
        "Selling General And Administration": 118075000.0,
        "General And Administrative Expense": 118075000.0,
        "Other Gand A": 94539000.0,
        "Rent And Landing Fees": 3220000.0,
        "Salaries And Wages": 20316000.0,
        "Gross Profit": 159699000.0,
        "Cost Of Revenue": 349324000.0,
        "Total Revenue": 509023000.0,
        "Operating Revenue": 509023000.0
    },
    "2024-12-31": {
        "Tax Effect Of Unusual Items": 3736320.0,
        "Tax Rate For Calcs": 0.21,
        "Normalized EBITDA": 52780000.0,
        "Total Unusual Items": 17792000.0,
        "Total Unusual Items Excluding Goodwill": 17792000.0,
        "Net Income From Continuing Operation Net Minority Interest": 29180000.0,
        "Reconciled Depreciation": 7203000.0,
        "Reconciled Cost Of Revenue": 343393000.0,
        "EBITDA": 70572000.0,
        "EBIT": 63369000.0,
        "Net Interest Income": -37896000.0,
        "Interest Expense": 36434000.0,
        "Interest Income": 201000.0,
        "Normalized Income": 15124320.0,
        "Net Income From Continuing And Discontinued Operation": 29180000.0,
        "Total Expenses": 472761000.0,
        "Rent Expense Supplemental": 3215000.0,
        "Total Operating Income As Reported": 45771000.0,
        "Diluted Average Shares": 203863000.0,
        "Basic Average Shares": 193369000.0,
        "Diluted EPS": 0.14,
        "Basic EPS": 0.15,
        "Diluted NI Availto Com Stockholders": 29180000.0,
        "Net Income Common Stockholders": 29180000.0,
        "Net Income": 29180000.0,
        "Net Income Including Noncontrolling Interests": 29180000.0,
        "Net Income Continuous Operations": 29180000.0,
        "Tax Provision": -2245000.0,
        "Pretax Income": 26935000.0,
        "Other Income Expense": 17720000.0,
        "Other Non Operating Income Expenses": -72000.0,
        "Special Income Charges": -1340000.0,
        "Impairment Of Capital Assets": 0.0,
        "Restructuring And Mergern Acquisition": 1340000.0,
        "Gain On Sale Of Security": 19132000.0,
        "Net Non Operating Interest Income Expense": -37896000.0,
        "Total Other Finance Cost": 1663000.0,
        "Interest Expense Non Operating": 36434000.0,
        "Interest Income Non Operating": 201000.0,
        "Operating Income": 47111000.0,
        "Operating Expense": 124611000.0,
        "Other Operating Expenses": 2244000.0,
        "Depreciation Amortization Depletion Income Statement": 2446000.0,
        "Depreciation And Amortization In Income Statement": 2446000.0,
        "Selling General And Administration": 119921000.0,
        "General And Administrative Expense": 119921000.0,
        "Other Gand A": 94013000.0,
        "Rent And Landing Fees": 3215000.0,
        "Salaries And Wages": 22693000.0,
        "Gross Profit": 171722000.0,
        "Cost Of Revenue": 348150000.0,
        "Total Revenue": 519872000.0,
        "Operating Revenue": 519872000.0
    },
    "2025-03-31": {
        "Tax Effect Of Unusual Items": -1197210.0,
        "Tax Rate For Calcs": 0.21,
        "Normalized EBITDA": 57484000.0,
        "Total Unusual Items": -5701000.0,
        "Total Unusual Items Excluding Goodwill": -5701000.0,
        "Net Income From Continuing Operation Net Minority Interest": 5193000.0,
        "Reconciled Depreciation": 6946000.0,
        "Reconciled Cost Of Revenue": 371314000.0,
        "EBITDA": 51783000.0,
        "EBIT": 44837000.0,
        "Net Interest Income": -36203000.0,
        "Interest Expense": 34689000.0,
        "Interest Income": 132000.0,
        "Normalized Income": 9696790.0,
        "Net Income From Continuing And Discontinued Operation": 5193000.0,
        "Total Expenses": 507317000.0,
        "Rent Expense Supplemental": 3079000.0,
        "Total Operating Income As Reported": 51801000.0,
        "Diluted Average Shares": 206238000.0,
        "Basic Average Shares": 194671000.0,
        "Diluted EPS": 0.03,
        "Basic EPS": 0.03,
        "Diluted NI Availto Com Stockholders": 5193000.0,
        "Net Income Common Stockholders": 5193000.0,
        "Net Income": 5193000.0,
        "Net Income Including Noncontrolling Interests": 5193000.0,
        "Net Income Continuous Operations": 5193000.0,
        "Tax Provision": 4955000.0,
        "Pretax Income": 10148000.0,
        "Other Income Expense": -5556000.0,
        "Other Non Operating Income Expenses": 145000.0,
        "Special Income Charges": -106000.0,
        "Impairment Of Capital Assets": NaN,
        "Restructuring And Mergern Acquisition": 106000.0,
        "Gain On Sale Of Security": -5595000.0,
        "Net Non Operating Interest Income Expense": -36203000.0,
        "Total Other Finance Cost": 1646000.0,
        "Interest Expense Non Operating": 34689000.0,
        "Interest Income Non Operating": 132000.0,
        "Operating Income": 51907000.0,
        "Operating Expense": 131651000.0,
        "Other Operating Expenses": 554000.0,
        "Depreciation Amortization Depletion Income Statement": 2594000.0,
        "Depreciation And Amortization In Income Statement": 2594000.0,
        "Selling General And Administration": 128503000.0,
        "General And Administrative Expense": 128503000.0,
        "Other Gand A": 98850000.0,
        "Rent And Landing Fees": 3079000.0,
        "Salaries And Wages": 26574000.0,
        "Gross Profit": 183558000.0,
        "Cost Of Revenue": 375666000.0,
        "Total Revenue": 559224000.0,
        "Operating Revenue": 559224000.0
    },
    "2025-06-30": {
        "Tax Effect Of Unusual Items": -1290318.183878,
        "Tax Rate For Calcs": 0.387716,
        "Normalized EBITDA": 90438000.0,
        "Total Unusual Items": -3328000.0,
        "Total Unusual Items Excluding Goodwill": -3328000.0,
        "Net Income From Continuing Operation Net Minority Interest": 27025000.0,
        "Reconciled Depreciation": 6969000.0,
        "Reconciled Cost Of Revenue": 374401000.0,
        "EBITDA": 87110000.0,
        "EBIT": 80141000.0,
        "Net Interest Income": -35874000.0,
        "Interest Expense": 36003000.0,
        "Interest Income": 129000.0,
        "Normalized Income": 29062681.816122,
        "Net Income From Continuing And Discontinued Operation": 27025000.0,
        "Total Expenses": 506119000.0,
        "Rent Expense Supplemental": 2933000.0,
        "Total Operating Income As Reported": 80034000.0,
        "Diluted Average Shares": 210442000.0,
        "Basic Average Shares": 200968000.0,
        "Diluted EPS": 0.13,
        "Basic EPS": 0.13,
        "Diluted NI Availto Com Stockholders": 27025000.0,
        "Net Income Common Stockholders": 27025000.0,
        "Net Income": 27025000.0,
        "Net Income Including Noncontrolling Interests": 27025000.0,
        "Net Income Continuous Operations": 27025000.0,
        "Tax Provision": 17113000.0,
        "Pretax Income": 44138000.0,
        "Other Income Expense": -3422000.0,
        "Other Non Operating Income Expenses": -94000.0,
        "Special Income Charges": -3400000.0,
        "Impairment Of Capital Assets": NaN,
        "Restructuring And Mergern Acquisition": 3400000.0,
        "Gain On Sale Of Security": 72000.0,
        "Net Non Operating Interest Income Expense": -35874000.0,
        "Total Other Finance Cost": NaN,
        "Interest Expense Non Operating": 36003000.0,
        "Interest Income Non Operating": 129000.0,
        "Operating Income": 83434000.0,
        "Operating Expense": 127366000.0,
        "Other Operating Expenses": 2219000.0,
        "Depreciation Amortization Depletion Income Statement": 2617000.0,
        "Depreciation And Amortization In Income Statement": 2617000.0,
        "Selling General And Administration": 122530000.0,
        "General And Administrative Expense": 122530000.0,
        "Other Gand A": 96827000.0,
        "Rent And Landing Fees": 2933000.0,
        "Salaries And Wages": 22770000.0,
        "Gross Profit": 210800000.0,
        "Cost Of Revenue": 378753000.0,
        "Total Revenue": 589553000.0,
        "Operating Revenue": 589553000.0
    }
}