{
    "2023-03-31": {
        "Tax Effect Of Unusual Items": NaN,
        "Tax Rate For Calcs": NaN,
        "Normalized EBITDA": NaN,
        "Total Unusual Items": NaN,
        "Total Unusual Items Excluding Goodwill": NaN,
        "Net Income From Continuing Operation Net Minority Interest": NaN,
        "Reconciled Depreciation": NaN,
        "Reconciled Cost Of Revenue": NaN,
        "EBITDA": NaN,
        "EBIT": NaN,
        "Net Interest Income": NaN,
        "Interest Expense": NaN,
        "Normalized Income": NaN,
        "Net Income From Continuing And Discontinued Operation": NaN,
        "Total Expenses": NaN,
        "Total Operating Income As Reported": NaN,
        "Diluted Average Shares": 63886000.0,
        "Basic Average Shares": 63886000.0,
        "Diluted EPS": -0.48,
        "Basic EPS": -0.48,
        "Diluted NI Availto Com Stockholders": NaN,
        "Net Income Common Stockholders": NaN,
        "Net Income": NaN,
        "Net Income Including Noncontrolling Interests": NaN,
        "Net Income Continuous Operations": NaN,
        "Tax Provision": NaN,
        "Pretax Income": NaN,
        "Other Income Expense": NaN,
        "Special Income Charges": NaN,
        "Other Special Charges": NaN,
        "Restructuring And Mergern Acquisition": NaN,
        "Gain On Sale Of Security": NaN,
        "Net Non Operating Interest Income Expense": NaN,
        "Interest Expense Non Operating": NaN,
        "Operating Income": NaN,
        "Operating Expense": NaN,
        "Research And Development": NaN,
        "Selling General And Administration": NaN,
        "Gross Profit": NaN,
        "Cost Of Revenue": NaN,
        "Total Revenue": NaN,
        "Operating Revenue": NaN
    },
    "2022-12-31": {
        "Tax Effect Of Unusual Items": NaN,
        "Tax Rate For Calcs": NaN,
        "Normalized EBITDA": NaN,
        "Total Unusual Items": NaN,
        "Total Unusual Items Excluding Goodwill": NaN,
        "Net Income From Continuing Operation Net Minority Interest": NaN,
        "Reconciled Depreciation": NaN,
        "Reconciled Cost Of Revenue": NaN,
        "EBITDA": NaN,
        "EBIT": NaN,
        "Net Interest Income": NaN,
        "Interest Expense": NaN,
        "Normalized Income": NaN,
        "Net Income From Continuing And Discontinued Operation": NaN,
        "Total Expenses": NaN,
        "Total Operating Income As Reported": NaN,
        "Diluted Average Shares": NaN,
        "Basic Average Shares": NaN,
        "Diluted EPS": NaN,
        "Basic EPS": NaN,
        "Diluted NI Availto Com Stockholders": NaN,
        "Net Income Common Stockholders": NaN,
        "Net Income": NaN,
        "Net Income Including Noncontrolling Interests": NaN,
        "Net Income Continuous Operations": NaN,
        "Tax Provision": NaN,
        "Pretax Income": NaN,
        "Other Income Expense": NaN,
        "Special Income Charges": 178000.0,
        "Other Special Charges": NaN,
        "Restructuring And Mergern Acquisition": -178000.0,
        "Gain On Sale Of Security": NaN,
        "Net Non Operating Interest Income Expense": NaN,
        "Interest Expense Non Operating": NaN,
        "Operating Income": NaN,
        "Operating Expense": NaN,
        "Research And Development": NaN,
        "Selling General And Administration": NaN,
        "Gross Profit": NaN,
        "Cost Of Revenue": NaN,
        "Total Revenue": NaN,
        "Operating Revenue": NaN
    },
    "2022-09-30": {
        "Tax Effect Of Unusual Items": NaN,
        "Tax Rate For Calcs": NaN,
        "Normalized EBITDA": NaN,
        "Total Unusual Items": NaN,
        "Total Unusual Items Excluding Goodwill": NaN,
        "Net Income From Continuing Operation Net Minority Interest": NaN,
        "Reconciled Depreciation": NaN,
        "Reconciled Cost Of Revenue": NaN,
        "EBITDA": NaN,
        "EBIT": NaN,
        "Net Interest Income": NaN,
        "Interest Expense": NaN,
        "Normalized Income": NaN,
        "Net Income From Continuing And Discontinued Operation": NaN,
        "Total Expenses": NaN,
        "Total Operating Income As Reported": NaN,
        "Diluted Average Shares": NaN,
        "Basic Average Shares": NaN,
        "Diluted EPS": NaN,
        "Basic EPS": NaN,
        "Diluted NI Availto Com Stockholders": NaN,
        "Net Income Common Stockholders": NaN,
        "Net Income": NaN,
        "Net Income Including Noncontrolling Interests": NaN,
        "Net Income Continuous Operations": NaN,
        "Tax Provision": NaN,
        "Pretax Income": NaN,
        "Other Income Expense": NaN,
        "Special Income Charges": 69000.0,
        "Other Special Charges": NaN,
        "Restructuring And Mergern Acquisition": -69000.0,
        "Gain On Sale Of Security": NaN,
        "Net Non Operating Interest Income Expense": NaN,
        "Interest Expense Non Operating": NaN,
        "Operating Income": NaN,
        "Operating Expense": NaN,
        "Research And Development": NaN,
        "Selling General And Administration": NaN,
        "Gross Profit": NaN,
        "Cost Of Revenue": NaN,
        "Total Revenue": NaN,
        "Operating Revenue": NaN
    },
    "2022-06-30": {
        "Tax Effect Of Unusual Items": -1360000.0,
        "Tax Rate For Calcs": 0.4,
        "Normalized EBITDA": -26098000.0,
        "Total Unusual Items": -3400000.0,
        "Total Unusual Items Excluding Goodwill": -3400000.0,
        "Net Income From Continuing Operation Net Minority Interest": -63444000.0,
        "Reconciled Depreciation": 247000.0,
        "Reconciled Cost Of Revenue": NaN,
        "EBITDA": -29498000.0,
        "EBIT": -29745000.0,
        "Net Interest Income": -3506000.0,
        "Interest Expense": 3506000.0,
        "Normalized Income": -61404000.0,
        "Net Income From Continuing And Discontinued Operation": -63444000.0,
        "Total Expenses": 26345000.0,
        "Total Operating Income As Reported": -29937000.0,
        "Diluted Average Shares": 59037000.0,
        "Basic Average Shares": 59037000.0,
        "Diluted EPS": -1.07,
        "Basic EPS": -1.07,
        "Diluted NI Availto Com Stockholders": -63444000.0,
        "Net Income Common Stockholders": -63444000.0,
        "Net Income": -63444000.0,
        "Net Income Including Noncontrolling Interests": -63444000.0,
        "Net Income Continuous Operations": -63444000.0,
        "Tax Provision": 30193000.0,
        "Pretax Income": -33251000.0,
        "Other Income Expense": -3400000.0,
        "Special Income Charges": -3592000.0,
        "Other Special Charges": NaN,
        "Restructuring And Mergern Acquisition": 3592000.0,
        "Gain On Sale Of Security": 192000.0,
        "Net Non Operating Interest Income Expense": -3506000.0,
        "Interest Expense Non Operating": 3506000.0,
        "Operating Income": -26345000.0,
        "Operating Expense": 26345000.0,
        "Research And Development": 4541000.0,
        "Selling General And Administration": 21804000.0,
        "Gross Profit": NaN,
        "Cost Of Revenue": NaN,
        "Total Revenue": 0.0,
        "Operating Revenue": 0.0
    },
    "2022-03-31": {
        "Diluted EPS": -0.45,
        "Total Revenue": NaN,
        "Gross Profit": NaN,
        "Operating Income": -29,
        "EBIT": -28,
        "Net Income": -26
    },
    "2021-12-31": {
        "Diluted EPS": -0.38,
        "Total Revenue": NaN,
        "Gross Profit": NaN,
        "Operating Income": -23,
        "EBIT": -23,
        "Net Income": -22
    },
    "2021-09-30": {
        "Diluted EPS": -0.38,
        "Total Revenue": NaN,
        "Gross Profit": NaN,
        "Operating Income": -26,
        "EBIT": -25,
        "Net Income": -22
    },
    "2021-06-30": {
        "Diluted EPS": -0.33,
        "Total Revenue": NaN,
        "Gross Profit": NaN,
        "Operating Income": -22,
        "EBIT": -22,
        "Net Income": -20
    },
    "2021-03-31": {
        "Diluted EPS": -0.23,
        "Total Revenue": NaN,
        "Gross Profit": NaN,
        "Operating Income": -15,
        "EBIT": -14,
        "Net Income": -13
    },
    "2020-12-31": {
        "Diluted EPS": -0.14,
        "Total Revenue": NaN,
        "Gross Profit": NaN,
        "Operating Income": -14,
        "EBIT": -14,
        "Net Income": -11
    },
    "2020-09-30": {
        "Diluted EPS": -0.2,
        "Total Revenue": NaN,
        "Gross Profit": NaN,
        "Operating Income": -14,
        "EBIT": -13,
        "Net Income": -12
    },
    "2020-06-30": {
        "Diluted EPS": 0.49,
        "Total Revenue": 10,
        "Gross Profit": 7,
        "Operating Income": 40,
        "EBIT": 41,
        "Net Income": 31
    },
    "2020-03-31": {
        "Diluted EPS": -0.02,
        "Total Revenue": 12,
        "Gross Profit": 10,
        "Operating Income": -6,
        "EBIT": -6,
        "Net Income": -1
    },
    "2019-12-31": {
        "Diluted EPS": -0.07,
        "Total Revenue": 11,
        "Gross Profit": 9,
        "Operating Income": -7,
        "EBIT": -7,
        "Net Income": -3
    },
    "2019-09-30": {
        "Diluted EPS": -0.24,
        "Total Revenue": 14,
        "Gross Profit": 11,
        "Operating Income": -4,
        "EBIT": -4,
        "Net Income": -9
    },
    "2019-06-30": {
        "Diluted EPS": -0.23,
        "Total Revenue": 18,
        "Gross Profit": 14,
        "Operating Income": -4,
        "EBIT": -4,
        "Net Income": -9
    },
    "2019-03-31": {
        "Diluted EPS": -0.35,
        "Total Revenue": 16,
        "Gross Profit": 13,
        "Operating Income": -8,
        "EBIT": -8,
        "Net Income": -13
    },
    "2018-12-31": {
        "Diluted EPS": -1.71,
        "Total Revenue": 21,
        "Gross Profit": 17,
        "Operating Income": -75,
        "EBIT": -74,
        "Net Income": -64
    },
    "2018-09-30": {
        "Diluted EPS": -0.43,
        "Total Revenue": 20,
        "Gross Profit": 17,
        "Operating Income": -14,
        "EBIT": -11,
        "Net Income": -16
    },
    "2018-06-30": {
        "Diluted EPS": -0.09,
        "Total Revenue": 29,
        "Gross Profit": 26,
        "Operating Income": -3,
        "EBIT": 0,
        "Net Income": -3
    },
    "2018-03-31": {
        "Diluted EPS": -0.32,
        "Total Revenue": 33,
        "Gross Profit": 27,
        "Operating Income": -13,
        "EBIT": -10,
        "Net Income": -12
    },
    "2017-12-31": {
        "Diluted EPS": -0.18,
        "Total Revenue": 35,
        "Gross Profit": 31,
        "Operating Income": -4,
        "EBIT": -1,
        "Net Income": -8
    },
    "2017-09-30": {
        "Diluted EPS": 0.52,
        "Total Revenue": 40,
        "Gross Profit": 36,
        "Operating Income": 26,
        "EBIT": 27,
        "Net Income": 22
    },
    "2017-06-30": {
        "Diluted EPS": 0.68,
        "Total Revenue": 46,
        "Gross Profit": 42,
        "Operating Income": 34,
        "EBIT": 35,
        "Net Income": 29
    },
    "2017-03-31": {
        "Diluted EPS": 0.61,
        "Total Revenue": 53,
        "Gross Profit": 49,
        "Operating Income": 33,
        "EBIT": 34,
        "Net Income": 26
    },
    "2016-12-31": {
        "Diluted EPS": 0.11,
        "Total Revenue": 43,
        "Gross Profit": 40,
        "Operating Income": 17,
        "EBIT": 20,
        "Net Income": 5
    },
    "2016-09-30": {
        "Diluted EPS": -0.48,
        "Total Revenue": 32,
        "Gross Profit": 29,
        "Operating Income": -16,
        "EBIT": -12,
        "Net Income": -20
    },
    "2016-06-30": {
        "Diluted EPS": -0.48,
        "Total Revenue": 39,
        "Gross Profit": 35,
        "Operating Income": -12,
        "EBIT": -8,
        "Net Income": -20
    },
    "2016-03-31": {
        "Diluted EPS": -0.15,
        "Total Revenue": 36,
        "Gross Profit": 32,
        "Operating Income": 6,
        "EBIT": 9,
        "Net Income": -6
    },
    "2015-12-31": {
        "Diluted EPS": 1.75,
        "Total Revenue": 43,
        "Gross Profit": 40,
        "Operating Income": 76,
        "EBIT": 80,
        "Net Income": 76
    },
    "2015-09-30": {
        "Diluted EPS": -0.69,
        "Total Revenue": 47,
        "Gross Profit": 45,
        "Operating Income": -14,
        "EBIT": -11,
        "Net Income": -28
    },
    "2015-06-30": {
        "Diluted EPS": -0.42,
        "Total Revenue": 49,
        "Gross Profit": 46,
        "Operating Income": -2,
        "EBIT": 1,
        "Net Income": -17
    },
    "2015-03-31": {
        "Diluted EPS": 0.27,
        "Total Revenue": 33,
        "Gross Profit": 29,
        "Operating Income": 10,
        "EBIT": 13,
        "Net Income": 12
    },
    "2014-12-31": {
        "Diluted EPS": -0.69,
        "Total Revenue": 3,
        "Gross Profit": 5,
        "Operating Income": -67,
        "EBIT": -64,
        "Net Income": -27
    },
    "2014-09-30": {
        "Diluted EPS": -0.26,
        "Total Revenue": 7,
        "Gross Profit": 5,
        "Operating Income": -6,
        "EBIT": -3,
        "Net Income": -10
    },
    "2014-06-30": {
        "Diluted EPS": -0.55,
        "Total Revenue": 8,
        "Gross Profit": 6,
        "Operating Income": -5,
        "EBIT": -1,
        "Net Income": -21
    },
    "2014-03-31": {
        "Diluted EPS": -0.94,
        "Total Revenue": 9,
        "Gross Profit": 7,
        "Operating Income": -3,
        "EBIT": 0,
        "Net Income": -27
    },
    "2013-12-31": {
        "Diluted EPS": 0.2,
        "Total Revenue": 6,
        "Gross Profit": 10,
        "Operating Income": -25,
        "EBIT": -24,
        "Net Income": 5
    },
    "2013-09-30": {
        "Diluted EPS": -0.25,
        "Total Revenue": 6,
        "Gross Profit": 4,
        "Operating Income": -6,
        "EBIT": -5,
        "Net Income": -6
    },
    "2013-06-30": {
        "Diluted EPS": -1.29,
        "Total Revenue": 6,
        "Gross Profit": 4,
        "Operating Income": -6,
        "EBIT": -5,
        "Net Income": -33
    },
    "2013-03-31": {
        "Diluted EPS": -0.35,
        "Total Revenue": 5,
        "Gross Profit": 4,
        "Operating Income": -10,
        "EBIT": -9,
        "Net Income": -9
    },
    "2012-12-31": {
        "Diluted EPS": 0.36,
        "Total Revenue": 7,
        "Gross Profit": 6,
        "Operating Income": -3,
        "EBIT": -3,
        "Net Income": 9
    },
    "2012-09-30": {
        "Diluted EPS": -0.26,
        "Total Revenue": 5,
        "Gross Profit": 4,
        "Operating Income": -5,
        "EBIT": -5,
        "Net Income": -6
    },
    "2012-06-30": {
        "Diluted EPS": -0.05,
        "Total Revenue": 6,
        "Gross Profit": 5,
        "Operating Income": -6,
        "EBIT": -5,
        "Net Income": -1
    },
    "2012-03-31": {
        "Diluted EPS": -0.19,
        "Total Revenue": 7,
        "Gross Profit": 6,
        "Operating Income": -5,
        "EBIT": -4,
        "Net Income": -5
    },
    "2011-12-31": {
        "Diluted EPS": -0.08,
        "Total Revenue": 9,
        "Gross Profit": 7,
        "Operating Income": -2,
        "EBIT": -2,
        "Net Income": -2
    },
    "2011-09-30": {
        "Diluted EPS": 0.07,
        "Total Revenue": 10,
        "Gross Profit": 9,
        "Operating Income": 1,
        "EBIT": 2,
        "Net Income": 2
    },
    "2011-06-30": {
        "Diluted EPS": -0.14,
        "Total Revenue": 7,
        "Gross Profit": 5,
        "Operating Income": -4,
        "EBIT": -3,
        "Net Income": -3
    },
    "2011-03-31": {
        "Diluted EPS": -0.2,
        "Total Revenue": 7,
        "Gross Profit": 5,
        "Operating Income": -5,
        "EBIT": -4,
        "Net Income": -5
    },
    "2010-12-31": {
        "Diluted EPS": 0.11,
        "Total Revenue": 13,
        "Gross Profit": 12,
        "Operating Income": 2,
        "EBIT": 3,
        "Net Income": 3
    },
    "2010-09-30": {
        "Diluted EPS": -0.14,
        "Total Revenue": 8,
        "Gross Profit": 7,
        "Operating Income": -3,
        "EBIT": -2,
        "Net Income": -3
    },
    "2010-06-30": {
        "Diluted EPS": -0.18,
        "Total Revenue": 8,
        "Gross Profit": 6,
        "Operating Income": -5,
        "EBIT": -4,
        "Net Income": -4
    },
    "2010-03-31": {
        "Diluted EPS": -0.17,
        "Total Revenue": 8,
        "Gross Profit": 6,
        "Operating Income": -4,
        "EBIT": -3,
        "Net Income": -4
    },
    "2009-12-31": {
        "Diluted EPS": -0.23,
        "Total Revenue": 11,
        "Gross Profit": 7,
        "Operating Income": -1,
        "EBIT": 1,
        "Net Income": -6
    },
    "2009-09-30": {
        "Diluted EPS": -0.14,
        "Total Revenue": 10,
        "Gross Profit": 7,
        "Operating Income": -5,
        "EBIT": -4,
        "Net Income": -3
    },
    "2009-06-30": {
        "Diluted EPS": -0.15,
        "Total Revenue": 10,
        "Gross Profit": 8,
        "Operating Income": -5,
        "EBIT": -4,
        "Net Income": -4
    },
    "2009-03-31": {
        "Diluted EPS": 0.05,
        "Total Revenue": 12,
        "Gross Profit": 10,
        "Operating Income": 0,
        "EBIT": 1,
        "Net Income": 1
    },
    "2023-06-30": {
        "Tax Effect Of Unusual Items": NaN,
        "Tax Rate For Calcs": NaN,
        "Normalized EBITDA": NaN,
        "Total Unusual Items": NaN,
        "Total Unusual Items Excluding Goodwill": NaN,
        "Net Income From Continuing Operation Net Minority Interest": NaN,
        "Reconciled Depreciation": NaN,
        "Reconciled Cost Of Revenue": NaN,
        "EBITDA": NaN,
        "EBIT": NaN,
        "Net Interest Income": NaN,
        "Interest Expense": NaN,
        "Normalized Income": NaN,
        "Net Income From Continuing And Discontinued Operation": NaN,
        "Total Expenses": NaN,
        "Total Operating Income As Reported": NaN,
        "Diluted Average Shares": NaN,
        "Basic Average Shares": NaN,
        "Diluted EPS": NaN,
        "Basic EPS": NaN,
        "Diluted NI Availto Com Stockholders": NaN,
        "Net Income Common Stockholders": NaN,
        "Net Income": NaN,
        "Net Income Including Noncontrolling Interests": NaN,
        "Net Income Continuous Operations": NaN,
        "Tax Provision": NaN,
        "Pretax Income": NaN,
        "Other Income Expense": NaN,
        "Special Income Charges": NaN,
        "Other Special Charges": 13129000.0,
        "Restructuring And Mergern Acquisition": 0.0,
        "Gain On Sale Of Security": NaN,
        "Net Non Operating Interest Income Expense": NaN,
        "Interest Expense Non Operating": NaN,
        "Operating Income": NaN,
        "Operating Expense": NaN,
        "Research And Development": NaN,
        "Selling General And Administration": NaN,
        "Gross Profit": NaN,
        "Cost Of Revenue": NaN,
        "Total Revenue": NaN,
        "Operating Revenue": NaN
    },
    "2023-09-30": {
        "Tax Effect Of Unusual Items": NaN,
        "Tax Rate For Calcs": NaN,
        "Normalized EBITDA": NaN,
        "Total Unusual Items": NaN,
        "Total Unusual Items Excluding Goodwill": NaN,
        "Net Income From Continuing Operation Net Minority Interest": NaN,
        "Reconciled Depreciation": NaN,
        "Reconciled Cost Of Revenue": NaN,
        "EBITDA": NaN,
        "EBIT": NaN,
        "Net Interest Income": NaN,
        "Interest Expense": NaN,
        "Normalized Income": NaN,
        "Net Income From Continuing And Discontinued Operation": NaN,
        "Total Expenses": NaN,
        "Total Operating Income As Reported": NaN,
        "Diluted Average Shares": NaN,
        "Basic Average Shares": NaN,
        "Diluted EPS": NaN,
        "Basic EPS": NaN,
        "Diluted NI Availto Com Stockholders": NaN,
        "Net Income Common Stockholders": NaN,
        "Net Income": NaN,
        "Net Income Including Noncontrolling Interests": NaN,
        "Net Income Continuous Operations": NaN,
        "Tax Provision": NaN,
        "Pretax Income": NaN,
        "Other Income Expense": NaN,
        "Special Income Charges": 0.0,
        "Other Special Charges": NaN,
        "Restructuring And Mergern Acquisition": 0.0,
        "Gain On Sale Of Security": NaN,
        "Net Non Operating Interest Income Expense": NaN,
        "Interest Expense Non Operating": NaN,
        "Operating Income": NaN,
        "Operating Expense": NaN,
        "Research And Development": NaN,
        "Selling General And Administration": NaN,
        "Gross Profit": NaN,
        "Cost Of Revenue": NaN,
        "Total Revenue": NaN,
        "Operating Revenue": NaN
    },
    "2023-12-31": {
        "Tax Effect Of Unusual Items": NaN,
        "Tax Rate For Calcs": NaN,
        "Normalized EBITDA": NaN,
        "Total Unusual Items": NaN,
        "Total Unusual Items Excluding Goodwill": NaN,
        "Net Income From Continuing Operation Net Minority Interest": NaN,
        "Reconciled Depreciation": NaN,
        "Reconciled Cost Of Revenue": NaN,
        "EBITDA": NaN,
        "EBIT": NaN,
        "Net Interest Income": NaN,
        "Interest Expense": NaN,
        "Normalized Income": NaN,
        "Net Income From Continuing And Discontinued Operation": NaN,
        "Total Expenses": NaN,
        "Total Operating Income As Reported": NaN,
        "Diluted Average Shares": NaN,
        "Basic Average Shares": NaN,
        "Diluted EPS": NaN,
        "Basic EPS": NaN,
        "Diluted NI Availto Com Stockholders": NaN,
        "Net Income Common Stockholders": NaN,
        "Net Income": NaN,
        "Net Income Including Noncontrolling Interests": NaN,
        "Net Income Continuous Operations": NaN,
        "Tax Provision": NaN,
        "Pretax Income": NaN,
        "Other Income Expense": NaN,
        "Special Income Charges": 0.0,
        "Other Special Charges": 0.0,
        "Restructuring And Mergern Acquisition": 0.0,
        "Gain On Sale Of Security": NaN,
        "Net Non Operating Interest Income Expense": NaN,
        "Interest Expense Non Operating": NaN,
        "Operating Income": NaN,
        "Operating Expense": NaN,
        "Research And Development": NaN,
        "Selling General And Administration": NaN,
        "Gross Profit": NaN,
        "Cost Of Revenue": NaN,
        "Total Revenue": NaN,
        "Operating Revenue": NaN
    },
    "2024-03-31": {
        "Tax Effect Of Unusual Items": 289380.0,
        "Tax Rate For Calcs": 0.21,
        "Normalized EBITDA": -25494000.0,
        "Total Unusual Items": 1378000.0,
        "Total Unusual Items Excluding Goodwill": 1378000.0,
        "Net Income From Continuing Operation Net Minority Interest": -27342000.0,
        "Reconciled Depreciation": 541000.0,
        "Reconciled Cost Of Revenue": 1522000.0,
        "EBITDA": -24116000.0,
        "EBIT": -24657000.0,
        "Net Interest Income": -2592000.0,
        "Interest Expense": 2592000.0,
        "Normalized Income": -28430620.0,
        "Net Income From Continuing And Discontinued Operation": -27342000.0,
        "Total Expenses": 53213000.0,
        "Total Operating Income As Reported": -26035000.0,
        "Diluted Average Shares": 91693000.0,
        "Basic Average Shares": 91693000.0,
        "Diluted EPS": -0.3,
        "Basic EPS": -0.3,
        "Diluted NI Availto Com Stockholders": -27342000.0,
        "Net Income Common Stockholders": -27342000.0,
        "Net Income": -27342000.0,
        "Net Income Including Noncontrolling Interests": -27342000.0,
        "Net Income Continuous Operations": -27342000.0,
        "Tax Provision": 93000.0,
        "Pretax Income": -27249000.0,
        "Other Income Expense": 1378000.0,
        "Special Income Charges": NaN,
        "Other Special Charges": NaN,
        "Restructuring And Mergern Acquisition": NaN,
        "Gain On Sale Of Security": 1378000.0,
        "Net Non Operating Interest Income Expense": -2592000.0,
        "Interest Expense Non Operating": 2592000.0,
        "Operating Income": -26035000.0,
        "Operating Expense": 51691000.0,
        "Research And Development": 3068000.0,
        "Selling General And Administration": 48623000.0,
        "Gross Profit": 25656000.0,
        "Cost Of Revenue": 1522000.0,
        "Total Revenue": 27178000.0,
        "Operating Revenue": 27178000.0
    },
    "2024-06-30": {
        "Tax Effect Of Unusual Items": NaN,
        "Tax Rate For Calcs": NaN,
        "Normalized EBITDA": NaN,
        "Total Unusual Items": NaN,
        "Total Unusual Items Excluding Goodwill": NaN,
        "Net Income From Continuing Operation Net Minority Interest": NaN,
        "Reconciled Depreciation": NaN,
        "Reconciled Cost Of Revenue": NaN,
        "EBITDA": NaN,
        "EBIT": NaN,
        "Net Interest Income": NaN,
        "Interest Expense": NaN,
        "Normalized Income": NaN,
        "Net Income From Continuing And Discontinued Operation": NaN,
        "Total Expenses": NaN,
        "Total Operating Income As Reported": NaN,
        "Diluted Average Shares": NaN,
        "Basic Average Shares": NaN,
        "Diluted EPS": NaN,
        "Basic EPS": NaN,
        "Diluted NI Availto Com Stockholders": NaN,
        "Net Income Common Stockholders": NaN,
        "Net Income": NaN,
        "Net Income Including Noncontrolling Interests": NaN,
        "Net Income Continuous Operations": NaN,
        "Tax Provision": NaN,
        "Pretax Income": NaN,
        "Other Income Expense": NaN,
        "Special Income Charges": 0.0,
        "Gain On Sale Of Security": NaN,
        "Net Non Operating Interest Income Expense": NaN,
        "Interest Expense Non Operating": NaN,
        "Operating Income": NaN,
        "Operating Expense": NaN,
        "Research And Development": NaN,
        "Selling General And Administration": NaN,
        "Gross Profit": NaN,
        "Cost Of Revenue": NaN,
        "Total Revenue": NaN,
        "Operating Revenue": NaN
    },
    "2024-09-30": {
        "Tax Effect Of Unusual Items": 128100.0,
        "Tax Rate For Calcs": 0.21,
        "Normalized EBITDA": 708000.0,
        "Total Unusual Items": 610000.0,
        "Total Unusual Items Excluding Goodwill": 610000.0,
        "Net Income From Continuing Operation Net Minority Interest": -2625000.0,
        "Reconciled Depreciation": 1035000.0,
        "Reconciled Cost Of Revenue": 6155000.0,
        "EBITDA": 1318000.0,
        "EBIT": 283000.0,
        "Net Interest Income": -2820000.0,
        "Interest Expense": 2820000.0,
        "Normalized Income": -3106900.0,
        "Net Income From Continuing And Discontinued Operation": -2625000.0,
        "Total Expenses": 50352000.0,
        "Total Operating Income As Reported": -327000.0,
        "Diluted Average Shares": 96300000.0,
        "Basic Average Shares": 96300000.0,
        "Diluted EPS": -0.03,
        "Basic EPS": -0.03,
        "Diluted NI Availto Com Stockholders": -2625000.0,
        "Net Income Common Stockholders": -2625000.0,
        "Net Income": -2625000.0,
        "Net Income Including Noncontrolling Interests": -2625000.0,
        "Net Income Continuous Operations": -2625000.0,
        "Tax Provision": 88000.0,
        "Pretax Income": -2537000.0,
        "Other Income Expense": 610000.0,
        "Special Income Charges": 0.0,
        "Gain On Sale Of Security": 610000.0,
        "Net Non Operating Interest Income Expense": -2820000.0,
        "Interest Expense Non Operating": 2820000.0,
        "Operating Income": -327000.0,
        "Operating Expense": 44197000.0,
        "Research And Development": 3803000.0,
        "Selling General And Administration": 40394000.0,
        "Gross Profit": 43870000.0,
        "Cost Of Revenue": 6155000.0,
        "Total Revenue": 50025000.0,
        "Operating Revenue": 50025000.0
    },
    "2024-12-31": {
        "Tax Effect Of Unusual Items": 217560.0,
        "Tax Rate For Calcs": 0.21,
        "Normalized EBITDA": -2629000.0,
        "Total Unusual Items": 1036000.0,
        "Total Unusual Items Excluding Goodwill": 1036000.0,
        "Net Income From Continuing Operation Net Minority Interest": -5043000.0,
        "Reconciled Depreciation": 668000.0,
        "Reconciled Cost Of Revenue": 4812000.0,
        "EBITDA": -1593000.0,
        "EBIT": -2261000.0,
        "Net Interest Income": -2702000.0,
        "Interest Expense": 2702000.0,
        "Normalized Income": -5861440.0,
        "Net Income From Continuing And Discontinued Operation": -5043000.0,
        "Total Expenses": 53707000.0,
        "Total Operating Income As Reported": -3297000.0,
        "Diluted Average Shares": 96395000.0,
        "Basic Average Shares": 96395000.0,
        "Diluted EPS": -0.05,
        "Basic EPS": -0.05,
        "Diluted NI Availto Com Stockholders": -5043000.0,
        "Net Income Common Stockholders": -5043000.0,
        "Net Income": -5043000.0,
        "Net Income Including Noncontrolling Interests": -5043000.0,
        "Net Income Continuous Operations": -5043000.0,
        "Tax Provision": 80000.0,
        "Pretax Income": -4963000.0,
        "Other Income Expense": 1036000.0,
        "Special Income Charges": 0.0,
        "Gain On Sale Of Security": 1036000.0,
        "Net Non Operating Interest Income Expense": -2702000.0,
        "Interest Expense Non Operating": 2702000.0,
        "Operating Income": -3297000.0,
        "Operating Expense": 48895000.0,
        "Research And Development": 4274000.0,
        "Selling General And Administration": 44621000.0,
        "Gross Profit": 45598000.0,
        "Cost Of Revenue": 4812000.0,
        "Total Revenue": 50410000.0,
        "Operating Revenue": 50410000.0
    },
    "2025-03-31": {
        "Tax Effect Of Unusual Items": 83370.0,
        "Tax Rate For Calcs": 0.21,
        "Normalized EBITDA": -2176000.0,
        "Total Unusual Items": 397000.0,
        "Total Unusual Items Excluding Goodwill": 397000.0,
        "Net Income From Continuing Operation Net Minority Interest": -4920000.0,
        "Reconciled Depreciation": 825000.0,
        "Reconciled Cost Of Revenue": 5577000.0,
        "EBITDA": -1779000.0,
        "EBIT": -2604000.0,
        "Net Interest Income": -2238000.0,
        "Interest Expense": 2238000.0,
        "Normalized Income": -5233630.0,
        "Net Income From Continuing And Discontinued Operation": -4920000.0,
        "Total Expenses": 55512000.0,
        "Total Operating Income As Reported": -3001000.0,
        "Diluted Average Shares": 96601000.0,
        "Basic Average Shares": 96601000.0,
        "Diluted EPS": -0.05,
        "Basic EPS": -0.05,
        "Diluted NI Availto Com Stockholders": -4920000.0,
        "Net Income Common Stockholders": -4920000.0,
        "Net Income": -4920000.0,
        "Net Income Including Noncontrolling Interests": -4920000.0,
        "Net Income Continuous Operations": -4920000.0,
        "Tax Provision": 78000.0,
        "Pretax Income": -4842000.0,
        "Other Income Expense": 397000.0,
        "Special Income Charges": NaN,
        "Gain On Sale Of Security": 397000.0,
        "Net Non Operating Interest Income Expense": -2238000.0,
        "Interest Expense Non Operating": 2238000.0,
        "Operating Income": -3001000.0,
        "Operating Expense": 49935000.0,
        "Research And Development": 4354000.0,
        "Selling General And Administration": 45581000.0,
        "Gross Profit": 46934000.0,
        "Cost Of Revenue": 5577000.0,
        "Total Revenue": 52511000.0,
        "Operating Revenue": 52511000.0
    },
    "2025-06-30": {
        "Tax Effect Of Unusual Items": -7140.0,
        "Tax Rate For Calcs": 0.21,
        "Normalized EBITDA": 9952000.0,
        "Total Unusual Items": -34000.0,
        "Total Unusual Items Excluding Goodwill": -34000.0,
        "Net Income From Continuing Operation Net Minority Interest": 9665000.0,
        "Reconciled Depreciation": 1068000.0,
        "Reconciled Cost Of Revenue": 6366000.0,
        "EBITDA": 9918000.0,
        "EBIT": 8850000.0,
        "Net Interest Income": -2355000.0,
        "Interest Expense": 2355000.0,
        "Normalized Income": 9691860.0,
        "Net Income From Continuing And Discontinued Operation": 9665000.0,
        "Total Expenses": 59245000.0,
        "Total Operating Income As Reported": 8884000.0,
        "Diluted Average Shares": 99087000.0,
        "Basic Average Shares": 96726000.0,
        "Diluted EPS": 0.1,
        "Basic EPS": 0.1,
        "Diluted NI Availto Com Stockholders": 9665000.0,
        "Net Income Common Stockholders": 9665000.0,
        "Net Income": 9665000.0,
        "Net Income Including Noncontrolling Interests": 9665000.0,
        "Net Income Continuous Operations": 9665000.0,
        "Tax Provision": -3170000.0,
        "Pretax Income": 6495000.0,
        "Other Income Expense": -34000.0,
        "Special Income Charges": NaN,
        "Gain On Sale Of Security": -34000.0,
        "Net Non Operating Interest Income Expense": -2355000.0,
        "Interest Expense Non Operating": 2355000.0,
        "Operating Income": 8884000.0,
        "Operating Expense": 52879000.0,
        "Research And Development": 4255000.0,
        "Selling General And Administration": 48624000.0,
        "Gross Profit": 61763000.0,
        "Cost Of Revenue": 6366000.0,
        "Total Revenue": 68129000.0,
        "Operating Revenue": 68129000.0
    },
    "2025-09-30": {
        "Tax Effect Of Unusual Items": 111720.0,
        "Tax Rate For Calcs": 0.21,
        "Normalized EBITDA": 3052000.0,
        "Total Unusual Items": 532000.0,
        "Total Unusual Items Excluding Goodwill": 532000.0,
        "Net Income From Continuing Operation Net Minority Interest": 20000.0,
        "Reconciled Depreciation": 1115000.0,
        "Reconciled Cost Of Revenue": -4116000.0,
        "EBITDA": 3584000.0,
        "EBIT": 2469000.0,
        "Net Interest Income": -2415000.0,
        "Interest Expense": 2415000.0,
        "Normalized Income": -400280.0,
        "Net Income From Continuing And Discontinued Operation": 20000.0,
        "Total Expenses": 75530000.0,
        "Total Operating Income As Reported": 1937000.0,
        "Diluted Average Shares": 101276000.0,
        "Basic Average Shares": 97104000.0,
        "Diluted EPS": 0.0,
        "Basic EPS": 0.0,
        "Diluted NI Availto Com Stockholders": 20000.0,
        "Net Income Common Stockholders": 20000.0,
        "Net Income": 20000.0,
        "Net Income Including Noncontrolling Interests": 20000.0,
        "Net Income Continuous Operations": 20000.0,
        "Tax Provision": 34000.0,
        "Pretax Income": 54000.0,
        "Other Income Expense": 532000.0,
        "Special Income Charges": NaN,
        "Gain On Sale Of Security": 532000.0,
        "Net Non Operating Interest Income Expense": -2415000.0,
        "Interest Expense Non Operating": 2415000.0,
        "Operating Income": 1937000.0,
        "Operating Expense": 79646000.0,
        "Research And Development": 27010000.0,
        "Selling General And Administration": 52636000.0,
        "Gross Profit": 81583000.0,
        "Cost Of Revenue": -4116000.0,
        "Total Revenue": 77467000.0,
        "Operating Revenue": 77467000.0
    }
}