{
    "2023-04-30": {
        "Tax Effect Of Unusual Items": NaN,
        "Tax Rate For Calcs": NaN,
        "Normalized EBITDA": NaN,
        "Total Unusual Items": NaN,
        "Total Unusual Items Excluding Goodwill": NaN,
        "Net Income From Continuing Operation Net Minority Interest": NaN,
        "Reconciled Depreciation": NaN,
        "Reconciled Cost Of Revenue": NaN,
        "EBITDA": NaN,
        "EBIT": NaN,
        "Net Interest Income": NaN,
        "Interest Expense": NaN,
        "Normalized Income": NaN,
        "Net Income From Continuing And Discontinued Operation": NaN,
        "Total Expenses": NaN,
        "Total Operating Income As Reported": NaN,
        "Diluted Average Shares": NaN,
        "Basic Average Shares": NaN,
        "Diluted EPS": NaN,
        "Basic EPS": NaN,
        "Diluted NI Availto Com Stockholders": NaN,
        "Net Income Common Stockholders": NaN,
        "Net Income": NaN,
        "Net Income Including Noncontrolling Interests": NaN,
        "Net Income Discontinuous Operations": 0.0,
        "Net Income Continuous Operations": NaN,
        "Tax Provision": NaN,
        "Pretax Income": NaN,
        "Other Income Expense": NaN,
        "Other Non Operating Income Expenses": NaN,
        "Special Income Charges": NaN,
        "Restructuring And Mergern Acquisition": NaN,
        "Net Non Operating Interest Income Expense": NaN,
        "Interest Expense Non Operating": NaN,
        "Operating Income": NaN,
        "Operating Expense": NaN,
        "Depreciation Amortization Depletion Income Statement": NaN,
        "Depreciation And Amortization In Income Statement": NaN,
        "Amortization": NaN,
        "Amortization Of Intangibles Income Statement": NaN,
        "Research And Development": NaN,
        "Selling General And Administration": NaN,
        "Gross Profit": NaN,
        "Cost Of Revenue": NaN,
        "Total Revenue": NaN,
        "Operating Revenue": NaN
    },
    "2023-01-31": {
        "Tax Effect Of Unusual Items": NaN,
        "Tax Rate For Calcs": NaN,
        "Normalized EBITDA": NaN,
        "Total Unusual Items": NaN,
        "Total Unusual Items Excluding Goodwill": NaN,
        "Net Income From Continuing Operation Net Minority Interest": NaN,
        "Reconciled Depreciation": NaN,
        "Reconciled Cost Of Revenue": NaN,
        "EBITDA": NaN,
        "EBIT": NaN,
        "Net Interest Income": NaN,
        "Interest Expense": NaN,
        "Normalized Income": NaN,
        "Net Income From Continuing And Discontinued Operation": NaN,
        "Total Expenses": NaN,
        "Total Operating Income As Reported": NaN,
        "Diluted Average Shares": NaN,
        "Basic Average Shares": NaN,
        "Diluted EPS": NaN,
        "Basic EPS": NaN,
        "Diluted NI Availto Com Stockholders": NaN,
        "Net Income Common Stockholders": NaN,
        "Net Income": NaN,
        "Net Income Including Noncontrolling Interests": NaN,
        "Net Income Discontinuous Operations": 0.0,
        "Net Income Continuous Operations": NaN,
        "Tax Provision": NaN,
        "Pretax Income": NaN,
        "Other Income Expense": NaN,
        "Other Non Operating Income Expenses": NaN,
        "Special Income Charges": NaN,
        "Restructuring And Mergern Acquisition": NaN,
        "Net Non Operating Interest Income Expense": NaN,
        "Interest Expense Non Operating": NaN,
        "Operating Income": NaN,
        "Operating Expense": NaN,
        "Depreciation Amortization Depletion Income Statement": NaN,
        "Depreciation And Amortization In Income Statement": NaN,
        "Amortization": NaN,
        "Amortization Of Intangibles Income Statement": NaN,
        "Research And Development": NaN,
        "Selling General And Administration": NaN,
        "Gross Profit": NaN,
        "Cost Of Revenue": NaN,
        "Total Revenue": NaN,
        "Operating Revenue": NaN
    },
    "2022-10-31": {
        "Tax Effect Of Unusual Items": NaN,
        "Tax Rate For Calcs": NaN,
        "Normalized EBITDA": NaN,
        "Total Unusual Items": NaN,
        "Total Unusual Items Excluding Goodwill": NaN,
        "Net Income From Continuing Operation Net Minority Interest": NaN,
        "Reconciled Depreciation": NaN,
        "Reconciled Cost Of Revenue": NaN,
        "EBITDA": NaN,
        "EBIT": NaN,
        "Net Interest Income": NaN,
        "Interest Expense": NaN,
        "Normalized Income": NaN,
        "Net Income From Continuing And Discontinued Operation": NaN,
        "Total Expenses": NaN,
        "Total Operating Income As Reported": NaN,
        "Diluted Average Shares": NaN,
        "Basic Average Shares": NaN,
        "Diluted EPS": NaN,
        "Basic EPS": NaN,
        "Diluted NI Availto Com Stockholders": NaN,
        "Net Income Common Stockholders": NaN,
        "Preferred Stock Dividends": 48000000.0,
        "Net Income": NaN,
        "Net Income Including Noncontrolling Interests": NaN,
        "Net Income Discontinuous Operations": NaN,
        "Net Income Continuous Operations": NaN,
        "Tax Provision": NaN,
        "Pretax Income": NaN,
        "Other Income Expense": NaN,
        "Other Non Operating Income Expenses": NaN,
        "Special Income Charges": NaN,
        "Restructuring And Mergern Acquisition": NaN,
        "Net Non Operating Interest Income Expense": NaN,
        "Interest Expense Non Operating": NaN,
        "Operating Income": NaN,
        "Operating Expense": NaN,
        "Depreciation Amortization Depletion Income Statement": NaN,
        "Depreciation And Amortization In Income Statement": NaN,
        "Amortization": NaN,
        "Amortization Of Intangibles Income Statement": NaN,
        "Research And Development": NaN,
        "Selling General And Administration": NaN,
        "Gross Profit": NaN,
        "Cost Of Revenue": NaN,
        "Total Revenue": NaN,
        "Operating Revenue": NaN
    },
    "2022-07-31": {
        "Tax Effect Of Unusual Items": -551693.137549,
        "Tax Rate For Calcs": 0.078813,
        "Normalized EBITDA": 4967000000.0,
        "Total Unusual Items": -7000000.0,
        "Total Unusual Items Excluding Goodwill": -7000000.0,
        "Net Income From Continuing Operation Net Minority Interest": 3074000000.0,
        "Reconciled Depreciation": 1217000000.0,
        "Reconciled Cost Of Revenue": 1925000000.0,
        "EBITDA": 4960000000.0,
        "EBIT": 3743000000.0,
        "Net Interest Income": -406000000.0,
        "Interest Expense": 406000000.0,
        "Normalized Income": 3080448306.862451,
        "Net Income From Continuing And Discontinued Operation": 3074000000.0,
        "Total Expenses": 4720000000.0,
        "Total Operating Income As Reported": 3737000000.0,
        "Diluted Average Shares": 431077685.0,
        "Basic Average Shares": 406015029.0,
        "Diluted EPS": 7.132125,
        "Basic EPS": 7.3815,
        "Diluted NI Availto Com Stockholders": 2999000000.0,
        "Average Dilution Earnings": 75000000.0,
        "Net Income Common Stockholders": 2999000000.0,
        "Preferred Stock Dividends": 75000000.0,
        "Net Income": 3074000000.0,
        "Net Income Including Noncontrolling Interests": 3074000000.0,
        "Net Income Continuous Operations": 3074000000.0,
        "Tax Provision": 263000000.0,
        "Pretax Income": 3337000000.0,
        "Other Income Expense": -1000000.0,
        "Other Non Operating Income Expenses": 6000000.0,
        "Special Income Charges": -7000000.0,
        "Restructuring And Mergern Acquisition": 7000000.0,
        "Net Non Operating Interest Income Expense": -406000000.0,
        "Interest Expense Non Operating": 406000000.0,
        "Operating Income": 3744000000.0,
        "Operating Expense": 1937000000.0,
        "Depreciation Amortization Depletion Income Statement": 359000000.0,
        "Depreciation And Amortization In Income Statement": 359000000.0,
        "Amortization": 359000000.0,
        "Amortization Of Intangibles Income Statement": 359000000.0,
        "Research And Development": 1255000000.0,
        "Selling General And Administration": 323000000.0,
        "Gross Profit": 5681000000.0,
        "Cost Of Revenue": 2783000000.0,
        "Total Revenue": 8464000000.0,
        "Operating Revenue": 8464000000.0
    },
    "2022-04-30": {
        "Diluted EPS": 5.93,
        "Total Revenue": NaN,
        "Gross Profit": NaN,
        "Operating Income": NaN,
        "EBIT": NaN,
        "Net Income": NaN
    },
    "2022-01-31": {
        "Diluted EPS": 5.59,
        "Total Revenue": NaN,
        "Gross Profit": NaN,
        "Operating Income": NaN,
        "EBIT": NaN,
        "Net Income": NaN
    },
    "2021-10-31": {
        "Diluted EPS": 4.45,
        "Total Revenue": NaN,
        "Gross Profit": NaN,
        "Operating Income": NaN,
        "EBIT": NaN,
        "Net Income": NaN
    },
    "2021-07-31": {
        "Diluted EPS": 4.2,
        "Total Revenue": NaN,
        "Gross Profit": NaN,
        "Operating Income": NaN,
        "EBIT": NaN,
        "Net Income": NaN
    },
    "2021-04-30": {
        "Diluted EPS": 3.3,
        "Total Revenue": NaN,
        "Gross Profit": NaN,
        "Operating Income": NaN,
        "EBIT": NaN,
        "Net Income": NaN
    },
    "2021-01-31": {
        "Diluted EPS": 3.05,
        "Total Revenue": NaN,
        "Gross Profit": NaN,
        "Operating Income": NaN,
        "EBIT": NaN,
        "Net Income": NaN
    },
    "2020-10-31": {
        "Diluted EPS": 2.97,
        "Total Revenue": NaN,
        "Gross Profit": NaN,
        "Operating Income": NaN,
        "EBIT": NaN,
        "Net Income": NaN
    },
    "2020-07-31": {
        "Diluted EPS": 1.45,
        "Total Revenue": NaN,
        "Gross Profit": NaN,
        "Operating Income": NaN,
        "EBIT": NaN,
        "Net Income": 614
    },
    "2020-04-30": {
        "Diluted EPS": 1.17,
        "Total Revenue": NaN,
        "Gross Profit": NaN,
        "Operating Income": 766,
        "EBIT": NaN,
        "Net Income": 488
    },
    "2020-01-31": {
        "Diluted EPS": 0.74,
        "Total Revenue": NaN,
        "Gross Profit": NaN,
        "Operating Income": 714,
        "EBIT": NaN,
        "Net Income": 311
    },
    "2019-10-31": {
        "Diluted EPS": 1.96,
        "Total Revenue": NaN,
        "Gross Profit": NaN,
        "Operating Income": NaN,
        "EBIT": NaN,
        "Net Income": 818
    },
    "2019-07-31": {
        "Diluted EPS": 1.71,
        "Total Revenue": NaN,
        "Gross Profit": NaN,
        "Operating Income": 865,
        "EBIT": NaN,
        "Net Income": 715
    },
    "2019-04-30": {
        "Diluted EPS": 1.64,
        "Total Revenue": NaN,
        "Gross Profit": NaN,
        "Operating Income": 970,
        "EBIT": NaN,
        "Net Income": 691
    },
    "2019-01-31": {
        "Diluted EPS": 1.12,
        "Total Revenue": NaN,
        "Gross Profit": NaN,
        "Operating Income": 555,
        "EBIT": NaN,
        "Net Income": 471
    },
    "2018-10-31": {
        "Diluted EPS": 2.78,
        "Total Revenue": NaN,
        "Gross Profit": NaN,
        "Operating Income": NaN,
        "EBIT": NaN,
        "Net Income": NaN
    },
    "2018-07-31": {
        "Diluted EPS": 2.71,
        "Total Revenue": NaN,
        "Gross Profit": NaN,
        "Operating Income": NaN,
        "EBIT": NaN,
        "Net Income": NaN
    },
    "2018-04-30": {
        "Diluted EPS": 8.33,
        "Total Revenue": NaN,
        "Gross Profit": NaN,
        "Operating Income": NaN,
        "EBIT": NaN,
        "Net Income": NaN
    },
    "2018-01-31": {
        "Diluted EPS": 14.62,
        "Total Revenue": NaN,
        "Gross Profit": NaN,
        "Operating Income": 943,
        "EBIT": NaN,
        "Net Income": NaN
    },
    "2017-10-31": {
        "Diluted EPS": 1.26,
        "Total Revenue": NaN,
        "Gross Profit": NaN,
        "Operating Income": 743,
        "EBIT": NaN,
        "Net Income": 532
    },
    "2017-07-31": {
        "Diluted EPS": 1.14,
        "Total Revenue": NaN,
        "Gross Profit": NaN,
        "Operating Income": 648,
        "EBIT": NaN,
        "Net Income": 481
    },
    "2017-04-30": {
        "Diluted EPS": 1.05,
        "Total Revenue": NaN,
        "Gross Profit": NaN,
        "Operating Income": 474,
        "EBIT": NaN,
        "Net Income": 440
    },
    "2017-01-31": {
        "Diluted EPS": 0.57,
        "Total Revenue": NaN,
        "Gross Profit": NaN,
        "Operating Income": 506,
        "EBIT": NaN,
        "Net Income": 239
    },
    "2016-10-31": {
        "Diluted EPS": -2.39,
        "Total Revenue": NaN,
        "Gross Profit": NaN,
        "Operating Income": 381,
        "EBIT": NaN,
        "Net Income": -632
    },
    "2016-07-31": {
        "Diluted EPS": -0.75,
        "Total Revenue": NaN,
        "Gross Profit": NaN,
        "Operating Income": -264,
        "EBIT": 804,
        "Net Income": -298
    },
    "2016-04-30": {
        "Diluted EPS": -3.02,
        "Total Revenue": NaN,
        "Gross Profit": NaN,
        "Operating Income": NaN,
        "EBIT": 52,
        "Net Income": NaN
    },
    "2016-01-31": {
        "Diluted EPS": 1.3,
        "Total Revenue": NaN,
        "Gross Profit": 941,
        "Operating Income": 475,
        "EBIT": 723,
        "Net Income": 377
    },
    "2015-10-31": {
        "Diluted EPS": 1.54,
        "Total Revenue": NaN,
        "Gross Profit": 997,
        "Operating Income": 514,
        "EBIT": 768,
        "Net Income": 429
    },
    "2015-07-31": {
        "Diluted EPS": 0.84,
        "Total Revenue": NaN,
        "Gross Profit": 884,
        "Operating Income": 299,
        "EBIT": 559,
        "Net Income": 240
    },
    "2015-04-30": {
        "Diluted EPS": 1.21,
        "Total Revenue": NaN,
        "Gross Profit": 846,
        "Operating Income": 418,
        "EBIT": 655,
        "Net Income": 344
    },
    "2015-01-31": {
        "Diluted EPS": 1.26,
        "Total Revenue": NaN,
        "Gross Profit": 826,
        "Operating Income": 401,
        "EBIT": 634,
        "Net Income": 351
    },
    "2014-10-31": {
        "Diluted EPS": 0.5,
        "Total Revenue": NaN,
        "Gross Profit": 788,
        "Operating Income": 301,
        "EBIT": 558,
        "Net Income": 135
    },
    "2014-07-31": {
        "Diluted EPS": -0.65,
        "Total Revenue": NaN,
        "Gross Profit": 393,
        "Operating Income": -162,
        "EBIT": 102,
        "Net Income": -164
    },
    "2014-04-30": {
        "Diluted EPS": 0.61,
        "Total Revenue": 701,
        "Gross Profit": 357,
        "Operating Income": 160,
        "EBIT": 221,
        "Net Income": 158
    },
    "2014-01-31": {
        "Diluted EPS": 0.53,
        "Total Revenue": 709,
        "Gross Profit": 339,
        "Operating Income": 139,
        "EBIT": 196,
        "Net Income": 134
    },
    "2013-10-31": {
        "Diluted EPS": 0.68,
        "Total Revenue": 738,
        "Gross Profit": 346,
        "Operating Income": 170,
        "EBIT": 229,
        "Net Income": 172
    },
    "2013-07-31": {
        "Diluted EPS": 0.56,
        "Total Revenue": 644,
        "Gross Profit": 304,
        "Operating Income": 140,
        "EBIT": 186,
        "Net Income": 142
    },
    "2013-04-30": {
        "Diluted EPS": 0.45,
        "Total Revenue": 562,
        "Gross Profit": 272,
        "Operating Income": 118,
        "EBIT": 160,
        "Net Income": 113
    },
    "2013-01-31": {
        "Diluted EPS": 0.5,
        "Total Revenue": 576,
        "Gross Profit": 276,
        "Operating Income": 124,
        "EBIT": 165,
        "Net Income": 125
    },
    "2012-10-31": {
        "Diluted EPS": 0.63,
        "Total Revenue": 618,
        "Gross Profit": 299,
        "Operating Income": 164,
        "EBIT": 204,
        "Net Income": 159
    },
    "2012-07-31": {
        "Diluted EPS": 0.58,
        "Total Revenue": 606,
        "Gross Profit": 295,
        "Operating Income": 149,
        "EBIT": 189,
        "Net Income": 145
    },
    "2012-04-30": {
        "Diluted EPS": 0.54,
        "Total Revenue": 577,
        "Gross Profit": 278,
        "Operating Income": 137,
        "EBIT": 175,
        "Net Income": 134
    },
    "2012-01-31": {
        "Diluted EPS": 0.5,
        "Total Revenue": 563,
        "Gross Profit": 270,
        "Operating Income": 132,
        "EBIT": 169,
        "Net Income": 125
    },
    "2011-10-31": {
        "Diluted EPS": 0.6,
        "Total Revenue": 623,
        "Gross Profit": 304,
        "Operating Income": 159,
        "EBIT": 198,
        "Net Income": 154
    },
    "2011-07-31": {
        "Diluted EPS": 0.57,
        "Total Revenue": 603,
        "Gross Profit": 297,
        "Operating Income": 145,
        "EBIT": 185,
        "Net Income": 144
    },
    "2011-04-30": {
        "Diluted EPS": 0.54,
        "Total Revenue": 560,
        "Gross Profit": 275,
        "Operating Income": 138,
        "EBIT": 176,
        "Net Income": 135
    },
    "2011-01-31": {
        "Diluted EPS": 0.48,
        "Total Revenue": 550,
        "Gross Profit": 271,
        "Operating Income": 142,
        "EBIT": 183,
        "Net Income": 119
    },
    "2010-10-31": {
        "Diluted EPS": 0.66,
        "Total Revenue": 572,
        "Gross Profit": 276,
        "Operating Income": 145,
        "EBIT": 186,
        "Net Income": 164
    },
    "2010-07-31": {
        "Diluted EPS": 0.5,
        "Total Revenue": 550,
        "Gross Profit": 263,
        "Operating Income": 135,
        "EBIT": 175,
        "Net Income": 123
    },
    "2010-04-30": {
        "Diluted EPS": 0.37,
        "Total Revenue": 515,
        "Gross Profit": 233,
        "Operating Income": 108,
        "EBIT": 148,
        "Net Income": 90
    },
    "2010-01-31": {
        "Diluted EPS": 0.16,
        "Total Revenue": 456,
        "Gross Profit": 194,
        "Operating Income": 78,
        "EBIT": 118,
        "Net Income": 38
    },
    "2009-10-31": {
        "Diluted EPS": -0.1,
        "Total Revenue": 428,
        "Gross Profit": 178,
        "Operating Income": 5,
        "EBIT": 46,
        "Net Income": -21
    },
    "2009-07-31": {
        "Diluted EPS": 0.01,
        "Total Revenue": 363,
        "Gross Profit": 141,
        "Operating Income": 24,
        "EBIT": 65,
        "Net Income": 2
    },
    "2009-04-30": {
        "Diluted EPS": -0.14,
        "Total Revenue": 325,
        "Gross Profit": 98,
        "Operating Income": -11,
        "EBIT": 29,
        "Net Income": -31
    },
    "2009-01-31": {
        "Diluted EPS": 0.03,
        "Total Revenue": 368,
        "Gross Profit": 143,
        "Operating Income": 30,
        "EBIT": 72,
        "Net Income": 6
    },
    "2023-07-31": {
        "Tax Effect Of Unusual Items": NaN,
        "Tax Rate For Calcs": NaN,
        "Normalized EBITDA": NaN,
        "Total Unusual Items": NaN,
        "Total Unusual Items Excluding Goodwill": NaN,
        "Net Income From Continuing Operation Net Minority Interest": NaN,
        "Reconciled Depreciation": NaN,
        "Reconciled Cost Of Revenue": NaN,
        "EBITDA": NaN,
        "EBIT": NaN,
        "Net Interest Income": NaN,
        "Interest Expense": NaN,
        "Normalized Income": NaN,
        "Net Income From Continuing And Discontinued Operation": NaN,
        "Total Expenses": NaN,
        "Total Operating Income As Reported": NaN,
        "Diluted Average Shares": 4269000000.0,
        "Basic Average Shares": 4130000000.0,
        "Diluted EPS": 0.77,
        "Basic EPS": 0.8,
        "Diluted NI Availto Com Stockholders": NaN,
        "Net Income Common Stockholders": NaN,
        "Net Income": NaN,
        "Net Income Including Noncontrolling Interests": NaN,
        "Net Income Discontinuous Operations": 0.0,
        "Net Income Continuous Operations": NaN,
        "Tax Provision": NaN,
        "Pretax Income": NaN,
        "Other Income Expense": NaN,
        "Other Non Operating Income Expenses": NaN,
        "Special Income Charges": NaN,
        "Restructuring And Mergern Acquisition": NaN,
        "Net Non Operating Interest Income Expense": NaN,
        "Interest Expense Non Operating": NaN,
        "Operating Income": NaN,
        "Operating Expense": NaN,
        "Depreciation Amortization Depletion Income Statement": NaN,
        "Depreciation And Amortization In Income Statement": NaN,
        "Amortization": NaN,
        "Amortization Of Intangibles Income Statement": NaN,
        "Research And Development": NaN,
        "Selling General And Administration": NaN,
        "Gross Profit": NaN,
        "Cost Of Revenue": NaN,
        "Total Revenue": NaN,
        "Operating Revenue": NaN
    },
    "2023-10-31": {
        "Tax Effect Of Unusual Items": -223342.576254,
        "Tax Rate For Calcs": 0.111671,
        "Normalized EBITDA": 5306000000.0,
        "Total Unusual Items": -2000000.0,
        "Total Unusual Items Excluding Goodwill": -2000000.0,
        "Net Income From Continuing Operation Net Minority Interest": 3524000000.0,
        "Reconciled Depreciation": 932000000.0,
        "Reconciled Cost Of Revenue": 2304000000.0,
        "EBITDA": 5304000000.0,
        "EBIT": 4372000000.0,
        "Net Interest Income": 130000000.0,
        "Interest Expense": 405000000.0,
        "Normalized Income": 3525776657.423746,
        "Net Income From Continuing And Discontinued Operation": 3524000000.0,
        "Total Expenses": 5042000000.0,
        "Total Operating Income As Reported": 4240000000.0,
        "Diluted Average Shares": 4270000000.0,
        "Basic Average Shares": 4130000000.0,
        "Diluted EPS": 0.825,
        "Basic EPS": 0.853,
        "Diluted NI Availto Com Stockholders": 3524000000.0,
        "Net Income Common Stockholders": 3524000000.0,
        "Net Income": 3524000000.0,
        "Net Income Including Noncontrolling Interests": 3524000000.0,
        "Net Income Discontinuous Operations": NaN,
        "Net Income Continuous Operations": 3524000000.0,
        "Tax Provision": 443000000.0,
        "Pretax Income": 3967000000.0,
        "Other Income Expense": -416000000.0,
        "Other Non Operating Income Expenses": -414000000.0,
        "Special Income Charges": -13000000.0,
        "Restructuring And Mergern Acquisition": 13000000.0,
        "Net Non Operating Interest Income Expense": 130000000.0,
        "Interest Expense Non Operating": 405000000.0,
        "Operating Income": 4253000000.0,
        "Operating Expense": 2154000000.0,
        "Depreciation Amortization Depletion Income Statement": 348000000.0,
        "Depreciation And Amortization In Income Statement": 348000000.0,
        "Amortization": 348000000.0,
        "Amortization Of Intangibles Income Statement": 348000000.0,
        "Research And Development": 1388000000.0,
        "Selling General And Administration": 418000000.0,
        "Gross Profit": 6407000000.0,
        "Cost Of Revenue": 2888000000.0,
        "Total Revenue": 9295000000.0,
        "Operating Revenue": 9295000000.0
    },
    "2024-01-31": {
        "Tax Effect Of Unusual Items": -31415797.317437,
        "Tax Rate For Calcs": 0.050671,
        "Normalized EBITDA": 5233000000.0,
        "Total Unusual Items": -620000000.0,
        "Total Unusual Items Excluding Goodwill": -620000000.0,
        "Net Income From Continuing Operation Net Minority Interest": 1274000000.0,
        "Reconciled Depreciation": 2345000000.0,
        "Reconciled Cost Of Revenue": 3033000000.0,
        "EBITDA": 4613000000.0,
        "EBIT": 2268000000.0,
        "Net Interest Income": -926000000.0,
        "Interest Expense": 926000000.0,
        "Normalized Income": 1862584202.682563,
        "Net Income From Continuing And Discontinued Operation": 1325000000.0,
        "Total Expenses": 9258000000.0,
        "Total Operating Income As Reported": 2083000000.0,
        "Diluted Average Shares": 4666000000.0,
        "Basic Average Shares": 4517000000.0,
        "Diluted EPS": 0.28,
        "Basic EPS": 0.29,
        "Diluted NI Availto Com Stockholders": 1325000000.0,
        "Net Income Common Stockholders": 1325000000.0,
        "Net Income": 1325000000.0,
        "Net Income Including Noncontrolling Interests": 1325000000.0,
        "Net Income Discontinuous Operations": 51000000.0,
        "Net Income Continuous Operations": 1274000000.0,
        "Tax Provision": 68000000.0,
        "Pretax Income": 1342000000.0,
        "Other Income Expense": -435000000.0,
        "Other Non Operating Income Expenses": 185000000.0,
        "Special Income Charges": -620000000.0,
        "Restructuring And Mergern Acquisition": 620000000.0,
        "Net Non Operating Interest Income Expense": -926000000.0,
        "Interest Expense Non Operating": 926000000.0,
        "Operating Income": 2703000000.0,
        "Operating Expense": 4672000000.0,
        "Depreciation Amortization Depletion Income Statement": 792000000.0,
        "Depreciation And Amortization In Income Statement": 792000000.0,
        "Amortization": 792000000.0,
        "Amortization Of Intangibles Income Statement": 792000000.0,
        "Research And Development": 2308000000.0,
        "Selling General And Administration": 1572000000.0,
        "Gross Profit": 7375000000.0,
        "Cost Of Revenue": 4586000000.0,
        "Total Revenue": 11961000000.0,
        "Operating Revenue": 11961000000.0
    },
    "2024-04-30": {
        "Tax Effect Of Unusual Items": -61320000.0,
        "Tax Rate For Calcs": 0.21,
        "Normalized EBITDA": 5874000000.0,
        "Total Unusual Items": -292000000.0,
        "Total Unusual Items Excluding Goodwill": -292000000.0,
        "Net Income From Continuing Operation Net Minority Interest": 2121000000.0,
        "Reconciled Depreciation": 2530000000.0,
        "Reconciled Cost Of Revenue": 3008000000.0,
        "EBITDA": 5582000000.0,
        "EBIT": 3052000000.0,
        "Net Interest Income": -1047000000.0,
        "Interest Expense": 1047000000.0,
        "Normalized Income": 2351680000.0,
        "Net Income From Continuing And Discontinued Operation": 2121000000.0,
        "Total Expenses": 9230000000.0,
        "Total Operating Income As Reported": 2965000000.0,
        "Diluted Average Shares": 4799000000.0,
        "Basic Average Shares": 4645000000.0,
        "Diluted EPS": 0.44,
        "Basic EPS": 0.46,
        "Diluted NI Availto Com Stockholders": 2121000000.0,
        "Net Income Common Stockholders": 2121000000.0,
        "Net Income": 2121000000.0,
        "Net Income Including Noncontrolling Interests": 2121000000.0,
        "Net Income Discontinuous Operations": 0.0,
        "Net Income Continuous Operations": 2121000000.0,
        "Tax Provision": -116000000.0,
        "Pretax Income": 2005000000.0,
        "Other Income Expense": -205000000.0,
        "Other Non Operating Income Expenses": 87000000.0,
        "Special Income Charges": -292000000.0,
        "Restructuring And Mergern Acquisition": 292000000.0,
        "Net Non Operating Interest Income Expense": -1047000000.0,
        "Interest Expense Non Operating": 1047000000.0,
        "Operating Income": 3257000000.0,
        "Operating Expense": 4519000000.0,
        "Depreciation Amortization Depletion Income Statement": 827000000.0,
        "Depreciation And Amortization In Income Statement": 827000000.0,
        "Amortization": 827000000.0,
        "Amortization Of Intangibles Income Statement": 827000000.0,
        "Research And Development": 2415000000.0,
        "Selling General And Administration": 1277000000.0,
        "Gross Profit": 7776000000.0,
        "Cost Of Revenue": 4711000000.0,
        "Total Revenue": 12487000000.0,
        "Operating Revenue": 12487000000.0
    },
    "2024-07-31": {
        "Tax Effect Of Unusual Items": -63630000.0,
        "Tax Rate For Calcs": 0.21,
        "Normalized EBITDA": 6697000000.0,
        "Total Unusual Items": -303000000.0,
        "Total Unusual Items Excluding Goodwill": -303000000.0,
        "Net Income From Continuing Operation Net Minority Interest": -1432000000.0,
        "Reconciled Depreciation": 2524000000.0,
        "Reconciled Cost Of Revenue": 3004000000.0,
        "EBITDA": 6394000000.0,
        "EBIT": 3870000000.0,
        "Net Interest Income": -1064000000.0,
        "Interest Expense": 1064000000.0,
        "Normalized Income": -1192630000.0,
        "Net Income From Continuing And Discontinued Operation": -1875000000.0,
        "Total Expenses": 8981000000.0,
        "Total Operating Income As Reported": 3788000000.0,
        "Diluted Average Shares": 4663000000.0,
        "Basic Average Shares": 4663000000.0,
        "Diluted EPS": -0.4,
        "Basic EPS": -0.4,
        "Diluted NI Availto Com Stockholders": -1875000000.0,
        "Net Income Common Stockholders": -1875000000.0,
        "Net Income": -1875000000.0,
        "Net Income Including Noncontrolling Interests": -1875000000.0,
        "Net Income Discontinuous Operations": -443000000.0,
        "Net Income Continuous Operations": -1432000000.0,
        "Tax Provision": 4238000000.0,
        "Pretax Income": 2806000000.0,
        "Other Income Expense": -221000000.0,
        "Other Non Operating Income Expenses": 82000000.0,
        "Special Income Charges": -303000000.0,
        "Restructuring And Mergern Acquisition": 303000000.0,
        "Net Non Operating Interest Income Expense": -1064000000.0,
        "Interest Expense Non Operating": 1064000000.0,
        "Operating Income": 4091000000.0,
        "Operating Expense": 4265000000.0,
        "Depreciation Amortization Depletion Income Statement": 812000000.0,
        "Depreciation And Amortization In Income Statement": 812000000.0,
        "Amortization": 812000000.0,
        "Amortization Of Intangibles Income Statement": 812000000.0,
        "Research And Development": 2353000000.0,
        "Selling General And Administration": 1100000000.0,
        "Gross Profit": 8356000000.0,
        "Cost Of Revenue": 4716000000.0,
        "Total Revenue": 13072000000.0,
        "Operating Revenue": 13072000000.0
    },
    "2024-10-31": {
        "Tax Effect Of Unusual Items": -69300000.0,
        "Tax Rate For Calcs": 0.21,
        "Normalized EBITDA": 7620000000.0,
        "Total Unusual Items": -330000000.0,
        "Total Unusual Items Excluding Goodwill": -330000000.0,
        "Net Income From Continuing Operation Net Minority Interest": 4205000000.0,
        "Reconciled Depreciation": 2611000000.0,
        "Reconciled Cost Of Revenue": 3254000000.0,
        "EBITDA": 7290000000.0,
        "EBIT": 4679000000.0,
        "Net Interest Income": -455000000.0,
        "Interest Expense": 916000000.0,
        "Normalized Income": 4465700000.0,
        "Net Income From Continuing And Discontinued Operation": 4324000000.0,
        "Total Expenses": 9109000000.0,
        "Total Operating Income As Reported": 4627000000.0,
        "Diluted Average Shares": 4828000000.0,
        "Basic Average Shares": 4679000000.0,
        "Diluted EPS": 0.9,
        "Basic EPS": 0.92,
        "Diluted NI Availto Com Stockholders": 4324000000.0,
        "Net Income Common Stockholders": 4324000000.0,
        "Net Income": 4324000000.0,
        "Net Income Including Noncontrolling Interests": 4324000000.0,
        "Net Income Discontinuous Operations": 119000000.0,
        "Net Income Continuous Operations": 4205000000.0,
        "Tax Provision": -442000000.0,
        "Pretax Income": 3763000000.0,
        "Other Income Expense": -727000000.0,
        "Other Non Operating Income Expenses": -397000000.0,
        "Special Income Charges": -318000000.0,
        "Restructuring And Mergern Acquisition": 318000000.0,
        "Net Non Operating Interest Income Expense": -455000000.0,
        "Interest Expense Non Operating": 916000000.0,
        "Operating Income": 4945000000.0,
        "Operating Expense": 4057000000.0,
        "Depreciation Amortization Depletion Income Statement": 813000000.0,
        "Depreciation And Amortization In Income Statement": 813000000.0,
        "Amortization": 813000000.0,
        "Amortization Of Intangibles Income Statement": 813000000.0,
        "Research And Development": 2234000000.0,
        "Selling General And Administration": 1010000000.0,
        "Gross Profit": 9002000000.0,
        "Cost Of Revenue": 5052000000.0,
        "Total Revenue": 14054000000.0,
        "Operating Revenue": 14054000000.0
    },
    "2025-01-31": {
        "Tax Effect Of Unusual Items": -36120000.0,
        "Tax Rate For Calcs": 0.21,
        "Normalized EBITDA": 8709000000.0,
        "Total Unusual Items": -172000000.0,
        "Total Unusual Items Excluding Goodwill": -172000000.0,
        "Net Income From Continuing Operation Net Minority Interest": 5503000000.0,
        "Reconciled Depreciation": 2174000000.0,
        "Reconciled Cost Of Revenue": 3108000000.0,
        "EBITDA": 8537000000.0,
        "EBIT": 6363000000.0,
        "Net Interest Income": -873000000.0,
        "Interest Expense": 873000000.0,
        "Normalized Income": 5638880000.0,
        "Net Income From Continuing And Discontinued Operation": 5503000000.0,
        "Total Expenses": 8484000000.0,
        "Total Operating Income As Reported": 6260000000.0,
        "Diluted Average Shares": 4836000000.0,
        "Basic Average Shares": 4695000000.0,
        "Diluted EPS": 1.14,
        "Basic EPS": 1.17,
        "Diluted NI Availto Com Stockholders": 5503000000.0,
        "Net Income Common Stockholders": 5503000000.0,
        "Net Income": 5503000000.0,
        "Net Income Including Noncontrolling Interests": 5503000000.0,
        "Net Income Discontinuous Operations": 0.0,
        "Net Income Continuous Operations": 5503000000.0,
        "Tax Provision": -13000000.0,
        "Pretax Income": 5490000000.0,
        "Other Income Expense": -69000000.0,
        "Other Non Operating Income Expenses": 103000000.0,
        "Special Income Charges": -172000000.0,
        "Restructuring And Mergern Acquisition": 172000000.0,
        "Net Non Operating Interest Income Expense": -873000000.0,
        "Interest Expense Non Operating": 873000000.0,
        "Operating Income": 6432000000.0,
        "Operating Expense": 3713000000.0,
        "Depreciation Amortization Depletion Income Statement": 511000000.0,
        "Depreciation And Amortization In Income Statement": 511000000.0,
        "Amortization": 511000000.0,
        "Amortization Of Intangibles Income Statement": 511000000.0,
        "Research And Development": 2253000000.0,
        "Selling General And Administration": 949000000.0,
        "Gross Profit": 10145000000.0,
        "Cost Of Revenue": 4771000000.0,
        "Total Revenue": 14916000000.0,
        "Operating Revenue": 14916000000.0
    },
    "2025-04-30": {
        "Tax Effect Of Unusual Items": -2029498.525074,
        "Tax Rate For Calcs": 0.023599,
        "Normalized EBITDA": 8106000000.0,
        "Total Unusual Items": -86000000.0,
        "Total Unusual Items Excluding Goodwill": -86000000.0,
        "Net Income From Continuing Operation Net Minority Interest": 4965000000.0,
        "Reconciled Depreciation": 2166000000.0,
        "Reconciled Cost Of Revenue": 3147000000.0,
        "EBITDA": 8020000000.0,
        "EBIT": 5854000000.0,
        "Net Interest Income": -769000000.0,
        "Interest Expense": 769000000.0,
        "Normalized Income": 5048970501.474926,
        "Net Income From Continuing And Discontinued Operation": 4965000000.0,
        "Total Expenses": 9089000000.0,
        "Total Operating Income As Reported": 5829000000.0,
        "Diluted Average Shares": 4826000000.0,
        "Basic Average Shares": 4707000000.0,
        "Diluted EPS": 1.03,
        "Basic EPS": 1.05,
        "Diluted NI Availto Com Stockholders": 4965000000.0,
        "Net Income Common Stockholders": 4965000000.0,
        "Net Income": 4965000000.0,
        "Net Income Including Noncontrolling Interests": 4965000000.0,
        "Net Income Discontinuous Operations": 0.0,
        "Net Income Continuous Operations": 4965000000.0,
        "Tax Provision": 120000000.0,
        "Pretax Income": 5085000000.0,
        "Other Income Expense": -61000000.0,
        "Other Non Operating Income Expenses": 25000000.0,
        "Special Income Charges": -86000000.0,
        "Restructuring And Mergern Acquisition": 86000000.0,
        "Net Non Operating Interest Income Expense": -769000000.0,
        "Interest Expense Non Operating": 769000000.0,
        "Operating Income": 5915000000.0,
        "Operating Expense": 4282000000.0,
        "Depreciation Amortization Depletion Income Statement": 506000000.0,
        "Depreciation And Amortization In Income Statement": 506000000.0,
        "Amortization": 506000000.0,
        "Amortization Of Intangibles Income Statement": 506000000.0,
        "Research And Development": 2693000000.0,
        "Selling General And Administration": 1083000000.0,
        "Gross Profit": 10197000000.0,
        "Cost Of Revenue": 4807000000.0,
        "Total Revenue": 15004000000.0,
        "Operating Revenue": 15004000000.0
    }
}