{
    "2023-03-31": {
        "Tax Effect Of Unusual Items": 0.0,
        "Tax Rate For Calcs": 0.4,
        "Normalized EBITDA": 5940000.0,
        "Total Unusual Items": 0.0,
        "Total Unusual Items Excluding Goodwill": 0.0,
        "Net Income From Continuing Operation Net Minority Interest": -381000.0,
        "Reconciled Depreciation": 2297000.0,
        "Reconciled Cost Of Revenue": 35618000.0,
        "EBITDA": 5940000.0,
        "EBIT": 3643000.0,
        "Net Interest Income": -3715000.0,
        "Interest Expense": 3715000.0,
        "Normalized Income": -381000.0,
        "Net Income From Continuing And Discontinued Operation": -381000.0,
        "Total Expenses": 94315000.0,
        "Total Operating Income As Reported": 3496000.0,
        "Diluted Average Shares": 43813000.0,
        "Basic Average Shares": 43813000.0,
        "Diluted EPS": -0.01,
        "Basic EPS": -0.01,
        "Diluted NI Availto Com Stockholders": -381000.0,
        "Net Income Common Stockholders": -381000.0,
        "Net Income": -381000.0,
        "Net Income Including Noncontrolling Interests": -381000.0,
        "Net Income Continuous Operations": -381000.0,
        "Tax Provision": 309000.0,
        "Pretax Income": -72000.0,
        "Other Income Expense": 147000.0,
        "Other Non Operating Income Expenses": 147000.0,
        "Special Income Charges": 0.0,
        "Restructuring And Mergern Acquisition": 0.0,
        "Net Non Operating Interest Income Expense": -3715000.0,
        "Interest Expense Non Operating": 3715000.0,
        "Operating Income": 3496000.0,
        "Operating Expense": 58697000.0,
        "Research And Development": 19426000.0,
        "Selling General And Administration": 39271000.0,
        "Selling And Marketing Expense": 22657000.0,
        "General And Administrative Expense": 16614000.0,
        "Other Gand A": 16614000.0,
        "Gross Profit": 62193000.0,
        "Cost Of Revenue": 35618000.0,
        "Total Revenue": 97811000.0,
        "Operating Revenue": 97811000.0
    },
    "2022-12-31": {
        "Tax Effect Of Unusual Items": 420.0,
        "Tax Rate For Calcs": 0.21,
        "Normalized EBITDA": 17356000.0,
        "Total Unusual Items": 2000.0,
        "Total Unusual Items Excluding Goodwill": 2000.0,
        "Net Income From Continuing Operation Net Minority Interest": 25260000.0,
        "Reconciled Depreciation": 2301000.0,
        "Reconciled Cost Of Revenue": 41570000.0,
        "EBITDA": 17358000.0,
        "EBIT": 17358000.0,
        "Net Interest Income": -3189000.0,
        "Interest Expense": 3189000.0,
        "Normalized Income": 25258420.0,
        "Net Income From Continuing And Discontinued Operation": 25260000.0,
        "Total Expenses": 99568000.0,
        "Total Operating Income As Reported": 16533000.0,
        "Diluted Average Shares": 43991000.0,
        "Basic Average Shares": 43836000.0,
        "Diluted EPS": 0.57,
        "Basic EPS": 0.58,
        "Diluted NI Availto Com Stockholders": 25260000.0,
        "Net Income Common Stockholders": 25260000.0,
        "Net Income": 25260000.0,
        "Net Income Including Noncontrolling Interests": 25260000.0,
        "Net Income Continuous Operations": 25260000.0,
        "Tax Provision": -11091000.0,
        "Pretax Income": 14169000.0,
        "Other Income Expense": 827000.0,
        "Other Non Operating Income Expenses": 825000.0,
        "Special Income Charges": 2000.0,
        "Restructuring And Mergern Acquisition": -2000.0,
        "Net Non Operating Interest Income Expense": -3189000.0,
        "Interest Expense Non Operating": 3189000.0,
        "Operating Income": 16531000.0,
        "Operating Expense": 57998000.0,
        "Research And Development": 17035000.0,
        "Selling General And Administration": 40963000.0,
        "Selling And Marketing Expense": 26015000.0,
        "General And Administrative Expense": 14948000.0,
        "Other Gand A": 14948000.0,
        "Gross Profit": 74529000.0,
        "Cost Of Revenue": 41570000.0,
        "Total Revenue": 116099000.0,
        "Operating Revenue": 116099000.0
    },
    "2022-09-30": {
        "Tax Effect Of Unusual Items": -63200.0,
        "Tax Rate For Calcs": 0.4,
        "Normalized EBITDA": 16410000.0,
        "Total Unusual Items": -158000.0,
        "Total Unusual Items Excluding Goodwill": -158000.0,
        "Net Income From Continuing Operation Net Minority Interest": 12022000.0,
        "Reconciled Depreciation": 2154000.0,
        "Reconciled Cost Of Revenue": 33206000.0,
        "EBITDA": 16252000.0,
        "EBIT": 14098000.0,
        "Net Interest Income": -2741000.0,
        "Interest Expense": 2741000.0,
        "Normalized Income": 12116800.0,
        "Net Income From Continuing And Discontinued Operation": 12022000.0,
        "Total Expenses": 88744000.0,
        "Total Operating Income As Reported": 14083000.0,
        "Diluted Average Shares": 44703000.0,
        "Basic Average Shares": 44476000.0,
        "Diluted EPS": 0.27,
        "Basic EPS": 0.27,
        "Diluted NI Availto Com Stockholders": 12022000.0,
        "Net Income Common Stockholders": 12022000.0,
        "Net Income": 12022000.0,
        "Net Income Including Noncontrolling Interests": 12022000.0,
        "Net Income Continuous Operations": 12022000.0,
        "Tax Provision": -665000.0,
        "Pretax Income": 11357000.0,
        "Other Income Expense": -143000.0,
        "Other Non Operating Income Expenses": 15000.0,
        "Special Income Charges": -158000.0,
        "Restructuring And Mergern Acquisition": 158000.0,
        "Net Non Operating Interest Income Expense": -2741000.0,
        "Interest Expense Non Operating": 2741000.0,
        "Operating Income": 14241000.0,
        "Operating Expense": 55538000.0,
        "Research And Development": 17110000.0,
        "Selling General And Administration": 38428000.0,
        "Selling And Marketing Expense": 24362000.0,
        "General And Administrative Expense": 14066000.0,
        "Other Gand A": 14066000.0,
        "Gross Profit": 69779000.0,
        "Cost Of Revenue": 33206000.0,
        "Total Revenue": 102985000.0,
        "Operating Revenue": 102985000.0
    },
    "2022-06-30": {
        "Tax Effect Of Unusual Items": -30780.0,
        "Tax Rate For Calcs": 0.09,
        "Normalized EBITDA": 12451000.0,
        "Total Unusual Items": -342000.0,
        "Total Unusual Items Excluding Goodwill": -342000.0,
        "Net Income From Continuing Operation Net Minority Interest": 7373000.0,
        "Reconciled Depreciation": 2066000.0,
        "Reconciled Cost Of Revenue": 34314000.0,
        "EBITDA": 12109000.0,
        "EBIT": 10043000.0,
        "Net Interest Income": -1944000.0,
        "Interest Expense": 1944000.0,
        "Normalized Income": 7684220.0,
        "Net Income From Continuing And Discontinued Operation": 7373000.0,
        "Total Expenses": 87374000.0,
        "Total Operating Income As Reported": 9964000.0,
        "Diluted Average Shares": 45110000.0,
        "Basic Average Shares": 44740000.0,
        "Diluted EPS": 0.16,
        "Basic EPS": 0.16,
        "Diluted NI Availto Com Stockholders": 7373000.0,
        "Net Income Common Stockholders": 7373000.0,
        "Net Income": 7373000.0,
        "Net Income Including Noncontrolling Interests": 7373000.0,
        "Net Income Continuous Operations": 7373000.0,
        "Tax Provision": 726000.0,
        "Pretax Income": 8099000.0,
        "Other Income Expense": -263000.0,
        "Other Non Operating Income Expenses": 79000.0,
        "Special Income Charges": -342000.0,
        "Restructuring And Mergern Acquisition": 342000.0,
        "Net Non Operating Interest Income Expense": -1944000.0,
        "Interest Expense Non Operating": 1944000.0,
        "Operating Income": 10306000.0,
        "Operating Expense": 53060000.0,
        "Research And Development": 16023000.0,
        "Selling General And Administration": 37037000.0,
        "Selling And Marketing Expense": 23673000.0,
        "General And Administrative Expense": 13364000.0,
        "Other Gand A": 13364000.0,
        "Gross Profit": 63366000.0,
        "Cost Of Revenue": 34314000.0,
        "Total Revenue": 97680000.0,
        "Operating Revenue": 97680000.0
    },
    "2022-03-31": {
        "Diluted EPS": 0.23,
        "Total Revenue": 101,
        "Gross Profit": 67,
        "Operating Income": 13,
        "EBIT": 15,
        "Net Income": 11
    },
    "2021-12-31": {
        "Diluted EPS": 0.32,
        "Total Revenue": 119,
        "Gross Profit": 78,
        "Operating Income": 17,
        "EBIT": 19,
        "Net Income": 15
    },
    "2021-09-30": {
        "Diluted EPS": 0.32,
        "Total Revenue": 102,
        "Gross Profit": 66,
        "Operating Income": 10,
        "EBIT": 12,
        "Net Income": 15
    },
    "2021-06-30": {
        "Diluted EPS": 0.15,
        "Total Revenue": 95,
        "Gross Profit": 60,
        "Operating Income": 9,
        "EBIT": 11,
        "Net Income": 7
    },
    "2021-03-31": {
        "Diluted EPS": 0.1,
        "Total Revenue": 94,
        "Gross Profit": 61,
        "Operating Income": 11,
        "EBIT": 13,
        "Net Income": 4
    },
    "2020-12-31": {
        "Diluted EPS": 0.17,
        "Total Revenue": 104,
        "Gross Profit": 65,
        "Operating Income": 11,
        "EBIT": 13,
        "Net Income": 7
    },
    "2020-09-30": {
        "Diluted EPS": 0.18,
        "Total Revenue": 90,
        "Gross Profit": 58,
        "Operating Income": 13,
        "EBIT": 15,
        "Net Income": 8
    },
    "2020-06-30": {
        "Diluted EPS": 0.04,
        "Total Revenue": 79,
        "Gross Profit": 52,
        "Operating Income": 8,
        "EBIT": 10,
        "Net Income": 2
    },
    "2020-03-31": {
        "Diluted EPS": -0.14,
        "Total Revenue": 86,
        "Gross Profit": 53,
        "Operating Income": 0,
        "EBIT": 2,
        "Net Income": -6
    },
    "2019-12-31": {
        "Diluted EPS": 0.36,
        "Total Revenue": 116,
        "Gross Profit": 73,
        "Operating Income": 16,
        "EBIT": 18,
        "Net Income": 15
    },
    "2019-09-30": {
        "Diluted EPS": 0.07,
        "Total Revenue": 93,
        "Gross Profit": 58,
        "Operating Income": 8,
        "EBIT": 10,
        "Net Income": 3
    },
    "2019-06-30": {
        "Diluted EPS": -0.25,
        "Total Revenue": 99,
        "Gross Profit": 57,
        "Operating Income": 3,
        "EBIT": 7,
        "Net Income": -11
    },
    "2019-03-31": {
        "Diluted EPS": -0.01,
        "Total Revenue": 103,
        "Gross Profit": 61,
        "Operating Income": 5,
        "EBIT": 10,
        "Net Income": 0
    },
    "2018-12-31": {
        "Diluted EPS": 0.2,
        "Total Revenue": 113,
        "Gross Profit": 67,
        "Operating Income": 12,
        "EBIT": 17,
        "Net Income": 6
    },
    "2018-09-30": {
        "Diluted EPS": 0.02,
        "Total Revenue": 104,
        "Gross Profit": 61,
        "Operating Income": 7,
        "EBIT": 12,
        "Net Income": 1
    },
    "2018-06-30": {
        "Diluted EPS": -0.26,
        "Total Revenue": 99,
        "Gross Profit": 56,
        "Operating Income": -2,
        "EBIT": 3,
        "Net Income": -9
    },
    "2018-03-31": {
        "Diluted EPS": -0.22,
        "Total Revenue": 98,
        "Gross Profit": 56,
        "Operating Income": -3,
        "EBIT": 2,
        "Net Income": -9
    },
    "2017-12-31": {
        "Diluted EPS": -0.02,
        "Total Revenue": 107,
        "Gross Profit": 58,
        "Operating Income": 5,
        "EBIT": 10,
        "Net Income": -1
    },
    "2017-09-30": {
        "Diluted EPS": 0.0,
        "Total Revenue": 105,
        "Gross Profit": 60,
        "Operating Income": 4,
        "EBIT": 9,
        "Net Income": 0
    },
    "2017-06-30": {
        "Diluted EPS": -0.26,
        "Total Revenue": 102,
        "Gross Profit": 60,
        "Operating Income": -6,
        "EBIT": -1,
        "Net Income": -11
    },
    "2017-03-31": {
        "Diluted EPS": -0.05,
        "Total Revenue": 104,
        "Gross Profit": 64,
        "Operating Income": 3,
        "EBIT": 9,
        "Net Income": -2
    },
    "2016-12-31": {
        "Diluted EPS": 0.11,
        "Total Revenue": 115,
        "Gross Profit": 69,
        "Operating Income": 11,
        "EBIT": 17,
        "Net Income": 5
    },
    "2016-09-30": {
        "Diluted EPS": 0.23,
        "Total Revenue": 119,
        "Gross Profit": 75,
        "Operating Income": 9,
        "EBIT": 15,
        "Net Income": 9
    },
    "2016-06-30": {
        "Diluted EPS": 0.33,
        "Total Revenue": 134,
        "Gross Profit": 88,
        "Operating Income": 19,
        "EBIT": 25,
        "Net Income": 13
    },
    "2016-03-31": {
        "Diluted EPS": 0.53,
        "Total Revenue": 144,
        "Gross Profit": 100,
        "Operating Income": 26,
        "EBIT": 32,
        "Net Income": 21
    },
    "2015-12-31": {
        "Diluted EPS": -0.12,
        "Total Revenue": 139,
        "Gross Profit": 82,
        "Operating Income": 0,
        "EBIT": 6,
        "Net Income": -4
    },
    "2015-09-30": {
        "Diluted EPS": 0.28,
        "Total Revenue": 137,
        "Gross Profit": 88,
        "Operating Income": 14,
        "EBIT": 20,
        "Net Income": 11
    },
    "2015-06-30": {
        "Diluted EPS": -0.1,
        "Total Revenue": 110,
        "Gross Profit": 66,
        "Operating Income": -8,
        "EBIT": -4,
        "Net Income": -4
    },
    "2015-03-31": {
        "Diluted EPS": 0.0,
        "Total Revenue": 120,
        "Gross Profit": 72,
        "Operating Income": 1,
        "EBIT": 5,
        "Net Income": 0
    },
    "2014-12-31": {
        "Diluted EPS": -0.12,
        "Total Revenue": 128,
        "Gross Profit": 78,
        "Operating Income": -3,
        "EBIT": 2,
        "Net Income": -5
    },
    "2014-09-30": {
        "Diluted EPS": 0.36,
        "Total Revenue": 142,
        "Gross Profit": 90,
        "Operating Income": 15,
        "EBIT": 19,
        "Net Income": 14
    },
    "2014-06-30": {
        "Diluted EPS": -0.09,
        "Total Revenue": 125,
        "Gross Profit": 74,
        "Operating Income": -2,
        "EBIT": 2,
        "Net Income": -3
    },
    "2014-03-31": {
        "Diluted EPS": 0.23,
        "Total Revenue": 135,
        "Gross Profit": 84,
        "Operating Income": 10,
        "EBIT": 15,
        "Net Income": 9
    },
    "2013-12-31": {
        "Diluted EPS": 0.03,
        "Total Revenue": 147,
        "Gross Profit": 87,
        "Operating Income": 2,
        "EBIT": 8,
        "Net Income": 1
    },
    "2013-09-30": {
        "Diluted EPS": 0.07,
        "Total Revenue": 139,
        "Gross Profit": 83,
        "Operating Income": 4,
        "EBIT": 9,
        "Net Income": 3
    },
    "2013-06-30": {
        "Diluted EPS": 0.23,
        "Total Revenue": 141,
        "Gross Profit": 87,
        "Operating Income": 10,
        "EBIT": 16,
        "Net Income": 9
    },
    "2013-03-31": {
        "Diluted EPS": 0.21,
        "Total Revenue": 136,
        "Gross Profit": 83,
        "Operating Income": 9,
        "EBIT": 15,
        "Net Income": 8
    },
    "2012-12-31": {
        "Diluted EPS": 0.53,
        "Total Revenue": 160,
        "Gross Profit": 96,
        "Operating Income": 23,
        "EBIT": 29,
        "Net Income": 21
    },
    "2012-09-30": {
        "Diluted EPS": 1.36,
        "Total Revenue": 151,
        "Gross Profit": 95,
        "Operating Income": 16,
        "EBIT": 23,
        "Net Income": 53
    },
    "2012-06-30": {
        "Diluted EPS": 0.09,
        "Total Revenue": 165,
        "Gross Profit": 98,
        "Operating Income": 0,
        "EBIT": 7,
        "Net Income": 3
    },
    "2012-03-31": {
        "Diluted EPS": 0.41,
        "Total Revenue": 159,
        "Gross Profit": 99,
        "Operating Income": 14,
        "EBIT": 22,
        "Net Income": 16
    },
    "2011-12-31": {
        "Diluted EPS": 6.49,
        "Total Revenue": 275,
        "Gross Profit": 247,
        "Operating Income": 184,
        "EBIT": 192,
        "Net Income": 250
    },
    "2011-09-30": {
        "Diluted EPS": -0.2,
        "Total Revenue": 165,
        "Gross Profit": 88,
        "Operating Income": -4,
        "EBIT": 3,
        "Net Income": -8
    },
    "2011-06-30": {
        "Diluted EPS": -0.29,
        "Total Revenue": 162,
        "Gross Profit": 82,
        "Operating Income": -11,
        "EBIT": -3,
        "Net Income": -11
    },
    "2011-03-31": {
        "Diluted EPS": -0.13,
        "Total Revenue": 166,
        "Gross Profit": 87,
        "Operating Income": -4,
        "EBIT": 4,
        "Net Income": -5
    },
    "2010-12-31": {
        "Diluted EPS": -0.02,
        "Total Revenue": 195,
        "Gross Profit": 105,
        "Operating Income": -3,
        "EBIT": 5,
        "Net Income": -1
    },
    "2010-09-30": {
        "Diluted EPS": -0.26,
        "Total Revenue": 165,
        "Gross Profit": 86,
        "Operating Income": -7,
        "EBIT": 1,
        "Net Income": -10
    },
    "2010-06-30": {
        "Diluted EPS": -0.34,
        "Total Revenue": 162,
        "Gross Profit": 82,
        "Operating Income": -13,
        "EBIT": -5,
        "Net Income": -13
    },
    "2010-03-31": {
        "Diluted EPS": -0.36,
        "Total Revenue": 156,
        "Gross Profit": 78,
        "Operating Income": -13,
        "EBIT": -5,
        "Net Income": -13
    },
    "2009-12-31": {
        "Diluted EPS": -0.47,
        "Total Revenue": 175,
        "Gross Profit": 91,
        "Operating Income": -15,
        "EBIT": -7,
        "Net Income": -18
    },
    "2009-09-30": {
        "Diluted EPS": -0.46,
        "Total Revenue": 152,
        "Gross Profit": 81,
        "Operating Income": -19,
        "EBIT": -11,
        "Net Income": -17
    },
    "2009-06-30": {
        "Diluted EPS": -0.43,
        "Total Revenue": 151,
        "Gross Profit": 78,
        "Operating Income": -15,
        "EBIT": -7,
        "Net Income": -16
    },
    "2009-03-31": {
        "Diluted EPS": -0.47,
        "Total Revenue": 152,
        "Gross Profit": 73,
        "Operating Income": -20,
        "EBIT": -13,
        "Net Income": -17
    },
    "2023-06-30": {
        "Tax Effect Of Unusual Items": -147474.0,
        "Tax Rate For Calcs": 0.027,
        "Normalized EBITDA": 7509000.0,
        "Total Unusual Items": -5462000.0,
        "Total Unusual Items Excluding Goodwill": -5462000.0,
        "Net Income From Continuing Operation Net Minority Interest": -4596000.0,
        "Reconciled Depreciation": 2555000.0,
        "Reconciled Cost Of Revenue": 42197000.0,
        "EBITDA": 2047000.0,
        "EBIT": -508000.0,
        "Net Interest Income": -4214000.0,
        "Interest Expense": 4214000.0,
        "Normalized Income": 718526.0,
        "Net Income From Continuing And Discontinued Operation": -4596000.0,
        "Total Expenses": 103608000.0,
        "Total Operating Income As Reported": -528000.0,
        "Diluted Average Shares": 44099000.0,
        "Basic Average Shares": 44099000.0,
        "Diluted EPS": -0.1,
        "Basic EPS": -0.1,
        "Diluted NI Availto Com Stockholders": -4596000.0,
        "Net Income Common Stockholders": -4596000.0,
        "Net Income": -4596000.0,
        "Net Income Including Noncontrolling Interests": -4596000.0,
        "Net Income Continuous Operations": -4596000.0,
        "Tax Provision": -126000.0,
        "Pretax Income": -4722000.0,
        "Other Income Expense": -5442000.0,
        "Other Non Operating Income Expenses": 20000.0,
        "Special Income Charges": -5462000.0,
        "Restructuring And Mergern Acquisition": 5462000.0,
        "Net Non Operating Interest Income Expense": -4214000.0,
        "Interest Expense Non Operating": 4214000.0,
        "Operating Income": 4934000.0,
        "Operating Expense": 61411000.0,
        "Research And Development": 20000000.0,
        "Selling General And Administration": 41411000.0,
        "Selling And Marketing Expense": 25391000.0,
        "General And Administrative Expense": 16020000.0,
        "Other Gand A": 16020000.0,
        "Gross Profit": 66345000.0,
        "Cost Of Revenue": 42197000.0,
        "Total Revenue": 108542000.0,
        "Operating Revenue": 108542000.0
    }
}