{
    "2023-03-31": {
        "Tax Effect Of Unusual Items": NaN,
        "Tax Rate For Calcs": NaN,
        "Normalized EBITDA": NaN,
        "Net Income From Continuing Operation Net Minority Interest": NaN,
        "Reconciled Depreciation": NaN,
        "EBITDA": NaN,
        "EBIT": NaN,
        "Net Interest Income": NaN,
        "Interest Income": NaN,
        "Normalized Income": NaN,
        "Net Income From Continuing And Discontinued Operation": NaN,
        "Total Expenses": NaN,
        "Total Operating Income As Reported": NaN,
        "Diluted Average Shares": 83332397.0,
        "Basic Average Shares": 83332397.0,
        "Diluted EPS": -0.43,
        "Basic EPS": -0.43,
        "Diluted NI Availto Com Stockholders": NaN,
        "Net Income Common Stockholders": NaN,
        "Net Income": NaN,
        "Net Income Including Noncontrolling Interests": NaN,
        "Net Income Continuous Operations": NaN,
        "Tax Provision": NaN,
        "Pretax Income": NaN,
        "Net Non Operating Interest Income Expense": NaN,
        "Interest Income Non Operating": NaN,
        "Operating Income": NaN,
        "Operating Expense": NaN,
        "Research And Development": NaN,
        "Selling General And Administration": NaN,
        "General And Administrative Expense": NaN,
        "Other Gand A": NaN,
        "Total Revenue": NaN,
        "Operating Revenue": NaN
    },
    "2022-12-31": {
        "Tax Effect Of Unusual Items": NaN,
        "Tax Rate For Calcs": NaN,
        "Normalized EBITDA": NaN,
        "Net Income From Continuing Operation Net Minority Interest": NaN,
        "Reconciled Depreciation": NaN,
        "EBITDA": NaN,
        "EBIT": NaN,
        "Net Interest Income": NaN,
        "Interest Income": NaN,
        "Normalized Income": NaN,
        "Net Income From Continuing And Discontinued Operation": NaN,
        "Total Expenses": NaN,
        "Total Operating Income As Reported": NaN,
        "Diluted Average Shares": 83287639.0,
        "Basic Average Shares": 83287639.0,
        "Diluted EPS": -0.41,
        "Basic EPS": -0.41,
        "Diluted NI Availto Com Stockholders": NaN,
        "Net Income Common Stockholders": NaN,
        "Net Income": NaN,
        "Net Income Including Noncontrolling Interests": NaN,
        "Net Income Continuous Operations": NaN,
        "Tax Provision": NaN,
        "Pretax Income": NaN,
        "Net Non Operating Interest Income Expense": NaN,
        "Interest Income Non Operating": NaN,
        "Operating Income": NaN,
        "Operating Expense": NaN,
        "Research And Development": NaN,
        "Selling General And Administration": NaN,
        "General And Administrative Expense": NaN,
        "Other Gand A": NaN,
        "Total Revenue": NaN,
        "Operating Revenue": NaN
    },
    "2022-09-30": {
        "Tax Effect Of Unusual Items": 0.0,
        "Tax Rate For Calcs": 0.322128,
        "Normalized EBITDA": -16175000.0,
        "Net Income From Continuing Operation Net Minority Interest": -8066000.0,
        "Reconciled Depreciation": 106000.0,
        "EBITDA": -16175000.0,
        "EBIT": -16281000.0,
        "Net Interest Income": 4382000.0,
        "Interest Income": 4382000.0,
        "Normalized Income": -8066000.0,
        "Net Income From Continuing And Discontinued Operation": -8066000.0,
        "Total Expenses": 16281000.0,
        "Total Operating Income As Reported": -16281000.0,
        "Diluted Average Shares": 83258537.0,
        "Basic Average Shares": 83258537.0,
        "Diluted EPS": -0.1,
        "Basic EPS": -0.1,
        "Diluted NI Availto Com Stockholders": -8066000.0,
        "Net Income Common Stockholders": -8066000.0,
        "Net Income": -8066000.0,
        "Net Income Including Noncontrolling Interests": -8066000.0,
        "Net Income Continuous Operations": -8066000.0,
        "Tax Provision": -3833000.0,
        "Pretax Income": -11899000.0,
        "Net Non Operating Interest Income Expense": 4382000.0,
        "Interest Income Non Operating": 4382000.0,
        "Operating Income": -16281000.0,
        "Operating Expense": 16281000.0,
        "Research And Development": 4905000.0,
        "Selling General And Administration": 11376000.0,
        "General And Administrative Expense": 11376000.0,
        "Other Gand A": 11376000.0,
        "Total Revenue": 0.0,
        "Operating Revenue": 0.0
    },
    "2022-06-30": {
        "Tax Effect Of Unusual Items": 0.0,
        "Tax Rate For Calcs": 0.4,
        "Normalized EBITDA": -32252000.0,
        "Net Income From Continuing Operation Net Minority Interest": -31335000.0,
        "Reconciled Depreciation": 43000.0,
        "EBITDA": -32252000.0,
        "EBIT": -32295000.0,
        "Net Interest Income": 1080000.0,
        "Interest Income": 1080000.0,
        "Normalized Income": -31335000.0,
        "Net Income From Continuing And Discontinued Operation": -31335000.0,
        "Total Expenses": 32295000.0,
        "Total Operating Income As Reported": -32295000.0,
        "Diluted Average Shares": 83257591.0,
        "Basic Average Shares": 83257591.0,
        "Diluted EPS": -0.38,
        "Basic EPS": -0.38,
        "Diluted NI Availto Com Stockholders": -31335000.0,
        "Net Income Common Stockholders": -31335000.0,
        "Net Income": -31335000.0,
        "Net Income Including Noncontrolling Interests": -31335000.0,
        "Net Income Continuous Operations": -31335000.0,
        "Tax Provision": 120000.0,
        "Pretax Income": -31215000.0,
        "Net Non Operating Interest Income Expense": 1080000.0,
        "Interest Income Non Operating": 1080000.0,
        "Operating Income": -32295000.0,
        "Operating Expense": 32295000.0,
        "Research And Development": 19858000.0,
        "Selling General And Administration": 12437000.0,
        "General And Administrative Expense": 12437000.0,
        "Other Gand A": 12437000.0,
        "Total Revenue": 0.0,
        "Operating Revenue": 0.0
    },
    "2022-03-31": {
        "Diluted EPS": -0.51,
        "Total Revenue": NaN,
        "Gross Profit": NaN,
        "Operating Income": -42,
        "EBIT": -42,
        "Net Income": -42
    },
    "2021-12-31": {
        "Diluted EPS": 1.35,
        "Total Revenue": 192,
        "Gross Profit": 192,
        "Operating Income": 121,
        "EBIT": 121,
        "Net Income": 117
    },
    "2021-09-30": {
        "Diluted EPS": -0.34,
        "Total Revenue": 33,
        "Gross Profit": 33,
        "Operating Income": -22,
        "EBIT": -22,
        "Net Income": -28
    },
    "2021-06-30": {
        "Diluted EPS": 0.02,
        "Total Revenue": 60,
        "Gross Profit": 60,
        "Operating Income": 9,
        "EBIT": 9,
        "Net Income": 2
    },
    "2021-03-31": {
        "Diluted EPS": 0.34,
        "Total Revenue": 66,
        "Gross Profit": 66,
        "Operating Income": 31,
        "EBIT": 31,
        "Net Income": 31
    },
    "2020-12-31": {
        "Diluted EPS": 2.62,
        "Total Revenue": 49,
        "Gross Profit": 49,
        "Operating Income": 21,
        "EBIT": 21,
        "Net Income": 21
    },
    "2020-09-30": {
        "Diluted EPS": -1.74,
        "Total Revenue": NaN,
        "Gross Profit": NaN,
        "Operating Income": -18,
        "EBIT": -18,
        "Net Income": -18
    },
    "2020-06-30": {
        "Diluted EPS": -0.99,
        "Total Revenue": NaN,
        "Gross Profit": NaN,
        "Operating Income": -10,
        "EBIT": -10,
        "Net Income": -10
    },
    "2020-03-31": {
        "Diluted EPS": -0.4,
        "Total Revenue": NaN,
        "Gross Profit": NaN,
        "Operating Income": -4,
        "EBIT": -4,
        "Net Income": -4
    },
    "2019-12-31": {
        "Diluted EPS": 0.0,
        "Total Revenue": NaN,
        "Gross Profit": NaN,
        "Operating Income": NaN,
        "EBIT": NaN,
        "Net Income": NaN
    },
    "2018-12-31": {
        "Diluted EPS": 0.0,
        "Total Revenue": NaN,
        "Gross Profit": NaN,
        "Operating Income": NaN,
        "EBIT": NaN,
        "Net Income": NaN
    },
    "2023-06-30": {
        "Tax Effect Of Unusual Items": NaN,
        "Tax Rate For Calcs": NaN,
        "Normalized EBITDA": NaN,
        "Net Income From Continuing Operation Net Minority Interest": NaN,
        "Reconciled Depreciation": NaN,
        "EBITDA": NaN,
        "EBIT": NaN,
        "Net Interest Income": NaN,
        "Interest Income": NaN,
        "Normalized Income": NaN,
        "Net Income From Continuing And Discontinued Operation": NaN,
        "Total Expenses": NaN,
        "Total Operating Income As Reported": NaN,
        "Diluted Average Shares": 83399377.0,
        "Basic Average Shares": 83399377.0,
        "Diluted EPS": -0.34,
        "Basic EPS": -0.34,
        "Diluted NI Availto Com Stockholders": NaN,
        "Net Income Common Stockholders": NaN,
        "Net Income": NaN,
        "Net Income Including Noncontrolling Interests": NaN,
        "Net Income Continuous Operations": NaN,
        "Tax Provision": NaN,
        "Pretax Income": NaN,
        "Net Non Operating Interest Income Expense": NaN,
        "Interest Income Non Operating": NaN,
        "Operating Income": NaN,
        "Operating Expense": NaN,
        "Research And Development": NaN,
        "Selling General And Administration": NaN,
        "General And Administrative Expense": NaN,
        "Other Gand A": NaN,
        "Total Revenue": NaN,
        "Operating Revenue": NaN
    },
    "2023-09-30": {
        "Tax Effect Of Unusual Items": NaN,
        "Tax Rate For Calcs": NaN,
        "Normalized EBITDA": NaN,
        "Net Income From Continuing Operation Net Minority Interest": NaN,
        "Reconciled Depreciation": NaN,
        "EBITDA": NaN,
        "EBIT": NaN,
        "Net Interest Income": NaN,
        "Interest Income": NaN,
        "Normalized Income": NaN,
        "Net Income From Continuing And Discontinued Operation": NaN,
        "Total Expenses": NaN,
        "Total Operating Income As Reported": NaN,
        "Diluted Average Shares": 83399769.0,
        "Basic Average Shares": 83399769.0,
        "Diluted EPS": -0.4,
        "Basic EPS": -0.4,
        "Diluted NI Availto Com Stockholders": NaN,
        "Net Income Common Stockholders": NaN,
        "Net Income": NaN,
        "Net Income Including Noncontrolling Interests": NaN,
        "Net Income Continuous Operations": NaN,
        "Tax Provision": NaN,
        "Pretax Income": NaN,
        "Net Non Operating Interest Income Expense": NaN,
        "Interest Income Non Operating": NaN,
        "Operating Income": NaN,
        "Operating Expense": NaN,
        "Research And Development": NaN,
        "Selling General And Administration": NaN,
        "General And Administrative Expense": NaN,
        "Other Gand A": NaN,
        "Total Revenue": NaN,
        "Operating Revenue": NaN
    },
    "2023-12-31": {
        "Tax Effect Of Unusual Items": 0.0,
        "Tax Rate For Calcs": 0.21,
        "Normalized EBITDA": -46469000.0,
        "Net Income From Continuing Operation Net Minority Interest": -39164000.0,
        "Reconciled Depreciation": 104000.0,
        "EBITDA": -46469000.0,
        "EBIT": -46573000.0,
        "Net Interest Income": 7758000.0,
        "Interest Income": 7758000.0,
        "Normalized Income": -39164000.0,
        "Net Income From Continuing And Discontinued Operation": -39164000.0,
        "Total Expenses": 46573000.0,
        "Total Operating Income As Reported": -46573000.0,
        "Diluted Average Shares": NaN,
        "Basic Average Shares": NaN,
        "Diluted EPS": NaN,
        "Basic EPS": NaN,
        "Diluted NI Availto Com Stockholders": -39164000.0,
        "Net Income Common Stockholders": -39164000.0,
        "Net Income": -39164000.0,
        "Net Income Including Noncontrolling Interests": -39164000.0,
        "Net Income Continuous Operations": -39164000.0,
        "Tax Provision": 349000.0,
        "Pretax Income": -38815000.0,
        "Net Non Operating Interest Income Expense": 7758000.0,
        "Interest Income Non Operating": 7758000.0,
        "Operating Income": -46573000.0,
        "Operating Expense": 46573000.0,
        "Research And Development": 35045000.0,
        "Selling General And Administration": 11528000.0,
        "General And Administrative Expense": 11528000.0,
        "Other Gand A": 11528000.0,
        "Total Revenue": 0.0,
        "Operating Revenue": 0.0
    },
    "2024-03-31": {
        "Tax Effect Of Unusual Items": 0.0,
        "Tax Rate For Calcs": 0.21,
        "Normalized EBITDA": -69702000.0,
        "Net Income From Continuing Operation Net Minority Interest": -63169000.0,
        "Reconciled Depreciation": 104000.0,
        "EBITDA": -69702000.0,
        "EBIT": -69806000.0,
        "Net Interest Income": 6868000.0,
        "Interest Income": 6868000.0,
        "Normalized Income": -63169000.0,
        "Net Income From Continuing And Discontinued Operation": -63169000.0,
        "Total Expenses": 69806000.0,
        "Total Operating Income As Reported": -69806000.0,
        "Diluted Average Shares": 83916193.0,
        "Basic Average Shares": 83916193.0,
        "Diluted EPS": -0.75,
        "Basic EPS": -0.75,
        "Diluted NI Availto Com Stockholders": -63169000.0,
        "Net Income Common Stockholders": -63169000.0,
        "Net Income": -63169000.0,
        "Net Income Including Noncontrolling Interests": -63169000.0,
        "Net Income Continuous Operations": -63169000.0,
        "Tax Provision": 231000.0,
        "Pretax Income": -62938000.0,
        "Net Non Operating Interest Income Expense": 6868000.0,
        "Interest Income Non Operating": 6868000.0,
        "Operating Income": -69806000.0,
        "Operating Expense": 69806000.0,
        "Research And Development": 57575000.0,
        "Selling General And Administration": 12231000.0,
        "General And Administrative Expense": 12231000.0,
        "Other Gand A": 12231000.0,
        "Total Revenue": 0.0,
        "Operating Revenue": 0.0
    },
    "2024-06-30": {
        "Tax Effect Of Unusual Items": 0.0,
        "Tax Rate For Calcs": 0.21,
        "Normalized EBITDA": -46812000.0,
        "Net Income From Continuing Operation Net Minority Interest": -40522000.0,
        "Reconciled Depreciation": 104000.0,
        "EBITDA": -46812000.0,
        "EBIT": -46916000.0,
        "Net Interest Income": 6637000.0,
        "Interest Income": 6637000.0,
        "Normalized Income": -40522000.0,
        "Net Income From Continuing And Discontinued Operation": -40522000.0,
        "Total Expenses": 46916000.0,
        "Total Operating Income As Reported": -46916000.0,
        "Diluted Average Shares": 84253700.0,
        "Basic Average Shares": 84253700.0,
        "Diluted EPS": -0.48,
        "Basic EPS": -0.48,
        "Diluted NI Availto Com Stockholders": -40522000.0,
        "Net Income Common Stockholders": -40522000.0,
        "Net Income": -40522000.0,
        "Net Income Including Noncontrolling Interests": -40522000.0,
        "Net Income Continuous Operations": -40522000.0,
        "Tax Provision": 243000.0,
        "Pretax Income": -40279000.0,
        "Net Non Operating Interest Income Expense": 6637000.0,
        "Interest Income Non Operating": 6637000.0,
        "Operating Income": -46916000.0,
        "Operating Expense": 46916000.0,
        "Research And Development": 34696000.0,
        "Selling General And Administration": 12220000.0,
        "General And Administrative Expense": 12220000.0,
        "Other Gand A": 12220000.0,
        "Total Revenue": 0.0,
        "Operating Revenue": 0.0
    },
    "2024-09-30": {
        "Tax Effect Of Unusual Items": 0.0,
        "Tax Rate For Calcs": 0.21,
        "Normalized EBITDA": -37098000.0,
        "Net Income From Continuing Operation Net Minority Interest": -31151000.0,
        "Reconciled Depreciation": 104000.0,
        "EBITDA": -37098000.0,
        "EBIT": -37202000.0,
        "Net Interest Income": 6277000.0,
        "Interest Income": 6277000.0,
        "Normalized Income": -31151000.0,
        "Net Income From Continuing And Discontinued Operation": -31151000.0,
        "Total Expenses": 37202000.0,
        "Total Operating Income As Reported": -37202000.0,
        "Diluted Average Shares": 84422000.0,
        "Basic Average Shares": 84422000.0,
        "Diluted EPS": -0.37,
        "Basic EPS": -0.37,
        "Diluted NI Availto Com Stockholders": -31151000.0,
        "Net Income Common Stockholders": -31151000.0,
        "Net Income": -31151000.0,
        "Net Income Including Noncontrolling Interests": -31151000.0,
        "Net Income Continuous Operations": -31151000.0,
        "Tax Provision": 226000.0,
        "Pretax Income": -30925000.0,
        "Net Non Operating Interest Income Expense": 6277000.0,
        "Interest Income Non Operating": 6277000.0,
        "Operating Income": -37202000.0,
        "Operating Expense": 37202000.0,
        "Research And Development": 26159000.0,
        "Selling General And Administration": 11043000.0,
        "General And Administrative Expense": 11043000.0,
        "Other Gand A": 11043000.0,
        "Total Revenue": 0.0,
        "Operating Revenue": 0.0
    },
    "2024-12-31": {
        "Tax Effect Of Unusual Items": 0.0,
        "Tax Rate For Calcs": 0.21,
        "Normalized EBITDA": -38922000.0,
        "Net Income From Continuing Operation Net Minority Interest": -33543000.0,
        "Reconciled Depreciation": 104000.0,
        "EBITDA": -38922000.0,
        "EBIT": -39026000.0,
        "Net Interest Income": 5708000.0,
        "Interest Income": 5708000.0,
        "Normalized Income": -33543000.0,
        "Net Income From Continuing And Discontinued Operation": -33543000.0,
        "Total Expenses": 39026000.0,
        "Total Operating Income As Reported": -39026000.0,
        "Diluted Average Shares": 84463059.0,
        "Basic Average Shares": 84463059.0,
        "Diluted EPS": -0.4,
        "Basic EPS": -0.4,
        "Diluted NI Availto Com Stockholders": -33543000.0,
        "Net Income Common Stockholders": -33543000.0,
        "Net Income": -33543000.0,
        "Net Income Including Noncontrolling Interests": -33543000.0,
        "Net Income Continuous Operations": -33543000.0,
        "Tax Provision": 225000.0,
        "Pretax Income": -33318000.0,
        "Net Non Operating Interest Income Expense": 5708000.0,
        "Interest Income Non Operating": 5708000.0,
        "Operating Income": -39026000.0,
        "Operating Expense": 39026000.0,
        "Research And Development": 25671000.0,
        "Selling General And Administration": 13355000.0,
        "General And Administrative Expense": 13355000.0,
        "Other Gand A": 13355000.0,
        "Total Revenue": 0.0,
        "Operating Revenue": 0.0
    },
    "2025-03-31": {
        "Tax Effect Of Unusual Items": 0.0,
        "Tax Rate For Calcs": 0.21,
        "Normalized EBITDA": -38937000.0,
        "Net Income From Continuing Operation Net Minority Interest": -34272000.0,
        "Reconciled Depreciation": 104000.0,
        "EBITDA": -38937000.0,
        "EBIT": -39041000.0,
        "Net Interest Income": 4972000.0,
        "Interest Income": 4972000.0,
        "Normalized Income": -34272000.0,
        "Net Income From Continuing And Discontinued Operation": -34272000.0,
        "Total Expenses": 39041000.0,
        "Total Operating Income As Reported": -39041000.0,
        "Diluted Average Shares": 85159254.0,
        "Basic Average Shares": 85159254.0,
        "Diluted EPS": -0.4,
        "Basic EPS": -0.4,
        "Diluted NI Availto Com Stockholders": -34272000.0,
        "Net Income Common Stockholders": -34272000.0,
        "Net Income": -34272000.0,
        "Net Income Including Noncontrolling Interests": -34272000.0,
        "Net Income Continuous Operations": -34272000.0,
        "Tax Provision": 203000.0,
        "Pretax Income": -34069000.0,
        "Net Non Operating Interest Income Expense": 4972000.0,
        "Interest Income Non Operating": 4972000.0,
        "Operating Income": -39041000.0,
        "Operating Expense": 39041000.0,
        "Research And Development": 29584000.0,
        "Selling General And Administration": 9457000.0,
        "General And Administrative Expense": 9457000.0,
        "Other Gand A": 9457000.0,
        "Total Revenue": 0.0,
        "Operating Revenue": 0.0
    }
}