{
    "2023-03-31": {
        "Tax Effect Of Unusual Items": 0.0,
        "Tax Rate For Calcs": 0.143,
        "Normalized EBITDA": 6500000.0,
        "Net Income From Continuing Operation Net Minority Interest": -7800000.0,
        "Reconciled Depreciation": 12100000.0,
        "Reconciled Cost Of Revenue": 67900000.0,
        "EBITDA": 6500000.0,
        "EBIT": -5600000.0,
        "Net Interest Income": -3000000.0,
        "Interest Expense": 3500000.0,
        "Interest Income": 500000.0,
        "Normalized Income": -7800000.0,
        "Net Income From Continuing And Discontinued Operation": -500000.0,
        "Total Expenses": 165400000.0,
        "Total Operating Income As Reported": -6100000.0,
        "Diluted Average Shares": 46600000.0,
        "Basic Average Shares": 46600000.0,
        "Diluted EPS": -0.01,
        "Basic EPS": -0.01,
        "Diluted NI Availto Com Stockholders": -500000.0,
        "Net Income Common Stockholders": -500000.0,
        "Net Income": -500000.0,
        "Net Income Including Noncontrolling Interests": -500000.0,
        "Net Income Discontinuous Operations": 7300000.0,
        "Net Income Continuous Operations": -7800000.0,
        "Tax Provision": -1300000.0,
        "Pretax Income": -9100000.0,
        "Net Non Operating Interest Income Expense": -3000000.0,
        "Interest Expense Non Operating": 3500000.0,
        "Interest Income Non Operating": 500000.0,
        "Operating Income": -6100000.0,
        "Operating Expense": 97500000.0,
        "Other Operating Expenses": 1200000.0,
        "Research And Development": 7500000.0,
        "Selling General And Administration": 88800000.0,
        "Gross Profit": 91400000.0,
        "Cost Of Revenue": 67900000.0,
        "Total Revenue": 159300000.0,
        "Operating Revenue": 159300000.0
    },
    "2022-12-31": {
        "Tax Effect Of Unusual Items": 0.0,
        "Tax Rate For Calcs": 0.292887,
        "Normalized EBITDA": 40300000.0,
        "Net Income From Continuing Operation Net Minority Interest": 16900000.0,
        "Reconciled Depreciation": 13400000.0,
        "Reconciled Cost Of Revenue": 100600000.0,
        "EBITDA": 40300000.0,
        "EBIT": 26900000.0,
        "Net Interest Income": -2300000.0,
        "Interest Expense": 3000000.0,
        "Interest Income": 700000.0,
        "Normalized Income": 16900000.0,
        "Net Income From Continuing And Discontinued Operation": 16900000.0,
        "Total Expenses": 191300000.0,
        "Total Operating Income As Reported": 26200000.0,
        "Diluted Average Shares": 47000000.0,
        "Basic Average Shares": 46500000.0,
        "Diluted EPS": 0.36,
        "Basic EPS": 0.36,
        "Diluted NI Availto Com Stockholders": 16900000.0,
        "Net Income Common Stockholders": 16900000.0,
        "Net Income": 16900000.0,
        "Net Income Including Noncontrolling Interests": 16900000.0,
        "Net Income Discontinuous Operations": NaN,
        "Net Income Continuous Operations": 16900000.0,
        "Tax Provision": 7000000.0,
        "Pretax Income": 23900000.0,
        "Net Non Operating Interest Income Expense": -2300000.0,
        "Interest Expense Non Operating": 3000000.0,
        "Interest Income Non Operating": 700000.0,
        "Operating Income": 26200000.0,
        "Operating Expense": 90700000.0,
        "Other Operating Expenses": 600000.0,
        "Research And Development": 7500000.0,
        "Selling General And Administration": 82600000.0,
        "Gross Profit": 116900000.0,
        "Cost Of Revenue": 100600000.0,
        "Total Revenue": 217500000.0,
        "Operating Revenue": 217500000.0
    },
    "2022-09-30": {
        "Tax Effect Of Unusual Items": 0.0,
        "Tax Rate For Calcs": 0.019,
        "Normalized EBITDA": 30600000.0,
        "Net Income From Continuing Operation Net Minority Interest": 15700000.0,
        "Reconciled Depreciation": 11600000.0,
        "Reconciled Cost Of Revenue": 92000000.0,
        "EBITDA": 30600000.0,
        "EBIT": 19000000.0,
        "Net Interest Income": -2700000.0,
        "Interest Expense": 3000000.0,
        "Interest Income": 300000.0,
        "Normalized Income": 15700000.0,
        "Net Income From Continuing And Discontinued Operation": 15700000.0,
        "Total Expenses": 183400000.0,
        "Total Operating Income As Reported": 18700000.0,
        "Diluted Average Shares": 47000000.0,
        "Basic Average Shares": 46600000.0,
        "Diluted EPS": 0.33,
        "Basic EPS": 0.34,
        "Diluted NI Availto Com Stockholders": 15700000.0,
        "Net Income Common Stockholders": 15700000.0,
        "Net Income": 15700000.0,
        "Net Income Including Noncontrolling Interests": 15700000.0,
        "Net Income Discontinuous Operations": NaN,
        "Net Income Continuous Operations": 15700000.0,
        "Tax Provision": 300000.0,
        "Pretax Income": 16000000.0,
        "Net Non Operating Interest Income Expense": -2700000.0,
        "Interest Expense Non Operating": 3000000.0,
        "Interest Income Non Operating": 300000.0,
        "Operating Income": 18700000.0,
        "Operating Expense": 91400000.0,
        "Other Operating Expenses": 2000000.0,
        "Research And Development": 7300000.0,
        "Selling General And Administration": 82100000.0,
        "Gross Profit": 110100000.0,
        "Cost Of Revenue": 92000000.0,
        "Total Revenue": 202100000.0,
        "Operating Revenue": 202100000.0
    },
    "2022-06-30": {
        "Tax Effect Of Unusual Items": 0.0,
        "Tax Rate For Calcs": 0.309,
        "Normalized EBITDA": 30800000.0,
        "Net Income From Continuing Operation Net Minority Interest": 11400000.0,
        "Reconciled Depreciation": 11600000.0,
        "Reconciled Cost Of Revenue": 88100000.0,
        "EBITDA": 30800000.0,
        "EBIT": 19200000.0,
        "Net Interest Income": -2500000.0,
        "Interest Expense": 2700000.0,
        "Interest Income": 200000.0,
        "Normalized Income": 11400000.0,
        "Net Income From Continuing And Discontinued Operation": 11400000.0,
        "Total Expenses": 184000000.0,
        "Total Operating Income As Reported": 19000000.0,
        "Diluted Average Shares": 47600000.0,
        "Basic Average Shares": 47200000.0,
        "Diluted EPS": 0.26,
        "Basic EPS": 0.27,
        "Diluted NI Availto Com Stockholders": 11400000.0,
        "Net Income Common Stockholders": 11400000.0,
        "Net Income": 11400000.0,
        "Net Income Including Noncontrolling Interests": 11400000.0,
        "Net Income Discontinuous Operations": NaN,
        "Net Income Continuous Operations": 11400000.0,
        "Tax Provision": 5100000.0,
        "Pretax Income": 16500000.0,
        "Net Non Operating Interest Income Expense": -2500000.0,
        "Interest Expense Non Operating": 2700000.0,
        "Interest Income Non Operating": 200000.0,
        "Operating Income": 19000000.0,
        "Operating Expense": 95900000.0,
        "Other Operating Expenses": 800000.0,
        "Research And Development": 8000000.0,
        "Selling General And Administration": 87100000.0,
        "Gross Profit": 114900000.0,
        "Cost Of Revenue": 88100000.0,
        "Total Revenue": 203000000.0,
        "Operating Revenue": 203000000.0
    },
    "2022-03-31": {
        "Diluted EPS": 0.11,
        "Total Revenue": 197,
        "Gross Profit": 107,
        "Operating Income": 9,
        "EBIT": 20,
        "Net Income": 5
    },
    "2021-12-31": {
        "Diluted EPS": 0.24,
        "Total Revenue": 193,
        "Gross Profit": 99,
        "Operating Income": 27,
        "EBIT": 36,
        "Net Income": 11
    },
    "2021-09-30": {
        "Diluted EPS": -0.73,
        "Total Revenue": 184,
        "Gross Profit": 90,
        "Operating Income": 3,
        "EBIT": 13,
        "Net Income": -35
    },
    "2021-06-30": {
        "Diluted EPS": 0.78,
        "Total Revenue": 186,
        "Gross Profit": 86,
        "Operating Income": -7,
        "EBIT": 2,
        "Net Income": 38
    },
    "2021-03-31": {
        "Diluted EPS": -0.16,
        "Total Revenue": 181,
        "Gross Profit": 91,
        "Operating Income": -12,
        "EBIT": -3,
        "Net Income": -8
    },
    "2020-12-31": {
        "Diluted EPS": -1.03,
        "Total Revenue": 185,
        "Gross Profit": 87,
        "Operating Income": -47,
        "EBIT": -36,
        "Net Income": -49
    },
    "2020-09-30": {
        "Diluted EPS": 0.4,
        "Total Revenue": 186,
        "Gross Profit": 96,
        "Operating Income": 0,
        "EBIT": 11,
        "Net Income": 19
    },
    "2020-06-30": {
        "Diluted EPS": -0.06,
        "Total Revenue": 164,
        "Gross Profit": 87,
        "Operating Income": -2,
        "EBIT": 9,
        "Net Income": -3
    },
    "2020-03-31": {
        "Diluted EPS": 0.08,
        "Total Revenue": 180,
        "Gross Profit": 102,
        "Operating Income": 1,
        "EBIT": 11,
        "Net Income": 4
    },
    "2019-12-31": {
        "Diluted EPS": -0.12,
        "Total Revenue": 190,
        "Gross Profit": 110,
        "Operating Income": -3,
        "EBIT": 8,
        "Net Income": -6
    },
    "2019-09-30": {
        "Diluted EPS": -0.24,
        "Total Revenue": 171,
        "Gross Profit": 95,
        "Operating Income": -18,
        "EBIT": -9,
        "Net Income": -12
    },
    "2019-06-30": {
        "Diluted EPS": -0.17,
        "Total Revenue": 172,
        "Gross Profit": 99,
        "Operating Income": -10,
        "EBIT": -1,
        "Net Income": -8
    },
    "2019-03-31": {
        "Diluted EPS": -0.43,
        "Total Revenue": 164,
        "Gross Profit": 99,
        "Operating Income": -25,
        "EBIT": -16,
        "Net Income": -20
    },
    "2018-12-31": {
        "Diluted EPS": -0.03,
        "Total Revenue": 170,
        "Gross Profit": 100,
        "Operating Income": -8,
        "EBIT": 1,
        "Net Income": -2
    },
    "2018-09-30": {
        "Diluted EPS": 0.09,
        "Total Revenue": 165,
        "Gross Profit": 105,
        "Operating Income": 7,
        "EBIT": 16,
        "Net Income": 4
    },
    "2018-06-30": {
        "Diluted EPS": 0.73,
        "Total Revenue": 161,
        "Gross Profit": 95,
        "Operating Income": 9,
        "EBIT": 17,
        "Net Income": 35
    },
    "2018-03-31": {
        "Diluted EPS": 0.43,
        "Total Revenue": 156,
        "Gross Profit": 91,
        "Operating Income": -7,
        "EBIT": 1,
        "Net Income": 20
    },
    "2017-12-31": {
        "Diluted EPS": 0.69,
        "Total Revenue": 166,
        "Gross Profit": 90,
        "Operating Income": -3,
        "EBIT": 8,
        "Net Income": 33
    },
    "2017-09-30": {
        "Diluted EPS": 0.35,
        "Total Revenue": 151,
        "Gross Profit": 81,
        "Operating Income": -10,
        "EBIT": 6,
        "Net Income": 17
    },
    "2017-06-30": {
        "Diluted EPS": 0.37,
        "Total Revenue": 149,
        "Gross Profit": 85,
        "Operating Income": -12,
        "EBIT": 4,
        "Net Income": 17
    },
    "2017-03-31": {
        "Diluted EPS": 0.27,
        "Total Revenue": 146,
        "Gross Profit": 82,
        "Operating Income": -18,
        "EBIT": -1,
        "Net Income": 13
    },
    "2016-12-31": {
        "Diluted EPS": 0.21,
        "Total Revenue": 154,
        "Gross Profit": 78,
        "Operating Income": -30,
        "EBIT": -14,
        "Net Income": 10
    },
    "2016-09-30": {
        "Diluted EPS": 0.19,
        "Total Revenue": 398,
        "Gross Profit": 138,
        "Operating Income": 21,
        "EBIT": 38,
        "Net Income": 9
    },
    "2016-06-30": {
        "Diluted EPS": 0.14,
        "Total Revenue": 400,
        "Gross Profit": 141,
        "Operating Income": 18,
        "EBIT": 34,
        "Net Income": 7
    },
    "2016-03-31": {
        "Diluted EPS": 0.3,
        "Total Revenue": 385,
        "Gross Profit": 137,
        "Operating Income": 33,
        "EBIT": 49,
        "Net Income": 14
    },
    "2015-12-31": {
        "Diluted EPS": 0.31,
        "Total Revenue": 401,
        "Gross Profit": 134,
        "Operating Income": 21,
        "EBIT": 36,
        "Net Income": 15
    },
    "2015-09-30": {
        "Diluted EPS": -10.1,
        "Total Revenue": 390,
        "Gross Profit": 131,
        "Operating Income": -461,
        "EBIT": 31,
        "Net Income": -471
    },
    "2015-06-30": {
        "Diluted EPS": 0.17,
        "Total Revenue": 389,
        "Gross Profit": 135,
        "Operating Income": 22,
        "EBIT": 38,
        "Net Income": 8
    },
    "2015-03-31": {
        "Diluted EPS": 0.46,
        "Total Revenue": 394,
        "Gross Profit": 132,
        "Operating Income": 41,
        "EBIT": 57,
        "Net Income": 22
    },
    "2014-12-31": {
        "Diluted EPS": -0.05,
        "Total Revenue": 439,
        "Gross Profit": 157,
        "Operating Income": 24,
        "EBIT": 48,
        "Net Income": -2
    },
    "2014-09-30": {
        "Diluted EPS": -0.16,
        "Total Revenue": 409,
        "Gross Profit": 132,
        "Operating Income": 13,
        "EBIT": 40,
        "Net Income": -7
    },
    "2014-06-30": {
        "Diluted EPS": -0.1,
        "Total Revenue": 414,
        "Gross Profit": 105,
        "Operating Income": -5,
        "EBIT": 13,
        "Net Income": -5
    },
    "2014-03-31": {
        "Diluted EPS": 0.89,
        "Total Revenue": 411,
        "Gross Profit": 155,
        "Operating Income": 62,
        "EBIT": 79,
        "Net Income": 41
    },
    "2013-12-31": {
        "Diluted EPS": 0.0,
        "Total Revenue": NaN,
        "Gross Profit": NaN,
        "Operating Income": NaN,
        "EBIT": NaN,
        "Net Income": NaN
    },
    "2013-09-30": {
        "Diluted EPS": 0.0,
        "Total Revenue": 420,
        "Gross Profit": 162,
        "Operating Income": 70,
        "EBIT": 70,
        "Net Income": 48
    },
    "2012-12-31": {
        "Diluted EPS": 0.0,
        "Total Revenue": NaN,
        "Gross Profit": NaN,
        "Operating Income": NaN,
        "EBIT": NaN,
        "Net Income": NaN
    },
    "2011-12-31": {
        "Diluted EPS": 0.0,
        "Total Revenue": NaN,
        "Gross Profit": NaN,
        "Operating Income": NaN,
        "EBIT": NaN,
        "Net Income": NaN
    },
    "2023-06-30": {
        "Tax Effect Of Unusual Items": 0.0,
        "Tax Rate For Calcs": 0.156863,
        "Normalized EBITDA": 9900000.0,
        "Net Income From Continuing Operation Net Minority Interest": -4300000.0,
        "Reconciled Depreciation": 11500000.0,
        "Reconciled Cost Of Revenue": 71600000.0,
        "EBITDA": 9900000.0,
        "EBIT": -1600000.0,
        "Net Interest Income": -3000000.0,
        "Interest Expense": 3500000.0,
        "Interest Income": 500000.0,
        "Normalized Income": -4300000.0,
        "Net Income From Continuing And Discontinued Operation": -68100000.0,
        "Total Expenses": 171500000.0,
        "Total Operating Income As Reported": -2100000.0,
        "Diluted Average Shares": 46800000.0,
        "Basic Average Shares": 46800000.0,
        "Diluted EPS": -1.46,
        "Basic EPS": -1.46,
        "Diluted NI Availto Com Stockholders": -68100000.0,
        "Net Income Common Stockholders": -68100000.0,
        "Net Income": -68100000.0,
        "Net Income Including Noncontrolling Interests": -68100000.0,
        "Net Income Discontinuous Operations": -63800000.0,
        "Net Income Continuous Operations": -4300000.0,
        "Tax Provision": -800000.0,
        "Pretax Income": -5100000.0,
        "Net Non Operating Interest Income Expense": -3000000.0,
        "Interest Expense Non Operating": 3500000.0,
        "Interest Income Non Operating": 500000.0,
        "Operating Income": -2100000.0,
        "Operating Expense": 99900000.0,
        "Other Operating Expenses": 100000.0,
        "Research And Development": 6800000.0,
        "Selling General And Administration": 93000000.0,
        "Gross Profit": 97800000.0,
        "Cost Of Revenue": 71600000.0,
        "Total Revenue": 169400000.0,
        "Operating Revenue": 169400000.0
    },
    "2023-09-30": {
        "Tax Effect Of Unusual Items": NaN,
        "Tax Rate For Calcs": NaN,
        "Normalized EBITDA": NaN,
        "Net Income From Continuing Operation Net Minority Interest": NaN,
        "Reconciled Depreciation": NaN,
        "Reconciled Cost Of Revenue": NaN,
        "EBITDA": NaN,
        "EBIT": NaN,
        "Net Interest Income": NaN,
        "Interest Expense": NaN,
        "Interest Income": NaN,
        "Normalized Income": NaN,
        "Net Income From Continuing And Discontinued Operation": NaN,
        "Total Expenses": NaN,
        "Total Operating Income As Reported": NaN,
        "Diluted Average Shares": 46800000.0,
        "Basic Average Shares": 46800000.0,
        "Diluted EPS": -0.08,
        "Basic EPS": -0.08,
        "Diluted NI Availto Com Stockholders": NaN,
        "Net Income Common Stockholders": NaN,
        "Net Income": NaN,
        "Net Income Including Noncontrolling Interests": NaN,
        "Net Income Discontinuous Operations": NaN,
        "Net Income Continuous Operations": NaN,
        "Tax Provision": NaN,
        "Pretax Income": NaN,
        "Net Non Operating Interest Income Expense": NaN,
        "Interest Expense Non Operating": NaN,
        "Interest Income Non Operating": NaN,
        "Operating Income": NaN,
        "Operating Expense": NaN,
        "Other Operating Expenses": NaN,
        "Research And Development": NaN,
        "Selling General And Administration": NaN,
        "Gross Profit": NaN,
        "Cost Of Revenue": NaN,
        "Total Revenue": NaN,
        "Operating Revenue": NaN
    },
    "2023-12-31": {
        "Tax Effect Of Unusual Items": 0.0,
        "Tax Rate For Calcs": 0.21,
        "Normalized EBITDA": 23700000.0,
        "Net Income From Continuing Operation Net Minority Interest": 11000000.0,
        "Reconciled Depreciation": 11500000.0,
        "Reconciled Cost Of Revenue": 78300000.0,
        "EBITDA": 23700000.0,
        "EBIT": 12200000.0,
        "Net Interest Income": -2300000.0,
        "Interest Expense": 3300000.0,
        "Interest Income": 1000000.0,
        "Normalized Income": 11000000.0,
        "Net Income From Continuing And Discontinued Operation": 10500000.0,
        "Total Expenses": 162100000.0,
        "Total Operating Income As Reported": 11200000.0,
        "Diluted Average Shares": 46600000.0,
        "Basic Average Shares": 46200000.0,
        "Diluted EPS": 0.23,
        "Basic EPS": 0.23,
        "Diluted NI Availto Com Stockholders": 10500000.0,
        "Net Income Common Stockholders": 10500000.0,
        "Net Income": 10500000.0,
        "Net Income Including Noncontrolling Interests": 10500000.0,
        "Net Income Discontinuous Operations": -500000.0,
        "Net Income Continuous Operations": 11000000.0,
        "Tax Provision": -2100000.0,
        "Pretax Income": 8900000.0,
        "Net Non Operating Interest Income Expense": -2300000.0,
        "Interest Expense Non Operating": 3300000.0,
        "Interest Income Non Operating": 1000000.0,
        "Operating Income": 11200000.0,
        "Operating Expense": 83800000.0,
        "Other Operating Expenses": 2500000.0,
        "Research And Development": 6800000.0,
        "Selling General And Administration": 74500000.0,
        "Gross Profit": 95000000.0,
        "Cost Of Revenue": 78300000.0,
        "Total Revenue": 173300000.0,
        "Operating Revenue": 173300000.0
    },
    "2024-03-31": {
        "Tax Effect Of Unusual Items": 0.0,
        "Tax Rate For Calcs": 0.21,
        "Normalized EBITDA": 16000000.0,
        "Net Income From Continuing Operation Net Minority Interest": 500000.0,
        "Reconciled Depreciation": 11400000.0,
        "Reconciled Cost Of Revenue": 71300000.0,
        "EBITDA": 16000000.0,
        "EBIT": 4600000.0,
        "Net Interest Income": -2500000.0,
        "Interest Expense": 3100000.0,
        "Interest Income": 600000.0,
        "Normalized Income": 500000.0,
        "Net Income From Continuing And Discontinued Operation": -900000.0,
        "Total Expenses": 162100000.0,
        "Total Operating Income As Reported": 4000000.0,
        "Diluted Average Shares": 46700000.0,
        "Basic Average Shares": 46200000.0,
        "Diluted EPS": -0.02,
        "Basic EPS": -0.02,
        "Diluted NI Availto Com Stockholders": -900000.0,
        "Net Income Common Stockholders": -900000.0,
        "Net Income": -900000.0,
        "Net Income Including Noncontrolling Interests": -900000.0,
        "Net Income Discontinuous Operations": -1400000.0,
        "Net Income Continuous Operations": 500000.0,
        "Tax Provision": 1000000.0,
        "Pretax Income": 1500000.0,
        "Net Non Operating Interest Income Expense": -2500000.0,
        "Interest Expense Non Operating": 3100000.0,
        "Interest Income Non Operating": 600000.0,
        "Operating Income": 4000000.0,
        "Operating Expense": 90800000.0,
        "Other Operating Expenses": 200000.0,
        "Research And Development": 7000000.0,
        "Selling General And Administration": 83600000.0,
        "Gross Profit": 94800000.0,
        "Cost Of Revenue": 71300000.0,
        "Total Revenue": 166100000.0,
        "Operating Revenue": 166100000.0
    },
    "2024-06-30": {
        "Tax Effect Of Unusual Items": 0.0,
        "Tax Rate For Calcs": 0.306,
        "Normalized EBITDA": 20600000.0,
        "Net Income From Continuing Operation Net Minority Interest": 4300000.0,
        "Reconciled Depreciation": 11300000.0,
        "Reconciled Cost Of Revenue": 76100000.0,
        "EBITDA": 20600000.0,
        "EBIT": 9300000.0,
        "Net Interest Income": -100000.0,
        "Interest Expense": 3100000.0,
        "Interest Income": 3000000.0,
        "Normalized Income": 4300000.0,
        "Net Income From Continuing And Discontinued Operation": 1800000.0,
        "Total Expenses": 165400000.0,
        "Total Operating Income As Reported": 6300000.0,
        "Diluted Average Shares": 46300000.0,
        "Basic Average Shares": 45900000.0,
        "Diluted EPS": 0.04,
        "Basic EPS": 0.04,
        "Diluted NI Availto Com Stockholders": 1800000.0,
        "Net Income Common Stockholders": 1800000.0,
        "Net Income": 1800000.0,
        "Net Income Including Noncontrolling Interests": 1800000.0,
        "Net Income Discontinuous Operations": -2500000.0,
        "Net Income Continuous Operations": 4300000.0,
        "Tax Provision": 1900000.0,
        "Pretax Income": 6200000.0,
        "Net Non Operating Interest Income Expense": -100000.0,
        "Interest Expense Non Operating": 3100000.0,
        "Interest Income Non Operating": 3000000.0,
        "Operating Income": 6300000.0,
        "Operating Expense": 89300000.0,
        "Other Operating Expenses": 2100000.0,
        "Research And Development": 6300000.0,
        "Selling General And Administration": 80900000.0,
        "Gross Profit": 95600000.0,
        "Cost Of Revenue": 76100000.0,
        "Total Revenue": 171700000.0,
        "Operating Revenue": 171700000.0
    },
    "2024-09-30": {
        "Tax Effect Of Unusual Items": 0.0,
        "Tax Rate For Calcs": 0.379,
        "Normalized EBITDA": 24400000.0,
        "Net Income From Continuing Operation Net Minority Interest": 5900000.0,
        "Reconciled Depreciation": 11700000.0,
        "Reconciled Cost Of Revenue": 77500000.0,
        "EBITDA": 24400000.0,
        "EBIT": 12700000.0,
        "Net Interest Income": -2500000.0,
        "Interest Expense": 3200000.0,
        "Interest Income": 700000.0,
        "Normalized Income": 5900000.0,
        "Net Income From Continuing And Discontinued Operation": 4300000.0,
        "Total Expenses": 158400000.0,
        "Total Operating Income As Reported": 12000000.0,
        "Diluted Average Shares": 46600000.0,
        "Basic Average Shares": 46000000.0,
        "Diluted EPS": 0.09,
        "Basic EPS": 0.1,
        "Diluted NI Availto Com Stockholders": 4300000.0,
        "Net Income Common Stockholders": 4300000.0,
        "Net Income": 4300000.0,
        "Net Income Including Noncontrolling Interests": 4300000.0,
        "Net Income Discontinuous Operations": -1600000.0,
        "Net Income Continuous Operations": 5900000.0,
        "Tax Provision": 3600000.0,
        "Pretax Income": 9500000.0,
        "Net Non Operating Interest Income Expense": -2500000.0,
        "Interest Expense Non Operating": 3200000.0,
        "Interest Income Non Operating": 700000.0,
        "Operating Income": 12000000.0,
        "Operating Expense": 80900000.0,
        "Other Operating Expenses": -600000.0,
        "Research And Development": 7200000.0,
        "Selling General And Administration": 74300000.0,
        "Gross Profit": 92900000.0,
        "Cost Of Revenue": 77500000.0,
        "Total Revenue": 170400000.0,
        "Operating Revenue": 170400000.0
    },
    "2024-12-31": {
        "Tax Effect Of Unusual Items": 0.0,
        "Tax Rate For Calcs": 0.055886,
        "Normalized EBITDA": -406600000.0,
        "Net Income From Continuing Operation Net Minority Interest": -397000000.0,
        "Reconciled Depreciation": 11100000.0,
        "Reconciled Cost Of Revenue": 81600000.0,
        "EBITDA": -406600000.0,
        "EBIT": -417700000.0,
        "Net Interest Income": -2000000.0,
        "Interest Expense": 2800000.0,
        "Interest Income": 800000.0,
        "Normalized Income": -397000000.0,
        "Net Income From Continuing And Discontinued Operation": -397300000.0,
        "Total Expenses": 161400000.0,
        "Total Operating Income As Reported": -418500000.0,
        "Diluted Average Shares": 46000000.0,
        "Basic Average Shares": 46000000.0,
        "Diluted EPS": -8.64,
        "Basic EPS": -8.64,
        "Diluted NI Availto Com Stockholders": -397300000.0,
        "Net Income Common Stockholders": -397300000.0,
        "Net Income": -397300000.0,
        "Net Income Including Noncontrolling Interests": -397300000.0,
        "Net Income Discontinuous Operations": -300000.0,
        "Net Income Continuous Operations": -397000000.0,
        "Tax Provision": -23500000.0,
        "Pretax Income": -420500000.0,
        "Net Non Operating Interest Income Expense": -2000000.0,
        "Interest Expense Non Operating": 2800000.0,
        "Interest Income Non Operating": 800000.0,
        "Operating Income": 18200000.0,
        "Operating Expense": 79800000.0,
        "Other Operating Expenses": -5600000.0,
        "Research And Development": 5700000.0,
        "Selling General And Administration": 79700000.0,
        "Gross Profit": 98000000.0,
        "Cost Of Revenue": 81600000.0,
        "Total Revenue": 179600000.0,
        "Operating Revenue": 179600000.0
    },
    "2025-03-31": {
        "Tax Effect Of Unusual Items": 0.0,
        "Tax Rate For Calcs": 0.319588,
        "Normalized EBITDA": 21400000.0,
        "Net Income From Continuing Operation Net Minority Interest": 6600000.0,
        "Reconciled Depreciation": 9600000.0,
        "Reconciled Cost Of Revenue": 77700000.0,
        "EBITDA": 21400000.0,
        "EBIT": 11800000.0,
        "Net Interest Income": -600000.0,
        "Interest Expense": 2100000.0,
        "Interest Income": 1500000.0,
        "Normalized Income": 6600000.0,
        "Net Income From Continuing And Discontinued Operation": 6600000.0,
        "Total Expenses": 157200000.0,
        "Total Operating Income As Reported": 10300000.0,
        "Diluted Average Shares": 46800000.0,
        "Basic Average Shares": 46100000.0,
        "Diluted EPS": 0.14,
        "Basic EPS": 0.14,
        "Diluted NI Availto Com Stockholders": 6600000.0,
        "Net Income Common Stockholders": 6600000.0,
        "Net Income": 6600000.0,
        "Net Income Including Noncontrolling Interests": 6600000.0,
        "Net Income Discontinuous Operations": 0.0,
        "Net Income Continuous Operations": 6600000.0,
        "Tax Provision": 3100000.0,
        "Pretax Income": 9700000.0,
        "Net Non Operating Interest Income Expense": -600000.0,
        "Interest Expense Non Operating": 2100000.0,
        "Interest Income Non Operating": 1500000.0,
        "Operating Income": 10300000.0,
        "Operating Expense": 79500000.0,
        "Other Operating Expenses": -1600000.0,
        "Research And Development": 5400000.0,
        "Selling General And Administration": 75700000.0,
        "Gross Profit": 89800000.0,
        "Cost Of Revenue": 77700000.0,
        "Total Revenue": 167500000.0,
        "Operating Revenue": 167500000.0
    }
}