{
    "2023-04-30": {
        "Tax Effect Of Unusual Items": -63000.0,
        "Tax Rate For Calcs": 0.21,
        "Normalized EBITDA": 6000000.0,
        "Total Unusual Items": -300000.0,
        "Total Unusual Items Excluding Goodwill": -300000.0,
        "Net Income From Continuing Operation Net Minority Interest": -4600000.0,
        "Reconciled Depreciation": 5900000.0,
        "Reconciled Cost Of Revenue": 203000000.0,
        "EBITDA": 5700000.0,
        "EBIT": -200000.0,
        "Net Interest Income": -1800000.0,
        "Interest Expense": 2700000.0,
        "Interest Income": 900000.0,
        "Normalized Income": -4363000.0,
        "Net Income From Continuing And Discontinued Operation": -4600000.0,
        "Total Expenses": 222300000.0,
        "Total Operating Income As Reported": -1200000.0,
        "Diluted Average Shares": 70744688.0,
        "Basic Average Shares": 65714286.0,
        "Diluted EPS": -0.07,
        "Basic EPS": -0.07,
        "Diluted NI Availto Com Stockholders": -4600000.0,
        "Net Income Common Stockholders": -4600000.0,
        "Net Income": -4600000.0,
        "Minority Interests": 100000.0,
        "Net Income Including Noncontrolling Interests": -4700000.0,
        "Net Income Continuous Operations": -4700000.0,
        "Tax Provision": 1800000.0,
        "Pretax Income": -2900000.0,
        "Other Income Expense": 100000.0,
        "Other Non Operating Income Expenses": NaN,
        "Special Income Charges": NaN,
        "Restructuring And Mergern Acquisition": NaN,
        "Earnings From Equity Interest": 400000.0,
        "Gain On Sale Of Security": -300000.0,
        "Net Non Operating Interest Income Expense": -1800000.0,
        "Interest Expense Non Operating": 2700000.0,
        "Interest Income Non Operating": 900000.0,
        "Operating Income": -1200000.0,
        "Operating Expense": 19300000.0,
        "Selling General And Administration": 19300000.0,
        "Gross Profit": 18100000.0,
        "Cost Of Revenue": 203000000.0,
        "Total Revenue": 221100000.0,
        "Operating Revenue": 221100000.0
    },
    "2023-01-31": {
        "Tax Effect Of Unusual Items": -138000.0,
        "Tax Rate For Calcs": 0.138,
        "Normalized EBITDA": 400000.0,
        "Total Unusual Items": -1000000.0,
        "Total Unusual Items Excluding Goodwill": -1000000.0,
        "Net Income From Continuing Operation Net Minority Interest": -8800000.0,
        "Reconciled Depreciation": 9300000.0,
        "Reconciled Cost Of Revenue": 204500000.0,
        "EBITDA": -600000.0,
        "EBIT": -9900000.0,
        "Net Interest Income": -2200000.0,
        "Interest Expense": 2400000.0,
        "Interest Income": 200000.0,
        "Normalized Income": -7938000.0,
        "Net Income From Continuing And Discontinued Operation": -8800000.0,
        "Total Expenses": 223600000.0,
        "Total Operating Income As Reported": -10100000.0,
        "Diluted Average Shares": 70688785.0,
        "Basic Average Shares": 70688785.0,
        "Diluted EPS": -0.12,
        "Basic EPS": -0.12,
        "Diluted NI Availto Com Stockholders": -8800000.0,
        "Net Income Common Stockholders": -8800000.0,
        "Net Income": -8800000.0,
        "Minority Interests": 1800000.0,
        "Net Income Including Noncontrolling Interests": -10600000.0,
        "Net Income Continuous Operations": -10600000.0,
        "Tax Provision": -1700000.0,
        "Pretax Income": -12300000.0,
        "Other Income Expense": NaN,
        "Other Non Operating Income Expenses": NaN,
        "Special Income Charges": NaN,
        "Restructuring And Mergern Acquisition": NaN,
        "Earnings From Equity Interest": 1000000.0,
        "Gain On Sale Of Security": -1000000.0,
        "Net Non Operating Interest Income Expense": -2200000.0,
        "Interest Expense Non Operating": 2400000.0,
        "Interest Income Non Operating": 200000.0,
        "Operating Income": -10100000.0,
        "Operating Expense": 19100000.0,
        "Selling General And Administration": 19100000.0,
        "Gross Profit": 9000000.0,
        "Cost Of Revenue": 204500000.0,
        "Total Revenue": 213500000.0,
        "Operating Revenue": 213500000.0
    },
    "2022-10-31": {
        "Tax Effect Of Unusual Items": NaN,
        "Tax Rate For Calcs": NaN,
        "Normalized EBITDA": NaN,
        "Total Unusual Items": NaN,
        "Total Unusual Items Excluding Goodwill": NaN,
        "Net Income From Continuing Operation Net Minority Interest": NaN,
        "Reconciled Depreciation": NaN,
        "Reconciled Cost Of Revenue": NaN,
        "EBITDA": NaN,
        "EBIT": NaN,
        "Net Interest Income": NaN,
        "Interest Expense": NaN,
        "Interest Income": NaN,
        "Normalized Income": NaN,
        "Net Income From Continuing And Discontinued Operation": NaN,
        "Total Expenses": NaN,
        "Total Operating Income As Reported": NaN,
        "Diluted Average Shares": NaN,
        "Basic Average Shares": NaN,
        "Diluted EPS": NaN,
        "Basic EPS": NaN,
        "Diluted NI Availto Com Stockholders": NaN,
        "Net Income Common Stockholders": NaN,
        "Net Income": NaN,
        "Minority Interests": NaN,
        "Net Income Including Noncontrolling Interests": NaN,
        "Net Income Continuous Operations": NaN,
        "Tax Provision": NaN,
        "Pretax Income": NaN,
        "Other Income Expense": NaN,
        "Other Non Operating Income Expenses": NaN,
        "Special Income Charges": -49500000.0,
        "Restructuring And Mergern Acquisition": 0.0,
        "Earnings From Equity Interest": NaN,
        "Gain On Sale Of Security": NaN,
        "Net Non Operating Interest Income Expense": NaN,
        "Interest Expense Non Operating": NaN,
        "Interest Income Non Operating": NaN,
        "Operating Income": NaN,
        "Operating Expense": NaN,
        "Selling General And Administration": NaN,
        "Gross Profit": NaN,
        "Cost Of Revenue": NaN,
        "Total Revenue": NaN,
        "Operating Revenue": NaN
    },
    "2022-07-31": {
        "Tax Effect Of Unusual Items": 463519.313305,
        "Tax Rate For Calcs": 0.23176,
        "Normalized EBITDA": 22800000.0,
        "Total Unusual Items": 2000000.0,
        "Total Unusual Items Excluding Goodwill": 2000000.0,
        "Net Income From Continuing Operation Net Minority Interest": 18400000.0,
        "Reconciled Depreciation": 7100000.0,
        "Reconciled Cost Of Revenue": 270600000.0,
        "EBITDA": 24800000.0,
        "EBIT": 24800000.0,
        "Net Interest Income": -1500000.0,
        "Interest Expense": 1500000.0,
        "Interest Income": 300000.0,
        "Normalized Income": 16863519.313305,
        "Net Income From Continuing And Discontinued Operation": 18400000.0,
        "Total Expenses": 291200000.0,
        "Total Operating Income As Reported": 22000000.0,
        "Diluted Average Shares": 70779907.0,
        "Basic Average Shares": 70656976.0,
        "Diluted EPS": 0.26,
        "Basic EPS": 0.26,
        "Diluted NI Availto Com Stockholders": 18400000.0,
        "Net Income Common Stockholders": 18400000.0,
        "Net Income": 18400000.0,
        "Minority Interests": 500000.0,
        "Net Income Including Noncontrolling Interests": 17900000.0,
        "Net Income Continuous Operations": 17900000.0,
        "Tax Provision": 5400000.0,
        "Pretax Income": 23300000.0,
        "Other Income Expense": 2800000.0,
        "Other Non Operating Income Expenses": -900000.0,
        "Special Income Charges": 2000000.0,
        "Impairment Of Capital Assets": NaN,
        "Restructuring And Mergern Acquisition": -2000000.0,
        "Earnings From Equity Interest": 1700000.0,
        "Gain On Sale Of Security": -1100000.0,
        "Net Non Operating Interest Income Expense": -1500000.0,
        "Interest Expense Non Operating": 1500000.0,
        "Interest Income Non Operating": 300000.0,
        "Operating Income": 22000000.0,
        "Operating Expense": 20600000.0,
        "Selling General And Administration": 20600000.0,
        "Gross Profit": 42600000.0,
        "Cost Of Revenue": 270600000.0,
        "Total Revenue": 313200000.0,
        "Operating Revenue": 313200000.0
    },
    "2022-04-30": {
        "Diluted EPS": 0.03,
        "Total Revenue": 278,
        "Gross Profit": 20,
        "Operating Income": 1,
        "EBIT": 7,
        "Net Income": 2
    },
    "2022-01-31": {
        "Diluted EPS": -0.19,
        "Total Revenue": 217,
        "Gross Profit": 1,
        "Operating Income": -18,
        "EBIT": -14,
        "Net Income": -13
    },
    "2021-10-31": {
        "Diluted EPS": 0.24,
        "Total Revenue": 237,
        "Gross Profit": 34,
        "Operating Income": 18,
        "EBIT": 25,
        "Net Income": 17
    },
    "2021-07-31": {
        "Diluted EPS": 0.26,
        "Total Revenue": 247,
        "Gross Profit": 41,
        "Operating Income": 24,
        "EBIT": 30,
        "Net Income": 18
    },
    "2021-04-30": {
        "Diluted EPS": 0.1,
        "Total Revenue": 235,
        "Gross Profit": 27,
        "Operating Income": 11,
        "EBIT": 15,
        "Net Income": 7
    },
    "2021-01-31": {
        "Diluted EPS": 0.03,
        "Total Revenue": 173,
        "Gross Profit": 23,
        "Operating Income": 8,
        "EBIT": 12,
        "Net Income": 2
    },
    "2020-10-31": {
        "Diluted EPS": 0.29,
        "Total Revenue": 207,
        "Gross Profit": 40,
        "Operating Income": 23,
        "EBIT": 28,
        "Net Income": 19
    },
    "2020-07-31": {
        "Diluted EPS": 0.37,
        "Total Revenue": 236,
        "Gross Profit": 44,
        "Operating Income": 31,
        "EBIT": 36,
        "Net Income": 23
    },
    "2020-04-30": {
        "Diluted EPS": -0.23,
        "Total Revenue": 222,
        "Gross Profit": 22,
        "Operating Income": 10,
        "EBIT": 14,
        "Net Income": -15
    },
    "2020-01-31": {
        "Diluted EPS": 0.02,
        "Total Revenue": 198,
        "Gross Profit": 19,
        "Operating Income": 5,
        "EBIT": 8,
        "Net Income": 1
    },
    "2019-10-31": {
        "Diluted EPS": 0.0,
        "Total Revenue": NaN,
        "Gross Profit": NaN,
        "Operating Income": NaN,
        "EBIT": NaN,
        "Net Income": NaN
    },
    "2018-10-31": {
        "Diluted EPS": 0.0,
        "Total Revenue": NaN,
        "Gross Profit": NaN,
        "Operating Income": NaN,
        "EBIT": NaN,
        "Net Income": NaN
    },
    "2023-07-31": {
        "Tax Effect Of Unusual Items": NaN,
        "Tax Rate For Calcs": NaN,
        "Normalized EBITDA": NaN,
        "Total Unusual Items": NaN,
        "Total Unusual Items Excluding Goodwill": NaN,
        "Net Income From Continuing Operation Net Minority Interest": NaN,
        "Reconciled Depreciation": NaN,
        "Reconciled Cost Of Revenue": NaN,
        "EBITDA": NaN,
        "EBIT": NaN,
        "Net Interest Income": NaN,
        "Interest Expense": NaN,
        "Interest Income": NaN,
        "Normalized Income": NaN,
        "Net Income From Continuing And Discontinued Operation": NaN,
        "Total Expenses": NaN,
        "Total Operating Income As Reported": NaN,
        "Diluted Average Shares": NaN,
        "Basic Average Shares": NaN,
        "Diluted EPS": NaN,
        "Basic EPS": NaN,
        "Diluted NI Availto Com Stockholders": NaN,
        "Net Income Common Stockholders": NaN,
        "Net Income": NaN,
        "Minority Interests": NaN,
        "Net Income Including Noncontrolling Interests": NaN,
        "Net Income Continuous Operations": NaN,
        "Tax Provision": NaN,
        "Pretax Income": NaN,
        "Other Income Expense": NaN,
        "Other Non Operating Income Expenses": -100000.0,
        "Special Income Charges": 0.0,
        "Restructuring And Mergern Acquisition": 0.0,
        "Earnings From Equity Interest": NaN,
        "Gain On Sale Of Security": NaN,
        "Net Non Operating Interest Income Expense": NaN,
        "Interest Expense Non Operating": NaN,
        "Interest Income Non Operating": NaN,
        "Operating Income": NaN,
        "Operating Expense": NaN,
        "Selling General And Administration": NaN,
        "Gross Profit": NaN,
        "Cost Of Revenue": NaN,
        "Total Revenue": NaN,
        "Operating Revenue": NaN
    },
    "2023-10-31": {
        "Tax Effect Of Unusual Items": NaN,
        "Tax Rate For Calcs": NaN,
        "Normalized EBITDA": NaN,
        "Total Unusual Items": NaN,
        "Total Unusual Items Excluding Goodwill": NaN,
        "Net Income From Continuing Operation Net Minority Interest": NaN,
        "Reconciled Depreciation": NaN,
        "Reconciled Cost Of Revenue": NaN,
        "EBITDA": NaN,
        "EBIT": NaN,
        "Net Interest Income": NaN,
        "Interest Expense": NaN,
        "Interest Income": NaN,
        "Normalized Income": NaN,
        "Net Income From Continuing And Discontinued Operation": NaN,
        "Total Expenses": NaN,
        "Total Operating Income As Reported": NaN,
        "Diluted Average Shares": NaN,
        "Basic Average Shares": NaN,
        "Diluted EPS": NaN,
        "Basic EPS": NaN,
        "Diluted NI Availto Com Stockholders": NaN,
        "Net Income Common Stockholders": NaN,
        "Net Income": NaN,
        "Minority Interests": NaN,
        "Net Income Including Noncontrolling Interests": NaN,
        "Net Income Continuous Operations": NaN,
        "Tax Provision": NaN,
        "Pretax Income": NaN,
        "Other Income Expense": NaN,
        "Other Non Operating Income Expenses": NaN,
        "Special Income Charges": 0.0,
        "Restructuring And Mergern Acquisition": 0.0,
        "Earnings From Equity Interest": NaN,
        "Gain On Sale Of Security": NaN,
        "Net Non Operating Interest Income Expense": NaN,
        "Interest Expense Non Operating": NaN,
        "Interest Income Non Operating": NaN,
        "Operating Income": NaN,
        "Operating Expense": NaN,
        "Selling General And Administration": NaN,
        "Gross Profit": NaN,
        "Cost Of Revenue": NaN,
        "Total Revenue": NaN,
        "Operating Revenue": NaN
    },
    "2024-01-31": {
        "Tax Effect Of Unusual Items": NaN,
        "Tax Rate For Calcs": NaN,
        "Normalized EBITDA": NaN,
        "Total Unusual Items": NaN,
        "Total Unusual Items Excluding Goodwill": NaN,
        "Net Income From Continuing Operation Net Minority Interest": NaN,
        "Reconciled Depreciation": NaN,
        "Reconciled Cost Of Revenue": NaN,
        "EBITDA": NaN,
        "EBIT": NaN,
        "Net Interest Income": NaN,
        "Interest Expense": NaN,
        "Interest Income": NaN,
        "Normalized Income": NaN,
        "Net Income From Continuing And Discontinued Operation": NaN,
        "Total Expenses": NaN,
        "Total Operating Income As Reported": NaN,
        "Diluted Average Shares": NaN,
        "Basic Average Shares": NaN,
        "Diluted EPS": NaN,
        "Basic EPS": NaN,
        "Diluted NI Availto Com Stockholders": NaN,
        "Net Income Common Stockholders": NaN,
        "Net Income": NaN,
        "Minority Interests": NaN,
        "Net Income Including Noncontrolling Interests": NaN,
        "Net Income Continuous Operations": NaN,
        "Tax Provision": NaN,
        "Pretax Income": NaN,
        "Other Income Expense": NaN,
        "Other Non Operating Income Expenses": 100000.0,
        "Earnings From Equity Interest": NaN,
        "Gain On Sale Of Security": NaN,
        "Net Non Operating Interest Income Expense": NaN,
        "Interest Expense Non Operating": NaN,
        "Interest Income Non Operating": NaN,
        "Operating Income": NaN,
        "Operating Expense": NaN,
        "Selling General And Administration": NaN,
        "Gross Profit": NaN,
        "Cost Of Revenue": NaN,
        "Total Revenue": NaN,
        "Operating Revenue": NaN
    },
    "2024-04-30": {
        "Tax Effect Of Unusual Items": NaN,
        "Tax Rate For Calcs": NaN,
        "Normalized EBITDA": NaN,
        "Total Unusual Items": NaN,
        "Total Unusual Items Excluding Goodwill": NaN,
        "Net Income From Continuing Operation Net Minority Interest": NaN,
        "Reconciled Depreciation": NaN,
        "Reconciled Cost Of Revenue": NaN,
        "EBITDA": NaN,
        "EBIT": NaN,
        "Net Interest Income": NaN,
        "Interest Expense": NaN,
        "Interest Income": NaN,
        "Normalized Income": NaN,
        "Net Income From Continuing And Discontinued Operation": NaN,
        "Total Expenses": NaN,
        "Total Operating Income As Reported": NaN,
        "Diluted Average Shares": NaN,
        "Basic Average Shares": NaN,
        "Diluted EPS": NaN,
        "Basic EPS": NaN,
        "Diluted NI Availto Com Stockholders": NaN,
        "Net Income Common Stockholders": NaN,
        "Net Income": NaN,
        "Minority Interests": NaN,
        "Net Income Including Noncontrolling Interests": NaN,
        "Net Income Continuous Operations": NaN,
        "Tax Provision": NaN,
        "Pretax Income": NaN,
        "Other Income Expense": NaN,
        "Other Non Operating Income Expenses": -100000.0,
        "Earnings From Equity Interest": NaN,
        "Gain On Sale Of Security": NaN,
        "Net Non Operating Interest Income Expense": NaN,
        "Interest Expense Non Operating": NaN,
        "Interest Income Non Operating": NaN,
        "Operating Income": NaN,
        "Operating Expense": NaN,
        "Selling General And Administration": NaN,
        "Gross Profit": NaN,
        "Cost Of Revenue": NaN,
        "Total Revenue": NaN,
        "Operating Revenue": NaN
    },
    "2024-07-31": {
        "Tax Effect Of Unusual Items": NaN,
        "Tax Rate For Calcs": NaN,
        "Normalized EBITDA": NaN,
        "Total Unusual Items": NaN,
        "Total Unusual Items Excluding Goodwill": NaN,
        "Net Income From Continuing Operation Net Minority Interest": NaN,
        "Reconciled Depreciation": NaN,
        "Reconciled Cost Of Revenue": NaN,
        "EBITDA": NaN,
        "EBIT": NaN,
        "Net Interest Income": NaN,
        "Interest Expense": NaN,
        "Interest Income": NaN,
        "Normalized Income": NaN,
        "Net Income From Continuing And Discontinued Operation": NaN,
        "Total Expenses": NaN,
        "Total Operating Income As Reported": NaN,
        "Diluted Average Shares": NaN,
        "Basic Average Shares": NaN,
        "Diluted EPS": NaN,
        "Basic EPS": NaN,
        "Diluted NI Availto Com Stockholders": NaN,
        "Net Income Common Stockholders": NaN,
        "Net Income": NaN,
        "Minority Interests": NaN,
        "Net Income Including Noncontrolling Interests": NaN,
        "Net Income Continuous Operations": NaN,
        "Tax Provision": NaN,
        "Pretax Income": NaN,
        "Other Income Expense": NaN,
        "Other Non Operating Income Expenses": -200000.0,
        "Earnings From Equity Interest": NaN,
        "Gain On Sale Of Security": NaN,
        "Net Non Operating Interest Income Expense": NaN,
        "Interest Expense Non Operating": NaN,
        "Interest Income Non Operating": NaN,
        "Operating Income": NaN,
        "Operating Expense": NaN,
        "Selling General And Administration": NaN,
        "Gross Profit": NaN,
        "Cost Of Revenue": NaN,
        "Total Revenue": NaN,
        "Operating Revenue": NaN
    },
    "2024-10-31": {
        "Tax Effect Of Unusual Items": 498976.109215,
        "Tax Rate For Calcs": 0.293515,
        "Normalized EBITDA": 40500000.0,
        "Total Unusual Items": 1700000.0,
        "Total Unusual Items Excluding Goodwill": 1700000.0,
        "Net Income From Continuing Operation Net Minority Interest": 17300000.0,
        "Reconciled Depreciation": 10200000.0,
        "Reconciled Cost Of Revenue": 298600000.0,
        "EBITDA": 42200000.0,
        "EBIT": 32000000.0,
        "Net Interest Income": -2300000.0,
        "Interest Expense": 2700000.0,
        "Interest Income": 400000.0,
        "Normalized Income": 16098976.109215,
        "Net Income From Continuing And Discontinued Operation": 17300000.0,
        "Total Expenses": 325800000.0,
        "Total Operating Income As Reported": 28600000.0,
        "Diluted Average Shares": 72083333.0,
        "Basic Average Shares": 72083333.0,
        "Diluted EPS": 0.24,
        "Basic EPS": 0.24,
        "Diluted NI Availto Com Stockholders": 17300000.0,
        "Net Income Common Stockholders": 17300000.0,
        "Net Income": 17300000.0,
        "Minority Interests": -3400000.0,
        "Net Income Including Noncontrolling Interests": 20700000.0,
        "Net Income Continuous Operations": 20700000.0,
        "Tax Provision": 8600000.0,
        "Pretax Income": 29300000.0,
        "Other Income Expense": 3000000.0,
        "Other Non Operating Income Expenses": NaN,
        "Earnings From Equity Interest": 1100000.0,
        "Gain On Sale Of Security": 1700000.0,
        "Net Non Operating Interest Income Expense": -2300000.0,
        "Interest Expense Non Operating": 2700000.0,
        "Interest Income Non Operating": 400000.0,
        "Operating Income": 28600000.0,
        "Operating Expense": 27200000.0,
        "Selling General And Administration": 27200000.0,
        "Gross Profit": 55800000.0,
        "Cost Of Revenue": 298600000.0,
        "Total Revenue": 354400000.0,
        "Operating Revenue": 354400000.0
    },
    "2025-01-31": {
        "Tax Effect Of Unusual Items": 408000.0,
        "Tax Rate For Calcs": 0.34,
        "Normalized EBITDA": 19100000.0,
        "Total Unusual Items": 1200000.0,
        "Total Unusual Items Excluding Goodwill": 1200000.0,
        "Net Income From Continuing Operation Net Minority Interest": 3900000.0,
        "Reconciled Depreciation": 8700000.0,
        "Reconciled Cost Of Revenue": 302700000.0,
        "EBITDA": 20300000.0,
        "EBIT": 11600000.0,
        "Net Interest Income": -1900000.0,
        "Interest Expense": 2200000.0,
        "Interest Income": 300000.0,
        "Normalized Income": 3108000.0,
        "Net Income From Continuing And Discontinued Operation": 3900000.0,
        "Total Expenses": 324900000.0,
        "Total Operating Income As Reported": 9300000.0,
        "Diluted Average Shares": 71384445.0,
        "Basic Average Shares": 70962630.0,
        "Diluted EPS": 0.05,
        "Basic EPS": 0.06,
        "Diluted NI Availto Com Stockholders": 3900000.0,
        "Net Income Common Stockholders": 3900000.0,
        "Net Income": 3900000.0,
        "Minority Interests": -2300000.0,
        "Net Income Including Noncontrolling Interests": 6200000.0,
        "Net Income Continuous Operations": 6200000.0,
        "Tax Provision": 3200000.0,
        "Pretax Income": 9400000.0,
        "Other Income Expense": 2000000.0,
        "Other Non Operating Income Expenses": NaN,
        "Earnings From Equity Interest": 800000.0,
        "Gain On Sale Of Security": 1200000.0,
        "Net Non Operating Interest Income Expense": -1900000.0,
        "Interest Expense Non Operating": 2200000.0,
        "Interest Income Non Operating": 300000.0,
        "Operating Income": 9300000.0,
        "Operating Expense": 22200000.0,
        "Selling General And Administration": 22200000.0,
        "Gross Profit": 31500000.0,
        "Cost Of Revenue": 302700000.0,
        "Total Revenue": 334200000.0,
        "Operating Revenue": 334200000.0
    },
    "2025-04-30": {
        "Tax Effect Of Unusual Items": -543000.0,
        "Tax Rate For Calcs": 0.362,
        "Normalized EBITDA": 15700000.0,
        "Total Unusual Items": -1500000.0,
        "Total Unusual Items Excluding Goodwill": -1500000.0,
        "Net Income From Continuing Operation Net Minority Interest": 3100000.0,
        "Reconciled Depreciation": 7000000.0,
        "Reconciled Cost Of Revenue": 351900000.0,
        "EBITDA": 14200000.0,
        "EBIT": 7200000.0,
        "Net Interest Income": -1600000.0,
        "Interest Expense": 2500000.0,
        "Interest Income": 900000.0,
        "Normalized Income": 4057000.0,
        "Net Income From Continuing And Discontinued Operation": 3100000.0,
        "Total Expenses": 373400000.0,
        "Total Operating Income As Reported": 6900000.0,
        "Diluted Average Shares": 71105463.0,
        "Basic Average Shares": 70878959.0,
        "Diluted EPS": 0.04,
        "Basic EPS": 0.04,
        "Diluted NI Availto Com Stockholders": 3100000.0,
        "Net Income Common Stockholders": 3100000.0,
        "Net Income": 3100000.0,
        "Minority Interests": 100000.0,
        "Net Income Including Noncontrolling Interests": 3000000.0,
        "Net Income Continuous Operations": 3000000.0,
        "Tax Provision": 1700000.0,
        "Pretax Income": 4700000.0,
        "Other Income Expense": -600000.0,
        "Other Non Operating Income Expenses": NaN,
        "Earnings From Equity Interest": 900000.0,
        "Gain On Sale Of Security": -1500000.0,
        "Net Non Operating Interest Income Expense": -1600000.0,
        "Interest Expense Non Operating": 2500000.0,
        "Interest Income Non Operating": 900000.0,
        "Operating Income": 6900000.0,
        "Operating Expense": 21500000.0,
        "Selling General And Administration": 21500000.0,
        "Gross Profit": 28400000.0,
        "Cost Of Revenue": 351900000.0,
        "Total Revenue": 380300000.0,
        "Operating Revenue": 380300000.0
    },
    "2025-07-31": {
        "Tax Effect Of Unusual Items": -294800.0,
        "Tax Rate For Calcs": 0.268,
        "Normalized EBITDA": 31700000.0,
        "Total Unusual Items": -1100000.0,
        "Total Unusual Items Excluding Goodwill": -1100000.0,
        "Net Income From Continuing Operation Net Minority Interest": 14700000.0,
        "Reconciled Depreciation": 8400000.0,
        "Reconciled Cost Of Revenue": 312600000.0,
        "EBITDA": 30600000.0,
        "EBIT": 22200000.0,
        "Net Interest Income": -2200000.0,
        "Interest Expense": 2400000.0,
        "Interest Income": 200000.0,
        "Normalized Income": 15505200.0,
        "Net Income From Continuing And Discontinued Operation": 14700000.0,
        "Total Expenses": 336700000.0,
        "Total Operating Income As Reported": 21000000.0,
        "Diluted Average Shares": 71038054.0,
        "Basic Average Shares": 70000000.0,
        "Diluted EPS": 0.21,
        "Basic EPS": 0.21,
        "Diluted NI Availto Com Stockholders": 14700000.0,
        "Net Income Common Stockholders": 14700000.0,
        "Net Income": 14700000.0,
        "Minority Interests": 200000.0,
        "Net Income Including Noncontrolling Interests": 14500000.0,
        "Net Income Continuous Operations": 14500000.0,
        "Tax Provision": 5300000.0,
        "Pretax Income": 19800000.0,
        "Other Income Expense": 1000000.0,
        "Other Non Operating Income Expenses": 100000.0,
        "Earnings From Equity Interest": 2000000.0,
        "Gain On Sale Of Security": -1100000.0,
        "Net Non Operating Interest Income Expense": -2200000.0,
        "Interest Expense Non Operating": 2400000.0,
        "Interest Income Non Operating": 200000.0,
        "Operating Income": 21000000.0,
        "Operating Expense": 24100000.0,
        "Selling General And Administration": 24100000.0,
        "Gross Profit": 45100000.0,
        "Cost Of Revenue": 312600000.0,
        "Total Revenue": 357700000.0,
        "Operating Revenue": 357700000.0
    },
    "2025-10-31": {
        "Tax Effect Of Unusual Items": 160000.0,
        "Tax Rate For Calcs": 0.4,
        "Normalized EBITDA": 40400000.0,
        "Total Unusual Items": 400000.0,
        "Total Unusual Items Excluding Goodwill": 400000.0,
        "Net Income From Continuing Operation Net Minority Interest": 16000000.0,
        "Reconciled Depreciation": 10500000.0,
        "Reconciled Cost Of Revenue": 263300000.0,
        "EBITDA": 40800000.0,
        "EBIT": 30300000.0,
        "Net Interest Income": -2000000.0,
        "Interest Expense": 2300000.0,
        "Interest Income": 300000.0,
        "Normalized Income": 15760000.0,
        "Net Income From Continuing And Discontinued Operation": 16000000.0,
        "Total Expenses": 291000000.0,
        "Total Operating Income As Reported": 28000000.0,
        "Diluted Average Shares": 71316755.0,
        "Basic Average Shares": 69565217.0,
        "Diluted EPS": 0.22,
        "Basic EPS": 0.23,
        "Diluted NI Availto Com Stockholders": 16000000.0,
        "Net Income Common Stockholders": 16000000.0,
        "Net Income": 16000000.0,
        "Minority Interests": -800000.0,
        "Net Income Including Noncontrolling Interests": 16800000.0,
        "Net Income Continuous Operations": 16800000.0,
        "Tax Provision": 11200000.0,
        "Pretax Income": 28000000.0,
        "Other Income Expense": 2000000.0,
        "Other Non Operating Income Expenses": NaN,
        "Earnings From Equity Interest": 1700000.0,
        "Gain On Sale Of Security": 400000.0,
        "Net Non Operating Interest Income Expense": -2000000.0,
        "Interest Expense Non Operating": 2300000.0,
        "Interest Income Non Operating": 300000.0,
        "Operating Income": 28000000.0,
        "Operating Expense": 27700000.0,
        "Selling General And Administration": 27700000.0,
        "Gross Profit": 55700000.0,
        "Cost Of Revenue": 263300000.0,
        "Total Revenue": 319000000.0,
        "Operating Revenue": 319000000.0
    }
}