{
    "2023-03-31": {
        "Tax Effect Of Unusual Items": NaN,
        "Tax Rate For Calcs": NaN,
        "Normalized EBITDA": NaN,
        "Total Unusual Items": NaN,
        "Total Unusual Items Excluding Goodwill": NaN,
        "Net Income From Continuing Operation Net Minority Interest": NaN,
        "Reconciled Depreciation": NaN,
        "Reconciled Cost Of Revenue": NaN,
        "EBITDA": NaN,
        "EBIT": NaN,
        "Net Interest Income": NaN,
        "Interest Income": NaN,
        "Normalized Income": NaN,
        "Net Income From Continuing And Discontinued Operation": NaN,
        "Total Expenses": NaN,
        "Total Operating Income As Reported": NaN,
        "Diluted Average Shares": 182818000.0,
        "Basic Average Shares": 182818000.0,
        "Diluted EPS": -0.05,
        "Basic EPS": -0.05,
        "Diluted NI Availto Com Stockholders": NaN,
        "Net Income Common Stockholders": NaN,
        "Net Income": NaN,
        "Minority Interests": NaN,
        "Net Income Including Noncontrolling Interests": NaN,
        "Net Income Continuous Operations": NaN,
        "Tax Provision": NaN,
        "Pretax Income": NaN,
        "Other Income Expense": NaN,
        "Other Non Operating Income Expenses": NaN,
        "Special Income Charges": NaN,
        "Restructuring And Mergern Acquisition": NaN,
        "Gain On Sale Of Security": 1384000.0,
        "Net Non Operating Interest Income Expense": NaN,
        "Interest Income Non Operating": NaN,
        "Operating Income": NaN,
        "Operating Expense": NaN,
        "Research And Development": NaN,
        "Selling General And Administration": NaN,
        "Selling And Marketing Expense": NaN,
        "General And Administrative Expense": NaN,
        "Other Gand A": NaN,
        "Gross Profit": NaN,
        "Cost Of Revenue": NaN,
        "Total Revenue": NaN,
        "Operating Revenue": NaN
    },
    "2022-12-31": {
        "Tax Effect Of Unusual Items": NaN,
        "Tax Rate For Calcs": NaN,
        "Normalized EBITDA": NaN,
        "Total Unusual Items": NaN,
        "Total Unusual Items Excluding Goodwill": NaN,
        "Net Income From Continuing Operation Net Minority Interest": NaN,
        "Reconciled Depreciation": NaN,
        "Reconciled Cost Of Revenue": NaN,
        "EBITDA": NaN,
        "EBIT": NaN,
        "Net Interest Income": NaN,
        "Interest Income": NaN,
        "Normalized Income": NaN,
        "Net Income From Continuing And Discontinued Operation": NaN,
        "Total Expenses": NaN,
        "Total Operating Income As Reported": NaN,
        "Diluted Average Shares": NaN,
        "Basic Average Shares": NaN,
        "Diluted EPS": NaN,
        "Basic EPS": NaN,
        "Diluted NI Availto Com Stockholders": NaN,
        "Net Income Common Stockholders": NaN,
        "Net Income": NaN,
        "Minority Interests": NaN,
        "Net Income Including Noncontrolling Interests": NaN,
        "Net Income Continuous Operations": NaN,
        "Tax Provision": NaN,
        "Pretax Income": NaN,
        "Other Income Expense": NaN,
        "Other Non Operating Income Expenses": NaN,
        "Special Income Charges": NaN,
        "Restructuring And Mergern Acquisition": NaN,
        "Gain On Sale Of Security": NaN,
        "Net Non Operating Interest Income Expense": NaN,
        "Interest Income Non Operating": NaN,
        "Operating Income": NaN,
        "Operating Expense": NaN,
        "Depreciation Amortization Depletion Income Statement": 1125000.0,
        "Depreciation And Amortization In Income Statement": 1125000.0,
        "Research And Development": NaN,
        "Selling General And Administration": NaN,
        "Selling And Marketing Expense": NaN,
        "General And Administrative Expense": NaN,
        "Other Gand A": NaN,
        "Gross Profit": NaN,
        "Cost Of Revenue": NaN,
        "Total Revenue": NaN,
        "Operating Revenue": NaN
    },
    "2022-09-30": {
        "Tax Effect Of Unusual Items": NaN,
        "Tax Rate For Calcs": NaN,
        "Normalized EBITDA": NaN,
        "Total Unusual Items": NaN,
        "Total Unusual Items Excluding Goodwill": NaN,
        "Net Income From Continuing Operation Net Minority Interest": NaN,
        "Reconciled Depreciation": NaN,
        "Reconciled Cost Of Revenue": NaN,
        "EBITDA": NaN,
        "EBIT": NaN,
        "Net Interest Income": NaN,
        "Interest Income": NaN,
        "Normalized Income": NaN,
        "Net Income From Continuing And Discontinued Operation": NaN,
        "Total Expenses": NaN,
        "Total Operating Income As Reported": NaN,
        "Diluted Average Shares": NaN,
        "Basic Average Shares": NaN,
        "Diluted EPS": NaN,
        "Basic EPS": NaN,
        "Diluted NI Availto Com Stockholders": NaN,
        "Net Income Common Stockholders": NaN,
        "Net Income": NaN,
        "Minority Interests": NaN,
        "Net Income Including Noncontrolling Interests": NaN,
        "Net Income Continuous Operations": NaN,
        "Tax Provision": NaN,
        "Pretax Income": NaN,
        "Other Income Expense": NaN,
        "Other Non Operating Income Expenses": NaN,
        "Special Income Charges": 913000.0,
        "Restructuring And Mergern Acquisition": -913000.0,
        "Gain On Sale Of Security": 913000.0,
        "Net Non Operating Interest Income Expense": NaN,
        "Interest Income Non Operating": NaN,
        "Operating Income": NaN,
        "Operating Expense": NaN,
        "Depreciation Amortization Depletion Income Statement": 819000.0,
        "Depreciation And Amortization In Income Statement": 819000.0,
        "Research And Development": NaN,
        "Selling General And Administration": NaN,
        "Selling And Marketing Expense": NaN,
        "General And Administrative Expense": NaN,
        "Other Gand A": NaN,
        "Gross Profit": NaN,
        "Cost Of Revenue": NaN,
        "Total Revenue": NaN,
        "Operating Revenue": NaN
    },
    "2022-06-30": {
        "Tax Effect Of Unusual Items": 149438.654083,
        "Tax Rate For Calcs": 0.056011,
        "Normalized EBITDA": -13782000.0,
        "Total Unusual Items": 2668000.0,
        "Total Unusual Items Excluding Goodwill": 2668000.0,
        "Net Income From Continuing Operation Net Minority Interest": -9829000.0,
        "Reconciled Depreciation": -329000.0,
        "Reconciled Cost Of Revenue": 16385000.0,
        "EBITDA": -11114000.0,
        "EBIT": -11743000.0,
        "Net Interest Income": 20000.0,
        "Interest Income": 20000.0,
        "Normalized Income": -12347561.345917,
        "Net Income From Continuing And Discontinued Operation": -9829000.0,
        "Total Expenses": 67444000.0,
        "Total Operating Income As Reported": -11743000.0,
        "Diluted Average Shares": 182491000.0,
        "Basic Average Shares": 182491000.0,
        "Diluted EPS": -0.05,
        "Basic EPS": -0.05,
        "Diluted NI Availto Com Stockholders": -9829000.0,
        "Net Income Common Stockholders": -9829000.0,
        "Net Income": -9829000.0,
        "Minority Interests": -627000.0,
        "Net Income Including Noncontrolling Interests": -9202000.0,
        "Net Income Continuous Operations": -9202000.0,
        "Tax Provision": -546000.0,
        "Pretax Income": -9748000.0,
        "Other Income Expense": 1975000.0,
        "Other Non Operating Income Expenses": -693000.0,
        "Special Income Charges": NaN,
        "Restructuring And Mergern Acquisition": NaN,
        "Gain On Sale Of Security": 2668000.0,
        "Net Non Operating Interest Income Expense": 20000.0,
        "Total Other Finance Cost": NaN,
        "Interest Income Non Operating": 20000.0,
        "Operating Income": -11743000.0,
        "Operating Expense": 52017000.0,
        "Depreciation Amortization Depletion Income Statement": 629000.0,
        "Depreciation And Amortization In Income Statement": 629000.0,
        "Research And Development": 7892000.0,
        "Selling General And Administration": 43496000.0,
        "Selling And Marketing Expense": 27174000.0,
        "General And Administrative Expense": 16322000.0,
        "Other Gand A": 16322000.0,
        "Gross Profit": 40274000.0,
        "Cost Of Revenue": 15427000.0,
        "Total Revenue": 55701000.0,
        "Operating Revenue": 55701000.0
    },
    "2022-03-31": {
        "Diluted EPS": -0.06,
        "Total Revenue": 50,
        "Gross Profit": 36,
        "Operating Income": -14,
        "EBIT": -13,
        "Net Income": -12
    },
    "2021-12-31": {
        "Diluted EPS": 0.07,
        "Total Revenue": 54,
        "Gross Profit": 39,
        "Operating Income": -8,
        "EBIT": -7,
        "Net Income": -8
    },
    "2021-09-30": {
        "Diluted EPS": -0.05,
        "Total Revenue": 54,
        "Gross Profit": 39,
        "Operating Income": -29,
        "EBIT": -28,
        "Net Income": -10
    },
    "2021-06-30": {
        "Diluted EPS": -0.36,
        "Total Revenue": 45,
        "Gross Profit": 34,
        "Operating Income": -11,
        "EBIT": -11,
        "Net Income": -36
    },
    "2021-03-31": {
        "Diluted EPS": -0.14,
        "Total Revenue": 39,
        "Gross Profit": 28,
        "Operating Income": -6,
        "EBIT": -6,
        "Net Income": -14
    },
    "2020-12-31": {
        "Diluted EPS": 0.61,
        "Total Revenue": 112,
        "Gross Profit": 82,
        "Operating Income": -9,
        "EBIT": -9,
        "Net Income": -24
    },
    "2020-09-30": {
        "Diluted EPS": -0.2,
        "Total Revenue": 40,
        "Gross Profit": 30,
        "Operating Income": -6,
        "EBIT": -6,
        "Net Income": -18
    },
    "2020-06-30": {
        "Diluted EPS": -1.51,
        "Total Revenue": NaN,
        "Gross Profit": NaN,
        "Operating Income": 0,
        "EBIT": 0,
        "Net Income": -14
    },
    "2020-03-31": {
        "Diluted EPS": 0.53,
        "Total Revenue": NaN,
        "Gross Profit": NaN,
        "Operating Income": 0,
        "EBIT": 0,
        "Net Income": 5
    },
    "2019-12-31": {
        "Diluted EPS": 0.0,
        "Total Revenue": NaN,
        "Gross Profit": NaN,
        "Operating Income": NaN,
        "EBIT": NaN,
        "Net Income": NaN
    },
    "2019-09-30": {
        "Diluted EPS": 0.0,
        "Total Revenue": NaN,
        "Gross Profit": NaN,
        "Operating Income": 0,
        "EBIT": 0,
        "Net Income": 0
    },
    "2019-06-30": {
        "Diluted EPS": 0.0,
        "Total Revenue": NaN,
        "Gross Profit": NaN,
        "Operating Income": 0,
        "EBIT": 0,
        "Net Income": 0
    },
    "2023-06-30": {
        "Tax Effect Of Unusual Items": NaN,
        "Tax Rate For Calcs": NaN,
        "Normalized EBITDA": NaN,
        "Total Unusual Items": NaN,
        "Total Unusual Items Excluding Goodwill": NaN,
        "Net Income From Continuing Operation Net Minority Interest": NaN,
        "Reconciled Depreciation": NaN,
        "Reconciled Cost Of Revenue": NaN,
        "EBITDA": NaN,
        "EBIT": NaN,
        "Net Interest Income": NaN,
        "Interest Income": NaN,
        "Normalized Income": NaN,
        "Net Income From Continuing And Discontinued Operation": NaN,
        "Total Expenses": NaN,
        "Total Operating Income As Reported": NaN,
        "Diluted Average Shares": 183315000.0,
        "Basic Average Shares": 183315000.0,
        "Diluted EPS": -0.07,
        "Basic EPS": -0.07,
        "Diluted NI Availto Com Stockholders": NaN,
        "Net Income Common Stockholders": NaN,
        "Otherunder Preferred Stock Dividend": NaN,
        "Net Income": NaN,
        "Minority Interests": NaN,
        "Net Income Including Noncontrolling Interests": NaN,
        "Net Income Continuous Operations": NaN,
        "Tax Provision": NaN,
        "Pretax Income": NaN,
        "Other Income Expense": NaN,
        "Other Non Operating Income Expenses": NaN,
        "Special Income Charges": NaN,
        "Restructuring And Mergern Acquisition": NaN,
        "Gain On Sale Of Security": -2446000.0,
        "Net Non Operating Interest Income Expense": NaN,
        "Interest Income Non Operating": NaN,
        "Operating Income": NaN,
        "Operating Expense": NaN,
        "Research And Development": NaN,
        "Selling General And Administration": NaN,
        "Selling And Marketing Expense": NaN,
        "General And Administrative Expense": NaN,
        "Other Gand A": NaN,
        "Gross Profit": NaN,
        "Cost Of Revenue": NaN,
        "Total Revenue": NaN,
        "Operating Revenue": NaN
    },
    "2023-09-30": {
        "Tax Effect Of Unusual Items": NaN,
        "Tax Rate For Calcs": NaN,
        "Normalized EBITDA": NaN,
        "Total Unusual Items": NaN,
        "Total Unusual Items Excluding Goodwill": NaN,
        "Net Income From Continuing Operation Net Minority Interest": NaN,
        "Reconciled Depreciation": NaN,
        "Reconciled Cost Of Revenue": NaN,
        "EBITDA": NaN,
        "EBIT": NaN,
        "Net Interest Income": NaN,
        "Interest Income": NaN,
        "Normalized Income": NaN,
        "Net Income From Continuing And Discontinued Operation": NaN,
        "Total Expenses": NaN,
        "Total Operating Income As Reported": NaN,
        "Diluted Average Shares": NaN,
        "Basic Average Shares": NaN,
        "Diluted EPS": NaN,
        "Basic EPS": NaN,
        "Diluted NI Availto Com Stockholders": NaN,
        "Net Income Common Stockholders": NaN,
        "Otherunder Preferred Stock Dividend": 0.0,
        "Net Income": NaN,
        "Minority Interests": NaN,
        "Net Income Including Noncontrolling Interests": NaN,
        "Net Income Continuous Operations": NaN,
        "Tax Provision": NaN,
        "Pretax Income": NaN,
        "Other Income Expense": NaN,
        "Other Non Operating Income Expenses": NaN,
        "Special Income Charges": NaN,
        "Restructuring And Mergern Acquisition": NaN,
        "Gain On Sale Of Security": NaN,
        "Net Non Operating Interest Income Expense": NaN,
        "Total Other Finance Cost": NaN,
        "Interest Income Non Operating": NaN,
        "Operating Income": NaN,
        "Operating Expense": NaN,
        "Research And Development": NaN,
        "Selling General And Administration": NaN,
        "Selling And Marketing Expense": NaN,
        "General And Administrative Expense": NaN,
        "Other Gand A": NaN,
        "Gross Profit": NaN,
        "Cost Of Revenue": NaN,
        "Total Revenue": NaN,
        "Operating Revenue": NaN
    },
    "2023-12-31": {
        "Tax Effect Of Unusual Items": NaN,
        "Tax Rate For Calcs": NaN,
        "Normalized EBITDA": NaN,
        "Total Unusual Items": NaN,
        "Total Unusual Items Excluding Goodwill": NaN,
        "Net Income From Continuing Operation Net Minority Interest": NaN,
        "Reconciled Depreciation": NaN,
        "Reconciled Cost Of Revenue": NaN,
        "EBITDA": NaN,
        "EBIT": NaN,
        "Net Interest Income": NaN,
        "Interest Income": -817000.0,
        "Normalized Income": NaN,
        "Net Income From Continuing And Discontinued Operation": NaN,
        "Total Expenses": NaN,
        "Total Operating Income As Reported": NaN,
        "Diluted Average Shares": NaN,
        "Basic Average Shares": NaN,
        "Diluted EPS": NaN,
        "Basic EPS": NaN,
        "Diluted NI Availto Com Stockholders": NaN,
        "Net Income Common Stockholders": NaN,
        "Otherunder Preferred Stock Dividend": NaN,
        "Net Income": NaN,
        "Minority Interests": NaN,
        "Net Income Including Noncontrolling Interests": NaN,
        "Net Income Continuous Operations": NaN,
        "Tax Provision": NaN,
        "Pretax Income": NaN,
        "Other Income Expense": NaN,
        "Other Non Operating Income Expenses": NaN,
        "Special Income Charges": NaN,
        "Restructuring And Mergern Acquisition": NaN,
        "Gain On Sale Of Security": NaN,
        "Net Non Operating Interest Income Expense": NaN,
        "Total Other Finance Cost": NaN,
        "Interest Income Non Operating": -817000.0,
        "Operating Income": NaN,
        "Operating Expense": NaN,
        "Research And Development": NaN,
        "Selling General And Administration": NaN,
        "Selling And Marketing Expense": NaN,
        "General And Administrative Expense": NaN,
        "Other Gand A": NaN,
        "Gross Profit": NaN,
        "Cost Of Revenue": NaN,
        "Total Revenue": NaN,
        "Operating Revenue": NaN
    },
    "2024-03-31": {
        "Tax Effect Of Unusual Items": 701190.0,
        "Tax Rate For Calcs": 0.21,
        "Normalized EBITDA": -5245000.0,
        "Total Unusual Items": 3339000.0,
        "Total Unusual Items Excluding Goodwill": 3339000.0,
        "Net Income From Continuing Operation Net Minority Interest": -1716000.0,
        "Reconciled Depreciation": 1295000.0,
        "Reconciled Cost Of Revenue": 20442000.0,
        "EBITDA": -1906000.0,
        "EBIT": -3201000.0,
        "Net Interest Income": 34000.0,
        "Interest Income": 34000.0,
        "Normalized Income": -4353810.0,
        "Net Income From Continuing And Discontinued Operation": -1716000.0,
        "Total Expenses": 77735000.0,
        "Total Operating Income As Reported": -3201000.0,
        "Diluted Average Shares": 181495000.0,
        "Basic Average Shares": 181495000.0,
        "Diluted EPS": -0.01,
        "Basic EPS": -0.01,
        "Diluted NI Availto Com Stockholders": -1716000.0,
        "Net Income Common Stockholders": -1716000.0,
        "Otherunder Preferred Stock Dividend": NaN,
        "Net Income": -1716000.0,
        "Minority Interests": 238000.0,
        "Net Income Including Noncontrolling Interests": -1954000.0,
        "Net Income Continuous Operations": -1954000.0,
        "Tax Provision": 2157000.0,
        "Pretax Income": 203000.0,
        "Other Income Expense": 3370000.0,
        "Other Non Operating Income Expenses": 31000.0,
        "Special Income Charges": 1490000.0,
        "Restructuring And Mergern Acquisition": -1490000.0,
        "Gain On Sale Of Security": 1849000.0,
        "Net Non Operating Interest Income Expense": 34000.0,
        "Total Other Finance Cost": -34000.0,
        "Interest Income Non Operating": 34000.0,
        "Operating Income": -3201000.0,
        "Operating Expense": 57293000.0,
        "Research And Development": 10486000.0,
        "Selling General And Administration": 46807000.0,
        "Selling And Marketing Expense": 29939000.0,
        "General And Administrative Expense": 16868000.0,
        "Other Gand A": 16868000.0,
        "Gross Profit": 54092000.0,
        "Cost Of Revenue": 20442000.0,
        "Total Revenue": 74534000.0,
        "Operating Revenue": 74534000.0
    },
    "2024-06-30": {
        "Tax Effect Of Unusual Items": -1465380.0,
        "Tax Rate For Calcs": 0.21,
        "Normalized EBITDA": 6168000.0,
        "Total Unusual Items": -6978000.0,
        "Total Unusual Items Excluding Goodwill": -6978000.0,
        "Net Income From Continuing Operation Net Minority Interest": -12809000.0,
        "Reconciled Depreciation": 1328000.0,
        "Reconciled Cost Of Revenue": 18942000.0,
        "EBITDA": -810000.0,
        "EBIT": -2138000.0,
        "Net Interest Income": 37000.0,
        "Interest Income": 37000.0,
        "Normalized Income": -7296380.0,
        "Net Income From Continuing And Discontinued Operation": -12809000.0,
        "Total Expenses": 80099000.0,
        "Total Operating Income As Reported": -2138000.0,
        "Diluted Average Shares": 182804000.0,
        "Basic Average Shares": 182804000.0,
        "Diluted EPS": -0.07,
        "Basic EPS": -0.07,
        "Diluted NI Availto Com Stockholders": -12809000.0,
        "Net Income Common Stockholders": -12809000.0,
        "Otherunder Preferred Stock Dividend": NaN,
        "Net Income": -12809000.0,
        "Minority Interests": 129000.0,
        "Net Income Including Noncontrolling Interests": -12938000.0,
        "Net Income Continuous Operations": -12938000.0,
        "Tax Provision": 3830000.0,
        "Pretax Income": -9108000.0,
        "Other Income Expense": -7007000.0,
        "Other Non Operating Income Expenses": -29000.0,
        "Special Income Charges": -8670000.0,
        "Restructuring And Mergern Acquisition": 8670000.0,
        "Gain On Sale Of Security": 1692000.0,
        "Net Non Operating Interest Income Expense": 37000.0,
        "Total Other Finance Cost": NaN,
        "Interest Income Non Operating": 37000.0,
        "Operating Income": -2138000.0,
        "Operating Expense": 61157000.0,
        "Research And Development": 12503000.0,
        "Selling General And Administration": 48654000.0,
        "Selling And Marketing Expense": 30470000.0,
        "General And Administrative Expense": 18184000.0,
        "Other Gand A": 18184000.0,
        "Gross Profit": 59019000.0,
        "Cost Of Revenue": 18942000.0,
        "Total Revenue": 77961000.0,
        "Operating Revenue": 77961000.0
    },
    "2024-09-30": {
        "Tax Effect Of Unusual Items": -113103.0,
        "Tax Rate For Calcs": 0.059,
        "Normalized EBITDA": 10966000.0,
        "Total Unusual Items": -1917000.0,
        "Total Unusual Items Excluding Goodwill": -1917000.0,
        "Net Income From Continuing Operation Net Minority Interest": 2620000.0,
        "Reconciled Depreciation": 1397000.0,
        "Reconciled Cost Of Revenue": 21221000.0,
        "EBITDA": 9049000.0,
        "EBIT": 7652000.0,
        "Net Interest Income": 45000.0,
        "Interest Income": 45000.0,
        "Normalized Income": 4423897.0,
        "Net Income From Continuing And Discontinued Operation": 2620000.0,
        "Total Expenses": 81152000.0,
        "Total Operating Income As Reported": 7652000.0,
        "Diluted Average Shares": 203859000.0,
        "Basic Average Shares": 183946000.0,
        "Diluted EPS": 0.01,
        "Basic EPS": 0.01,
        "Diluted NI Availto Com Stockholders": 2579000.0,
        "Net Income Common Stockholders": 2579000.0,
        "Otherunder Preferred Stock Dividend": 41000.0,
        "Net Income": 2620000.0,
        "Minority Interests": -308000.0,
        "Net Income Including Noncontrolling Interests": 2928000.0,
        "Net Income Continuous Operations": 2928000.0,
        "Tax Provision": 183000.0,
        "Pretax Income": 3111000.0,
        "Other Income Expense": -4586000.0,
        "Other Non Operating Income Expenses": -2669000.0,
        "Special Income Charges": -4537000.0,
        "Restructuring And Mergern Acquisition": 4537000.0,
        "Gain On Sale Of Security": 2620000.0,
        "Net Non Operating Interest Income Expense": 45000.0,
        "Total Other Finance Cost": NaN,
        "Interest Income Non Operating": 45000.0,
        "Operating Income": 7652000.0,
        "Operating Expense": 59931000.0,
        "Research And Development": 12838000.0,
        "Selling General And Administration": 47093000.0,
        "Selling And Marketing Expense": 30050000.0,
        "General And Administrative Expense": 17043000.0,
        "Other Gand A": 17043000.0,
        "Gross Profit": 67583000.0,
        "Cost Of Revenue": 21221000.0,
        "Total Revenue": 88804000.0,
        "Operating Revenue": 88804000.0
    },
    "2024-12-31": {
        "Tax Effect Of Unusual Items": -1774756.947057,
        "Tax Rate For Calcs": 0.0767,
        "Normalized EBITDA": 29354000.0,
        "Total Unusual Items": -23139000.0,
        "Total Unusual Items Excluding Goodwill": -23139000.0,
        "Net Income From Continuing Operation Net Minority Interest": -17185000.0,
        "Reconciled Depreciation": 1362000.0,
        "Reconciled Cost Of Revenue": 21921000.0,
        "EBITDA": 6215000.0,
        "EBIT": 4853000.0,
        "Net Interest Income": 50000.0,
        "Interest Income": 50000.0,
        "Normalized Income": 4179243.052943,
        "Net Income From Continuing And Discontinued Operation": -17185000.0,
        "Total Expenses": 84330000.0,
        "Total Operating Income As Reported": 4853000.0,
        "Diluted Average Shares": 186605000.0,
        "Basic Average Shares": 186605000.0,
        "Diluted EPS": -0.09,
        "Basic EPS": -0.09,
        "Diluted NI Availto Com Stockholders": -17185000.0,
        "Net Income Common Stockholders": -17185000.0,
        "Otherunder Preferred Stock Dividend": NaN,
        "Net Income": -17185000.0,
        "Minority Interests": -7000.0,
        "Net Income Including Noncontrolling Interests": -17178000.0,
        "Net Income Continuous Operations": -17178000.0,
        "Tax Provision": -1427000.0,
        "Pretax Income": -18605000.0,
        "Other Income Expense": -23508000.0,
        "Other Non Operating Income Expenses": -369000.0,
        "Special Income Charges": -25559000.0,
        "Restructuring And Mergern Acquisition": 25559000.0,
        "Gain On Sale Of Security": 2420000.0,
        "Net Non Operating Interest Income Expense": 50000.0,
        "Total Other Finance Cost": NaN,
        "Interest Income Non Operating": 50000.0,
        "Operating Income": 4853000.0,
        "Operating Expense": 62409000.0,
        "Research And Development": 12872000.0,
        "Selling General And Administration": 49537000.0,
        "Selling And Marketing Expense": 32410000.0,
        "General And Administrative Expense": 17127000.0,
        "Other Gand A": 17127000.0,
        "Gross Profit": 67262000.0,
        "Cost Of Revenue": 21921000.0,
        "Total Revenue": 89183000.0,
        "Operating Revenue": 89183000.0
    },
    "2025-03-31": {
        "Tax Effect Of Unusual Items": 556272.932485,
        "Tax Rate For Calcs": 0.268213,
        "Normalized EBITDA": 2724000.0,
        "Total Unusual Items": 2074000.0,
        "Total Unusual Items Excluding Goodwill": 2074000.0,
        "Net Income From Continuing Operation Net Minority Interest": 3440000.0,
        "Reconciled Depreciation": 1511000.0,
        "Reconciled Cost Of Revenue": 23899000.0,
        "EBITDA": 4798000.0,
        "EBIT": 3287000.0,
        "Net Interest Income": -299000.0,
        "Interest Income": NaN,
        "Normalized Income": 1922272.932485,
        "Net Income From Continuing And Discontinued Operation": 3440000.0,
        "Total Expenses": 89777000.0,
        "Total Operating Income As Reported": 3287000.0,
        "Diluted Average Shares": 224573000.0,
        "Basic Average Shares": 197924000.0,
        "Diluted EPS": 0.02,
        "Basic EPS": 0.02,
        "Diluted NI Availto Com Stockholders": 3440000.0,
        "Net Income Common Stockholders": 3440000.0,
        "Otherunder Preferred Stock Dividend": NaN,
        "Net Income": 3440000.0,
        "Minority Interests": -126000.0,
        "Net Income Including Noncontrolling Interests": 3566000.0,
        "Net Income Continuous Operations": 3566000.0,
        "Tax Provision": 1307000.0,
        "Pretax Income": 4873000.0,
        "Other Income Expense": 1885000.0,
        "Other Non Operating Income Expenses": -189000.0,
        "Special Income Charges": 473000.0,
        "Restructuring And Mergern Acquisition": -473000.0,
        "Gain On Sale Of Security": 1601000.0,
        "Net Non Operating Interest Income Expense": -299000.0,
        "Total Other Finance Cost": 299000.0,
        "Interest Income Non Operating": NaN,
        "Operating Income": 3287000.0,
        "Operating Expense": 65878000.0,
        "Research And Development": 12689000.0,
        "Selling General And Administration": 53189000.0,
        "Selling And Marketing Expense": 34522000.0,
        "General And Administrative Expense": 18667000.0,
        "Other Gand A": 18667000.0,
        "Gross Profit": 69165000.0,
        "Cost Of Revenue": 23899000.0,
        "Total Revenue": 93064000.0,
        "Operating Revenue": 93064000.0
    }
}