{
    "2023-06-30": {
        "Tax Effect Of Unusual Items": NaN,
        "Tax Rate For Calcs": NaN,
        "Normalized EBITDA": NaN,
        "Net Income From Continuing Operation Net Minority Interest": NaN,
        "Reconciled Depreciation": NaN,
        "Reconciled Cost Of Revenue": NaN,
        "EBITDA": NaN,
        "EBIT": NaN,
        "Net Interest Income": NaN,
        "Interest Expense": NaN,
        "Interest Income": NaN,
        "Normalized Income": NaN,
        "Net Income From Continuing And Discontinued Operation": NaN,
        "Total Expenses": NaN,
        "Total Operating Income As Reported": NaN,
        "Diluted Average Shares": 195000000.0,
        "Basic Average Shares": 195000000.0,
        "Diluted EPS": 1.44,
        "Basic EPS": 1.44,
        "Diluted NI Availto Com Stockholders": NaN,
        "Net Income Common Stockholders": NaN,
        "Net Income": NaN,
        "Net Income Including Noncontrolling Interests": NaN,
        "Net Income Continuous Operations": NaN,
        "Tax Provision": NaN,
        "Pretax Income": NaN,
        "Other Income Expense": NaN,
        "Other Non Operating Income Expenses": NaN,
        "Net Non Operating Interest Income Expense": NaN,
        "Interest Expense Non Operating": NaN,
        "Interest Income Non Operating": NaN,
        "Operating Income": NaN,
        "Operating Expense": NaN,
        "Other Operating Expenses": -1000000.0,
        "Other Taxes": NaN,
        "Depreciation Amortization Depletion Income Statement": NaN,
        "Depreciation And Amortization In Income Statement": NaN,
        "Gross Profit": NaN,
        "Cost Of Revenue": NaN,
        "Total Revenue": NaN,
        "Operating Revenue": NaN
    },
    "2023-03-31": {
        "Tax Effect Of Unusual Items": NaN,
        "Tax Rate For Calcs": NaN,
        "Normalized EBITDA": NaN,
        "Net Income From Continuing Operation Net Minority Interest": NaN,
        "Reconciled Depreciation": NaN,
        "Reconciled Cost Of Revenue": NaN,
        "EBITDA": NaN,
        "EBIT": NaN,
        "Net Interest Income": NaN,
        "Interest Expense": NaN,
        "Interest Income": NaN,
        "Normalized Income": NaN,
        "Net Income From Continuing And Discontinued Operation": NaN,
        "Total Expenses": NaN,
        "Total Operating Income As Reported": NaN,
        "Diluted Average Shares": 186000000.0,
        "Basic Average Shares": 186000000.0,
        "Diluted EPS": 0.91,
        "Basic EPS": 0.91,
        "Diluted NI Availto Com Stockholders": NaN,
        "Net Income Common Stockholders": NaN,
        "Net Income": NaN,
        "Net Income Including Noncontrolling Interests": NaN,
        "Net Income Continuous Operations": NaN,
        "Tax Provision": NaN,
        "Pretax Income": NaN,
        "Other Income Expense": NaN,
        "Other Non Operating Income Expenses": NaN,
        "Net Non Operating Interest Income Expense": NaN,
        "Interest Expense Non Operating": NaN,
        "Interest Income Non Operating": NaN,
        "Operating Income": NaN,
        "Operating Expense": NaN,
        "Other Operating Expenses": NaN,
        "Other Taxes": NaN,
        "Depreciation Amortization Depletion Income Statement": NaN,
        "Depreciation And Amortization In Income Statement": NaN,
        "Gross Profit": NaN,
        "Cost Of Revenue": NaN,
        "Total Revenue": NaN,
        "Operating Revenue": NaN
    },
    "2022-12-31": {
        "Tax Effect Of Unusual Items": NaN,
        "Tax Rate For Calcs": NaN,
        "Normalized EBITDA": NaN,
        "Net Income From Continuing Operation Net Minority Interest": NaN,
        "Reconciled Depreciation": NaN,
        "Reconciled Cost Of Revenue": NaN,
        "EBITDA": NaN,
        "EBIT": NaN,
        "Net Interest Income": NaN,
        "Interest Expense": NaN,
        "Interest Income": NaN,
        "Normalized Income": NaN,
        "Net Income From Continuing And Discontinued Operation": NaN,
        "Total Expenses": NaN,
        "Total Operating Income As Reported": NaN,
        "Diluted Average Shares": 182000000.0,
        "Basic Average Shares": 182000000.0,
        "Diluted EPS": 0.81,
        "Basic EPS": 0.81,
        "Diluted NI Availto Com Stockholders": NaN,
        "Net Income Common Stockholders": NaN,
        "Net Income": NaN,
        "Net Income Including Noncontrolling Interests": NaN,
        "Net Income Continuous Operations": NaN,
        "Tax Provision": NaN,
        "Pretax Income": NaN,
        "Other Income Expense": NaN,
        "Other Non Operating Income Expenses": NaN,
        "Net Non Operating Interest Income Expense": NaN,
        "Interest Expense Non Operating": NaN,
        "Interest Income Non Operating": NaN,
        "Operating Income": NaN,
        "Operating Expense": NaN,
        "Other Operating Expenses": NaN,
        "Other Taxes": NaN,
        "Depreciation Amortization Depletion Income Statement": NaN,
        "Depreciation And Amortization In Income Statement": NaN,
        "Gross Profit": NaN,
        "Cost Of Revenue": NaN,
        "Total Revenue": NaN,
        "Operating Revenue": NaN
    },
    "2022-09-30": {
        "Tax Effect Of Unusual Items": 0.0,
        "Tax Rate For Calcs": 0.191,
        "Normalized EBITDA": 642000000.0,
        "Total Unusual Items": NaN,
        "Total Unusual Items Excluding Goodwill": NaN,
        "Net Income From Continuing Operation Net Minority Interest": 297000000.0,
        "Reconciled Depreciation": 164000000.0,
        "Reconciled Cost Of Revenue": 416000000.0,
        "EBITDA": 642000000.0,
        "EBIT": 478000000.0,
        "Net Interest Income": -97000000.0,
        "Interest Expense": 111000000.0,
        "Interest Income": 14000000.0,
        "Normalized Income": 297000000.0,
        "Net Income From Continuing And Discontinued Operation": 297000000.0,
        "Total Expenses": 643000000.0,
        "Total Operating Income As Reported": 439000000.0,
        "Diluted Average Shares": 182000000.0,
        "Basic Average Shares": 182000000.0,
        "Diluted EPS": 1.63,
        "Basic EPS": 1.63,
        "Diluted NI Availto Com Stockholders": 297000000.0,
        "Net Income Common Stockholders": 297000000.0,
        "Net Income": 297000000.0,
        "Net Income Including Noncontrolling Interests": 297000000.0,
        "Net Income Continuous Operations": 297000000.0,
        "Tax Provision": 70000000.0,
        "Pretax Income": 367000000.0,
        "Other Income Expense": 25000000.0,
        "Other Non Operating Income Expenses": 25000000.0,
        "Special Income Charges": NaN,
        "Gain On Sale Of Business": NaN,
        "Net Non Operating Interest Income Expense": -97000000.0,
        "Interest Expense Non Operating": 111000000.0,
        "Interest Income Non Operating": 14000000.0,
        "Operating Income": 439000000.0,
        "Operating Expense": 227000000.0,
        "Other Operating Expenses": NaN,
        "Other Taxes": 63000000.0,
        "Depreciation Amortization Depletion Income Statement": 164000000.0,
        "Depreciation And Amortization In Income Statement": 164000000.0,
        "Gross Profit": 666000000.0,
        "Cost Of Revenue": 416000000.0,
        "Total Revenue": 1082000000.0,
        "Operating Revenue": 1082000000.0
    },
    "2022-06-30": {
        "Tax Effect Of Unusual Items": 0.0,
        "Tax Rate For Calcs": 0.193,
        "Normalized EBITDA": 539000000.0,
        "Total Unusual Items": NaN,
        "Total Unusual Items Excluding Goodwill": NaN,
        "Net Income From Continuing Operation Net Minority Interest": 218000000.0,
        "Reconciled Depreciation": 163000000.0,
        "Reconciled Cost Of Revenue": 376000000.0,
        "EBITDA": 539000000.0,
        "EBIT": 376000000.0,
        "Net Interest Income": -94000000.0,
        "Interest Expense": 106000000.0,
        "Interest Income": 12000000.0,
        "Normalized Income": 218000000.0,
        "Net Income From Continuing And Discontinued Operation": 218000000.0,
        "Total Expenses": 610000000.0,
        "Total Operating Income As Reported": 327000000.0,
        "Diluted Average Shares": 182000000.0,
        "Basic Average Shares": 182000000.0,
        "Diluted EPS": 1.2,
        "Basic EPS": 1.2,
        "Diluted NI Availto Com Stockholders": 218000000.0,
        "Net Income Common Stockholders": 218000000.0,
        "Net Income": 218000000.0,
        "Net Income Including Noncontrolling Interests": 218000000.0,
        "Net Income Continuous Operations": 218000000.0,
        "Tax Provision": 52000000.0,
        "Pretax Income": 270000000.0,
        "Other Income Expense": 37000000.0,
        "Other Non Operating Income Expenses": 37000000.0,
        "Special Income Charges": NaN,
        "Gain On Sale Of Business": NaN,
        "Net Non Operating Interest Income Expense": -94000000.0,
        "Interest Expense Non Operating": 106000000.0,
        "Interest Income Non Operating": 12000000.0,
        "Operating Income": 327000000.0,
        "Operating Expense": 234000000.0,
        "Other Operating Expenses": NaN,
        "Other Taxes": 71000000.0,
        "Depreciation Amortization Depletion Income Statement": 163000000.0,
        "Depreciation And Amortization In Income Statement": 163000000.0,
        "Gross Profit": 561000000.0,
        "Cost Of Revenue": 376000000.0,
        "Total Revenue": 937000000.0,
        "Operating Revenue": 937000000.0
    },
    "2022-03-31": {
        "Diluted EPS": 0.87,
        "Total Revenue": 842,
        "Gross Profit": 842,
        "Operating Income": 246,
        "EBIT": 404,
        "Net Income": 158
    },
    "2021-12-31": {
        "Diluted EPS": 3.55,
        "Total Revenue": 951,
        "Gross Profit": 951,
        "Operating Income": 220,
        "EBIT": 380,
        "Net Income": 645
    },
    "2021-09-30": {
        "Diluted EPS": 1.53,
        "Total Revenue": NaN,
        "Gross Profit": NaN,
        "Operating Income": 417,
        "EBIT": 578,
        "Net Income": 278
    },
    "2021-06-30": {
        "Diluted EPS": 1.14,
        "Total Revenue": 999,
        "Gross Profit": 999,
        "Operating Income": 330,
        "EBIT": 488,
        "Net Income": 207
    },
    "2021-03-31": {
        "Diluted EPS": 0.73,
        "Total Revenue": 888,
        "Gross Profit": 888,
        "Operating Income": 229,
        "EBIT": 386,
        "Net Income": 133
    },
    "2020-12-31": {
        "Diluted EPS": 0.8,
        "Total Revenue": 923,
        "Gross Profit": 923,
        "Operating Income": 263,
        "EBIT": 416,
        "Net Income": 145
    },
    "2020-09-30": {
        "Diluted EPS": 1.46,
        "Total Revenue": NaN,
        "Gross Profit": NaN,
        "Operating Income": 433,
        "EBIT": 587,
        "Net Income": 264
    },
    "2020-06-30": {
        "Diluted EPS": 0.97,
        "Total Revenue": 931,
        "Gross Profit": 931,
        "Operating Income": 313,
        "EBIT": 465,
        "Net Income": 176
    },
    "2020-03-31": {
        "Diluted EPS": 0.68,
        "Total Revenue": 844,
        "Gross Profit": 844,
        "Operating Income": 239,
        "EBIT": 384,
        "Net Income": 124
    },
    "2019-12-31": {
        "Diluted EPS": 0.54,
        "Total Revenue": 902,
        "Gross Profit": 902,
        "Operating Income": 268,
        "EBIT": 420,
        "Net Income": 98
    },
    "2019-09-30": {
        "Diluted EPS": 1.33,
        "Total Revenue": NaN,
        "Gross Profit": NaN,
        "Operating Income": 406,
        "EBIT": 550,
        "Net Income": 240
    },
    "2019-06-30": {
        "Diluted EPS": 0.94,
        "Total Revenue": 882,
        "Gross Profit": 882,
        "Operating Income": 302,
        "EBIT": 444,
        "Net Income": 170
    },
    "2019-03-31": {
        "Diluted EPS": 0.62,
        "Total Revenue": 813,
        "Gross Profit": 813,
        "Operating Income": 238,
        "EBIT": 382,
        "Net Income": 113
    },
    "2018-12-31": {
        "Diluted EPS": 0.62,
        "Total Revenue": 850,
        "Gross Profit": 850,
        "Operating Income": 248,
        "EBIT": 389,
        "Net Income": 112
    },
    "2018-09-30": {
        "Diluted EPS": 1.04,
        "Total Revenue": 976,
        "Gross Profit": 976,
        "Operating Income": 335,
        "EBIT": 476,
        "Net Income": 187
    },
    "2018-06-30": {
        "Diluted EPS": 0.9,
        "Total Revenue": 853,
        "Gross Profit": 853,
        "Operating Income": 302,
        "EBIT": 436,
        "Net Income": 162
    },
    "2018-03-31": {
        "Diluted EPS": 0.59,
        "Total Revenue": 761,
        "Gross Profit": 761,
        "Operating Income": 217,
        "EBIT": 346,
        "Net Income": 106
    },
    "2017-12-31": {
        "Diluted EPS": 0.0,
        "Total Revenue": 821,
        "Gross Profit": 821,
        "Operating Income": 281,
        "EBIT": 395,
        "Net Income": -1
    },
    "2017-09-30": {
        "Diluted EPS": 1.13,
        "Total Revenue": 936,
        "Gross Profit": 936,
        "Operating Income": 432,
        "EBIT": 560,
        "Net Income": 203
    },
    "2017-06-30": {
        "Diluted EPS": 0.73,
        "Total Revenue": 844,
        "Gross Profit": 844,
        "Operating Income": 310,
        "EBIT": 436,
        "Net Income": 131
    },
    "2017-03-31": {
        "Diluted EPS": 0.52,
        "Total Revenue": 756,
        "Gross Profit": 756,
        "Operating Income": 230,
        "EBIT": 354,
        "Net Income": 93
    },
    "2016-12-31": {
        "Diluted EPS": 0.56,
        "Total Revenue": 802,
        "Gross Profit": 802,
        "Operating Income": 253,
        "EBIT": 373,
        "Net Income": 101
    },
    "2016-09-30": {
        "Diluted EPS": 0.83,
        "Total Revenue": 930,
        "Gross Profit": 930,
        "Operating Income": 319,
        "EBIT": 438,
        "Net Income": 148
    },
    "2016-06-30": {
        "Diluted EPS": 0.77,
        "Total Revenue": 827,
        "Gross Profit": 827,
        "Operating Income": 299,
        "EBIT": 414,
        "Net Income": 137
    },
    "2016-03-31": {
        "Diluted EPS": 0.46,
        "Total Revenue": 743,
        "Gross Profit": 743,
        "Operating Income": 214,
        "EBIT": 330,
        "Net Income": 82
    },
    "2015-12-31": {
        "Diluted EPS": 0.56,
        "Total Revenue": 783,
        "Gross Profit": 783,
        "Operating Income": 232,
        "EBIT": 345,
        "Net Income": 99
    },
    "2015-09-30": {
        "Diluted EPS": 0.96,
        "Total Revenue": 896,
        "Gross Profit": 896,
        "Operating Income": 361,
        "EBIT": 472,
        "Net Income": 174
    },
    "2015-06-30": {
        "Diluted EPS": 0.68,
        "Total Revenue": 782,
        "Gross Profit": 782,
        "Operating Income": 278,
        "EBIT": 387,
        "Net Income": 123
    },
    "2015-03-31": {
        "Diluted EPS": 0.44,
        "Total Revenue": 698,
        "Gross Profit": 698,
        "Operating Income": 204,
        "EBIT": 311,
        "Net Income": 80
    },
    "2014-12-31": {
        "Diluted EPS": 0.51,
        "Total Revenue": 731,
        "Gross Profit": 731,
        "Operating Income": 223,
        "EBIT": 328,
        "Net Income": 93
    },
    "2014-09-30": {
        "Diluted EPS": 0.85,
        "Total Revenue": 846,
        "Gross Profit": 846,
        "Operating Income": 337,
        "EBIT": 444,
        "Net Income": 152
    },
    "2014-06-30": {
        "Diluted EPS": 0.61,
        "Total Revenue": 755,
        "Gross Profit": 755,
        "Operating Income": 255,
        "EBIT": 361,
        "Net Income": 109
    },
    "2014-03-31": {
        "Diluted EPS": 0.38,
        "Total Revenue": 679,
        "Gross Profit": 679,
        "Operating Income": 187,
        "EBIT": 293,
        "Net Income": 68
    },
    "2013-12-31": {
        "Diluted EPS": 0.33,
        "Total Revenue": 696,
        "Gross Profit": 696,
        "Operating Income": 219,
        "EBIT": 324,
        "Net Income": 59
    },
    "2013-09-30": {
        "Diluted EPS": 0.84,
        "Total Revenue": 822,
        "Gross Profit": 822,
        "Operating Income": 323,
        "EBIT": 425,
        "Net Income": 151
    },
    "2013-06-30": {
        "Diluted EPS": 0.57,
        "Total Revenue": 724,
        "Gross Profit": 724,
        "Operating Income": 242,
        "EBIT": 343,
        "Net Income": 101
    },
    "2013-03-31": {
        "Diluted EPS": 0.32,
        "Total Revenue": 636,
        "Gross Profit": 636,
        "Operating Income": 164,
        "EBIT": 264,
        "Net Income": 58
    },
    "2012-12-31": {
        "Diluted EPS": 0.31,
        "Total Revenue": 658,
        "Gross Profit": 658,
        "Operating Income": 166,
        "EBIT": 265,
        "Net Income": 55
    },
    "2012-09-30": {
        "Diluted EPS": 0.86,
        "Total Revenue": 832,
        "Gross Profit": 832,
        "Operating Income": 328,
        "EBIT": 424,
        "Net Income": 154
    },
    "2012-06-30": {
        "Diluted EPS": 0.6,
        "Total Revenue": 746,
        "Gross Profit": 746,
        "Operating Income": 271,
        "EBIT": 363,
        "Net Income": 107
    },
    "2012-03-31": {
        "Diluted EPS": 0.24,
        "Total Revenue": 619,
        "Gross Profit": 619,
        "Operating Income": 160,
        "EBIT": 252,
        "Net Income": 42
    },
    "2011-12-31": {
        "Diluted EPS": 0.36,
        "Total Revenue": 640,
        "Gross Profit": 640,
        "Operating Income": 177,
        "EBIT": 266,
        "Net Income": 65
    },
    "2011-09-30": {
        "Diluted EPS": 0.78,
        "Total Revenue": 761,
        "Gross Profit": 761,
        "Operating Income": 281,
        "EBIT": 370,
        "Net Income": 137
    },
    "2011-06-30": {
        "Diluted EPS": 0.46,
        "Total Revenue": 669,
        "Gross Profit": 669,
        "Operating Income": 201,
        "EBIT": 289,
        "Net Income": 81
    },
    "2011-03-31": {
        "Diluted EPS": 0.15,
        "Total Revenue": 597,
        "Gross Profit": 597,
        "Operating Income": 143,
        "EBIT": 230,
        "Net Income": 26
    },
    "2010-12-31": {
        "Diluted EPS": 0.22,
        "Total Revenue": 604,
        "Gross Profit": 604,
        "Operating Income": 152,
        "EBIT": 235,
        "Net Income": 40
    },
    "2010-09-30": {
        "Diluted EPS": 0.71,
        "Total Revenue": 749,
        "Gross Profit": 749,
        "Operating Income": 265,
        "EBIT": 349,
        "Net Income": 124
    },
    "2010-06-30": {
        "Diluted EPS": 0.42,
        "Total Revenue": 635,
        "Gross Profit": 635,
        "Operating Income": 188,
        "EBIT": 268,
        "Net Income": 73
    },
    "2010-03-31": {
        "Diluted EPS": 0.18,
        "Total Revenue": 567,
        "Gross Profit": 567,
        "Operating Income": 123,
        "EBIT": 206,
        "Net Income": 31
    },
    "2009-12-31": {
        "Diluted EPS": 0.35,
        "Total Revenue": 448,
        "Gross Profit": 448,
        "Operating Income": 146,
        "EBIT": 207,
        "Net Income": 36
    },
    "2009-09-30": {
        "Diluted EPS": 0.52,
        "Total Revenue": 680,
        "Gross Profit": 680,
        "Operating Income": 212,
        "EBIT": 297,
        "Net Income": 92
    },
    "2009-06-30": {
        "Diluted EPS": 0.32,
        "Total Revenue": 613,
        "Gross Profit": 613,
        "Operating Income": 156,
        "EBIT": 239,
        "Net Income": 52
    },
    "2009-03-31": {
        "Diluted EPS": -2.58,
        "Total Revenue": 550,
        "Gross Profit": 550,
        "Operating Income": -337,
        "EBIT": -258,
        "Net Income": -413
    },
    "2023-09-30": {
        "Tax Effect Of Unusual Items": NaN,
        "Tax Rate For Calcs": NaN,
        "Normalized EBITDA": NaN,
        "Net Income From Continuing Operation Net Minority Interest": NaN,
        "Reconciled Depreciation": NaN,
        "Reconciled Cost Of Revenue": NaN,
        "EBITDA": NaN,
        "EBIT": NaN,
        "Net Interest Income": NaN,
        "Interest Expense": NaN,
        "Interest Income": NaN,
        "Normalized Income": NaN,
        "Net Income From Continuing And Discontinued Operation": NaN,
        "Total Expenses": NaN,
        "Total Operating Income As Reported": NaN,
        "Diluted Average Shares": 195000000.0,
        "Basic Average Shares": 195000000.0,
        "Diluted EPS": 1.66,
        "Basic EPS": 1.66,
        "Diluted NI Availto Com Stockholders": NaN,
        "Net Income Common Stockholders": NaN,
        "Net Income": NaN,
        "Net Income Including Noncontrolling Interests": NaN,
        "Net Income Continuous Operations": NaN,
        "Tax Provision": NaN,
        "Pretax Income": NaN,
        "Other Income Expense": NaN,
        "Other Non Operating Income Expenses": NaN,
        "Net Non Operating Interest Income Expense": NaN,
        "Interest Expense Non Operating": NaN,
        "Interest Income Non Operating": NaN,
        "Operating Income": NaN,
        "Operating Expense": NaN,
        "Other Operating Expenses": NaN,
        "Other Taxes": NaN,
        "Depreciation Amortization Depletion Income Statement": NaN,
        "Depreciation And Amortization In Income Statement": NaN,
        "Gross Profit": NaN,
        "Cost Of Revenue": NaN,
        "Total Revenue": NaN,
        "Operating Revenue": NaN
    },
    "2023-12-31": {
        "Tax Effect Of Unusual Items": NaN,
        "Tax Rate For Calcs": NaN,
        "Normalized EBITDA": NaN,
        "Net Income From Continuing Operation Net Minority Interest": NaN,
        "Reconciled Depreciation": NaN,
        "Reconciled Cost Of Revenue": NaN,
        "EBITDA": NaN,
        "EBIT": NaN,
        "Net Interest Income": NaN,
        "Interest Expense": NaN,
        "Interest Income": NaN,
        "Normalized Income": NaN,
        "Net Income From Continuing And Discontinued Operation": NaN,
        "Total Expenses": NaN,
        "Total Operating Income As Reported": NaN,
        "Diluted Average Shares": NaN,
        "Basic Average Shares": NaN,
        "Diluted EPS": NaN,
        "Basic EPS": NaN,
        "Diluted NI Availto Com Stockholders": NaN,
        "Net Income Common Stockholders": NaN,
        "Net Income": NaN,
        "Net Income Including Noncontrolling Interests": NaN,
        "Net Income Continuous Operations": NaN,
        "Tax Provision": NaN,
        "Pretax Income": NaN,
        "Other Income Expense": NaN,
        "Other Non Operating Income Expenses": NaN,
        "Net Non Operating Interest Income Expense": NaN,
        "Interest Expense Non Operating": NaN,
        "Interest Income Non Operating": NaN,
        "Operating Income": NaN,
        "Operating Expense": NaN,
        "Other Operating Expenses": 0.0,
        "Other Taxes": NaN,
        "Depreciation Amortization Depletion Income Statement": NaN,
        "Depreciation And Amortization In Income Statement": NaN,
        "Gross Profit": NaN,
        "Cost Of Revenue": NaN,
        "Total Revenue": NaN,
        "Operating Revenue": NaN
    },
    "2024-03-31": {
        "Tax Effect Of Unusual Items": 0.0,
        "Tax Rate For Calcs": 0.236,
        "Normalized EBITDA": 554000000.0,
        "Net Income From Continuing Operation Net Minority Interest": 185000000.0,
        "Reconciled Depreciation": 188000000.0,
        "Reconciled Cost Of Revenue": 416000000.0,
        "EBITDA": 554000000.0,
        "EBIT": 366000000.0,
        "Net Interest Income": -100000000.0,
        "Interest Expense": 124000000.0,
        "Interest Income": 24000000.0,
        "Normalized Income": 185000000.0,
        "Net Income From Continuing And Discontinued Operation": 185000000.0,
        "Total Expenses": 685000000.0,
        "Total Operating Income As Reported": 326000000.0,
        "Diluted Average Shares": 195000000.0,
        "Basic Average Shares": 195000000.0,
        "Diluted EPS": 0.95,
        "Basic EPS": 0.95,
        "Diluted NI Availto Com Stockholders": 185000000.0,
        "Net Income Common Stockholders": 185000000.0,
        "Net Income": 185000000.0,
        "Net Income Including Noncontrolling Interests": 185000000.0,
        "Net Income Continuous Operations": 185000000.0,
        "Tax Provision": 57000000.0,
        "Pretax Income": 242000000.0,
        "Other Income Expense": 16000000.0,
        "Other Non Operating Income Expenses": 16000000.0,
        "Net Non Operating Interest Income Expense": -100000000.0,
        "Interest Expense Non Operating": 124000000.0,
        "Interest Income Non Operating": 24000000.0,
        "Operating Income": 326000000.0,
        "Operating Expense": 269000000.0,
        "Other Operating Expenses": NaN,
        "Other Taxes": 81000000.0,
        "Depreciation Amortization Depletion Income Statement": 188000000.0,
        "Depreciation And Amortization In Income Statement": 188000000.0,
        "Gross Profit": 595000000.0,
        "Cost Of Revenue": 416000000.0,
        "Total Revenue": 1011000000.0,
        "Operating Revenue": 1011000000.0
    },
    "2024-06-30": {
        "Tax Effect Of Unusual Items": 0.0,
        "Tax Rate For Calcs": 0.233,
        "Normalized EBITDA": 685000000.0,
        "Net Income From Continuing Operation Net Minority Interest": 277000000.0,
        "Reconciled Depreciation": 193000000.0,
        "Reconciled Cost Of Revenue": 427000000.0,
        "EBITDA": 685000000.0,
        "EBIT": 492000000.0,
        "Net Interest Income": -106000000.0,
        "Interest Expense": 131000000.0,
        "Interest Income": 25000000.0,
        "Normalized Income": 277000000.0,
        "Net Income From Continuing And Discontinued Operation": 277000000.0,
        "Total Expenses": 700000000.0,
        "Total Operating Income As Reported": 449000000.0,
        "Diluted Average Shares": 195000000.0,
        "Basic Average Shares": 195000000.0,
        "Diluted EPS": 1.42,
        "Basic EPS": 1.42,
        "Diluted NI Availto Com Stockholders": 277000000.0,
        "Net Income Common Stockholders": 277000000.0,
        "Net Income": 277000000.0,
        "Net Income Including Noncontrolling Interests": 277000000.0,
        "Net Income Continuous Operations": 277000000.0,
        "Tax Provision": 84000000.0,
        "Pretax Income": 361000000.0,
        "Other Income Expense": 18000000.0,
        "Other Non Operating Income Expenses": 18000000.0,
        "Net Non Operating Interest Income Expense": -106000000.0,
        "Interest Expense Non Operating": 131000000.0,
        "Interest Income Non Operating": 25000000.0,
        "Operating Income": 449000000.0,
        "Operating Expense": 273000000.0,
        "Other Operating Expenses": -1000000.0,
        "Other Taxes": 81000000.0,
        "Depreciation Amortization Depletion Income Statement": 193000000.0,
        "Depreciation And Amortization In Income Statement": 193000000.0,
        "Gross Profit": 722000000.0,
        "Cost Of Revenue": 427000000.0,
        "Total Revenue": 1149000000.0,
        "Operating Revenue": 1149000000.0
    },
    "2024-09-30": {
        "Tax Effect Of Unusual Items": 0.0,
        "Tax Rate For Calcs": 0.227,
        "Normalized EBITDA": 785000000.0,
        "Net Income From Continuing Operation Net Minority Interest": 350000000.0,
        "Reconciled Depreciation": 200000000.0,
        "Reconciled Cost Of Revenue": 496000000.0,
        "EBITDA": 785000000.0,
        "EBIT": 585000000.0,
        "Net Interest Income": -110000000.0,
        "Interest Expense": 132000000.0,
        "Interest Income": 22000000.0,
        "Normalized Income": 350000000.0,
        "Net Income From Continuing And Discontinued Operation": 350000000.0,
        "Total Expenses": 780000000.0,
        "Total Operating Income As Reported": 543000000.0,
        "Diluted Average Shares": 195000000.0,
        "Basic Average Shares": 195000000.0,
        "Diluted EPS": 1.8,
        "Basic EPS": 1.8,
        "Diluted NI Availto Com Stockholders": 350000000.0,
        "Net Income Common Stockholders": 350000000.0,
        "Net Income": 350000000.0,
        "Net Income Including Noncontrolling Interests": 350000000.0,
        "Net Income Continuous Operations": 350000000.0,
        "Tax Provision": 103000000.0,
        "Pretax Income": 453000000.0,
        "Other Income Expense": 20000000.0,
        "Other Non Operating Income Expenses": 20000000.0,
        "Net Non Operating Interest Income Expense": -110000000.0,
        "Interest Expense Non Operating": 132000000.0,
        "Interest Income Non Operating": 22000000.0,
        "Operating Income": 543000000.0,
        "Operating Expense": 284000000.0,
        "Other Operating Expenses": NaN,
        "Other Taxes": 84000000.0,
        "Depreciation Amortization Depletion Income Statement": 200000000.0,
        "Depreciation And Amortization In Income Statement": 200000000.0,
        "Gross Profit": 827000000.0,
        "Cost Of Revenue": 496000000.0,
        "Total Revenue": 1323000000.0,
        "Operating Revenue": 1323000000.0
    },
    "2024-12-31": {
        "Tax Effect Of Unusual Items": 0.0,
        "Tax Rate For Calcs": 0.211221,
        "Normalized EBITDA": 646000000.0,
        "Net Income From Continuing Operation Net Minority Interest": 239000000.0,
        "Reconciled Depreciation": 207000000.0,
        "Reconciled Cost Of Revenue": 519000000.0,
        "EBITDA": 646000000.0,
        "EBIT": 439000000.0,
        "Net Interest Income": -113000000.0,
        "Interest Expense": 136000000.0,
        "Interest Income": 23000000.0,
        "Normalized Income": 239000000.0,
        "Net Income From Continuing And Discontinued Operation": 239000000.0,
        "Total Expenses": 801000000.0,
        "Total Operating Income As Reported": 400000000.0,
        "Diluted Average Shares": NaN,
        "Basic Average Shares": NaN,
        "Diluted EPS": NaN,
        "Basic EPS": NaN,
        "Diluted NI Availto Com Stockholders": 239000000.0,
        "Net Income Common Stockholders": 239000000.0,
        "Net Income": 239000000.0,
        "Net Income Including Noncontrolling Interests": 239000000.0,
        "Net Income Continuous Operations": 239000000.0,
        "Tax Provision": 64000000.0,
        "Pretax Income": 303000000.0,
        "Other Income Expense": 16000000.0,
        "Other Non Operating Income Expenses": 16000000.0,
        "Net Non Operating Interest Income Expense": -113000000.0,
        "Interest Expense Non Operating": 136000000.0,
        "Interest Income Non Operating": 23000000.0,
        "Operating Income": 400000000.0,
        "Operating Expense": 282000000.0,
        "Other Operating Expenses": NaN,
        "Other Taxes": 74000000.0,
        "Depreciation Amortization Depletion Income Statement": 207000000.0,
        "Depreciation And Amortization In Income Statement": 207000000.0,
        "Gross Profit": 682000000.0,
        "Cost Of Revenue": 519000000.0,
        "Total Revenue": 1201000000.0,
        "Operating Revenue": 1201000000.0
    },
    "2025-03-31": {
        "Tax Effect Of Unusual Items": 0.0,
        "Tax Rate For Calcs": 0.240741,
        "Normalized EBITDA": 630000000.0,
        "Net Income From Continuing Operation Net Minority Interest": 205000000.0,
        "Reconciled Depreciation": 216000000.0,
        "Reconciled Cost Of Revenue": 468000000.0,
        "EBITDA": 630000000.0,
        "EBIT": 414000000.0,
        "Net Interest Income": -122000000.0,
        "Interest Expense": 144000000.0,
        "Interest Income": 22000000.0,
        "Normalized Income": 205000000.0,
        "Net Income From Continuing And Discontinued Operation": 205000000.0,
        "Total Expenses": 771000000.0,
        "Total Operating Income As Reported": 371000000.0,
        "Diluted Average Shares": NaN,
        "Basic Average Shares": NaN,
        "Diluted EPS": NaN,
        "Basic EPS": NaN,
        "Diluted NI Availto Com Stockholders": 205000000.0,
        "Net Income Common Stockholders": 205000000.0,
        "Net Income": 205000000.0,
        "Net Income Including Noncontrolling Interests": 205000000.0,
        "Net Income Continuous Operations": 205000000.0,
        "Tax Provision": 65000000.0,
        "Pretax Income": 270000000.0,
        "Other Income Expense": 21000000.0,
        "Other Non Operating Income Expenses": 21000000.0,
        "Net Non Operating Interest Income Expense": -122000000.0,
        "Interest Expense Non Operating": 144000000.0,
        "Interest Income Non Operating": 22000000.0,
        "Operating Income": 371000000.0,
        "Operating Expense": 303000000.0,
        "Other Operating Expenses": NaN,
        "Other Taxes": 87000000.0,
        "Depreciation Amortization Depletion Income Statement": 216000000.0,
        "Depreciation And Amortization In Income Statement": 216000000.0,
        "Gross Profit": 674000000.0,
        "Cost Of Revenue": 468000000.0,
        "Total Revenue": 1142000000.0,
        "Operating Revenue": 1142000000.0
    }
}